4040 6420
288 427 3563 481 W

1545 587 1779 642 SANCTI
1815 586 2046 639 PATRiS
2079 584 2313 637 NOSTRI

758 826 858 982 J
866 819 1258 980 OAN
1263 828 1388 979 N
1396 820 1575 978 IS
1698 815 2344 977 CHRYS

1498 820 1575 978 Β
1698 815 3093 977 CHRYSOSTOMI

1300 1124 1770 1172 ARCHIEPISCOP!
1816 1121 2546 1170 CONSTANTINOPOL‘ITANI

909 1347 1638 1475 HOMILUE
1717 1348 1878 1472 IN
1972 1315 2951 1492 MATTHZEVM

821 1605 1111 1658 ΤΕΧΤΥΗ
1143 1607 1233 1656 AD
1266 1604 1486 1656 FIDEH
1521 1607 1832 1660 CODICVH
1866 1604 2017 1658 MSS.
2052 1607 2138 1656 ΕΤ
2177 1603 2593 1656 νηςιοπγιι
2627 1599 3040 1653 ΕΜΕΝΠΔΥΙΤ

1029 1693 1458 1746 ΡΜΟΙΡΥΔΙΙ
1508 1694 1880 1746 ιεστιοινιε
1919 1691 2369 1743 ΥΔΒΙΕΤΔΤΕΠ
2403 1687 2818 1742 Αυςοιιηειτ

1265 1777 1901 1829 ΔΠΝΟΤΑΤΙΟΝΙΒΥΒ
1935 1777 2062 1827 ΥΒΙ
2118 1776 2302 1828 ορνε
2340 1775 2510 1824 ERAT
2546 1774 2631 1824 ET

1423 1862 1643 1913 NOVIS
1678 1860 2056 1913 INDICIBVS
2092 1858 2484 1910 INSTRYIIT

339 2058 385 2118 Ρ
399 2057 802 2120 RIDERICVS
844 2055 1065 2119 FIELD
1103 2059 1223 2118 AA.
1277 2059 1356 2119 M.
1403 2057 1755 2119 COLLEGII
1793 2058 1900 2119 SS.
1942 2057 2386 2120 TRINITATIS
2427 2060 2477 2119 Α
2514 2057 2722 2119 REGE
2765 2057 2946 2120 ΗΕΝ.
2994 2058 3130 2120 VIII
3164 2057 3503 2123 FVNDATI

1537 2163 1643 2224 ΠΝ
1648 2165 1743 2226 US
1784 2167 1829 2226 Ε
1867 2164 2297 2229 SODALITIO.

923 2348 1250 2414 Cantabrigi»
1280 2349 1328 2399 in
1365 2348 1569 2401 Oﬁlcina
1605 2349 1928 2410 Academira,
1965 2350 2206 2404 svmtibvs
2238 2349 2447 2405 cditoris
2503 2349 2921 2404 IDCCCXXXIX.

1591 2540 2233 2574 ’ψ

1551 2723 2280 2832 PBZEFATIO.

1886 2987 1966 3004 -

352 3139 530 3215 Quod
566 3136 1013 3219 Chrysostomo
1043 3135 1190 3220 ipsi,
1213 3137 1364 3200 dum
1393 3138 1459 3198 in
1485 3135 1638 3199 vivis
1661 3143 1818 3211 erat,
1849 3153 1884 3199 a
1917 3133 2310 3202 lividioribus
2341 3139 2758 3224 objiciebatur
2781 3145 2890 3225 (α),
2909 3161 3056 3210 eum
3095 3142 3359 3227 prolixis
3385 3157 3574 3205 exor-

273 3239 392 3306 diis
421 3239 742 3312 auditores
770 3239 1024 3314 morari,
1063 3232 1129 3300 id
1159 3254 1238 3299 ne
1274 3236 1430 3298 mihi
1477 3249 1738 3316 quoque
1791 3236 2044 3300 crimini
2076 3237 2284 3311 detur,
2321 3238 2628 3317 praefandi
2679 3244 2940 3320 negotio
2990 3243 3154 3308 intra
3189 3244 3575 3308 arctissimos

274 3337 502 3400 limites
531 3336 859 3411 concluso,
888 3333 969 3399 ad
1018 3333 1503 3398 disertissimum
1551 3331 1798 3394 Patrem
1862 3329 2194 3396 Lectorem
2242 3333 2581 3396 remittam.
2629 3339 2985 3420 Antequam
3046 3357 3200 3404 vero
3256 3340 3337 3405 ad
3390 3355 3576 3403 novre

274 3436 569 3498 editionis
593 3434 951 3498 institutum
980 3435 1417 3513 rationemque
1449 3428 1933 3494 describendam
1971 3431 2292 3510 accingor,
2325 3449 2541 3513 operte
2581 3437 2857 3513 pretium
2895 3437 3035 3514 erit,
3061 3437 3215 3518 quid
3253 3443 3399 3501 ante
3457 3453 3577 3500 nos

272 3537 336 3600 ir;
370 3535 490 3599 hac
521 3541 696 3618 parte
735 3532 1061 3598 immensm
1099 3533 1479 3612 scriptorum
1503 3529 2162 3610 Chrysostomicorum
2194 3531 2388 3612 sylvas
2427 3534 2777 3598 excolenda
2808 3537 3085 3601 editores
3135 3536 3574 3620 praestiterint,

273 3633 544 3698 breviter
571 3652 628 3698 rc
642 3649 924 3698 censere.
945 3634 1102 3695 Nam
1133 3638 1196 3694 et
1227 3648 1356 3694 non
1385 3631 1604 3693 leviter
1637 3627 1884 3707 erravit,
1920 3632 2030 3713 qui
2059 3631 2227 3694 idem
2259 3632 2679 3711 negotium.in
2708 3635 3085 3699 Praefatione
3114 3654 3228 3700 sua
3272 3637 3577 3717 suscepit,

273 3738 832 3814 Montefalconius,
892 3744 953 3801 et
1010 3736 1090 3800 de
1135 3737 1301 3800 veris
1356 3735 1557 3798 nostri
1590 3735 1790 3797 Patris
1849 3735 2201 3799 editionum
2231 3743 2366 3799 tum
2397 3731 2680 3802 fontibus
2737 3748 2871 3800 tum
2910 3738 3152 3802 meritis
3190 3739 3359 3802 viros
3389 3737 3576 3801 etiam

275 3839 675 3904 doctissimos
701 3840 766 3902 in
800 3854 1046 3902 summa
1081 3836 1437 3917 ignorantia
1472 3835 1707 3897 versari
1732 3834 1944 3899 video.

352 3943 400 4002 Ι.
448 3941 668 4004 Statim
703 3939 770 4003 in
815 3938 1132 4021 principio
1197 3936 1381 4018 hujus
1436 3935 1814 4014 argumenti,
1850 3939 2128 4002 notanda
2162 3946 2255 3999 est
2299 3941 2457 4002 mira
2494 3941 2971 4005 Montefalconii
2997 3939 3432 4014 hallucinatio,
3466 3938 3575 4020 qui

276 4042 554 4105 editione
595 4039 924 4115 Saviliana,
945 4056 1113 4104 anno
1140 4038 1291 4101 1612
1327 4037 1597 4118 vulgata,
1627 4037 1837 4118 primo
1864 4036 2010 4099 loco
2041 4039 2271 4117 posita,
2303 4039 2838 4103 Commelinianae
2875 4037 3230 4104 secundum
3259 4040 3577 4113 tribuerit,

276 4142 372 4204 his
416 4140 625 4206 verbis
676 4160 689 4202 :
733 4165 763 4199 σι
803 4144 985 4205 Anno
1037 4137 1183 4203 1617
1227 4140 1420 4204 altera
1483 4139 1721 4220 prodiit
1789 4137 1985 4201 editio
2014 4139 2492 4208 GrmcouLatina
2542 4139 2963 4204 Homiliarum
3019 4141 3454 4222 Chrysustomi
3511 4141 3576 4202 in

272 4240 633 4303 Mammium
665 4249 850 4326 atque
878 4240 944 4302 in
980 4241 1291 4303 Joannem
1337 4255 1416 4301 ex
1446 4237 1696 4301 ofﬁcina
1721 4236 2218 4301 Commeliniana
2256 4237 2720 4317 Heidelbergae.
2753 4239 2869 4314 Qui
2909 4247 3122 4305 autem
3161 4241 3332 4304 illam
3360 4240 3576 4322 publi-

276 4342 539 4405 candam
574 4348 891 4416 curarunt,
923 4340 1293 4402 Savilianam
1313 4339 1441 4418 jam
1499 4339 1785 4420 quinque
1814 4344 1961 4401 ante
2005 4341 2189 4402 annis
2231 4339 2525 4402 emissam
2556 4355 2638 4400 ne
2678 4339 2930 4403 novisse
2955 4340 3214 4421 quidem
3245 4342 3576 4430 videntur;

270 4441 376 4504 illa
407 4448 577 4505 certe
610 4459 738 4504 non
767 4443 862 4502 usi
889 4443 1055 4514 sunt,
1095 4455 1212 4501 nec
1235 4438 1369 4516 ejus
1396 4438 1647 4519 uspiam
1672 4437 2125 4501 meminerunt.
2162 4459 2191 4494 »
2215 4439 2344 4500 Nec
2370 4436 2624 4499 mirum.
2661 4438 2819 4500 Nam
2846 4438 3194 4501 editionem
3235 4456 3414 4501 suam
3446 4456 3572 4501 non

274 4543 544 4622 quinque
585 4539 950 4620 nnm’spos",
991 4538 1103 4601 sed
1143 4538 1350 4600 decem
1407 4539 1592 4599 annis
1632 4549 1775 4600 ante
1817 4537 2131 4616 vulgatam
2159 4537 2560 4612 Savilianam,
2593 4538 2886 4602 videlicet
2910 4557 3081 4604 anno
3116 4540 3291 4617 1602,
3334 4539 3572 4621 publici

263 4641 424 4722 juris
443 4641 739 4704 fecerunt
765 4658 781 4715 ;
819 4637 1329 4719 eamqueipsam,
1354 4645 1424 4701 ut
1456 4655 1605 4701 mox
1653 4637 2029 4713 videbimus,
2060 4638 2323 4700 Savilius
2358 4637 2707 4719 typothetaa
2746 4656 2864 4704 suo
2889 4641 3366 4722 exprimendam
3389 4641 3575 4703 tradi-

276 4741 365 4803 dit
421 4743 548 4803 Res
573 4747 784 4804 autem
815 4746 908 4802 est
933 4740 1068 4802 haec.
1094 4757 1108 4801 :
1139 4739 1396 4802 Prodite
1426 4739 1773 4820 exemplari
1793 4737 2163 4816 Anglicano,
2196 4737 2793 4818 Heidelbergenses,
2825 4757 2907 4804 ne
2939 4759 3050 4804 sua
3094 4741 3290 4805 editio
3313 4760 3574 4825 prorsus

276 4846 726 4919 obsoiesce'ret,
757 4844 952 4906 libros
986 4860 1152 4905 novo
1199 4843 1402 4919 titulo,
1425 4859 1662 4905 annum
1691 4842 2109 4922 posteriorem
2128 4841 2288 4905 falso
2321 4840 2588 4908 ferente.
2626 4843 2971 4909 instructos
3003 4847 3379 4923 emiserunt;
3407 4866 3571 4929 quo-

273 4963 411 5012 rum
444 4961 640 5007 unum
675 4943 926 5006 incaute
954 4940 1285 5022 descripsit
1317 4941 1864 5004 Montet‘alcunius.
1897 4941 2012 5014 Qui
2037 4947 2250 5002 tamen
2281 4956 2363 5002 ne
2405 4940 2494 5003 sic
2532 4941 2795 5022 quidem
2843 4947 3243 5009 excusandus
3264 4959 3382 5010 est.
3417 4949 3571 5011 Nam

281 5047 544 5111 Savilius
564 5044 701 5129 ipse
742 5044 811 5105 in
841 5043 1011 5108 notis
1038 5045 1116 5107 ad
1145 5041 1535 5106 Homiliasin
1564 5042 1928 5105 Matthzeum
1957 5043 2045 5107 sic
2071 5043 2374 5124 praefatus
2403 5051 2536 5107 erat
2570 5063 2584 5107 :
2625 5071 2654 5103 ει
2686 5047 2875 5111 Hisce
2898 5049 3271 5132 (codicibus)
3302 5054 3574 5117 accessit

283 5150 471 5216 editio
508 5148 767 5230 vulgata
798 5144 1462 5224 Heidelbergemis,de
1491 5162 1616 5224 qua
1647 5145 1934 5224 quamvis
1960 5143 2315 5206 innumeris
2344 5152 2580 5209 scateat
2607 5148 2952 5221 erroribus,
2979 5166 3254 5230 quorum
3275 5168 3571 5231 magnam

281 5255 343 5309 et
374 5253 541 5311 certe
577 5246 914 5309 maximam
942 5248 1181 5322 partem
1214 5257 1333 5305 nos
1381 5243 1888 5323 expurgavimus,
1919 5249 2131 5306 tamen
2173 5244 2365 5325 gratia
2396 5245 2666 5308 debetur
2706 5247 2894 5310 bonis
2934 5248 3058 5310 illis
3094 5250 3243 5312 viris
3265 5299 3280 5327 ,
3322 5253 3472 5332 quia
3514 5264 3571 5316 et

279 5348 454 5430 prius
481 5347 719 5411 inedita
757 5347 947 5411 edere
976 5348 1332 5423 voluerunt,
1369 5349 1561 5430 idque
1595 5351 1767 5412 libris
1791 5347 1927 5414 'non
1956 5351 2495 5431 negligentissime
2527 5353 2856 5434 inSpectis.
2893 5378 2922 5412 ι
2953 5357 3196 5438 Itaque,
3226 5363 3296 5420 ut
3324 5359 3404 5420 ad
3435 5377 3570 5422 rem

277 5449 631 5526 redeamus,
663 5449 1092 5528 Chrysostomi
1113 5447 1419 5512 Homiiias
1437 5449 1503 5512 in
1526 5451 1884 5516 Matthaaum
1910 5453 1992 5536 (ὁ)
2019 5453 2258 5533 primus
2289 5453 2497 5516 Graece
2539 5454 2734 5517 edidit
2776 5455 2942 5538 (nam
2974 5455 3053 5518 de
3084 5458 3316 5521 Latinis
3332 5459 3570 5523 editio-

346 5637 424 5777 ἔα)
443 5639 566 5696 Vid.
589 5639 727 5765 Oppi.
760 5649 894 5722 tom.
915 5635 1003 5704 111,
1044 5656 1100 5709 p.
1134 5642 1255 5698 115.
1745 5713 1758 5727 υ

368 5716 416 5777 θ)
451 5708 654 5766 Harum
730 5712 1036 5766 cannarum
1061 5727 1169 5766 una
1199 5723 1254 5769 et
1269 5712 1440 5771 altera
1470 5729 1716 5772 seorsum
1739 5728 1851 5777 iam
1881 5729 1941 5771 an

592 5635 1255 5769 gﬁoﬁﬁialrﬂmﬁniigt
1269 5712 1440 5771 altera
1470 5729 1716 5772 seorsum
1739 5713 1851 5777 iam
1881 5721 2006 5771 ante
2033 5713 2187 5777 prodi

368 5716 416 5777 θ)
451 5708 654 5766 Harum
675 5708 1169 5766 Homiliarum’una
1199 5723 1254 5769 et
1269 5712 1440 5771 altera
1470 5729 1716 5772 seorsum
1739 5713 1851 5786 jam
1881 5721 2006 5771 ante
2032 5713 2378 5784 prodierant.

598 5804 871 5867 Ριτιοι.
905 5805 1022 5869 Ga.
1053 5806 1252 5870 LVII.

1703 5999 2324 6123 1.158863
