4040 6422
1471 350 1658 409 ῖιιιι).
1696 351 1896 406 FlELD
1938 343 2327 404 Pil.£F.\T|O.

1938 343 2327 404 Pil.£F.\TIO.
3470 356 3526 394 tu

255 457 402 506 cum
451 441 528 504 ad
587 448 766 504 notas
810 444 1062 504 ventum
1109 449 1293 514 esset,
1327 442 1384 503 ei
1444 440 1814 514 innotuerit,
1848 439 2001 500 mihi
2059 439 2319 519 quidem
2352 455 2480 499 non
2527 439 2744 517 liquet.
2780 444 2993 504 Restat
3021 443 3278 523 quint-us
3310 438 3538 510 codex,

260 541 661 618 Bodleianus,
702 543 990 606 homilias
1020 546 1402 623 posteriores
1449 561 1670 623 easque
1700 561 1823 603 non
1851 533 2032 622 plene
2085 542 2440 608 continens,-
2470 557 2659 622 quem
2691 542 2796 604 diu
2823 542 3218 624 multumque
3249 557 3542 621 qumrens

256 643 486 708 frustra
515 644 631 719 fui,
662 646 866 709 donec
894 647 1129 720 inveni,
1162 663 1306 707 eum
1365 645 1430 706 in
1460 645 1754 722 Catalogo
1778 661 1954 706 num.
1990 641 2145 704 3019
2172 641 2290 704 sub
2315 642 2525 705 indice
2562 645 2987 720 tenebricoso,
3019 648 3080 707 J.
3113 643 3544 721 Chrysoctomi

259 743 551 808 Ηοηιίιὶω
572 743 836 826 aliquot,
869 740 1083 809 latere.
1113 747 1316 826 Hujus
1341 763 1486 826 pars
1531 747 1788 826 antiqua
1818 750 1879 808 et
1911 743 2389 807 membranacea
2437 760 2562 807 non
2605 745 2748 826 plus
2779 765 2966 826 quam
2997 765 3114 808 χχι
3134 745 3446 819 homilias,
3477 743 3539 805 id

256 850 374 918 est,
404 861 444 904 a
491 861 556 923 p.
586 842 705 903 564
744 844 790 902 Β
826 842 904 906 ad
946 861 1012 924 p.
1058 841 1171 904 741
1215 847 1262 903 Α
1318 843 1800 923 complectitur;
1861 849 1924 904 et
1962 840 2172 922 quoad
2217 847 2420 904 textus
2447 846 2886 908 recensionem
2939 847 3348 909 amtissimam
3393 863 3540 908 cum

253 945 457 1022 Regio
481 943 593 1004 688
634 944 897 1023 posthac
916 943 1332 1006 describenda
1355 943 1717 1006 afﬁnitatem
1745 961 1876 1024 pm
1898 960 1964 1006 se
1991 942 2419 1022 fert.Reliqua
2439 943 2719 1022 ejusdem
2750 947 3087 1010 voluminis
3117 964 3262 1027 pars
3295 945 3539 1008 nullum

256 1060 522 1124 prorsus
576 1043 654 1105 ad
693 1043 957 1105 criticen
982 1061 1165 1104 usum
1200 1043 1414 1106 habet.
1448 1046 1666 1122 Itaque
1696 1047 1963 1114 constat,
1989 1048 2220 1122 praeter
2251 1041 2482 1105 librum
2515 1043 2977 1123 Redingianum
3030 1045 3537 1108 recentissimum

258 1149 323 1204 et
351 1161 386 1204 a
406 1142 611 1204 scriba
644 1141 938 1222 imperito
965 1142 1378 1222 descriptum,
1403 1149 1532 1204 tres
1559 1146 1798 1204 tantum
1827 1140 2086 1203 codices
2113 1139 2343 1203 Savilio
2380 1150 2612 1220 prmsto
2641 1142 2859 1220 fuisse,
2898 1145 3026 1208 duo
3049 1146 3336 1208 videlicet
3378 1147 3545 1225 prio-

255 1244 346 1308 ris
379 1245 595 1325 partis,
629 1251 690 1307 et
717 1263 940 1318 unum,
969 1261 1248 1324 eumque
1279 1243 1456 1306 valde
1484 1243 1798 1316 mutilum,
1820 1241 2210 1322 posterioris.
2235 1241 2422 1304 Hisce
2452 1243 2750 1306 subsidiis
2778 1263 2928 1308 sane
2949 1247 3344 1312 tenuioribus
3375 1265 3538 1326 quo-

255 1347 450 1410 modo
496 1365 651 1410 usus
676 1347 888 1421 fuerit,
920 1363 1093 1408 nunc
1124 1344 1491 1407 videndum.
1530 1343 1863 1423 Exemplar
1912 1341 2474 1420 Heidelbergense,
2507 1344 2616 1424 qui
2646 1344 2705 1426 ei
2750 1345 2963 1408 Codex
2991 1366 3252 1408 exc-usus
3276 1352 3390 1419 est,
3425 1363 3539 1426 pro

253 1449 666 1514 mndamento
717 1465 896 1511 novaa
954 1446 1249 1510 editionis
1306 1445 1540 1526 posuit.
1589 1446 1724 1507 Hoc
1757 1462 2001 1507 summa
2051 1443 2373 1523 diligentia
2407 1451 2468 1509 et
2503 1445 2626 1508 ﬁde
2657 1444 2739 1508 ad
2773 1445 3025 1508 codices
3055 1463 3226 1519 suos,
3254 1446 3539 1509 adhibito

255 1565 516 1628 quoque
544 1553 754 1608 vetere
807 1545 1176 1624 interprete,
1200 1541 1598 1620 recognovit;
1639 1558 1888 1615 errores
1918 1539 2438 1622 typographicos,
2472 1543 2525 1604 si
2555 1560 2684 1606 non
2717 1560 2961 1618 omnes,
3001 1553 3172 1608 certe
3204 1547 3536 1610 maximam

254 1657 523 1730 partem,
568 1649 944 1729 plerumque
994 1663 1123 1708 non
1161 1644 1406 1706 monito
1460 1641 1721 1718 lectore,
1754 1642 2019 1716 exemit;
2071 1642 2569 1719 distinctionem,
2601 1662 2744 1725 quia
2795 1646 2972 1726 prius
2996 1647 3227 1708 misere
3260 1647 3536 1726 jacebat,

253 1753 478 1816 sedulo
516 1751 837 1828 castigavit
864 1766 880 1824 ;
907 1766 1103 1811 uncos
1160 1745 1715 1819 Commelinianos,
1746 1745 1824 1807 de
1871 1745 2104 1825 quibus
2135 1744 2326 1826 paulo
2377 1754 2522 1807 ante
2552 1746 2787 1808 dictum
2820 1752 2936 1820 est,
2970 1746 3279 1826 plurimos
3314 1749 3540 1811 merito

253 1853 527 1928 sustulit,
569 1852 786 1933 paucis
841 1849 1074 1913 relictis
1101 1848 1282 1923 alios,
1316 1846 1426 1909 sed
1476 1848 1830 1927 pauciores,
1872 1847 1952 1910 de
1987 1864 2104 1909 suo
2142 1848 2209 1910 in
2236 1854 2479 1910 textum
2509 1847 2741 1910 intulit.
2773 1848 2952 1921 Quod
2974 1848 3050 1910 ad
3069 1849 3362 1912 ordinem
3396 1869 3539 1914 ver-

249 1956 479 2022 borum
506 1954 748 2028 attinet,
768 1954 836 2015 in
866 1969 995 2034 quo
1025 1950 1472 2014 constituendo
1495 1948 1732 2011 librarii
1763 1947 2030 2010 multum
2088 1947 2256 2010 inter
2300 1966 2370 2011 se
2398 1948 2797 2024 dissentiunt,
2828 1950 2891 2013 in
2925 1950 3238 2030 prioribus
3265 1950 3542 2017 homiliis

248 2055 667 2135 archetypum
692 2071 833 2117 raro
865 2053 1137 2125 deserit;
1172 2052 1238 2113 in
1268 2049 1730 2131 posterioribus
1755 2066 1907 2112 vero
1933 2097 1948 2124 ,
1971 2065 2126 2129 ope,
2151 2055 2223 2110 ut
2252 2049 2519 2124 videtur,
2547 2050 2791 2113 codicis
2816 2051 2940 2127 sui,
2965 2051 3233 2132 plurima
3267 2054 3538 2118 novavit.

250 2157 558 2218 Prmterea
583 2153 779 2215 varias
824 2143 1147 2224 lectiones,
1179 2149 1286 2211 sed
1321 2165 1450 2210 non
1490 2149 1575 2210 ita
1623 2148 2014 2227 frequentes,
2036 2164 2167 2209 orae
2203 2147 2346 2208 libri
2363 2148 2677 2228 ascripsit,
2709 2161 2888 2211 more
2917 2150 3028 2229 qui
3058 2157 3208 2212 tunc
3234 2152 3542 2231 temporis

249 2256 513 2318 usitatus
551 2258 702 2316 erat.
727 2251 996 2324 Scilicet,
1029 2249 1198 2312 nulla
1229 2248 1618 2326 singulorum
1644 2247 1934 2309 codicum
1963 2247 2491 2321 mentionefacta,
2525 2248 2577 2308 si
2601 2248 2753 2326 quid
2780 2250 2976 2312 textui
3001 2249 3080 2312 ab
3111 2251 3252 2331 ipso
3281 2259 3540 2333 recepto

248 2353 393 2416 libri
450 2351 857 2433 probabiliter
912 2349 1310 2429 adjiciebant,
1343 2345 1643 2409 asterisco
1695 2346 1762 2407 in
1799 2346 1962 2408 serie
1992 2346 2226 2425 posito,
2259 2346 2448 2409 verba
2479 2346 2781 2422 addititia,
2808 2348 3091 2410 eamdem
3127 2358 3341 2411 notam
3369 2367 3539 2431 prat-

250 2456 595 2527 tendentia,
624 2455 888 2533 margini
922 2452 1145 2526 illevit;
1175 2452 1228 2514 si
1282 2450 1433 2531 quid
1472 2451 1818 2522 mutabant,
1853 2449 2094 2510 duabus
2138 2447 2389 2509 lineolis
2418 2451 2789 2516 transversis
2823 2450 2842 2531 (
2872 2449 2944 2531 ")
2975 2449 3051 2512 ad
3087 2451 3334 2513 initium
3365 2452 3538 2516 verbi

248 2558 344 2620 vel
378 2560 888 2636 verborum,quze
918 2570 954 2616 e
992 2561 1168 2616 textu
1205 2551 1515 2615 movenda
1544 2557 1742 2626 erant,
1774 2549 2047 2624 insertis,
2083 2551 2345 2612 verbum
2368 2551 2464 2611 vel
2492 2551 2702 2624 verba,
2727 2566 2870 2631 qum
2904 2568 2980 2613 ex
3007 2550 3334 2614 codicibus
3360 2550 3538 2613 suill-

245 2658 718 2732 cienda'erant,
765 2657 830 2719 in
861 2657 1209 2735 marginem
1257 2657 1439 2733 signo
1470 2681 1562 2733 γρ.
1597 2653 1942 2734 prmposito
1993 2651 2228 2714 retulit.
2268 2653 2405 2713 Hoc
2443 2669 2592 2716 vero
2647 2653 2706 2714 ei
2759 2652 3096 2716 infeliciter
3131 2653 3343 2726 cessit,
3367 2652 3536 2732 quod

246 2758 487 2820 nullam
534 2756 815 2820 notulam
846 2755 1138 2830 habebat,
1180 2773 1306 2835 qua
1334 2756 1819 2835 significaretur,
1843 2753 1920 2815 ad
1964 2759 2120 2832 quot
2143 2751 2449 2813 vocabula
2479 2769 2617 2814 sese
2656 2754 2950 2815 extendat
2980 2754 3350 2817 lineolarum
3385 2758 3540 2819 ista-

250 2877 388 2923 rum
431 2859 524 2921 vis
579 2881 594 2919 :
629 2875 772 2938 quae
810 2875 911 2921 res
948 2858 1308 2920 Editoribus
1359 2857 1782 2919 Benedictinis
1821 2870 2284 2935 nonnunquam
2324 2855 2580 2917 errandi
2637 2856 2889 2918 occasio
2933 2859 3174 2918 exstitit
3198 2858 3306 2938 (α).
3343 2859 3538 2920 [idem

248 2977 379 3022 non
408 2975 540 3022 uno
586 2958 729 3021 loco
784 2965 966 3021 notas
1015 2958 1366 3020 additionis
1403 2967 1464 3019 et
1509 2957 1880 3018 mutationis
1929 2956 2094 3017 inter
2133 2976 2200 3019 se
2250 2957 2732 3031 confundendo,
2768 2975 2962 3020 novas
2999 2944 3308 3022 lectiones
3347 2961 3538 3023 ﬁnxe-

247 3063 392 3122 runt
427 3058 532 3139 (ὁ).
564 3058 839 3122 Tertium
871 3059 1151 3120 ﬁctarum
1188 3058 1530 3120 lectionum
1563 3074 1762 3136 genus
1794 3075 1868 3118 ex
1899 3057 2101 3137 ipsius
2126 3059 2343 3121 Savilii
2375 3059 2616 3121 incuria
2647 3060 2955 3137 originem
2985 3061 3172 3121 traxit
3209 3059 3311 3140 (c).
3347 3064 3538 3122 Porro

248 3160 708 3223 observandum
777 3167 870 3223 est
906 3159 1204 3222 Savilium
1253 3160 1578 3240 plurimas,
1632 3167 1698 3220 ut
1735 3159 1888 3232 dixi,
1931 3161 2158 3222 veteris
2212 3161 2512 3223 editionis
2557 3150 2864 3224 lectiones
2913 3164 3047 3226 sine
3101 3164 3537 3227 admonitione

245 3267 551 3334 mutasse;
585 3261 640 3322 si
661 3277 809 3324 vero
841 3259 1183 3339 aliquando
1216 3260 1294 3320 de
1324 3261 1721 3322 correctione
1759 3262 1985 3322 Lector
2013 3262 2377 3324 monendus
2423 3267 2608 3335 esset,
2639 3261 2977 3323 lectionem
3003 3281 3039 3324 a
3070 3281 3137 3326 se
3167 3273 3442 3328 amotam
3473 3264 3536 3326 in

245 3361 528 3439 margine
556 3376 700 3420 cum
728 3359 907 3436 signo
947 3384 1036 3435 γρ.
1074 3356 1389 3436 posuisse,
1415 3355 1581 3417 haud
1610 3374 1795 3420 secus
1825 3373 2015 3437 quam
2040 3358 2090 3418 si
2126 3374 2166 3420 e
2191 3359 2418 3422 codice
2447 3359 2725 3447 quodam
2755 3377 2945 3422 manu
2974 3364 3208 3443 scripto
3241 3377 3534 3446 excerpta

249 3461 486 3524 fuisset.
525 3461 661 3520 Hoc
705 3474 962 3537 quoque
995 3464 1088 3518 est
1119 3456 1227 3518 ubi
1266 3455 1692 3518 Benedictinis
1740 3457 1945 3519 fraudi
2005 3457 2124 3520 fuit
2163 3461 2278 3539 (cl).
2338 3461 2515 3534 Quod
2549 3477 2699 3524 vero
2717 3462 2796 3524 ad
2825 3469 3031 3525 textus
3057 3466 3535 3544 castigationem

240 3563 486 3637 attinet,
517 3562 583 3624 in
617 3559 824 3641 priore
858 3558 1070 3639 cperis
1100 3565 1276 3638 parte
1297 3604 1314 3631 ,
1345 3558 1456 3620 ubi
1493 3556 1707 3637 plures
1736 3557 1994 3621 codices
2030 3561 2090 3622 ei
2123 3561 2204 3624 ad
2252 3579 2512 3624 manum
2555 3569 2756 3636 erant,
2783 3563 2982 3626 multo
3008 3567 3255 3628 cautius
3285 3575 3347 3629 et
3385 3570 3535 3630 reli-

245 3661 484 3740 giosius
531 3661 598 3722 in
642 3659 1102 3723 mutationibus
1155 3666 1290 3720 tum
1329 3659 1737 3722 admittendis
1777 3665 1912 3720 tum
1953 3662 2247 3725 notandis
2309 3671 2591 3727 versatus
2630 3675 2763 3738 est;
2802 3665 2870 3726 in
2919 3667 3270 3746 posteriore
3295 3677 3534 3746 autem,

246 3765 450 3829 codici
475 3783 614 3841 suo,
647 3772 716 3828 ut
744 3764 1017 3839 videtur,
1048 3763 1312 3825 nimium
1346 3763 1655 3840 addictus,
1695 3767 2028 3829 innumera
2057 3766 2191 3829 fere
2213 3769 2485 3844 novavit,
2518 3769 2598 3832 de
2632 3769 2864 3850 quibus
2892 3785 3102 3850 neque
3132 3771 3195 3831 in
3227 3787 3339 3834 ora
3365 3772 3531 3845 libri,

255 3883 454 3948 teque
503 3867 568 3928 in
617 3866 782 3928 notis
810 3865 1069 3927 verbum
1118 3863 1387 3925 monuit.
1422 3865 1659 3926 Harum
1695 3865 2115 3928 mutationum
2161 3869 2500 3932 nonnullas
2531 3879 2640 3933 aut
2675 3870 2743 3934 in
2783 3868 3295 3936 adnotationibus
3322 3879 3428 3934 aut
3470 3876 3530 3937 in
3612 3941 3628 3959 ν

258 3968 424 4029 rariis
449 3965 829 4028 lectionibus
853 3961 1164 4035 indicavi;
1195 3961 1412 4041 plures
1439 3962 1691 4026 silentio
1717 3965 2015 4044 praiterii.
2041 3969 2349 4032 Craterum
2381 3977 2610 4048 praeter
2637 3979 2816 4036 notas
2846 3975 3246 4052 marginales,
3269 3980 3531 4040 Savilius

261 4067 715 4132 mser-rationes
745 4081 909 4137 suas,
957 4079 1187 4142 paucas
1219 4060 1479 4142 quidem
1510 4063 1621 4124 sed
1651 4064 1839 4126 bona
1873 4064 2060 4144 frugi,
2097 4067 2163 4128 in
2195 4075 2372 4147 parte
2404 4071 2755 4149 posteriore
2782 4074 2935 4134 tomi
2968 4077 3168 4138 octavi
3206 4079 3529 4151 condidit;

241 4188 506 4252 quarum
544 4169 877 4229 maximam
905 4171 1145 4244 partem
1177 4164 1382 4228 amico
1418 4182 1555 4236 suo,
1579 4165 1802 4227 Joanni
1838 4166 2050 4229 Boisio
2075 4166 2176 4246 (ε),
2205 4169 2514 4232 canonico
2545 4171 2801 4247 Eliensi,
2823 4175 3053 4238 debere
3075 4194 3143 4238 se
3174 4179 3523 4256 proﬁtetur.

242 4273 484 4353 tncepti
530 4269 818 4332 Saviliani
854 4285 999 4330 vere
1045 4283 1200 4345 nag‘
1237 4267 1356 4329 nisi
1386 4273 1445 4328 et
1483 4266 1796 4342 privatum
1832 4284 2096 4329 censum
2144 4272 2582 4350 exsuperantis
2623 4274 2906 4338 notitiam
2939 4293 3145 4338 meam
3183 4279 3526 4354 absolvam;

246 4377 576 4451 postquam
607 4369 686 4429 de
716 4374 842 4430 toto
873 4383 1066 4446 opere
1102 4382 1434 4437 creauere,
1464 4381 1803 4444 operarum
1830 4374 2226 4430 correctores
2262 4369 2328 4431 in
2360 4367 2568 4432 ofﬁcio
2598 4389 2715 4435 suo
2744 4373 3218 4452 diligentissime
3251 4387 3525 4442 versatos

259 4488 416 4544 asse;
458 4477 527 4532 ut
559 4487 686 4532 non
721 4469 919 4546 magis
963 4474 1224 4529 externo
1262 4465 1490 4551 nitore,
1521 4482 1709 4544 quam
1741 4467 2044 4529 interiore
2074 4470 2481 4531 accuratione
2509 4488 2581 4534 ac
2613 4471 2734 4536 fide
2768 4472 2926 4535 liber
2948 4475 3237 4538 emineat.

315 4573 424 4632 Ill.
481 4570 569 4631 Ad
601 4575 842 4630 tPPi‘rtlil
883 4567 1222 4629 editionem
1251 4564 1351 4643 (ﬁ,
1385 4581 1528 4645 qum
1587 4566 1832 4626 Morelli
1901 4572 2021 4640 est,
2079 4567 2560 4634 deserit-endam
2607 4571 3075 4636 Montefalconii
3115 4577 3319 4638 verbis
3361 4586 3518 4642 utar.

240 4694 270 4726 κ
298 4670 502 4733 Editio
529 4670 802 4730 Parisina
830 4667 1066 4730 Claudii
1086 4666 1236 4741 {imo
1252 4665 1489 4740 Caroli]
1515 4665 1754 4726 Ηυνρυὶ
1781 4682 1952 4729 anno
1985 4670 2382 4732 MDCXXXVI
2406 4670 2559 4747 [imo
2587 4673 3013 4752 MDCXYXIU}
3032 4678 3519 4750 llata,Savilianr_

239 4782 302 4831 et
353 4768 842 4831 Commeliniana
899 4767 1158 4829 inferior
1212 4772 1327 4839 est,
1377 4766 1493 4828 etsi
1529 4767 1666 4843 ipse
1700 4769 2136 4847 typographus
2175 4771 2514 4833 admodum
2548 4771 2722 4833 illam
2750 4778 3153 4837 commendet
3184 4779 3245 4839 in
3282 4781 3520 4842 Monito

239 4890 376 4937 suo.
409 4873 843 4951 Exempiaria,
867 4873 1094 4949 inquit,
1137 4870 1360 4951 quibus
1390 4874 1456 4929 in
1477 4873 1778 4948 prwscnti
1806 4873 2075 4934 editione
2108 4875 2210 4934 uri
2235 4893 2447 4935 sumus
2471 4878 2673 4953 fuere,
2709 4880 3130 4941 authenticun;
3174 4882 3331 4945 illud
3382 4888 3513 4946 An-

237 4974 500 5054 glicanu-
561 4972 878 5044 editionis,
914 4989 1233 5050 nunquam
1295 4972 1453 5032 satis
1522 4968 1872 5038 laudatum,
1916 4975 2019 5035 cui
2077 4975 2370 5053 religiose
2426 4975 2796 5039 adhmimua
2841 4981 3301 5060 incorrigendo
3333 4994 3519 5046 ftequ

247 5078 476 5144 Graco.
506 5080 741 5137 notatis
777 5077 958 5155 prius
995 5094 1106 5135 suo
1147 5073 1487 5155 quibusun
1517 5073 1652 5135 loco
1691 5077 1957 5152 mendis,
2004 5098 2136 5158 qua:
2175 5082 2242 5138 in
2280 5078 2443 5138 calce
2481 5080 2754 5159 ejusdem
2793 5083 3089 5145 editionis
3138 5099 3427 5149 accurate
3460 5100 3516 5149 et

306 5315 384 5387 (α)
417 5315 551 5372 Vide
585 5315 784 5369 Adnot.
827 5314 895 5369 ad
937 5331 989 5384 p.
1021 5316 1144 5371 459.
1923 5325 2138 5378 libellus
2170 5325 2510 5384 utilissimus.
2553 5343 2654 5379 nec
2687 5328 2818 5380 satis
2869 5340 3028 5380 nctus
3075 5351 3084 5383 ;
3120 5328 3311 5380 Veteris
3347 5330 3512 5383 intrr-

311 5407 382 5476 (ὁ)
410 5406 545 5461 Vide
575 5405 777 5458 Αιίιιοι,
811 5405 880 5459 ad
911 5421 1002 5474 pp,
1031 5405 1153 5470 346,
1188 5407 1312 5470 569,
1338 5408 1462 5472 διδ,
1499 5410 1619 5464 (ιω,
1921 5398 2080 5476 priuis
2122 5412 2239 5446 cum
2257 5395 2393 5447 Beza
2427 5399 2648 5466 aliisque
2677 5400 3044 5450 recentioribus
3072 5399 3302 5450 collatio.
3337 5399 3511 5456 Lond.

397 5486 531 5542 Vide
557 5487 755 5543 Adnot.
794 5488 862 5542 ad
1012 5467 1306 5550 ίὲοϐξιίίϐ.⁷
1453 5467 1460 5472 ⁷

307 5571 382 5677 (:52
412 5537 1012 5677 3:339:10:ﬁt;
1024 5571 1345 5677 33333935;
1590 5659 1599 5677 ,
1655 5676 1662 5677 ί
1746 5669 1814 5677 ,Α
1925 5601 1969 5677 ε
1972 5537 2226 5659 rit-1.33;?
2236 5538 2430 5659 ιξιξ¹.-’.2.2
2461 5537 2842 5659 ι¹έ¹ἐιῖῐιῖῖ³ἱξ¹οηξ
2843 5547 3171 5670 εῑξΐεῖεετέϊτίηζ
3185 5538 3508 5675 altilia;

311 5653 382 5725 (θ)
412 5652 587 5724 Hujus
620 5653 739 5718 viri,
759 5653 956 5724 linguae
983 5653 1264 5723 utriusque
1285 5657 1622 5733 peritissimi,
1645 5669 1820 5714 exstat

1387 5657 1622 5733 ὶιίδδίηιῖ,
1645 5669 1820 5714 mm
1925 5652 2192 5728 inaniis:
2221 5652 2980 5742 .T.tumMinoi.“(ita..2
