4040 6418
1486 384 1667 444 ιηιιο.
1709 385 1915 444 FIELD
1954 386 2357 449 PREFATIO.

1873 385 1915 441 D
1954 386 2041 445 PR
2050 386 2357 449 EFA'I'IO.
3409 393 3466 437 ⁸⁸

200 502 320 568 Ubi
356 522 505 571 vero
548 507 824 584 colices,
870 508 981 589 qui
1029 508 1456 583 nominantur,
1496 518 1817 593 receptam
1860 514 2206 579 lectionem
2250 512 2508 588 habent,
2555 507 2970 589 caeteros'pro
3010 508 3241 590 rejecta
3283 512 3477 583 stare,

203 620 321 685 per
346 624 415 670 se
444 610 594 671 satis
622 609 1011 690 intelligitur.

284 729 343 791 II
403 730 489 793 De
508 729 647 795 aliis
668 734 950 809 testibus,
982 733 1092 814 qui
1144 735 1401 798 nonnisi
1430 738 1616 799 certis
1638 737 1797 800 locis
1815 734 2124 818 appellari
2146 739 2437 817 possunt,
2464 752 2522 799 e.
2557 752 2616 815 g.
2637 736 2755 816 Ep.
2778 731 2967 796 Euth.
2990 728 3282 811 Theoph.
3305 724 3475 791 Flor.

206 831 270 888 et
297 829 578 909 Interpp.
611 831 732 893 nisi
760 830 987 895 diserte
1022 834 1451 909 nominentur,
1482 834 1642 897 nihil
1676 852 1713 898 a
1743 838 2007 900 Lectore
2047 834 2260 916 colligi
2290 842 2525 916 potest.

288 954 394 1016 III.
423 955 744 1020 Editorum
773 959 1076 1023 librorum
1103 961 1410 1025 lectiones
1443 980 1701 1044 semper
1720 970 1783 1025 et
1824 964 2071 1045 ubique
2108 978 2609 1029 commemorare
2651 974 2785 1023 non
2811 954 3014 1021 nostri
3049 952 3167 1015 mit
3211 949 3475 1030 incepti.

206 1051 429 1131 Itaque
462 1070 631 1134 saepe
662 1056 909 1131 accidit,
941 1062 1013 1119 ut
1041 1056 1233 1121 lectio
1268 1058 1479 1121 minus
1506 1059 1879 1140 probabilis,
1920 1078 1999 1124 ex
2026 1058 2158 1123 uno
2188 1066 2295 1124 aut
2324 1059 2613 1141 pluribus
2641 1056 2831 1121 codd.
2860 1054 2929 1116 in
2957 1052 3242 1131 margine
3266 1047 3476 1123 allata,

208 1167 288 1216 ea
312 1154 449 1234 ipsa
480 1154 579 1228 sit,
615 1172 757 1235 quae
784 1157 848 1219 in
878 1155 1029 1222 edd.
1054 1163 1159 1220 aut
1188 1158 1589 1239 quibusdam,
1629 1166 1737 1223 aut
1763 1160 1950 1224 etiam
1978 1160 2274 1224 omnibus
2306 1158 2675 1240 reperiatur.

293 1280 399 1341 IV.
430 1278 549 1341 Ubi
577 1296 693 1359 pro
723 1279 919 1343 altera
938 1279 1213 1343 lectione
1241 1299 1452 1342 omnes
1481 1280 1722 1363 scripti,
1754 1298 1873 1362 pro
1894 1281 2087 1345 altera
2109 1299 2255 1345 vero
2279 1300 2487 1343 omnes
2511 1280 2663 1344 editi
2690 1276 2835 1342 libri
2852 1279 3160 1360 pugnant,
3187 1273 3482 1339 codicum

210 1378 486 1443 lectione
517 1384 791 1459 recepta,
821 1378 1051 1442 editam
1084 1378 1152 1441 in
1190 1380 1472 1459 margine
1498 1381 1745 1460 scripsi,
1776 1398 1921 1443 cum
1953 1388 2125 1457 nota,
2165 1405 2193 1439 κ
2225 1381 2381 1444 Edd.
2412 1404 2444 1439 ι

304 1499 375 1561 V.
423 1498 543 1562 Ubi
570 1498 635 1560 in
662 1498 871 1579 aliqua
896 1498 1173 1563 lectione
1200 1499 1436 1563 tuenda
1470 1518 1615 1562 cum
1641 1506 1813 1561 textu
1844 1501 2156 1565 Saviliano
2192 1503 2597 1566 consentiunt
2629 1520 2839 1564 omne:
2864 1500 3143 1578 codices,
3170 1498 3335 1564 hanc
3376 1497 3482 1560 in-

215 1600 501 1664 numeris
538 1600 717 1675 locis,
750 1602 983 1680 rejecta
1018 1599 1292 1663 lectione
1321 1601 2063 1678 Morello-Benedictina,
2096 1605 2281 1665 tacite
2318 1604 2568 1668 excudi.

298 1721 402 1782 VI.
445 1720 772 1797 Inordine
798 1720 1134 1783 verborum
1171 1721 1614 1785 constituendo
1646 1722 1910 1801 singulis
1944 1724 2101 1787 locis
2123 1725 2338 1806 plures
2372 1731 2435 1791 et
2462 1724 2762 1791 meliores
2789 1724 2987 1788 libros
3028 1730 3281 1788 secutus
3316 1739 3482 1795 sum,

216 1817 414 1899 idque
443 1820 776 1882 maximam
821 1825 1061 1901 partem
1104 1832 1237 1881 non
1278 1821 1521 1885 monito
1565 1822 1862 1898 Lectore;
1894 1840 2037 1887 cum
2071 1824 2334 1887 inﬁnita:
2367 1824 2554 1888 molis
2593 1822 2834 1890 fuisset.
2870 1841 3094 1887 omnes
3120 1817 3487 1907 hujusmodi

216 1921 597 1984 mutationes
624 1921 691 1983 in
718 1921 976 1984 tabellas
1003 1920 1267 1987 referre.

300 2063 647 2127 Moralium
676 2064 851 2128 initia
869 2066 1001 2147 jam
1022 2072 1168 2131 ante
1199 2084 1318 2131 nos
1346 2066 1716 2132 distinxerat
1742 2070 2039 2147 Savilius;
2070 2070 2436 2136 earumdem
2459 2086 2610 2134 vero
2631 2074 2997 2149 argumenta
3019 2082 3187 2129 nunc
3212 2064 3489 2145 primum

216 2183 254 2230 ο
287 2168 618 2233 codicibus
654 2168 899 2251 prolata
921 2176 1090 2232 sunt.
1120 2170 1270 2232 Haec
1300 2169 1367 2231 in
1396 2170 1724 2235 codicibus
1752 2189 1886 2235 non
1916 2173 2213 2237 omnibus
2241 2172 2464 2237 eadem
2485 2172 2785 2253 leguntur
2807 2188 2820 2232 :
2845 2170 2965 2235 alia
2992 2187 3112 2233 nos
3140 2170 3481 2244 edidimus,

216 2269 341 2332 alia
374 2269 593 2332 Latine
621 2286 798 2331 versa
831 2268 901 2331 in
925 2266 1131 2331 fronte
1160 2268 1373 2349 aperis
1401 2267 1573 2331 dedit
1602 2271 1922 2334 Morellus.
1956 2272 2044 2336 De
2064 2272 2164 2335 his
2194 2280 2394 2337 exstat
2421 2273 2731 2338 Monitum
2757 2272 2827 2335 in
2863 2271 3084 2336 codice
3109 2270 3361 2333 Coislin.
3387 2269 3488 2344 66,

216 2368 391 2449 quod
422 2366 524 2431 hic
556 2368 914 2431 exscribere
951 2367 1041 2429 nil
1079 2373 1260 2431 vetat.
1304 2367 1525 2440 Ἐπειδὴ
1558 2368 1679 2433 ἔθος
1707 2364 1811 2442 ilva

1905 2373 2312 2444 μακαριωτάτῳ
2333 2370 2552 2447 Ἰωάννῃ
2575 2370 2654 2444 τῷ
2685 2368 3057 2442 Χρυσοπόμῳ
3082 2367 3221 2441 μετὰ
3241 2367 3490 2440 τὺὲρμη-

216 2472 410 2526 νεῦσαι
442 2472 503 2525 τὸ
532 2472 665 2543 παρ’
693 2471 859 2527 αὑτοῦ
888 2471 1152 2544 προτεθὲν
1181 2473 1537 2541 ιὺαγγιλικὺν
1566 2474 1729 2545 ῥητὸν
1753 2476 1837 2540 εἰς
1864 2474 2059 2547 ἠθικὸν
2091 2474 2434 2531 καταπαύειν
2467 2476 2559 2532 τὸν
2582 2476 2764 2544 λόγον,
2790 2474 3089 2543 ἁναγιιαῖον
3135 2470 3361 2542 ινόμισα
3398 2469 3495 2524 καὶ

209 2568 283 2621 τὰ
316 2567 446 2639 παρ’
472 2568 637 2622 αὐτοῦ
668 2566 726 2620 ιν
754 2566 834 2639 τῷ
880 2566 1057 2639 ἠθικῷ
1092 2568 1235 2621 κατὰ
1262 2567 1465 2631 πλάτος
1495 2569 1767 2639 εἰρημένα
1792 2570 1851 2622 ὲν
1879 2570 2132 2641 συντόμῳ
2158 2569 2448 2643 προτάξαι,
2478 2570 2568 2625 ῐνα
2605 2569 2705 2641 ἔχῃ
2735 2572 2764 2624 ὁ
2787 2568 3110 2639 βουλόμενος
3141 2564 3243 2637 τὴν
3262 2562 3492 2632 δύναμιν

210 2663 308 2717 τοῦ
336 2662 538 2726 παντὸς
563 2660 754 2732 ἠθικοῦ
786 2660 1002 2725 animo;
1028 2660 1122 2715 καὶ
1152 2661 1213 2714 ιν
1241 2660 1489 2732 συντόμῳ
1516 2662 1791 2733 εὑρίσκειν

1897 2673 1934 2733 ν.
1964 2664 2350 2745 Plerumque
2370 2682 2519 2727 vero
2550 2682 2683 2728 non
2710 2664 2777 2727 in
2802 2662 3012 2726 fronte
3042 2661 3279 2741 operis,
3319 2657 3492 2721 indi-

211 2764 306 2827 cis
351 2762 566 2838 modo,
602 2762 715 2826 sed
740 2762 869 2825 suis
894 2776 1166 2845 qumque
1188 2760 1345 2824 locis
1373 2761 1439 2823 in
1461 2761 1744 2839 margine
1770 2761 1937 2838 libri,
1970 2764 2145 2843 quod
2181 2781 2300 2827 nos
2334 2763 2625 2839 fecimus,
2657 2768 3030 2842 argumenta
3062 2765 3385 2823 notantur.

292 2890 363 2951 In
401 2888 934 2961 adnotationibus,
963 2891 1196 2967 praeter
1223 2903 1296 2950 ea
1324 2903 1469 2967 qua)
1496 2886 1591 2950 vel
1628 2886 1707 2949 ad
1737 2886 2000 2950 criticen
2022 2886 2117 2950 vel
2160 2886 2239 2950 ad
2286 2886 2881 2968 interpretationem
2926 2880 3286 2947 necessaria
3318 2876 3492 2940 vide-

211 2989 464 3064 bantur,
500 2989 801 3070 pauculas
814 2988 1217 3084 conjecturas
1246 2993 1490 3049 nostras
1524 2985 1603 3050 ad
1636 2986 1760 3049 alia
1797 2986 2238 3065 gratiosissimi
2284 2988 2575 3051 Auctoris
2607 2987 2842 3067 scripta
2886 2984 3306 3066 pertinentes,
3344 2993 3495 3041 cum

210 3093 475 3155 Lectore
496 3088 1122 3154 communicavimus.

294 3219 622 3281 Postremo
672 3215 752 3279 ad
786 3216 1035 3279 Indices
1088 3218 1429 3277 consuetos
1475 3213 1739 3277 accessit
1774 3214 1934 3277 alius
1968 3215 2255 3287 Graecus;
2296 3212 2362 3275 in
2392 3213 2520 3294 quo
2557 3212 2957 3277 conﬁciendo
2995 3210 3060 3273 id
3090 3208 3496 3292 potissimum

212 3315 371 3381 mihi
408 3315 803 3398 prOpositum
838 3319 953 3391 est,
982 3320 1055 3377 ut
1088 3330 1307 3378 eorum
1353 3312 1707 3376 commodis
1736 3313 2101 3387 inserviam,
2143 3314 2253 3394 qui
2281 3313 2547 3393 posthac
2584 3313 2708 3376 alia
2753 3312 3023 3375 fortasse
3064 3307 3498 3390 Chrysostomi

214 3435 414 3501 opera
451 3418 777 3499 purganda
811 3416 1195 3498 suscipieht;
1245 3414 1421 3497 quod
1457 3416 1783 3495 negotium
1826 3422 1957 3479 tam
2005 3416 2398 3498 expeditum,
2436 3433 2629 3498 quam
2664 3414 3095 3480 necessarium
3137 3430 3299 3489 esse,
3350 3415 3498 3494 post

216 3537 433 3585 meum
457 3518 740 3583 laborem
776 3533 990 3593 nemo,
1022 3514 1274 3597 opinor,
1304 3513 1582 3594 negabit.

296 3641 665 3707 Scribebam
691 3635 1121 3716 Cantabrigiaa,
1167 3633 1270 3697 die
1298 3634 1437 3695 XIX
1460 3631 1690 3714 Aprilis
1717 3634 2231 3698 MDCCCXXXIX.

296 3858 375 3945 (α)
428 3860 556 3945 “es
605 3862 745 3945 ire.
773 3861 1799 3945 .eassrirsi-N.n.<avisls°

1905 3864 2196 3945 aliaaﬁcbv
2221 3864 2549 3945 npotcpcmv
2570 3864 2747 3945 dedit.
2771 3864 2879 3924 Sed
2909 3867 3287 3941 apograptmm
3310 3874 3496 3919 meum

222 3932 415 4013 eadem
443 3930 911 4013 alioutefalconio
930 3930 1142 4013 i_n_Bibl_.
1166 3930 1384 4013 Caiatin.
1416 3949 1484 4013 p._
1517 3934 1621 3989 150
1649 3935 1798 4013 edita
1906 3937 2091 3993 verius
2120 3930 2275 4006 esse,
2295 3930 2473 4008 quivis
2496 3935 2669 3993 videt.

223 4009 371 4069 αισα,
400 4000 493 4072 qui
519 4010 699 4059 tamen
731 4018 832 4076 pro
850 4002 1032 4059 verbis
1080 4001 1143 4056 τὸ
1165 4004 1294 4073 παρ’
1321 4000 1487 4057 αὐτοῦ
1511 4004 1796 4075 προτεθὲν,
