  <div class='ocr_page' id='page_1' title='image "/cluster/home/n/w/nwhite01/storage/ocr_20150623/57/ien.35556001660844/032.png"; bbox 0 0 4040 6420; ppageno 0'>
   <div class='ocr_carea' id='block_1_1' title="bbox 231 300 3510 379">
    <p class='ocr_par' dir='ltr' id='par_1_1' title="bbox 231 300 3510 379">
     <span class='ocr_line' id='line_1_1' title="bbox 231 300 3510 379; baseline 0.007 -23"><span class='ocrx_word' id='word_1_1' title='bbox 231 300 299 357; x_wconf 72' lang='grc'><strong>93</strong></span> <span class='ocrx_word' id='word_1_2' title='bbox 1402 307 1474 363; x_wconf 71' lang='lat' dir='ltr'><strong>IN</strong></span> <span class='ocrx_word' id='word_1_3' title='bbox 1515 311 1937 371; x_wconf 70' lang='grc' dir='ltr'><strong>ΜΛΤΤΗΑΞΠΜ</strong></span> <span class='ocrx_word' id='word_1_4' title='bbox 2004 316 2239 373; x_wconf 54' lang='grc' dir='ltr'><strong>Ηοὶηῑι.</strong></span> <span class='ocrx_word' id='word_1_5' title='bbox 2279 318 2322 371; x_wconf 89' lang='grc'><strong>1.</strong></span> <span class='ocrx_word' id='word_1_6' title='bbox 3441 322 3510 379; x_wconf 78' lang='lat'><strong>16</strong></span> 
     </span>
    </p>
   </div>
   <div class='ocr_carea' id='block_1_2' title="bbox 220 406 1814 486">
    <p class='ocr_par' dir='ltr' id='par_1_2' title="bbox 220 406 1814 486">
     <span class='ocr_line' id='line_1_2' title="bbox 220 406 1814 486; baseline 0.008 -23"><span class='ocrx_word' id='word_1_7' title='bbox 220 406 339 463; x_wconf 80' lang='lat' dir='ltr'><strong>bris</strong></span> <span class='ocrx_word' id='word_1_8' title='bbox 361 420 501 477; x_wconf 84' lang='lat' dir='ltr'><strong>opus</strong></span> <span class='ocrx_word' id='word_1_9' title='bbox 524 408 852 473; x_wconf 82' lang='lat' dir='ltr'><strong>habeamus;</strong></span> <span class='ocrx_word' id='word_1_10' title='bbox 894 423 962 466; x_wconf 92' lang='lat' dir='ltr'><strong>ne</strong></span> <span class='ocrx_word' id='word_1_11' title='bbox 990 410 1095 468; x_wconf 91' lang='lat' dir='ltr'><strong>hoc</strong></span> <span class='ocrx_word' id='word_1_12' title='bbox 1130 412 1369 469; x_wconf 84' lang='lat' dir='ltr'><strong>secundo</strong></span> <span class='ocrx_word' id='word_1_13' title='bbox 1394 416 1609 486; x_wconf 86' lang='lat' dir='ltr'><strong>quidem</strong></span> <span class='ocrx_word' id='word_1_14' title='bbox 1634 434 1814 476; x_wconf 84' lang='lat' dir='ltr'><strong>reme-</strong></span> 
     </span>
    </p>
   </div>
   <div class='ocr_carea' id='block_1_3' title="bbox 222 498 1813 577">
    <p class='ocr_par' dir='ltr' id='par_1_3' title="bbox 222 498 1813 577">
     <span class='ocr_line' id='line_1_3' title="bbox 222 498 1813 577; baseline 0.008 -23"><span class='ocrx_word' id='word_1_15' title='bbox 222 498 314 554; x_wconf 72' lang='lat' dir='ltr'><strong>dio</strong></span> <span class='ocrx_word' id='word_1_16' title='bbox 343 507 401 552; x_wconf 91' lang='lat' dir='ltr'><strong>ut</strong></span> <span class='ocrx_word' id='word_1_17' title='bbox 430 512 527 567; x_wconf 88' lang='lat' dir='ltr'><strong>par</strong></span> <span class='ocrx_word' id='word_1_18' title='bbox 550 506 698 553; x_wconf 87' lang='lat' dir='ltr'><strong>esset</strong></span> <span class='ocrx_word' id='word_1_19' title='bbox 718 507 949 556; x_wconf 85' lang='lat' dir='ltr'><strong>utamur.</strong></span> <span class='ocrx_word' id='word_1_20' title='bbox 978 501 1112 557; x_wconf 79' lang='lat' dir='ltr'><strong>Nam</strong></span> <span class='ocrx_word' id='word_1_21' title='bbox 1138 504 1183 559; x_wconf 85' lang='lat' dir='ltr'><strong>si</strong></span> <span class='ocrx_word' id='word_1_22' title='bbox 1207 520 1313 560; x_wconf 91' lang='lat' dir='ltr'><strong>non</strong></span> <span class='ocrx_word' id='word_1_23' title='bbox 1335 506 1491 577; x_wconf 87' lang='lat' dir='ltr'><strong>culpa</strong></span> <span class='ocrx_word' id='word_1_24' title='bbox 1517 520 1669 566; x_wconf 87' lang='lat' dir='ltr'><strong>vacat</strong></span> <span class='ocrx_word' id='word_1_25' title='bbox 1697 511 1813 567; x_wconf 88' lang='lat' dir='ltr'><strong>lite-</strong></span> 
     </span>
    </p>
   </div>
   <div class='ocr_carea' id='block_1_4' title="bbox 220 589 1814 668">
    <p class='ocr_par' dir='ltr' id='par_1_4' title="bbox 220 589 1814 668">
     <span class='ocr_line' id='line_1_4' title="bbox 220 589 1814 668; baseline 0.009 -26"><span class='ocrx_word' id='word_1_26' title='bbox 220 589 298 643; x_wconf 87' lang='lat' dir='ltr'><strong>ris</strong></span> <span class='ocrx_word' id='word_1_27' title='bbox 319 602 500 658; x_wconf 68' lang='lat' dir='ltr'><strong>egent,</strong></span> <span class='ocrx_word' id='word_1_28' title='bbox 529 602 629 643; x_wconf 87' lang='lat' dir='ltr'><strong>nec</strong></span> <span class='ocrx_word' id='word_1_29' title='bbox 655 604 750 658; x_wconf 88' lang='lat' dir='ltr'><strong>per</strong></span> <span class='ocrx_word' id='word_1_30' title='bbox 774 605 834 647; x_wconf 87' lang='lat' dir='ltr'><strong>se</strong></span> <span class='ocrx_word' id='word_1_31' title='bbox 859 591 1088 662; x_wconf 76' lang='lat' dir='ltr'><strong>Spiritus</strong></span> <span class='ocrx_word' id='word_1_32' title='bbox 1116 595 1340 665; x_wconf 86' lang='lat' dir='ltr'><strong>gratiam</strong></span> <span class='ocrx_word' id='word_1_33' title='bbox 1382 600 1683 668; x_wconf 74' lang='lat' dir='ltr'><strong>attrahere;</strong></span> <span class='ocrx_word' id='word_1_34' title='bbox 1717 618 1814 657; x_wconf 89' lang='lat' dir='ltr'><strong>co-</strong></span> 
     </span>
    </p>
   </div>
   <div class='ocr_carea' id='block_1_5' title="bbox 211 680 1812 758">
    <p class='ocr_par' dir='ltr' id='par_1_5' title="bbox 211 680 1812 758">
     <span class='ocr_line' id='line_1_5' title="bbox 211 680 1812 758; baseline 0.012 -28"><span class='ocrx_word' id='word_1_35' title='bbox 211 680 324 749; x_wconf 77' lang='lat' dir='ltr'><strong>gita</strong></span> <span class='ocrx_word' id='word_1_36' title='bbox 355 688 614 749; x_wconf 88' lang='lat' dir='ltr'><strong>quantum</strong></span> <span class='ocrx_word' id='word_1_37' title='bbox 640 682 845 737; x_wconf 85' lang='lat' dir='ltr'><strong>crimen</strong></span> <span class='ocrx_word' id='word_1_38' title='bbox 884 684 954 739; x_wconf 91' lang='lat' dir='ltr'><strong>sit</strong></span> <span class='ocrx_word' id='word_1_39' title='bbox 992 700 1061 741; x_wconf 90' lang='lat' dir='ltr'><strong>ne</strong></span> <span class='ocrx_word' id='word_1_40' title='bbox 1101 686 1203 743; x_wconf 88' lang='lat' dir='ltr'><strong>hoc</strong></span> <span class='ocrx_word' id='word_1_41' title='bbox 1235 688 1452 758; x_wconf 81' lang='lat' dir='ltr'><strong>quidem</strong></span> <span class='ocrx_word' id='word_1_42' title='bbox 1491 693 1693 748; x_wconf 77' lang='lat' dir='ltr'><strong>auxilio</strong></span> <span class='ocrx_word' id='word_1_43' title='bbox 1737 697 1812 749; x_wconf 89' lang='lat' dir='ltr'><strong>uti</strong></span> 
     </span>
    </p>
   </div>
   <div class='ocr_carea' id='block_1_6' title="bbox 215 769 1813 853">
    <p class='ocr_par' dir='ltr' id='par_1_6' title="bbox 215 769 1813 853">
     <span class='ocr_line' id='line_1_6' title="bbox 215 769 1813 853; baseline 0.011 -30"><span class='ocrx_word' id='word_1_44' title='bbox 215 769 375 835; x_wconf 79' lang='lat' dir='ltr'><strong>velle,</strong></span> <span class='ocrx_word' id='word_1_45' title='bbox 416 770 514 826; x_wconf 89' lang='lat' dir='ltr'><strong>sed</strong></span> <span class='ocrx_word' id='word_1_46' title='bbox 544 771 725 827; x_wconf 79' lang='lat' dir='ltr'><strong>literas</strong></span> <span class='ocrx_word' id='word_1_47' title='bbox 749 773 867 829; x_wconf 88' lang='lat' dir='ltr'><strong>illas</strong></span> <span class='ocrx_word' id='word_1_48' title='bbox 897 776 1049 844; x_wconf 85' lang='lat' dir='ltr'><strong>quasi</strong></span> <span class='ocrx_word' id='word_1_49' title='bbox 1074 776 1268 833; x_wconf 79' lang='lat' dir='ltr'><strong>frustra</strong></span> <span class='ocrx_word' id='word_1_50' title='bbox 1297 790 1351 835; x_wconf 86' lang='lat' dir='ltr'><strong>et</strong></span> <span class='ocrx_word' id='word_1_51' title='bbox 1377 790 1580 838; x_wconf 84' lang='lat' dir='ltr'><strong>temere</strong></span> <span class='ocrx_word' id='word_1_52' title='bbox 1612 786 1813 853; x_wconf 89' lang='lat' dir='ltr'><strong>positas</strong></span> 
     </span>
    </p>
   </div>
   <div class='ocr_carea' id='block_1_7' title="bbox 206 857 1812 941">
    <p class='ocr_par' dir='ltr' id='par_1_7' title="bbox 206 857 1812 941">
     <span class='ocr_line' id='line_1_7' title="bbox 206 857 1812 941; baseline 0.011 -28"><span class='ocrx_word' id='word_1_53' title='bbox 206 857 513 927; x_wconf 71' lang='lat' dir='ltr'><strong>despicere,</strong></span> <span class='ocrx_word' id='word_1_54' title='bbox 553 870 613 915; x_wconf 87' lang='lat' dir='ltr'><strong>et</strong></span> <span class='ocrx_word' id='word_1_55' title='bbox 644 862 901 932; x_wconf 87' lang='lat' dir='ltr'><strong>majorem</strong></span> <span class='ocrx_word' id='word_1_56' title='bbox 935 864 987 918; x_wconf 94' lang='lat' dir='ltr'><strong>in</strong></span> <span class='ocrx_word' id='word_1_57' title='bbox 1016 880 1075 921; x_wconf 89' lang='lat' dir='ltr'><strong>se</strong></span> <span class='ocrx_word' id='word_1_58' title='bbox 1099 869 1370 926; x_wconf 85' lang='lat' dir='ltr'><strong>attrahere</strong></span> <span class='ocrx_word' id='word_1_59' title='bbox 1392 886 1605 940; x_wconf 83' lang='lat' dir='ltr'><strong>poenam</strong></span> <span class='ocrx_word' id='word_1_60' title='bbox 1657 873 1812 941; x_wconf 87' lang='lat' dir='ltr'><strong>Quod</strong></span> 
     </span>
    </p>
   </div>
   <div class='ocr_carea' id='block_1_8' title="bbox 210 948 1807 1034">
    <p class='ocr_par' dir='ltr' id='par_1_8' title="bbox 210 948 1807 1034">
     <span class='ocr_line' id='line_1_8' title="bbox 210 948 1807 1034; baseline 0.011 -31"><span class='ocrx_word' id='word_1_61' title='bbox 210 962 282 1003; x_wconf 86' lang='lat' dir='ltr'><strong>ne</strong></span> <span class='ocrx_word' id='word_1_62' title='bbox 304 948 534 1015; x_wconf 84' lang='lat' dir='ltr'><strong>accidat,</strong></span> <span class='ocrx_word' id='word_1_63' title='bbox 560 950 855 1022; x_wconf 82' lang='lat' dir='ltr'><strong>Scripturis</strong></span> <span class='ocrx_word' id='word_1_64' title='bbox 897 966 1144 1012; x_wconf 78' lang='lat' dir='ltr'><strong>accurate</strong></span> <span class='ocrx_word' id='word_1_65' title='bbox 1169 958 1520 1017; x_wconf 76' lang='lat' dir='ltr'><strong>adhibeamus</strong></span> <span class='ocrx_word' id='word_1_66' title='bbox 1544 964 1807 1034; x_wconf 87' lang='lat' dir='ltr'><strong>animum,</strong></span> 
     </span>
    </p>
   </div>
   <div class='ocr_carea' id='block_1_9' title="bbox 208 1037 1809 1125">
    <p class='ocr_par' dir='ltr' id='par_1_9' title="bbox 208 1037 1809 1125">
     <span class='ocr_line' id='line_1_9' title="bbox 208 1037 1809 1125; baseline 0.014 -35"><span class='ocrx_word' id='word_1_67' title='bbox 208 1051 274 1091; x_wconf 88' lang='lat' dir='ltr'><strong>ac</strong></span> <span class='ocrx_word' id='word_1_68' title='bbox 300 1037 571 1095; x_wconf 93' lang='lat' dir='ltr'><strong>discamus</strong></span> <span class='ocrx_word' id='word_1_69' title='bbox 597 1042 863 1111; x_wconf 78' lang='lat' dir='ltr'><strong>quomodo</strong></span> <span class='ocrx_word' id='word_1_70' title='bbox 884 1042 1038 1101; x_wconf 89' lang='lat' dir='ltr'><strong>vetus</strong></span> <span class='ocrx_word' id='word_1_71' title='bbox 1069 1047 1155 1103; x_wconf 93' lang='lat' dir='ltr'><strong>lex</strong></span> <span class='ocrx_word' id='word_1_72' title='bbox 1184 1049 1309 1106; x_wconf 86' lang='lat' dir='ltr'><strong>data</strong></span> <span class='ocrx_word' id='word_1_73' title='bbox 1334 1050 1514 1118; x_wconf 80' lang='lat' dir='ltr'><strong>fuerit,</strong></span> <span class='ocrx_word' id='word_1_74' title='bbox 1538 1056 1809 1125; x_wconf 78' lang='lat' dir='ltr'><strong>quomodo</strong></span> 
     </span>
    </p>
   </div>
   <div class='ocr_carea' id='block_1_10' title="bbox 206 1128 1807 1210">
    <p class='ocr_par' dir='ltr' id='par_1_10' title="bbox 206 1128 1807 1210">
     <span class='ocr_line' id='line_1_10' title="bbox 206 1128 1807 1210; baseline 0.016 -32"><span class='ocrx_word' id='word_1_75' title='bbox 206 1136 394 1194; x_wconf 85' lang='lat' dir='ltr'><strong>postea</strong></span> <span class='ocrx_word' id='word_1_76' title='bbox 427 1128 632 1185; x_wconf 71' lang='lat' dir='ltr'><strong>Novum</strong></span> <span class='ocrx_word' id='word_1_77' title='bbox 657 1132 1081 1191; x_wconf 77' lang='lat' dir='ltr'><strong>Testamentum.</strong></span> <span class='ocrx_word' id='word_1_78' title='bbox 1104 1136 1224 1205; x_wconf 77' lang='lat' dir='ltr'><strong>Quo</strong></span> <span class='ocrx_word' id='word_1_79' title='bbox 1248 1140 1408 1210; x_wconf 84' lang='lat' dir='ltr'><strong>igitur</strong></span> <span class='ocrx_word' id='word_1_80' title='bbox 1427 1145 1587 1199; x_wconf 92' lang='lat' dir='ltr'><strong>modo</strong></span> <span class='ocrx_word' id='word_1_81' title='bbox 1611 1147 1696 1202; x_wconf 89' lang='lat' dir='ltr'><strong>lex</strong></span> <span class='ocrx_word' id='word_1_82' title='bbox 1717 1148 1807 1204; x_wconf 85' lang='lat' dir='ltr'><strong>illa</strong></span> 
     </span>
    </p>
   </div>
   <div class='ocr_carea' id='block_1_11' title="bbox 203 1215 1804 1306">
    <p class='ocr_par' dir='ltr' id='par_1_11' title="bbox 203 1215 1804 1306">
     <span class='ocr_line' id='line_1_11' title="bbox 203 1215 1804 1306; baseline 0.014 -37"><span class='ocrx_word' id='word_1_83' title='bbox 203 1215 327 1271; x_wconf 87' lang='lat' dir='ltr'><strong>data</strong></span> <span class='ocrx_word' id='word_1_84' title='bbox 360 1227 470 1272; x_wconf 91' lang='lat' dir='ltr'><strong>tum</strong></span> <span class='ocrx_word' id='word_1_85' title='bbox 499 1220 632 1274; x_wconf 80' lang='lat' dir='ltr'><strong>fuit?</strong></span> <span class='ocrx_word' id='word_1_86' title='bbox 657 1224 871 1293; x_wconf 87' lang='lat' dir='ltr'><strong>quando</strong></span> <span class='ocrx_word' id='word_1_87' title='bbox 895 1236 949 1281; x_wconf 90' lang='lat' dir='ltr'><strong>et</strong></span> <span class='ocrx_word' id='word_1_88' title='bbox 979 1228 1233 1284; x_wconf 77' lang='lat' dir='ltr'><strong>ubinam?</strong></span> <span class='ocrx_word' id='word_1_89' title='bbox 1277 1231 1406 1286; x_wconf 87' lang='lat' dir='ltr'><strong>Post</strong></span> <span class='ocrx_word' id='word_1_90' title='bbox 1432 1232 1804 1306; x_wconf 67' lang='lat' dir='ltr'><strong>Egyptiorum</strong></span> 
     </span>
    </p>
   </div>
   <div class='ocr_carea' id='block_1_12' title="bbox 200 1310 1806 1398">
    <p class='ocr_par' dir='ltr' id='par_1_12' title="bbox 200 1310 1806 1398">
     <span class='ocr_line' id='line_1_12' title="bbox 200 1310 1806 1398; baseline 0.016 -38"><span class='ocrx_word' id='word_1_91' title='bbox 200 1310 522 1377; x_wconf 81' lang='lat' dir='ltr'><strong>perniciem,</strong></span> <span class='ocrx_word' id='word_1_92' title='bbox 547 1312 600 1365; x_wconf 92' lang='lat' dir='ltr'><strong>in</strong></span> <span class='ocrx_word' id='word_1_93' title='bbox 624 1311 860 1382; x_wconf 75' lang='lat' dir='ltr'><strong>deserto,</strong></span> <span class='ocrx_word' id='word_1_94' title='bbox 891 1325 945 1370; x_wconf 91' lang='lat' dir='ltr'><strong>et</strong></span> <span class='ocrx_word' id='word_1_95' title='bbox 974 1318 1024 1371; x_wconf 83' lang='lat' dir='ltr'><strong>in</strong></span> <span class='ocrx_word' id='word_1_96' title='bbox 1053 1329 1235 1376; x_wconf 82' lang='lat' dir='ltr'><strong>monte</strong></span> <span class='ocrx_word' id='word_1_97' title='bbox 1258 1320 1407 1389; x_wconf 84' lang='lat' dir='ltr'><strong>Sina,</strong></span> <span class='ocrx_word' id='word_1_98' title='bbox 1438 1325 1584 1380; x_wconf 89' lang='lat' dir='ltr'><strong>fumo</strong></span> <span class='ocrx_word' id='word_1_99' title='bbox 1607 1335 1663 1382; x_wconf 84' lang='lat' dir='ltr'><strong>et</strong></span> <span class='ocrx_word' id='word_1_100' title='bbox 1685 1327 1806 1398; x_wconf 87' lang='lat' dir='ltr'><strong>igne</strong></span> 
     </span>
    </p>
   </div>
   <div class='ocr_carea' id='block_1_13' title="bbox 198 1400 1804 1487">
    <p class='ocr_par' dir='ltr' id='par_1_13' title="bbox 198 1400 1804 1487">
     <span class='ocr_line' id='line_1_13' title="bbox 198 1400 1804 1487; baseline 0.013 -34"><span class='ocrx_word' id='word_1_101' title='bbox 198 1400 273 1455; x_wconf 83' lang='lat' dir='ltr'><strong>de</strong></span> <span class='ocrx_word' id='word_1_102' title='bbox 324 1412 506 1458; x_wconf 91' lang='lat' dir='ltr'><strong>monte</strong></span> <span class='ocrx_word' id='word_1_103' title='bbox 546 1415 882 1475; x_wconf 83' lang='lat' dir='ltr'><strong>erumpente,</strong></span> <span class='ocrx_word' id='word_1_104' title='bbox 929 1409 1049 1463; x_wconf 89' lang='lat' dir='ltr'><strong>tuba</strong></span> <span class='ocrx_word' id='word_1_105' title='bbox 1086 1411 1392 1482; x_wconf 79' lang='lat' dir='ltr'><strong>clangente,</strong></span> <span class='ocrx_word' id='word_1_106' title='bbox 1433 1414 1804 1487; x_wconf 80' lang='lat' dir='ltr'><strong>frequentibus</strong></span> 
     </span>
    </p>
   </div>
   <div class='ocr_carea' id='block_1_14' title="bbox 200 1489 1805 1579">
    <p class='ocr_par' dir='ltr' id='par_1_14' title="bbox 200 1489 1805 1579">
     <span class='ocr_line' id='line_1_14' title="bbox 200 1489 1805 1579; baseline 0.01 -36"><span class='ocrx_word' id='word_1_107' title='bbox 200 1489 503 1561; x_wconf 70' lang='lat' dir='ltr'><strong>fuigurihus</strong></span> <span class='ocrx_word' id='word_1_108' title='bbox 529 1503 689 1564; x_wconf 82' lang='lat' dir='ltr'><strong>atque</strong></span> <span class='ocrx_word' id='word_1_109' title='bbox 720 1497 988 1564; x_wconf 86' lang='lat' dir='ltr'><strong>tonitruis,</strong></span> <span class='ocrx_word' id='word_1_110' title='bbox 1020 1498 1310 1571; x_wconf 74' lang='lat' dir='ltr'><strong>Mnyseqtte</strong></span> <span class='ocrx_word' id='word_1_111' title='bbox 1337 1502 1389 1557; x_wconf 91' lang='lat' dir='ltr'><strong>iu</strong></span> <span class='ocrx_word' id='word_1_112' title='bbox 1418 1504 1589 1575; x_wconf 85' lang='lat' dir='ltr'><strong>ipsam</strong></span> <span class='ocrx_word' id='word_1_113' title='bbox 1617 1508 1805 1579; x_wconf 82' lang='lat' dir='ltr'><strong>caligi-</strong></span> 
     </span>
    </p>
   </div>
   <div class='ocr_carea' id='block_1_15' title="bbox 202 1585 1803 1655">
    <p class='ocr_par' dir='ltr' id='par_1_15' title="bbox 202 1585 1803 1655">
     <span class='ocr_line' id='line_1_15' title="bbox 202 1585 1803 1655; baseline 0.012 -20"><span class='ocrx_word' id='word_1_114' title='bbox 202 1597 325 1636; x_wconf 86' lang='lat' dir='ltr'><strong>nem</strong></span> <span class='ocrx_word' id='word_1_115' title='bbox 363 1585 609 1638; x_wconf 84' lang='lat' dir='ltr'><strong>intrante.</strong></span> <span class='ocrx_word' id='word_1_116' title='bbox 654 1588 707 1640; x_wconf 87' lang='lat' dir='ltr'><strong>In</strong></span> <span class='ocrx_word' id='word_1_117' title='bbox 743 1587 893 1643; x_wconf 82' lang='lat' dir='ltr'><strong>Novo</strong></span> <span class='ocrx_word' id='word_1_118' title='bbox 918 1600 1094 1645; x_wconf 89' lang='lat' dir='ltr'><strong>autem</strong></span> <span class='ocrx_word' id='word_1_119' title='bbox 1132 1607 1238 1646; x_wconf 91' lang='lat' dir='ltr'><strong>non</strong></span> <span class='ocrx_word' id='word_1_120' title='bbox 1280 1593 1348 1647; x_wconf 84' lang='lat' dir='ltr'><strong>ita</strong></span> <span class='ocrx_word' id='word_1_121' title='bbox 1379 1610 1476 1651; x_wconf 88' lang='lat' dir='ltr'><strong>nec</strong></span> <span class='ocrx_word' id='word_1_122' title='bbox 1506 1597 1557 1651; x_wconf 92' lang='lat' dir='ltr'><strong>in</strong></span> <span class='ocrx_word' id='word_1_123' title='bbox 1585 1598 1803 1655; x_wconf 67' lang='lat' dir='ltr'><strong>deserto</strong></span> 
     </span>
    </p>
   </div>
   <div class='ocr_carea' id='block_1_16' title="bbox 199 1673 1801 1761">
    <p class='ocr_par' dir='ltr' id='par_1_16' title="bbox 199 1673 1801 1761">
     <span class='ocr_line' id='line_1_16' title="bbox 199 1673 1801 1761; baseline 0.012 -35"><span class='ocrx_word' id='word_1_124' title='bbox 199 1688 302 1726; x_wconf 88' lang='lat' dir='ltr'><strong>nec</strong></span> <span class='ocrx_word' id='word_1_125' title='bbox 325 1673 377 1727; x_wconf 90' lang='lat' dir='ltr'><strong>in</strong></span> <span class='ocrx_word' id='word_1_126' title='bbox 408 1686 608 1741; x_wconf 74' lang='lat' dir='ltr'><strong>monte,</strong></span> <span class='ocrx_word' id='word_1_127' title='bbox 632 1694 736 1731; x_wconf 91' lang='lat' dir='ltr'><strong>non</strong></span> <span class='ocrx_word' id='word_1_128' title='bbox 759 1695 880 1734; x_wconf 91' lang='lat' dir='ltr'><strong>cum</strong></span> <span class='ocrx_word' id='word_1_129' title='bbox 913 1681 1077 1747; x_wconf 92' lang='lat' dir='ltr'><strong>fumo,</strong></span> <span class='ocrx_word' id='word_1_130' title='bbox 1100 1685 1357 1751; x_wconf 85' lang='lat' dir='ltr'><strong>tenebris,</strong></span> <span class='ocrx_word' id='word_1_131' title='bbox 1387 1688 1615 1758; x_wconf 83' lang='lat' dir='ltr'><strong>caligine</strong></span> <span class='ocrx_word' id='word_1_132' title='bbox 1640 1701 1801 1761; x_wconf 88' lang='lat' dir='ltr'><strong>atque</strong></span> 
     </span>
    </p>
   </div>
   <div class='ocr_carea' id='block_1_17' title="bbox 201 1765 1802 1840">
    <p class='ocr_par' dir='ltr' id='par_1_17' title="bbox 201 1765 1802 1840">
     <span class='ocr_line' id='line_1_17' title="bbox 201 1765 1802 1840; baseline 0.016 -27"><span class='ocrx_word' id='word_1_133' title='bbox 201 1765 459 1831; x_wconf 89' lang='lat' dir='ltr'><strong>procella,</strong></span> <span class='ocrx_word' id='word_1_134' title='bbox 491 1767 587 1822; x_wconf 87' lang='lat' dir='ltr'><strong>sed</strong></span> <span class='ocrx_word' id='word_1_135' title='bbox 615 1768 833 1825; x_wconf 83' lang='lat' dir='ltr'><strong>ineunte</strong></span> <span class='ocrx_word' id='word_1_136' title='bbox 858 1772 964 1838; x_wconf 85' lang='lat' dir='ltr'><strong>die,</strong></span> <span class='ocrx_word' id='word_1_137' title='bbox 993 1773 1159 1840; x_wconf 89' lang='lat' dir='ltr'><strong>domi,</strong></span> <span class='ocrx_word' id='word_1_138' title='bbox 1190 1777 1445 1833; x_wconf 82' lang='lat' dir='ltr'><strong>omnibus</strong></span> <span class='ocrx_word' id='word_1_139' title='bbox 1476 1796 1577 1835; x_wconf 78' lang='lat' dir='ltr'><strong>una</strong></span> <span class='ocrx_word' id='word_1_140' title='bbox 1606 1783 1802 1839; x_wconf 88' lang='lat' dir='ltr'><strong>seden-</strong></span> 
     </span>
    </p>
   </div>
   <div class='ocr_carea' id='block_1_18' title="bbox 194 1853 1792 1936">
    <p class='ocr_par' dir='ltr' id='par_1_18' title="bbox 194 1853 1792 1936">
     <span class='ocr_line' id='line_1_18' title="bbox 194 1853 1792 1936; baseline 0.014 -31"><span class='ocrx_word' id='word_1_141' title='bbox 194 1853 363 1921; x_wconf 79' lang='lat' dir='ltr'><strong>tibus,</strong></span> <span class='ocrx_word' id='word_1_142' title='bbox 408 1870 595 1926; x_wconf 85' lang='lat' dir='ltr'><strong>magna</strong></span> <span class='ocrx_word' id='word_1_143' title='bbox 636 1874 758 1914; x_wconf 87' lang='lat' dir='ltr'><strong>cum</strong></span> <span class='ocrx_word' id='word_1_144' title='bbox 803 1864 1187 1931; x_wconf 79' lang='lat' dir='ltr'><strong>tranquillitate</strong></span> <span class='ocrx_word' id='word_1_145' title='bbox 1226 1878 1375 1936; x_wconf 80' lang='lat' dir='ltr'><strong>gesta</strong></span> <span class='ocrx_word' id='word_1_146' title='bbox 1421 1880 1547 1925; x_wconf 83' lang='lat' dir='ltr'><strong>sunt</strong></span> <span class='ocrx_word' id='word_1_147' title='bbox 1594 1875 1792 1929; x_wconf 90' lang='lat' dir='ltr'><strong>omnia.</strong></span> 
     </span>
    </p>
   </div>
   <div class='ocr_carea' id='block_1_19' title="bbox 197 1940 1795 2031">
    <p class='ocr_par' dir='ltr' id='par_1_19' title="bbox 197 1940 1795 2031">
     <span class='ocr_line' id='line_1_19' title="bbox 197 1940 1795 2031; baseline 0.015 -36"><span class='ocrx_word' id='word_1_148' title='bbox 197 1940 573 2001; x_wconf 83' lang='lat' dir='ltr'><strong>Ferocioribus</strong></span> <span class='ocrx_word' id='word_1_149' title='bbox 610 1950 805 2031; x_wconf 83' lang='lat' dir='ltr'><strong>quippe</strong></span> <span class='ocrx_word' id='word_1_150' title='bbox 833 1950 935 2005; x_wconf 88' lang='lat' dir='ltr'><strong>illis</strong></span> <span class='ocrx_word' id='word_1_151' title='bbox 960 1960 1012 2006; x_wconf 93' lang='lat' dir='ltr'><strong>et</strong></span> <span class='ocrx_word' id='word_1_152' title='bbox 1040 1952 1493 2024; x_wconf 83' lang='lat' dir='ltr'><strong>elfrenatioribus,</strong></span> <span class='ocrx_word' id='word_1_153' title='bbox 1536 1975 1795 2031; x_wconf 89' lang='lat' dir='ltr'><strong>corporea</strong></span> 
     </span>
    </p>
   </div>
   <div class='ocr_carea' id='block_1_20' title="bbox 192 2023 1793 2120">
    <p class='ocr_par' dir='ltr' id='par_1_20' title="bbox 192 2023 1793 2120">
     <span class='ocr_line' id='line_1_20' title="bbox 192 2023 1793 2120; baseline 0.017 -40"><span class='ocrx_word' id='word_1_154' title='bbox 192 2033 376 2100; x_wconf 78' lang='lat' dir='ltr'><strong>specie</strong></span> <span class='ocrx_word' id='word_1_155' title='bbox 419 2048 554 2105; x_wconf 90' lang='lat' dir='ltr'><strong>opus</strong></span> <span class='ocrx_word' id='word_1_156' title='bbox 593 2023 756 2101; x_wconf 57' lang='lat' dir='ltr'><strong>erat;</strong></span> <span class='ocrx_word' id='word_1_157' title='bbox 783 2054 974 2109; x_wconf 85' lang='lat' dir='ltr'><strong>nempe</strong></span> <span class='ocrx_word' id='word_1_158' title='bbox 1012 2043 1331 2112; x_wconf 85' lang='lat' dir='ltr'><strong>solitudine,</strong></span> <span class='ocrx_word' id='word_1_159' title='bbox 1376 2057 1579 2113; x_wconf 91' lang='lat' dir='ltr'><strong>monte,</strong></span> <span class='ocrx_word' id='word_1_160' title='bbox 1624 2023 1793 2120; x_wconf 85' lang='lat' dir='ltr'><strong>fumo,</strong></span> 
     </span>
    </p>
   </div>
   <div class='ocr_carea' id='block_1_21' title="bbox 189 2124 1795 2202">
    <p class='ocr_par' dir='ltr' id='par_1_21' title="bbox 189 2124 1795 2202">
     <span class='ocr_line' id='line_1_21' title="bbox 189 2124 1795 2202; baseline 0.016 -25"><span class='ocrx_word' id='word_1_161' title='bbox 189 2124 338 2179; x_wconf 77' lang='lat' dir='ltr'><strong>tubae</strong></span> <span class='ocrx_word' id='word_1_162' title='bbox 382 2127 637 2199; x_wconf 81' lang='lat' dir='ltr'><strong>clangore</strong></span> <span class='ocrx_word' id='word_1_163' title='bbox 676 2140 731 2187; x_wconf 88' lang='lat' dir='ltr'><strong>et</strong></span> <span class='ocrx_word' id='word_1_164' title='bbox 774 2133 1070 2202; x_wconf 88' lang='lat' dir='ltr'><strong>similibus;</strong></span> <span class='ocrx_word' id='word_1_165' title='bbox 1119 2135 1521 2197; x_wconf 82' lang='lat' dir='ltr'><strong>sublimioribus</strong></span> <span class='ocrx_word' id='word_1_166' title='bbox 1570 2159 1697 2198; x_wconf 82' lang='lat' dir='ltr'><strong>vero</strong></span> <span class='ocrx_word' id='word_1_167' title='bbox 1740 2155 1795 2201; x_wconf 91' lang='lat' dir='ltr'><strong>et</strong></span> 
     </span>
    </p>
   </div>
   <div class='ocr_carea' id='block_1_22' title="bbox 191 2215 1794 2304">
    <p class='ocr_par' dir='ltr' id='par_1_22' title="bbox 191 2215 1794 2304">
     <span class='ocr_line' id='line_1_22' title="bbox 191 2215 1794 2304; baseline 0.016 -39"><span class='ocrx_word' id='word_1_168' title='bbox 191 2215 718 2286; x_wconf 80' lang='lat' dir='ltr'><strong>obsequentioribus,</strong></span> <span class='ocrx_word' id='word_1_169' title='bbox 761 2221 852 2291; x_wconf 88' lang='lat' dir='ltr'><strong>qui</strong></span> <span class='ocrx_word' id='word_1_170' title='bbox 897 2238 1186 2293; x_wconf 83' lang='lat' dir='ltr'><strong>corporeas</strong></span> <span class='ocrx_word' id='word_1_171' title='bbox 1232 2229 1585 2300; x_wconf 84' lang='lat' dir='ltr'><strong>cogitationes</strong></span> <span class='ocrx_word' id='word_1_172' title='bbox 1636 2234 1794 2304; x_wconf 81' lang='lat' dir='ltr'><strong>longe</strong></span> 
     </span>
    </p>
   </div>
   <div class='ocr_carea' id='block_1_23' title="bbox 186 2314 1790 2396">
    <p class='ocr_par' dir='ltr' id='par_1_23' title="bbox 186 2314 1790 2396">
     <span class='ocr_line' id='line_1_23' title="bbox 186 2314 1790 2396; baseline 0.011 -29"><span class='ocrx_word' id='word_1_173' title='bbox 186 2315 603 2383; x_wconf 82' lang='lat' dir='ltr'><strong>exsuperabant,</strong></span> <span class='ocrx_word' id='word_1_174' title='bbox 637 2314 938 2387; x_wconf 77' lang='lat' dir='ltr'><strong>hujustnodi</strong></span> <span class='ocrx_word' id='word_1_175' title='bbox 968 2321 1126 2375; x_wconf 90' lang='lat' dir='ltr'><strong>rebus</strong></span> <span class='ocrx_word' id='word_1_176' title='bbox 1152 2322 1286 2378; x_wconf 84' lang='lat' dir='ltr'><strong>nihil</strong></span> <span class='ocrx_word' id='word_1_177' title='bbox 1315 2339 1450 2395; x_wconf 87' lang='lat' dir='ltr'><strong>optts</strong></span> <span class='ocrx_word' id='word_1_178' title='bbox 1472 2336 1607 2382; x_wconf 86' lang='lat' dir='ltr'><strong>erat.</strong></span> <span class='ocrx_word' id='word_1_179' title='bbox 1637 2327 1790 2396; x_wconf 85' lang='lat' dir='ltr'><strong>Quod</strong></span> 
     </span>
    </p>
   </div>
   <div class='ocr_carea' id='block_1_24' title="bbox 188 2403 1790 2490">
    <p class='ocr_par' dir='ltr' id='par_1_24' title="bbox 188 2403 1790 2490">
     <span class='ocr_line' id='line_1_24' title="bbox 188 2403 1790 2490; baseline 0.011 -33"><span class='ocrx_word' id='word_1_180' title='bbox 188 2403 236 2457; x_wconf 88' lang='lat' dir='ltr'><strong>si</strong></span> <span class='ocrx_word' id='word_1_181' title='bbox 280 2414 337 2460; x_wconf 91' lang='lat' dir='ltr'><strong>et</strong></span> <span class='ocrx_word' id='word_1_182' title='bbox 390 2405 530 2475; x_wconf 88' lang='lat' dir='ltr'><strong>apud</strong></span> <span class='ocrx_word' id='word_1_183' title='bbox 582 2407 703 2464; x_wconf 88' lang='lat' dir='ltr'><strong>illos</strong></span> <span class='ocrx_word' id='word_1_184' title='bbox 756 2423 921 2465; x_wconf 89' lang='lat' dir='ltr'><strong>sonus</strong></span> <span class='ocrx_word' id='word_1_185' title='bbox 965 2412 1201 2469; x_wconf 89' lang='lat' dir='ltr'><strong>emissus</strong></span> <span class='ocrx_word' id='word_1_186' title='bbox 1248 2422 1366 2482; x_wconf 87' lang='lat' dir='ltr'><strong>est,</strong></span> <span class='ocrx_word' id='word_1_187' title='bbox 1409 2415 1462 2472; x_wconf 92' lang='lat' dir='ltr'><strong>id</strong></span> <span class='ocrx_word' id='word_1_188' title='bbox 1504 2433 1612 2472; x_wconf 91' lang='lat' dir='ltr'><strong>non</strong></span> <span class='ocrx_word' id='word_1_189' title='bbox 1655 2434 1790 2490; x_wconf 87' lang='lat' dir='ltr'><strong>apo-</strong></span> 
     </span>
    </p>
   </div>
   <div class='ocr_carea' id='block_1_25' title="bbox 188 2493 1787 2575">
    <p class='ocr_par' dir='ltr' id='par_1_25' title="bbox 188 2493 1787 2575">
     <span class='ocr_line' id='line_1_25' title="bbox 188 2493 1787 2575; baseline 0.013 -29"><span class='ocrx_word' id='word_1_190' title='bbox 188 2493 494 2562; x_wconf 88' lang='lat' dir='ltr'><strong>stolorum,</strong></span> <span class='ocrx_word' id='word_1_191' title='bbox 549 2497 644 2552; x_wconf 86' lang='lat' dir='ltr'><strong>sed</strong></span> <span class='ocrx_word' id='word_1_192' title='bbox 688 2498 996 2557; x_wconf 60' lang='lat' dir='ltr'><strong>Iudaeorum</strong></span> <span class='ocrx_word' id='word_1_193' title='bbox 1041 2512 1167 2559; x_wconf 92' lang='lat' dir='ltr'><strong>tunc</strong></span> <span class='ocrx_word' id='word_1_194' title='bbox 1230 2508 1571 2575; x_wconf 57' lang='lat' dir='ltr'><strong>prasentium</strong></span> <span class='ocrx_word' id='word_1_195' title='bbox 1625 2525 1787 2566; x_wconf 85' lang='lat' dir='ltr'><strong>causa</strong></span> 
     </span>
    </p>
   </div>
   <div class='ocr_carea' id='block_1_26' title="bbox 194 2580 1784 2665">
    <p class='ocr_par' dir='ltr' id='par_1_26' title="bbox 194 2580 1784 2665">
     <span class='ocr_line' id='line_1_26' title="bbox 194 2580 1784 2665; baseline 0.013 -29"><span class='ocrx_word' id='word_1_196' title='bbox 194 2580 394 2665; x_wconf 61' lang='lat' dir='ltr'><strong>factum</strong></span> <span class='ocrx_word' id='word_1_197' title='bbox 461 2596 568 2649; x_wconf 82' lang='lat' dir='ltr'><strong>est,</strong></span> <span class='ocrx_word' id='word_1_198' title='bbox 647 2589 909 2659; x_wconf 82' lang='lat' dir='ltr'><strong>simulque</strong></span> <span class='ocrx_word' id='word_1_199' title='bbox 975 2594 1145 2661; x_wconf 75' lang='lat' dir='ltr'><strong>ignea:</strong></span> <span class='ocrx_word' id='word_1_200' title='bbox 1209 2598 1403 2665; x_wconf 67' lang='lat' dir='ltr'><strong>linguae</strong></span> <span class='ocrx_word' id='word_1_201' title='bbox 1453 2600 1583 2654; x_wconf 64' lang='lat' dir='ltr'><strong>visa:</strong></span> <span class='ocrx_word' id='word_1_202' title='bbox 1638 2614 1784 2656; x_wconf 88' lang='lat' dir='ltr'><strong>sunt.</strong></span> 
     </span>
    </p>
   </div>
   <div class='ocr_carea' id='block_1_27' title="bbox 182 2660 1780 2750">
    <p class='ocr_par' dir='ltr' id='par_1_27' title="bbox 182 2660 1780 2750">
     <span class='ocr_line' id='line_1_27' title="bbox 182 2660 1780 2750; baseline 0.018 -36"><span class='ocrx_word' id='word_1_203' title='bbox 182 2660 318 2716; x_wconf 77' lang='lat' dir='ltr'><strong>Nam</strong></span> <span class='ocrx_word' id='word_1_204' title='bbox 388 2665 432 2717; x_wconf 89' lang='lat' dir='ltr'><strong>si</strong></span> <span class='ocrx_word' id='word_1_205' title='bbox 482 2665 566 2720; x_wconf 86' lang='lat' dir='ltr'><strong>his</strong></span> <span class='ocrx_word' id='word_1_206' title='bbox 624 2670 694 2721; x_wconf 88' lang='lat' dir='ltr'><strong>ita</strong></span> <span class='ocrx_word' id='word_1_207' title='bbox 738 2671 904 2738; x_wconf 85' lang='lat' dir='ltr'><strong>gestis</strong></span> <span class='ocrx_word' id='word_1_208' title='bbox 934 2711 951 2737; x_wconf 92' lang='lat'><strong>,</strong></span> <span class='ocrx_word' id='word_1_209' title='bbox 1001 2660 1154 2743; x_wconf 82' lang='lat' dir='ltr'><strong>ipsos</strong></span> <span class='ocrx_word' id='word_1_210' title='bbox 1202 2660 1382 2734; x_wconf 69' lang='lat' dir='ltr'><strong>musto</strong></span> <span class='ocrx_word' id='word_1_211' title='bbox 1434 2680 1624 2750; x_wconf 82' lang='lat' dir='ltr'><strong>plenos</strong></span> <span class='ocrx_word' id='word_1_212' title='bbox 1658 2697 1780 2743; x_wconf 83' lang='lat' dir='ltr'><strong>esse</strong></span> 
     </span>
    </p>
   </div>
   <div class='ocr_carea' id='block_1_28' title="bbox 176 2753 1781 2839">
    <p class='ocr_par' dir='ltr' id='par_1_28' title="bbox 176 2753 1781 2839">
     <span class='ocr_line' id='line_1_28' title="bbox 176 2753 1781 2839; baseline 0.017 -31"><span class='ocrx_word' id='word_1_213' title='bbox 176 2753 431 2809; x_wconf 84' lang='lat' dir='ltr'><strong>dicebant</strong></span> <span class='ocrx_word' id='word_1_214' title='bbox 456 2756 593 2825; x_wconf 75' lang='lat' dir='ltr'><strong>(Act.</strong></span> <span class='ocrx_word' id='word_1_215' title='bbox 636 2759 691 2812; x_wconf 74' lang='lat'><strong>2.</strong></span> <span class='ocrx_word' id='word_1_216' title='bbox 734 2762 855 2831; x_wconf 76' lang='lat' dir='ltr'><strong>t3);</strong></span> <span class='ocrx_word' id='word_1_217' title='bbox 885 2764 1053 2819; x_wconf 87' lang='lat' dir='ltr'><strong>multo</strong></span> <span class='ocrx_word' id='word_1_218' title='bbox 1080 2770 1249 2839; x_wconf 82' lang='lat' dir='ltr'><strong>magis</strong></span> <span class='ocrx_word' id='word_1_219' title='bbox 1290 2770 1343 2825; x_wconf 90' lang='lat' dir='ltr'><strong>id</strong></span> <span class='ocrx_word' id='word_1_220' title='bbox 1377 2771 1570 2829; x_wconf 83' lang='lat' dir='ltr'><strong>dicturi</strong></span> <span class='ocrx_word' id='word_1_221' title='bbox 1598 2786 1781 2839; x_wconf 70' lang='lat' dir='ltr'><strong>mni,</strong></span> 
     </span>
    </p>
   </div>
   <div class='ocr_carea' id='block_1_29' title="bbox 175 2844 1774 2935">
    <p class='ocr_par' dir='ltr' id='par_1_29' title="bbox 175 2844 1774 2935">
     <span class='ocr_line' id='line_1_29' title="bbox 175 2844 1774 2935; baseline 0.015 -38"><span class='ocrx_word' id='word_1_222' title='bbox 175 2844 225 2898; x_wconf 83' lang='lat' dir='ltr'><strong>si</strong></span> <span class='ocrx_word' id='word_1_223' title='bbox 258 2845 389 2901; x_wconf 89' lang='lat' dir='ltr'><strong>nihil</strong></span> <span class='ocrx_word' id='word_1_224' title='bbox 428 2847 619 2903; x_wconf 91' lang='lat' dir='ltr'><strong>horum</strong></span> <span class='ocrx_word' id='word_1_225' title='bbox 648 2851 924 2906; x_wconf 66' lang='lat' dir='ltr'><strong>vidissent.</strong></span> <span class='ocrx_word' id='word_1_226' title='bbox 968 2853 1037 2909; x_wconf 86' lang='lat' dir='ltr'><strong>Et</strong></span> <span class='ocrx_word' id='word_1_227' title='bbox 1082 2858 1135 2911; x_wconf 93' lang='lat' dir='ltr'><strong>in</strong></span> <span class='ocrx_word' id='word_1_228' title='bbox 1179 2861 1348 2915; x_wconf 89' lang='lat' dir='ltr'><strong>veteri</strong></span> <span class='ocrx_word' id='word_1_229' title='bbox 1378 2862 1596 2931; x_wconf 88' lang='lat' dir='ltr'><strong>quidem</strong></span> <span class='ocrx_word' id='word_1_230' title='bbox 1637 2864 1774 2935; x_wconf 76' lang='lat' dir='ltr'><strong>lege,</strong></span> 
     </span>
    </p>
   </div>
   <div class='ocr_carea' id='block_1_30' title="bbox 172 2936 1778 3009">
    <p class='ocr_par' dir='ltr' id='par_1_30' title="bbox 172 2936 1778 3009">
     <span class='ocr_line' id='line_1_30' title="bbox 172 2936 1778 3009; baseline 0.012 -19"><span class='ocrx_word' id='word_1_231' title='bbox 172 2949 298 2991; x_wconf 87' lang='lat' dir='ltr'><strong>cum</strong></span> <span class='ocrx_word' id='word_1_232' title='bbox 344 2936 555 3009; x_wconf 79' lang='lat' dir='ltr'><strong>Moyses</strong></span> <span class='ocrx_word' id='word_1_233' title='bbox 594 2940 945 3007; x_wconf 87' lang='lat' dir='ltr'><strong>ascendisset,</strong></span> <span class='ocrx_word' id='word_1_234' title='bbox 988 2944 1268 3003; x_wconf 88' lang='lat' dir='ltr'><strong>descendit</strong></span> <span class='ocrx_word' id='word_1_235' title='bbox 1309 2949 1449 3006; x_wconf 85' lang='lat' dir='ltr'><strong>Deus</strong></span> <span class='ocrx_word' id='word_1_236' title='bbox 1481 2968 1497 3006; x_wconf 88' lang='lat'><strong>:</strong></span> <span class='ocrx_word' id='word_1_237' title='bbox 1526 2952 1614 3007; x_wconf 91' lang='lat' dir='ltr'><strong>hic</strong></span> <span class='ocrx_word' id='word_1_238' title='bbox 1650 2968 1778 3009; x_wconf 87' lang='lat' dir='ltr'><strong>vero</strong></span> 
     </span>
    </p>
   </div>
   <div class='ocr_carea' id='block_1_31' title="bbox 176 3035 1772 3105">
    <p class='ocr_par' dir='ltr' id='par_1_31' title="bbox 176 3035 1772 3105">
     <span class='ocr_line' id='line_1_31' title="bbox 176 3035 1772 3105; baseline 0.011 -23"><span class='ocrx_word' id='word_1_239' title='bbox 176 3039 460 3098; x_wconf 80' lang='lat' dir='ltr'><strong>postquam</strong></span> <span class='ocrx_word' id='word_1_240' title='bbox 488 3042 675 3086; x_wconf 83' lang='lat' dir='ltr'><strong>natura</strong></span> <span class='ocrx_word' id='word_1_241' title='bbox 708 3043 888 3089; x_wconf 86' lang='lat' dir='ltr'><strong>nostra</strong></span> <span class='ocrx_word' id='word_1_242' title='bbox 916 3035 971 3089; x_wconf 88' lang='lat' dir='ltr'><strong>in</strong></span> <span class='ocrx_word' id='word_1_243' title='bbox 1000 3038 1219 3105; x_wconf 82' lang='lat' dir='ltr'><strong>caelum,</strong></span> <span class='ocrx_word' id='word_1_244' title='bbox 1253 3040 1361 3095; x_wconf 92' lang='lat' dir='ltr'><strong>imo</strong></span> <span class='ocrx_word' id='word_1_245' title='bbox 1386 3042 1440 3096; x_wconf 92' lang='lat' dir='ltr'><strong>in</strong></span> <span class='ocrx_word' id='word_1_246' title='bbox 1468 3042 1660 3098; x_wconf 89' lang='lat' dir='ltr'><strong>solium</strong></span> <span class='ocrx_word' id='word_1_247' title='bbox 1690 3060 1772 3100; x_wconf 87' lang='lat' dir='ltr'><strong>re-</strong></span> 
     </span>
    </p>
   </div>
   <div class='ocr_carea' id='block_1_32' title="bbox 172 3121 1769 3209">
    <p class='ocr_par' dir='ltr' id='par_1_32' title="bbox 172 3121 1769 3209">
     <span class='ocr_line' id='line_1_32' title="bbox 172 3121 1769 3209; baseline 0.014 -36"><span class='ocrx_word' id='word_1_248' title='bbox 172 3121 321 3190; x_wconf 88' lang='lat' dir='ltr'><strong>gitnn</strong></span> <span class='ocrx_word' id='word_1_249' title='bbox 348 3134 535 3177; x_wconf 86' lang='lat' dir='ltr'><strong>evecta</strong></span> <span class='ocrx_word' id='word_1_250' title='bbox 562 3136 728 3185; x_wconf 86' lang='lat' dir='ltr'><strong>esset.</strong></span> <span class='ocrx_word' id='word_1_251' title='bbox 758 3127 989 3197; x_wconf 76' lang='lat' dir='ltr'><strong>Spiritus</strong></span> <span class='ocrx_word' id='word_1_252' title='bbox 1013 3130 1310 3189; x_wconf 88' lang='lat' dir='ltr'><strong>descendit.</strong></span> <span class='ocrx_word' id='word_1_253' title='bbox 1343 3135 1399 3191; x_wconf 93' lang='lat' dir='ltr'><strong>Si</strong></span> <span class='ocrx_word' id='word_1_254' title='bbox 1430 3146 1612 3193; x_wconf 78' lang='lat' dir='ltr'><strong>autem</strong></span> <span class='ocrx_word' id='word_1_255' title='bbox 1647 3138 1769 3209; x_wconf 75' lang='lat' dir='ltr'><strong>Spi-</strong></span> 
     </span>
    </p>
   </div>
   <div class='ocr_carea' id='block_1_33' title="bbox 172 3211 1772 3293">
    <p class='ocr_par' dir='ltr' id='par_1_33' title="bbox 172 3211 1772 3293">
     <span class='ocr_line' id='line_1_33' title="bbox 172 3211 1772 3293; baseline 0.012 -28"><span class='ocrx_word' id='word_1_256' title='bbox 172 3211 309 3265; x_wconf 87' lang='lat' dir='ltr'><strong>ritus</strong></span> <span class='ocrx_word' id='word_1_257' title='bbox 338 3213 512 3266; x_wconf 90' lang='lat' dir='ltr'><strong>minor</strong></span> <span class='ocrx_word' id='word_1_258' title='bbox 538 3225 698 3279; x_wconf 88' lang='lat' dir='ltr'><strong>esset,</strong></span> <span class='ocrx_word' id='word_1_259' title='bbox 730 3215 843 3271; x_wconf 66' lang='lat' dir='ltr'><strong>haec</strong></span> <span class='ocrx_word' id='word_1_260' title='bbox 872 3234 977 3271; x_wconf 90' lang='lat' dir='ltr'><strong>non</strong></span> <span class='ocrx_word' id='word_1_261' title='bbox 1009 3220 1114 3275; x_wconf 87' lang='lat' dir='ltr'><strong>illis</strong></span> <span class='ocrx_word' id='word_1_262' title='bbox 1139 3223 1329 3290; x_wconf 81' lang='lat' dir='ltr'><strong>priscis</strong></span> <span class='ocrx_word' id='word_1_263' title='bbox 1357 3226 1558 3293; x_wconf 84' lang='lat' dir='ltr'><strong>majora</strong></span> <span class='ocrx_word' id='word_1_264' title='bbox 1601 3228 1772 3283; x_wconf 88' lang='lat' dir='ltr'><strong>mira-</strong></span> 
     </span>
    </p>
   </div>
   <div class='ocr_carea' id='block_1_34' title="bbox 171 3298 1781 3387">
    <p class='ocr_par' dir='ltr' id='par_1_34' title="bbox 171 3298 1781 3387">
     <span class='ocr_line' id='line_1_34' title="bbox 171 3298 1781 3387; baseline 0.014 -36"><span class='ocrx_word' id='word_1_265' title='bbox 171 3298 471 3370; x_wconf 88' lang='lat' dir='ltr'><strong>bilioraque</strong></span> <span class='ocrx_word' id='word_1_266' title='bbox 502 3302 747 3358; x_wconf 84' lang='lat' dir='ltr'><strong>fuissent.</strong></span> <span class='ocrx_word' id='word_1_267' title='bbox 790 3305 924 3360; x_wconf 77' lang='lat' dir='ltr'><strong>Nam</strong></span> <span class='ocrx_word' id='word_1_268' title='bbox 969 3308 1051 3363; x_wconf 78' lang='lat' dir='ltr'><strong>hze</strong></span> <span class='ocrx_word' id='word_1_269' title='bbox 1093 3310 1288 3367; x_wconf 73' lang='lat' dir='ltr'><strong>tabulae</strong></span> <span class='ocrx_word' id='word_1_270' title='bbox 1328 3314 1487 3386; x_wconf 88' lang='lat' dir='ltr'><strong>longe</strong></span> <span class='ocrx_word' id='word_1_271' title='bbox 1518 3327 1781 3387; x_wconf 61' lang='lat' dir='ltr'><strong>praestan-</strong></span> 
     </span>
    </p>
   </div>
   <div class='ocr_carea' id='block_1_35' title="bbox 168 3389 1775 3479">
    <p class='ocr_par' dir='ltr' id='par_1_35' title="bbox 168 3389 1775 3479">
     <span class='ocr_line' id='line_1_35' title="bbox 168 3389 1775 3479; baseline 0.014 -37"><span class='ocrx_word' id='word_1_272' title='bbox 168 3389 339 3443; x_wconf 86' lang='lat' dir='ltr'><strong>tiores</strong></span> <span class='ocrx_word' id='word_1_273' title='bbox 369 3398 495 3445; x_wconf 88' lang='lat' dir='ltr'><strong>sunt</strong></span> <span class='ocrx_word' id='word_1_274' title='bbox 526 3392 656 3459; x_wconf 83' lang='lat' dir='ltr'><strong>illis,</strong></span> <span class='ocrx_word' id='word_1_275' title='bbox 682 3403 742 3447; x_wconf 90' lang='lat' dir='ltr'><strong>ut</strong></span> <span class='ocrx_word' id='word_1_276' title='bbox 772 3403 827 3450; x_wconf 88' lang='lat' dir='ltr'><strong>et</strong></span> <span class='ocrx_word' id='word_1_277' title='bbox 853 3412 941 3451; x_wconf 88' lang='lat' dir='ltr'><strong>res</strong></span> <span class='ocrx_word' id='word_1_278' title='bbox 964 3408 1129 3467; x_wconf 67' lang='lat' dir='ltr'><strong>gesta:</strong></span> <span class='ocrx_word' id='word_1_279' title='bbox 1153 3403 1566 3471; x_wconf 83' lang='lat' dir='ltr'><strong>splendidiores.</strong></span> <span class='ocrx_word' id='word_1_280' title='bbox 1592 3407 1775 3479; x_wconf 85' lang='lat' dir='ltr'><strong>Neque</strong></span> 
     </span>
    </p>
   </div>
   <div class='ocr_carea' id='block_1_36' title="bbox 168 3479 1775 3554">
    <p class='ocr_par' dir='ltr' id='par_1_36' title="bbox 168 3479 1775 3554">
     <span class='ocr_line' id='line_1_36' title="bbox 168 3479 1775 3554; baseline 0.013 -21"><span class='ocrx_word' id='word_1_281' title='bbox 168 3479 313 3533; x_wconf 86' lang='lat' dir='ltr'><strong>enim</strong></span> <span class='ocrx_word' id='word_1_282' title='bbox 342 3483 568 3549; x_wconf 86' lang='lat' dir='ltr'><strong>apostoli</strong></span> <span class='ocrx_word' id='word_1_283' title='bbox 602 3497 665 3537; x_wconf 88' lang='lat' dir='ltr'><strong>ex</strong></span> <span class='ocrx_word' id='word_1_284' title='bbox 704 3495 886 3541; x_wconf 91' lang='lat' dir='ltr'><strong>monte</strong></span> <span class='ocrx_word' id='word_1_285' title='bbox 927 3487 1322 3547; x_wconf 88' lang='lat' dir='ltr'><strong>descenderunt</strong></span> <span class='ocrx_word' id='word_1_286' title='bbox 1358 3494 1562 3550; x_wconf 82' lang='lat' dir='ltr'><strong>tabulas</strong></span> <span class='ocrx_word' id='word_1_287' title='bbox 1603 3499 1775 3554; x_wconf 81' lang='lat' dir='ltr'><strong>mani-</strong></span> 
     </span>
    </p>
   </div>
   <div class='ocr_carea' id='block_1_37' title="bbox 169 3568 1775 3650">
    <p class='ocr_par' dir='ltr' id='par_1_37' title="bbox 169 3568 1775 3650">
     <span class='ocr_line' id='line_1_37' title="bbox 169 3568 1775 3650; baseline 0.014 -29"><span class='ocrx_word' id='word_1_288' title='bbox 169 3568 269 3623; x_wconf 86' lang='lat' dir='ltr'><strong>bus</strong></span> <span class='ocrx_word' id='word_1_289' title='bbox 318 3580 626 3638; x_wconf 81' lang='lat' dir='ltr'><strong>gestantes,</strong></span> <span class='ocrx_word' id='word_1_290' title='bbox 666 3581 722 3627; x_wconf 90' lang='lat' dir='ltr'><strong>ut</strong></span> <span class='ocrx_word' id='word_1_291' title='bbox 760 3575 1004 3646; x_wconf 80' lang='lat' dir='ltr'><strong>Moyses;</strong></span> <span class='ocrx_word' id='word_1_292' title='bbox 1047 3580 1143 3634; x_wconf 87' lang='lat' dir='ltr'><strong>sed</strong></span> <span class='ocrx_word' id='word_1_293' title='bbox 1194 3581 1451 3650; x_wconf 85' lang='lat' dir='ltr'><strong>Spiritum</strong></span> <span class='ocrx_word' id='word_1_294' title='bbox 1496 3586 1550 3639; x_wconf 87' lang='lat' dir='ltr'><strong>in</strong></span> <span class='ocrx_word' id='word_1_295' title='bbox 1594 3598 1775 3644; x_wconf 89' lang='lat' dir='ltr'><strong>mente</strong></span> 
     </span>
    </p>
   </div>
   <div class='ocr_carea' id='block_1_38' title="bbox 163 3658 1771 3740">
    <p class='ocr_par' dir='ltr' id='par_1_38' title="bbox 163 3658 1771 3740">
     <span class='ocr_line' id='line_1_38' title="bbox 163 3658 1771 3740; baseline 0.014 -27"><span class='ocrx_word' id='word_1_296' title='bbox 163 3658 634 3727; x_wconf 72' lang='lat' dir='ltr'><strong>circumferentes,</strong></span> <span class='ocrx_word' id='word_1_297' title='bbox 680 3680 743 3720; x_wconf 87' lang='lat' dir='ltr'><strong>ac</strong></span> <span class='ocrx_word' id='word_1_298' title='bbox 792 3667 1101 3723; x_wconf 81' lang='lat' dir='ltr'><strong>thesaurum</strong></span> <span class='ocrx_word' id='word_1_299' title='bbox 1146 3666 1432 3740; x_wconf 67' lang='lat' dir='ltr'><strong>quemdam</strong></span> <span class='ocrx_word' id='word_1_300' title='bbox 1473 3686 1529 3731; x_wconf 89' lang='lat' dir='ltr'><strong>et</strong></span> <span class='ocrx_word' id='word_1_301' title='bbox 1568 3677 1771 3735; x_wconf 85' lang='lat' dir='ltr'><strong>fontem</strong></span> 
     </span>
    </p>
   </div>
   <div class='ocr_carea' id='block_1_39' title="bbox 162 3748 1769 3830">
    <p class='ocr_par' dir='ltr' id='par_1_39' title="bbox 162 3748 1769 3830">
     <span class='ocr_line' id='line_1_39' title="bbox 162 3748 1769 3830; baseline 0.014 -28"><span class='ocrx_word' id='word_1_302' title='bbox 162 3748 478 3817; x_wconf 78' lang='lat' dir='ltr'><strong>dogmatum</strong></span> <span class='ocrx_word' id='word_1_303' title='bbox 521 3761 576 3807; x_wconf 92' lang='lat' dir='ltr'><strong>et</strong></span> <span class='ocrx_word' id='word_1_304' title='bbox 604 3752 868 3809; x_wconf 89' lang='lat' dir='ltr'><strong>donorum</strong></span> <span class='ocrx_word' id='word_1_305' title='bbox 913 3757 1284 3830; x_wconf 83' lang='lat' dir='ltr'><strong>bonorumque</strong></span> <span class='ocrx_word' id='word_1_306' title='bbox 1312 3765 1552 3819; x_wconf 88' lang='lat' dir='ltr'><strong>omnium</strong></span> <span class='ocrx_word' id='word_1_307' title='bbox 1588 3767 1769 3823; x_wconf 81' lang='lat' dir='ltr'><strong>eﬂ&#39;un-</strong></span> 
     </span>
    </p>
   </div>
   <div class='ocr_carea' id='block_1_40' title="bbox 159 3837 1769 3928">
    <p class='ocr_par' dir='ltr' id='par_1_40' title="bbox 159 3837 1769 3928">
     <span class='ocr_line' id='line_1_40' title="bbox 159 3837 1769 3928; baseline 0.015 -37"><span class='ocrx_word' id='word_1_308' title='bbox 159 3837 390 3903; x_wconf 89' lang='lat' dir='ltr'><strong>dentes,</strong></span> <span class='ocrx_word' id='word_1_309' title='bbox 426 3841 505 3896; x_wconf 87' lang='lat' dir='ltr'><strong>sic</strong></span> <span class='ocrx_word' id='word_1_310' title='bbox 529 3857 937 3912; x_wconf 84' lang='lat' dir='ltr'><strong>quoquoversus</strong></span> <span class='ocrx_word' id='word_1_311' title='bbox 972 3848 1296 3918; x_wconf 86' lang='lat' dir='ltr'><strong>circuibant,</strong></span> <span class='ocrx_word' id='word_1_312' title='bbox 1329 3853 1428 3923; x_wconf 86' lang='lat' dir='ltr'><strong>ipsi</strong></span> <span class='ocrx_word' id='word_1_313' title='bbox 1457 3872 1673 3928; x_wconf 89' lang='lat' dir='ltr'><strong>quoque</strong></span> <span class='ocrx_word' id='word_1_314' title='bbox 1701 3860 1769 3914; x_wconf 85' lang='lat' dir='ltr'><strong>li-</strong></span> 
     </span>
    </p>
   </div>
   <div class='ocr_carea' id='block_1_41' title="bbox 162 3928 1768 4010">
    <p class='ocr_par' dir='ltr' id='par_1_41' title="bbox 162 3928 1768 4010">
     <span class='ocr_line' id='line_1_41' title="bbox 162 3928 1768 4010; baseline 0.014 -27"><span class='ocrx_word' id='word_1_315' title='bbox 162 3928 245 3983; x_wconf 86' lang='lat' dir='ltr'><strong>bri</strong></span> <span class='ocrx_word' id='word_1_316' title='bbox 277 3931 520 3988; x_wconf 81' lang='lat' dir='ltr'><strong>viventes</strong></span> <span class='ocrx_word' id='word_1_317' title='bbox 550 3943 711 4005; x_wconf 83' lang='lat' dir='ltr'><strong>atque</strong></span> <span class='ocrx_word' id='word_1_318' title='bbox 738 3936 887 4007; x_wconf 87' lang='lat' dir='ltr'><strong>leges</strong></span> <span class='ocrx_word' id='word_1_319' title='bbox 915 3954 1012 4007; x_wconf 90' lang='lat' dir='ltr'><strong>per</strong></span> <span class='ocrx_word' id='word_1_320' title='bbox 1036 3943 1261 4010; x_wconf 85' lang='lat' dir='ltr'><strong>gratiam</strong></span> <span class='ocrx_word' id='word_1_321' title='bbox 1297 3945 1469 4001; x_wconf 82' lang='lat' dir='ltr'><strong>eﬁ‘ecti</strong></span> <span class='ocrx_word' id='word_1_322' title='bbox 1502 3967 1517 4002; x_wconf 90' lang='lat'><strong>:</strong></span> <span class='ocrx_word' id='word_1_323' title='bbox 1557 3950 1639 4005; x_wconf 89' lang='lat' dir='ltr'><strong>sic</strong></span> <span class='ocrx_word' id='word_1_324' title='bbox 1669 3952 1768 4006; x_wconf 89' lang='lat' dir='ltr'><strong>tria</strong></span> 
     </span>
    </p>
   </div>
   <div class='ocr_carea' id='block_1_42' title="bbox 162 4021 1768 4109">
    <p class='ocr_par' dir='ltr' id='par_1_42' title="bbox 162 4021 1768 4109">
     <span class='ocr_line' id='line_1_42' title="bbox 162 4021 1768 4109; baseline 0.014 -37"><span class='ocrx_word' id='word_1_325' title='bbox 162 4021 358 4086; x_wconf 84' lang='lat' dir='ltr'><strong>millia,</strong></span> <span class='ocrx_word' id='word_1_326' title='bbox 389 4023 465 4077; x_wconf 93' lang='lat' dir='ltr'><strong>sic</strong></span> <span class='ocrx_word' id='word_1_327' title='bbox 506 4026 741 4097; x_wconf 80' lang='lat' dir='ltr'><strong>quinque</strong></span> <span class='ocrx_word' id='word_1_328' title='bbox 772 4028 962 4095; x_wconf 84' lang='lat' dir='ltr'><strong>millia,</strong></span> <span class='ocrx_word' id='word_1_329' title='bbox 999 4031 1077 4085; x_wconf 92' lang='lat' dir='ltr'><strong>sic</strong></span> <span class='ocrx_word' id='word_1_330' title='bbox 1105 4032 1385 4089; x_wconf 88' lang='lat' dir='ltr'><strong>universos</strong></span> <span class='ocrx_word' id='word_1_331' title='bbox 1412 4036 1559 4091; x_wconf 88' lang='lat' dir='ltr'><strong>orbis</strong></span> <span class='ocrx_word' id='word_1_332' title='bbox 1598 4053 1768 4109; x_wconf 84' lang='lat' dir='ltr'><strong>popu-</strong></span> 
     </span>
    </p>
   </div>
   <div class='ocr_carea' id='block_1_43' title="bbox 162 4110 1767 4195">
    <p class='ocr_par' dir='ltr' id='par_1_43' title="bbox 162 4110 1767 4195">
     <span class='ocr_line' id='line_1_43' title="bbox 162 4110 1767 4195; baseline 0.013 -30"><span class='ocrx_word' id='word_1_333' title='bbox 162 4110 245 4165; x_wconf 88' lang='lat' dir='ltr'><strong>los</strong></span> <span class='ocrx_word' id='word_1_334' title='bbox 276 4122 633 4181; x_wconf 87' lang='lat' dir='ltr'><strong>attraxerunt,</strong></span> <span class='ocrx_word' id='word_1_335' title='bbox 677 4118 784 4172; x_wconf 92' lang='lat' dir='ltr'><strong>Deo</strong></span> <span class='ocrx_word' id='word_1_336' title='bbox 816 4134 913 4188; x_wconf 88' lang='lat' dir='ltr'><strong>per</strong></span> <span class='ocrx_word' id='word_1_337' title='bbox 942 4135 1129 4176; x_wconf 88' lang='lat' dir='ltr'><strong>eorum</strong></span> <span class='ocrx_word' id='word_1_338' title='bbox 1173 4124 1407 4195; x_wconf 87' lang='lat' dir='ltr'><strong>linguam</strong></span> <span class='ocrx_word' id='word_1_339' title='bbox 1446 4128 1767 4187; x_wconf 87' lang='lat' dir='ltr'><strong>accedentes</strong></span> 
     </span>
    </p>
   </div>
   <div class='ocr_carea' id='block_1_44' title="bbox 160 4203 1766 4284">
    <p class='ocr_par' dir='ltr' id='par_1_44' title="bbox 160 4203 1766 4284">
     <span class='ocr_line' id='line_1_44' title="bbox 160 4203 1766 4284; baseline 0.014 -29"><span class='ocrx_word' id='word_1_340' title='bbox 160 4203 469 4272; x_wconf 82' lang='lat' dir='ltr'><strong>alloquente</strong></span> <span class='ocrx_word' id='word_1_341' title='bbox 493 4206 631 4277; x_wconf 79' lang='lat' dir='ltr'><strong>(Act.</strong></span> <span class='ocrx_word' id='word_1_342' title='bbox 667 4207 720 4261; x_wconf 76' lang='grc'><strong>2.</strong></span> <span class='ocrx_word' id='word_1_343' title='bbox 750 4210 840 4264; x_wconf 75' lang='grc' dir='ltr'><strong>ιι.</strong></span> <span class='ocrx_word' id='word_1_344' title='bbox 880 4220 928 4264; x_wconf 82' lang='lat' dir='ltr'><strong>et</strong></span> <span class='ocrx_word' id='word_1_345' title='bbox 952 4213 1005 4267; x_wconf 74' lang='grc'><strong>4.</strong></span> <span class='ocrx_word' id='word_1_346' title='bbox 1035 4212 1112 4284; x_wconf 74' lang='grc'><strong>4).</strong></span> <span class='ocrx_word' id='word_1_347' title='bbox 1142 4215 1260 4280; x_wconf 87' lang='lat' dir='ltr'><strong>Quo</strong></span> <span class='ocrx_word' id='word_1_348' title='bbox 1284 4216 1421 4272; x_wconf 89' lang='lat' dir='ltr'><strong>duce</strong></span> <span class='ocrx_word' id='word_1_349' title='bbox 1443 4220 1604 4274; x_wconf 84' lang='lat' dir='ltr'><strong>etiam</strong></span> <span class='ocrx_word' id='word_1_350' title='bbox 1632 4221 1766 4277; x_wconf 87' lang='lat' dir='ltr'><strong>Mat-</strong></span> 
     </span>
    </p>
   </div>
   <div class='ocr_carea' id='block_1_45' title="bbox 157 4293 1760 4382">
    <p class='ocr_par' dir='ltr' id='par_1_45' title="bbox 157 4293 1760 4382">
     <span class='ocr_line' id='line_1_45' title="bbox 157 4293 1760 4382; baseline 0.013 -35"><span class='ocrx_word' id='word_1_351' title='bbox 157 4293 338 4349; x_wconf 67' lang='lat' dir='ltr'><strong>thaaus</strong></span> <span class='ocrx_word' id='word_1_352' title='bbox 350 4296 546 4362; x_wconf 69' lang='lat' dir='ltr'><strong>Spiritu</strong></span> <span class='ocrx_word' id='word_1_353' title='bbox 562 4300 795 4369; x_wconf 88' lang='lat' dir='ltr'><strong>repletus</strong></span> <span class='ocrx_word' id='word_1_354' title='bbox 815 4300 929 4358; x_wconf 63' lang='lat' dir='ltr'><strong>hate</strong></span> <span class='ocrx_word' id='word_1_355' title='bbox 941 4303 1154 4374; x_wconf 82' lang='lat' dir='ltr'><strong>scripsit</strong></span> <span class='ocrx_word' id='word_1_356' title='bbox 1170 4323 1184 4369; x_wconf 87' lang='lat'><strong>;</strong></span> <span class='ocrx_word' id='word_1_357' title='bbox 1199 4306 1499 4377; x_wconf 59' lang='lat' dir='ltr'><strong>Mattheus,</strong></span> <span class='ocrx_word' id='word_1_358' title='bbox 1522 4310 1760 4382; x_wconf 84' lang='lat' dir='ltr'><strong>inquam,</strong></span> 
     </span>
    </p>
   </div>
   <div class='ocr_carea' id='block_1_46' title="bbox 162 4384 1761 4464">
    <p class='ocr_par' dir='ltr' id='par_1_46' title="bbox 162 4384 1761 4464">
     <span class='ocr_line' id='line_1_46' title="bbox 162 4384 1761 4464; baseline 0.013 -25"><span class='ocrx_word' id='word_1_359' title='bbox 162 4384 254 4439; x_wconf 85' lang='lat' dir='ltr'><strong>ille</strong></span> <span class='ocrx_word' id='word_1_360' title='bbox 297 4386 612 4455; x_wconf 87' lang='lat' dir='ltr'><strong>publicanus</strong></span> <span class='ocrx_word' id='word_1_361' title='bbox 646 4410 658 4443; x_wconf 91' lang='lat'><strong>:</strong></span> <span class='ocrx_word' id='word_1_362' title='bbox 690 4406 797 4446; x_wconf 90' lang='lat' dir='ltr'><strong>non</strong></span> <span class='ocrx_word' id='word_1_363' title='bbox 842 4394 985 4447; x_wconf 91' lang='lat' dir='ltr'><strong>enim</strong></span> <span class='ocrx_word' id='word_1_364' title='bbox 1032 4396 1195 4464; x_wconf 89' lang='lat' dir='ltr'><strong>pudet</strong></span> <span class='ocrx_word' id='word_1_365' title='bbox 1235 4397 1359 4453; x_wconf 79' lang='lat' dir='ltr'><strong>eur&#39;n</strong></span> <span class='ocrx_word' id='word_1_366' title='bbox 1400 4400 1468 4455; x_wconf 85' lang='lat' dir='ltr'><strong>ab</strong></span> <span class='ocrx_word' id='word_1_367' title='bbox 1506 4410 1622 4458; x_wconf 83' lang='lat' dir='ltr'><strong>arte</strong></span> <span class='ocrx_word' id='word_1_368' title='bbox 1664 4418 1761 4460; x_wconf 87' lang='lat' dir='ltr'><strong>sua</strong></span> 
     </span>
    </p>
   </div>
   <div class='ocr_carea' id='block_1_47' title="bbox 163 4483 1760 4565">
    <p class='ocr_par' dir='ltr' id='par_1_47' title="bbox 163 4483 1760 4565">
     <span class='ocr_line' id='line_1_47' title="bbox 163 4483 1760 4565; baseline 0.011 -33"><span class='ocrx_word' id='word_1_369' title='bbox 163 4493 509 4547; x_wconf 87' lang='lat' dir='ltr'><strong>nuncupare:</strong></span> <span class='ocrx_word' id='word_1_370' title='bbox 561 4497 738 4551; x_wconf 89' lang='lat' dir='ltr'><strong>neque</strong></span> <span class='ocrx_word' id='word_1_371' title='bbox 785 4483 966 4550; x_wconf 87' lang='lat' dir='ltr'><strong>illum,</strong></span> <span class='ocrx_word' id='word_1_372' title='bbox 1022 4503 1196 4557; x_wconf 87' lang='lat' dir='ltr'><strong>neque</strong></span> <span class='ocrx_word' id='word_1_373' title='bbox 1245 4489 1400 4565; x_wconf 82' lang='lat' dir='ltr'><strong>alios.</strong></span> <span class='ocrx_word' id='word_1_374' title='bbox 1454 4491 1567 4548; x_wconf 89' lang='lat' dir='ltr'><strong>lloc</strong></span> <span class='ocrx_word' id='word_1_375' title='bbox 1617 4496 1760 4550; x_wconf 90' lang='lat' dir='ltr'><strong>enim</strong></span> 
     </span>
    </p>
   </div>
   <div class='ocr_carea' id='block_1_48' title="bbox 158 4574 1760 4647">
    <p class='ocr_par' dir='ltr' id='par_1_48' title="bbox 158 4574 1760 4647">
     <span class='ocr_line' id='line_1_48' title="bbox 158 4574 1760 4647; baseline 0.009 -22"><span class='ocrx_word' id='word_1_376' title='bbox 158 4574 397 4628; x_wconf 81' lang='lat' dir='ltr'><strong>maxime</strong></span> <span class='ocrx_word' id='word_1_377' title='bbox 426 4583 479 4629; x_wconf 91' lang='lat' dir='ltr'><strong>et</strong></span> <span class='ocrx_word' id='word_1_378' title='bbox 502 4575 732 4643; x_wconf 85' lang='lat' dir='ltr'><strong>Spiritus</strong></span> <span class='ocrx_word' id='word_1_379' title='bbox 754 4578 983 4647; x_wconf 85' lang='lat' dir='ltr'><strong>gratiam</strong></span> <span class='ocrx_word' id='word_1_380' title='bbox 1011 4588 1065 4634; x_wconf 92' lang='lat' dir='ltr'><strong>et</strong></span> <span class='ocrx_word' id='word_1_381' title='bbox 1091 4580 1300 4635; x_wconf 86' lang='lat' dir='ltr'><strong>illorum</strong></span> <span class='ocrx_word' id='word_1_382' title='bbox 1336 4584 1586 4639; x_wconf 85' lang='lat' dir='ltr'><strong>virtutem</strong></span> <span class='ocrx_word' id='word_1_383' title='bbox 1612 4601 1760 4641; x_wconf 89' lang='lat' dir='ltr'><strong>com-</strong></span> 
     </span>
    </p>
   </div>
   <div class='ocr_carea' id='block_1_49' title="bbox 163 4667 399 4719">
    <p class='ocr_par' dir='ltr' id='par_1_49' title="bbox 163 4667 399 4719">
     <span class='ocr_line' id='line_1_49' title="bbox 163 4667 399 4719; baseline 0.004 -1"><span class='ocrx_word' id='word_1_384' title='bbox 163 4667 399 4719; x_wconf 84' lang='lat' dir='ltr'><strong>tncudat.</strong></span> 
     </span>
    </p>
   </div>
   <div class='ocr_carea' id='block_1_50' title="bbox 225 4914 1747 5002">
    <p class='ocr_par' dir='ltr' id='par_1_50' title="bbox 225 4914 1747 5002">
     <span class='ocr_line' id='line_1_50' title="bbox 225 4914 1747 5002; baseline 0.014 -34"><span class='ocrx_word' id='word_1_385' title='bbox 225 4915 281 4969; x_wconf 74' lang='lat'><strong>2.</strong></span> <span class='ocrx_word' id='word_1_386' title='bbox 322 4914 469 4984; x_wconf 89' lang='lat' dir='ltr'><strong>Opus</strong></span> <span class='ocrx_word' id='word_1_387' title='bbox 513 4930 689 4974; x_wconf 84' lang='lat' dir='ltr'><strong>autem</strong></span> <span class='ocrx_word' id='word_1_388' title='bbox 733 4936 890 4976; x_wconf 86' lang='lat' dir='ltr'><strong>suum</strong></span> <span class='ocrx_word' id='word_1_389' title='bbox 932 4922 1054 4991; x_wconf 89' lang='lat' dir='ltr'><strong>jure</strong></span> <span class='ocrx_word' id='word_1_390' title='bbox 1084 4924 1427 4997; x_wconf 85' lang='lat' dir='ltr'><strong>Evangelium</strong></span> <span class='ocrx_word' id='word_1_391' title='bbox 1456 4928 1747 5002; x_wconf 86' lang='lat' dir='ltr'><strong>inscripsit.</strong></span> 
     </span>
    </p>
   </div>
   <div class='ocr_carea' id='block_1_51' title="bbox 155 5004 1746 5093">
    <p class='ocr_par' dir='ltr' id='par_1_51' title="bbox 155 5004 1746 5093">
     <span class='ocr_line' id='line_1_51' title="bbox 155 5004 1746 5093; baseline 0.012 -34"><span class='ocrx_word' id='word_1_392' title='bbox 155 5004 432 5071; x_wconf 88' lang='lat' dir='ltr'><strong>Siquidem</strong></span> <span class='ocrx_word' id='word_1_393' title='bbox 478 5010 737 5063; x_wconf 86' lang='lat' dir='ltr'><strong>sublatam</strong></span> <span class='ocrx_word' id='word_1_394' title='bbox 793 5012 1051 5068; x_wconf 92' lang='lat' dir='ltr'><strong>ultionem</strong></span> <span class='ocrx_word' id='word_1_395' title='bbox 1132 5027 1465 5083; x_wconf 85' lang='lat' dir='ltr'><strong>peccatorum</strong></span> <span class='ocrx_word' id='word_1_396' title='bbox 1515 5023 1746 5093; x_wconf 86' lang='lat' dir='ltr'><strong>veniam,</strong></span> 
     </span>
    </p>
   </div>
   <div class='ocr_carea' id='block_1_52' title="bbox 155 5094 1750 5188">
    <p class='ocr_par' dir='ltr' id='par_1_52' title="bbox 155 5094 1750 5188">
     <span class='ocr_line' id='line_1_52' title="bbox 155 5094 1750 5188; baseline 0.018 -40"><span class='ocrx_word' id='word_1_397' title='bbox 155 5094 437 5164; x_wconf 84' lang='lat' dir='ltr'><strong>justitiam,</strong></span> <span class='ocrx_word' id='word_1_398' title='bbox 467 5102 967 5176; x_wconf 82' lang='lat' dir='ltr'><strong>sanctificationem,</strong></span> <span class='ocrx_word' id='word_1_399' title='bbox 1017 5110 1462 5182; x_wconf 88' lang='lat' dir='ltr'><strong>redemptionem,</strong></span> <span class='ocrx_word' id='word_1_400' title='bbox 1500 5118 1750 5188; x_wconf 85' lang='lat' dir='ltr'><strong>adoptio-</strong></span> 
     </span>
    </p>
   </div>
   <div class='ocr_carea' id='block_1_53' title="bbox 156 5188 1748 5272">
    <p class='ocr_par' dir='ltr' id='par_1_53' title="bbox 156 5188 1748 5272">
     <span class='ocr_line' id='line_1_53' title="bbox 156 5188 1748 5272; baseline 0.019 -36"><span class='ocrx_word' id='word_1_401' title='bbox 156 5201 299 5251; x_wconf 87' lang='lat' dir='ltr'><strong>nem,</strong></span> <span class='ocrx_word' id='word_1_402' title='bbox 345 5188 597 5245; x_wconf 75' lang='lat' dir='ltr'><strong>ctelorum</strong></span> <span class='ocrx_word' id='word_1_403' title='bbox 632 5193 982 5253; x_wconf 84' lang='lat' dir='ltr'><strong>hereditatem</strong></span> <span class='ocrx_word' id='word_1_404' title='bbox 1014 5211 1068 5256; x_wconf 92' lang='lat' dir='ltr'><strong>et</strong></span> <span class='ocrx_word' id='word_1_405' title='bbox 1096 5205 1465 5272; x_wconf 85' lang='lat' dir='ltr'><strong>cognationem</strong></span> <span class='ocrx_word' id='word_1_406' title='bbox 1505 5224 1628 5264; x_wconf 92' lang='lat' dir='ltr'><strong>cum</strong></span> <span class='ocrx_word' id='word_1_407' title='bbox 1658 5210 1748 5265; x_wconf 88' lang='lat' dir='ltr'><strong>Fi-</strong></span> 
     </span>
    </p>
   </div>
   <div class='ocr_carea' id='block_1_54' title="bbox 157 5273 1748 5371">
    <p class='ocr_par' dir='ltr' id='par_1_54' title="bbox 157 5273 1748 5371">
     <span class='ocr_line' id='line_1_54' title="bbox 157 5273 1748 5371; baseline 0.019 -45"><span class='ocrx_word' id='word_1_408' title='bbox 157 5273 228 5331; x_wconf 88' lang='lat' dir='ltr'><strong>lio</strong></span> <span class='ocrx_word' id='word_1_409' title='bbox 259 5279 377 5345; x_wconf 86' lang='lat' dir='ltr'><strong>Dei,</strong></span> <span class='ocrx_word' id='word_1_410' title='bbox 407 5285 657 5341; x_wconf 89' lang='lat' dir='ltr'><strong>omnibus</strong></span> <span class='ocrx_word' id='word_1_411' title='bbox 678 5292 1048 5346; x_wconf 83' lang='lat' dir='ltr'><strong>annuntiatum</strong></span> <span class='ocrx_word' id='word_1_412' title='bbox 1077 5294 1243 5361; x_wconf 83' lang='lat' dir='ltr'><strong>venit,</strong></span> <span class='ocrx_word' id='word_1_413' title='bbox 1274 5297 1524 5364; x_wconf 91' lang='lat' dir='ltr'><strong>inimicis,</strong></span> <span class='ocrx_word' id='word_1_414' title='bbox 1556 5302 1748 5371; x_wconf 86' lang='lat' dir='ltr'><strong>impro-</strong></span> 
     </span>
    </p>
   </div>
   <div class='ocr_carea' id='block_1_55' title="bbox 157 5366 1747 5450">
    <p class='ocr_par' dir='ltr' id='par_1_55' title="bbox 157 5366 1747 5450">
     <span class='ocr_line' id='line_1_55' title="bbox 157 5366 1747 5450; baseline 0.019 -32"><span class='ocrx_word' id='word_1_415' title='bbox 157 5366 257 5430; x_wconf 84' lang='lat' dir='ltr'><strong>his,</strong></span> <span class='ocrx_word' id='word_1_416' title='bbox 300 5372 613 5430; x_wconf 88' lang='lat' dir='ltr'><strong>sedentibus</strong></span> <span class='ocrx_word' id='word_1_417' title='bbox 658 5379 709 5432; x_wconf 92' lang='lat' dir='ltr'><strong>in</strong></span> <span class='ocrx_word' id='word_1_418' title='bbox 752 5382 1008 5437; x_wconf 87' lang='lat' dir='ltr'><strong>tenebris.</strong></span> <span class='ocrx_word' id='word_1_419' title='bbox 1038 5385 1191 5450; x_wconf 82' lang='lat' dir='ltr'><strong>Quid</strong></span> <span class='ocrx_word' id='word_1_420' title='bbox 1232 5395 1337 5441; x_wconf 84' lang='lat' dir='ltr'><strong>tam</strong></span> <span class='ocrx_word' id='word_1_421' title='bbox 1377 5390 1518 5445; x_wconf 89' lang='lat' dir='ltr'><strong>bono</strong></span> <span class='ocrx_word' id='word_1_422' title='bbox 1561 5366 1747 5447; x_wconf 76' lang='lat' dir='ltr'><strong>nuntio</strong></span> 
     </span>
    </p>
   </div>
   <div class='ocr_carea' id='block_1_56' title="bbox 154 5463 1742 5541">
    <p class='ocr_par' dir='ltr' id='par_1_56' title="bbox 154 5463 1742 5541">
     <span class='ocr_line' id='line_1_56' title="bbox 154 5463 1742 5541; baseline 0.018 -28"><span class='ocrx_word' id='word_1_423' title='bbox 154 5463 324 5529; x_wconf 89' lang='lat' dir='ltr'><strong>possit</strong></span> <span class='ocrx_word' id='word_1_424' title='bbox 361 5470 601 5535; x_wconf 65' lang='lat' dir='ltr'><strong>aequari9</strong></span> <span class='ocrx_word' id='word_1_425' title='bbox 646 5471 782 5527; x_wconf 91' lang='lat' dir='ltr'><strong>Deus</strong></span> <span class='ocrx_word' id='word_1_426' title='bbox 821 5477 872 5527; x_wconf 91' lang='lat' dir='ltr'><strong>in</strong></span> <span class='ocrx_word' id='word_1_427' title='bbox 911 5484 1071 5541; x_wconf 87' lang='lat' dir='ltr'><strong>terra,</strong></span> <span class='ocrx_word' id='word_1_428' title='bbox 1108 5477 1268 5533; x_wconf 90' lang='lat' dir='ltr'><strong>homo</strong></span> <span class='ocrx_word' id='word_1_429' title='bbox 1292 5482 1340 5533; x_wconf 90' lang='lat' dir='ltr'><strong>in</strong></span> <span class='ocrx_word' id='word_1_430' title='bbox 1371 5483 1503 5537; x_wconf 71' lang='lat' dir='ltr'><strong>cmlo</strong></span> <span class='ocrx_word' id='word_1_431' title='bbox 1536 5501 1548 5536; x_wconf 89' lang='lat'><strong>:</strong></span> <span class='ocrx_word' id='word_1_432' title='bbox 1578 5484 1742 5540; x_wconf 79' lang='lat' dir='ltr'><strong>facta-</strong></span> 
     </span>
    </p>
   </div>
   <div class='ocr_carea' id='block_1_57' title="bbox 150 5557 1743 5640">
    <p class='ocr_par' dir='ltr' id='par_1_57' title="bbox 150 5557 1743 5640">
     <span class='ocr_line' id='line_1_57' title="bbox 150 5557 1743 5640; baseline 0.017 -33"><span class='ocrx_word' id='word_1_433' title='bbox 150 5569 256 5621; x_wconf 77' lang='lat' dir='ltr'><strong>que</strong></span> <span class='ocrx_word' id='word_1_434' title='bbox 304 5557 542 5613; x_wconf 88' lang='lat' dir='ltr'><strong>omnium</strong></span> <span class='ocrx_word' id='word_1_435' title='bbox 589 5566 975 5621; x_wconf 70' lang='lat' dir='ltr'><strong>commixtione</strong></span> <span class='ocrx_word' id='word_1_436' title='bbox 1027 5571 1199 5640; x_wconf 83' lang='lat' dir='ltr'><strong>angeli</strong></span> <span class='ocrx_word' id='word_1_437' title='bbox 1259 5588 1381 5627; x_wconf 87' lang='lat' dir='ltr'><strong>cum</strong></span> <span class='ocrx_word' id='word_1_438' title='bbox 1439 5576 1743 5634; x_wconf 83' lang='lat' dir='ltr'><strong>hominibus</strong></span> 
     </span>
    </p>
   </div>
   <div class='ocr_carea' id='block_1_58' title="bbox 149 5643 1741 5740">
    <p class='ocr_par' dir='ltr' id='par_1_58' title="bbox 149 5643 1741 5740">
     <span class='ocr_line' id='line_1_58' title="bbox 149 5643 1741 5740; baseline 0.02 -44"><span class='ocrx_word' id='word_1_439' title='bbox 149 5643 377 5702; x_wconf 79' lang='lat' dir='ltr'><strong>choreas</strong></span> <span class='ocrx_word' id='word_1_440' title='bbox 407 5651 655 5720; x_wconf 80' lang='lat' dir='ltr'><strong>agebant,</strong></span> <span class='ocrx_word' id='word_1_441' title='bbox 698 5654 942 5713; x_wconf 76' lang='lat' dir='ltr'><strong>homines</strong></span> <span class='ocrx_word' id='word_1_442' title='bbox 985 5676 1103 5717; x_wconf 88' lang='lat' dir='ltr'><strong>cum</strong></span> <span class='ocrx_word' id='word_1_443' title='bbox 1135 5667 1338 5733; x_wconf 81' lang='lat' dir='ltr'><strong>angelis</strong></span> <span class='ocrx_word' id='word_1_444' title='bbox 1383 5667 1611 5740; x_wconf 76' lang='lat' dir='ltr'><strong>aliisque</strong></span> <span class='ocrx_word' id='word_1_445' title='bbox 1650 5687 1741 5727; x_wconf 86' lang='lat' dir='ltr'><strong>su-</strong></span> 
     </span>
    </p>
   </div>
   <div class='ocr_carea' id='block_1_59' title="bbox 1922 418 3521 493">
    <p class='ocr_par' dir='ltr' id='par_1_59' title="bbox 1922 418 3521 493">
     <span class='ocr_line' id='line_1_59' title="bbox 1922 418 3521 493; baseline -0.004 -16"><span class='ocrx_word' id='word_1_446' title='bbox 1922 437 2103 490; x_wconf 81' lang='lat' dir='ltr'><strong>perius</strong></span> <span class='ocrx_word' id='word_1_447' title='bbox 2137 418 2489 493; x_wconf 88' lang='lat' dir='ltr'><strong>potestatibus</strong></span> <span class='ocrx_word' id='word_1_448' title='bbox 2513 421 2868 478; x_wconf 84' lang='lat' dir='ltr'><strong>versabantur</strong></span> <span class='ocrx_word' id='word_1_449' title='bbox 2898 440 2911 477; x_wconf 88' lang='lat'><strong>:</strong></span> <span class='ocrx_word' id='word_1_450' title='bbox 2935 419 3232 491; x_wconf 84' lang='lat' dir='ltr'><strong>videreque</strong></span> <span class='ocrx_word' id='word_1_451' title='bbox 3260 429 3384 477; x_wconf 81' lang='lat' dir='ltr'><strong>erat</strong></span> <span class='ocrx_word' id='word_1_452' title='bbox 3403 419 3521 473; x_wconf 83' lang='lat' dir='ltr'><strong>diu-</strong></span> 
     </span>
    </p>
   </div>
   <div class='ocr_carea' id='block_1_60' title="bbox 1920 512 3519 582">
    <p class='ocr_par' dir='ltr' id='par_1_60' title="bbox 1920 512 3519 582">
     <span class='ocr_line' id='line_1_60' title="bbox 1920 512 3519 582; baseline 0.001 -19"><span class='ocrx_word' id='word_1_453' title='bbox 1920 521 2136 567; x_wconf 89' lang='lat' dir='ltr'><strong>turnum</strong></span> <span class='ocrx_word' id='word_1_454' title='bbox 2163 512 2365 569; x_wconf 88' lang='lat' dir='ltr'><strong>bellum</strong></span> <span class='ocrx_word' id='word_1_455' title='bbox 2409 513 2666 581; x_wconf 91' lang='lat' dir='ltr'><strong>solutum,</strong></span> <span class='ocrx_word' id='word_1_456' title='bbox 2694 522 2749 568; x_wconf 89' lang='lat' dir='ltr'><strong>et</strong></span> <span class='ocrx_word' id='word_1_457' title='bbox 2774 522 2927 582; x_wconf 84' lang='lat' dir='ltr'><strong>pacta</strong></span> <span class='ocrx_word' id='word_1_458' title='bbox 2953 526 2983 565; x_wconf 91' lang='lat' dir='ltr'><strong>a</strong></span> <span class='ocrx_word' id='word_1_459' title='bbox 3014 512 3123 567; x_wconf 90' lang='lat' dir='ltr'><strong>Deo</strong></span> <span class='ocrx_word' id='word_1_460' title='bbox 3163 525 3287 566; x_wconf 91' lang='lat' dir='ltr'><strong>cum</strong></span> <span class='ocrx_word' id='word_1_461' title='bbox 3329 521 3455 565; x_wconf 91' lang='lat' dir='ltr'><strong>natu</strong></span> <span class='ocrx_word' id='word_1_462' title='bbox 3488 527 3519 565; x_wconf 86' lang='lat' dir='ltr'><strong>a</strong></span> 
     </span>
    </p>
   </div>
   <div class='ocr_carea' id='block_1_61' title="bbox 1920 599 3520 673">
    <p class='ocr_par' dir='ltr' id='par_1_61' title="bbox 1920 599 3520 673">
     <span class='ocr_line' id='line_1_61' title="bbox 1920 599 3520 673; baseline 0.001 -21"><span class='ocrx_word' id='word_1_463' title='bbox 1920 612 2101 657; x_wconf 86' lang='lat' dir='ltr'><strong>nostra</strong></span> <span class='ocrx_word' id='word_1_464' title='bbox 2146 602 2313 669; x_wconf 84' lang='lat' dir='ltr'><strong>inita;</strong></span> <span class='ocrx_word' id='word_1_465' title='bbox 2359 601 2634 658; x_wconf 90' lang='lat' dir='ltr'><strong>diabolum</strong></span> <span class='ocrx_word' id='word_1_466' title='bbox 2680 602 2885 673; x_wconf 87' lang='lat' dir='ltr'><strong>pudore</strong></span> <span class='ocrx_word' id='word_1_467' title='bbox 2928 599 3200 667; x_wconf 87' lang='lat' dir='ltr'><strong>all&#39;ectum,</strong></span> <span class='ocrx_word' id='word_1_468' title='bbox 3242 600 3520 656; x_wconf 70' lang='grc' dir='ltr'><strong>όωηιοηςιε</strong></span> 
     </span>
    </p>
   </div>
   <div class='ocr_carea' id='block_1_62' title="bbox 1920 690 3518 763">
    <p class='ocr_par' dir='ltr' id='par_1_62' title="bbox 1920 690 3518 763">
     <span class='ocr_line' id='line_1_62' title="bbox 1920 690 3518 763; baseline -0.003 -18"><span class='ocrx_word' id='word_1_469' title='bbox 1920 690 2156 759; x_wconf 77' lang='lat' dir='ltr'><strong>fugatos,</strong></span> <span class='ocrx_word' id='word_1_470' title='bbox 2210 701 2441 748; x_wconf 89' lang='lat' dir='ltr'><strong>mortem</strong></span> <span class='ocrx_word' id='word_1_471' title='bbox 2474 690 2831 758; x_wconf 77' lang='lat' dir='ltr'><strong>dissolutam,</strong></span> <span class='ocrx_word' id='word_1_472' title='bbox 2881 691 3192 763; x_wconf 87' lang='lat' dir='ltr'><strong>paradisum</strong></span> <span class='ocrx_word' id='word_1_473' title='bbox 3236 700 3518 761; x_wconf 86' lang='lat' dir='ltr'><strong>apertum,</strong></span> 
     </span>
    </p>
   </div>
   <div class='ocr_carea' id='block_1_63' title="bbox 1918 780 3519 852">
    <p class='ocr_par' dir='ltr' id='par_1_63' title="bbox 1918 780 3519 852">
     <span class='ocr_line' id='line_1_63' title="bbox 1918 780 3519 852; baseline -0.002 -16"><span class='ocrx_word' id='word_1_474' title='bbox 1918 782 2350 841; x_wconf 84' lang='lat' dir='ltr'><strong>maledictionem</strong></span> <span class='ocrx_word' id='word_1_475' title='bbox 2373 784 2630 849; x_wconf 89' lang='lat' dir='ltr'><strong>ablatam,</strong></span> <span class='ocrx_word' id='word_1_476' title='bbox 2679 793 2955 852; x_wconf 82' lang='lat' dir='ltr'><strong>peccatum</strong></span> <span class='ocrx_word' id='word_1_477' title='bbox 3000 783 3069 839; x_wconf 91' lang='lat' dir='ltr'><strong>de</strong></span> <span class='ocrx_word' id='word_1_478' title='bbox 3113 780 3294 839; x_wconf 89' lang='lat' dir='ltr'><strong>medio</strong></span> <span class='ocrx_word' id='word_1_479' title='bbox 3338 782 3519 837; x_wconf 85' lang='lat' dir='ltr'><strong>subla-</strong></span> 
     </span>
    </p>
   </div>
   <div class='ocr_carea' id='block_1_64' title="bbox 1915 874 3518 944">
    <p class='ocr_par' dir='ltr' id='par_1_64' title="bbox 1915 874 3518 944">
     <span class='ocr_line' id='line_1_64' title="bbox 1915 874 3518 944; baseline 0.002 -19"><span class='ocrx_word' id='word_1_480' title='bbox 1915 883 2049 940; x_wconf 85' lang='lat' dir='ltr'><strong>tum,</strong></span> <span class='ocrx_word' id='word_1_481' title='bbox 2073 889 2313 930; x_wconf 85' lang='lat' dir='ltr'><strong>errorem</strong></span> <span class='ocrx_word' id='word_1_482' title='bbox 2333 874 2638 944; x_wconf 89' lang='lat' dir='ltr'><strong>depulsum,</strong></span> <span class='ocrx_word' id='word_1_483' title='bbox 2663 874 2941 929; x_wconf 75' lang='lat' dir='ltr'><strong>veritatem</strong></span> <span class='ocrx_word' id='word_1_484' title='bbox 2973 888 3264 937; x_wconf 78' lang='lat' dir='ltr'><strong>reversam,</strong></span> <span class='ocrx_word' id='word_1_485' title='bbox 3292 874 3518 929; x_wconf 82' lang='lat' dir='ltr'><strong>verbum</strong></span> 
     </span>
    </p>
   </div>
   <div class='ocr_carea' id='block_1_65' title="bbox 1916 964 3515 1036">
    <p class='ocr_par' dir='ltr' id='par_1_65' title="bbox 1916 964 3515 1036">
     <span class='ocr_line' id='line_1_65' title="bbox 1916 964 3515 1036; baseline 0.001 -19"><span class='ocrx_word' id='word_1_486' title='bbox 1916 965 2127 1034; x_wconf 86' lang='lat' dir='ltr'><strong>pietatis</strong></span> <span class='ocrx_word' id='word_1_487' title='bbox 2160 965 2361 1036; x_wconf 82' lang='lat' dir='ltr'><strong>ubique</strong></span> <span class='ocrx_word' id='word_1_488' title='bbox 2386 964 2792 1020; x_wconf 89' lang='lat' dir='ltr'><strong>disseminatum</strong></span> <span class='ocrx_word' id='word_1_489' title='bbox 2822 975 2878 1020; x_wconf 90' lang='lat' dir='ltr'><strong>et</strong></span> <span class='ocrx_word' id='word_1_490' title='bbox 2901 979 3175 1031; x_wconf 82' lang='lat' dir='ltr'><strong>crescens,</strong></span> <span class='ocrx_word' id='word_1_491' title='bbox 3222 980 3515 1035; x_wconf 88' lang='lat' dir='ltr'><strong>supernam</strong></span> 
     </span>
    </p>
   </div>
   <div class='ocr_carea' id='block_1_66' title="bbox 1916 1054 3519 1121">
    <p class='ocr_par' dir='ltr' id='par_1_66' title="bbox 1916 1054 3519 1121">
     <span class='ocr_line' id='line_1_66' title="bbox 1916 1054 3519 1121; baseline -0.001 -11"><span class='ocrx_word' id='word_1_492' title='bbox 1916 1056 2041 1111; x_wconf 71' lang='lat' dir='ltr'><strong>vitae</strong></span> <span class='ocrx_word' id='word_1_493' title='bbox 2063 1058 2331 1114; x_wconf 85' lang='lat' dir='ltr'><strong>rationem</strong></span> <span class='ocrx_word' id='word_1_494' title='bbox 2358 1058 2409 1113; x_wconf 93' lang='lat' dir='ltr'><strong>in</strong></span> <span class='ocrx_word' id='word_1_495' title='bbox 2442 1066 2585 1112; x_wconf 86' lang='lat' dir='ltr'><strong>terra</strong></span> <span class='ocrx_word' id='word_1_496' title='bbox 2612 1058 2849 1121; x_wconf 84' lang='lat' dir='ltr'><strong>insitam,</strong></span> <span class='ocrx_word' id='word_1_497' title='bbox 2881 1056 3111 1113; x_wconf 78' lang='lat' dir='ltr'><strong>virtutes</strong></span> <span class='ocrx_word' id='word_1_498' title='bbox 3132 1054 3256 1112; x_wconf 86' lang='lat' dir='ltr'><strong>illas</strong></span> <span class='ocrx_word' id='word_1_499' title='bbox 3290 1056 3519 1111; x_wconf 82' lang='lat' dir='ltr'><strong>familia-</strong></span> 
     </span>
    </p>
   </div>
   <div class='ocr_carea' id='block_1_67' title="bbox 1915 1145 3513 1218">
    <p class='ocr_par' dir='ltr' id='par_1_67' title="bbox 1915 1145 3513 1218">
     <span class='ocr_line' id='line_1_67' title="bbox 1915 1145 3513 1218; baseline 0.003 -22"><span class='ocrx_word' id='word_1_500' title='bbox 1915 1147 2046 1202; x_wconf 87' lang='lat' dir='ltr'><strong>riter</strong></span> <span class='ocrx_word' id='word_1_501' title='bbox 2086 1148 2366 1204; x_wconf 82' lang='lat' dir='ltr'><strong>nobiseum</strong></span> <span class='ocrx_word' id='word_1_502' title='bbox 2408 1156 2648 1217; x_wconf 84' lang='lat' dir='ltr'><strong>agentes,</strong></span> <span class='ocrx_word' id='word_1_503' title='bbox 2677 1146 2900 1218; x_wconf 84' lang='lat' dir='ltr'><strong>angelos</strong></span> <span class='ocrx_word' id='word_1_504' title='bbox 2935 1145 3252 1217; x_wconf 70' lang='lat' dir='ltr'><strong>frequenter</strong></span> <span class='ocrx_word' id='word_1_505' title='bbox 3280 1147 3333 1203; x_wconf 91' lang='lat' dir='ltr'><strong>in</strong></span> <span class='ocrx_word' id='word_1_506' title='bbox 3374 1155 3513 1202; x_wconf 89' lang='lat' dir='ltr'><strong>terra</strong></span> 
     </span>
    </p>
   </div>
   <div class='ocr_carea' id='block_1_68' title="bbox 1915 1238 3515 1310">
    <p class='ocr_par' dir='ltr' id='par_1_68' title="bbox 1915 1238 3515 1310">
     <span class='ocr_line' id='line_1_68' title="bbox 1915 1238 3515 1310; baseline 0.003 -19"><span class='ocrx_word' id='word_1_507' title='bbox 1915 1247 2209 1304; x_wconf 84' lang='lat' dir='ltr'><strong>versantes,</strong></span> <span class='ocrx_word' id='word_1_508' title='bbox 2239 1254 2596 1309; x_wconf 89' lang='lat' dir='ltr'><strong>magnamque</strong></span> <span class='ocrx_word' id='word_1_509' title='bbox 2640 1254 2792 1310; x_wconf 89' lang='lat' dir='ltr'><strong>spem</strong></span> <span class='ocrx_word' id='word_1_510' title='bbox 2822 1238 3141 1295; x_wconf 83' lang='lat' dir='ltr'><strong>futurorum.</strong></span> <span class='ocrx_word' id='word_1_511' title='bbox 3179 1239 3307 1295; x_wconf 73' lang='lat' dir='ltr'><strong>ideo</strong></span> <span class='ocrx_word' id='word_1_512' title='bbox 3346 1239 3515 1295; x_wconf 91' lang='lat' dir='ltr'><strong>histo—</strong></span> 
     </span>
    </p>
   </div>
   <div class='ocr_carea' id='block_1_69' title="bbox 1914 1327 3511 1401">
    <p class='ocr_par' dir='ltr' id='par_1_69' title="bbox 1914 1327 3511 1401">
     <span class='ocr_line' id='line_1_69' title="bbox 1914 1327 3511 1401; baseline 0.002 -21"><span class='ocrx_word' id='word_1_513' title='bbox 1914 1327 2044 1383; x_wconf 84' lang='lat' dir='ltr'><strong>riam</strong></span> <span class='ocrx_word' id='word_1_514' title='bbox 2077 1329 2429 1401; x_wconf 78' lang='lat' dir='ltr'><strong>Evangeiium</strong></span> <span class='ocrx_word' id='word_1_515' title='bbox 2456 1331 2670 1385; x_wconf 82' lang='lat' dir='ltr'><strong>vocavit</strong></span> <span class='ocrx_word' id='word_1_516' title='bbox 2712 1347 2727 1383; x_wconf 86' lang='lat'><strong>:</strong></span> <span class='ocrx_word' id='word_1_517' title='bbox 2764 1330 2916 1400; x_wconf 83' lang='lat' dir='ltr'><strong>quasi</strong></span> <span class='ocrx_word' id='word_1_518' title='bbox 2953 1330 3161 1385; x_wconf 85' lang='lat' dir='ltr'><strong>scilicet</strong></span> <span class='ocrx_word' id='word_1_519' title='bbox 3186 1330 3290 1384; x_wconf 87' lang='lat' dir='ltr'><strong>alia</strong></span> <span class='ocrx_word' id='word_1_520' title='bbox 3330 1330 3511 1384; x_wconf 87' lang='lat' dir='ltr'><strong>omnia</strong></span> 
     </span>
    </p>
   </div>
   <div class='ocr_carea' id='block_1_70' title="bbox 1906 1421 3510 1492">
    <p class='ocr_par' dir='ltr' id='par_1_70' title="bbox 1906 1421 3510 1492">
     <span class='ocr_line' id='line_1_70' title="bbox 1906 1421 3510 1492; baseline -0.001 -16"><span class='ocrx_word' id='word_1_521' title='bbox 1906 1421 2072 1477; x_wconf 79' lang='lat' dir='ltr'><strong>verba</strong></span> <span class='ocrx_word' id='word_1_522' title='bbox 2100 1426 2263 1477; x_wconf 88' lang='lat' dir='ltr'><strong>rebus</strong></span> <span class='ocrx_word' id='word_1_523' title='bbox 2291 1422 2399 1477; x_wconf 89' lang='lat' dir='ltr'><strong>sint</strong></span> <span class='ocrx_word' id='word_1_524' title='bbox 2428 1436 2618 1486; x_wconf 87' lang='lat' dir='ltr'><strong>vacua,</strong></span> <span class='ocrx_word' id='word_1_525' title='bbox 2648 1430 2708 1476; x_wconf 89' lang='lat' dir='ltr'><strong>ut</strong></span> <span class='ocrx_word' id='word_1_526' title='bbox 2729 1435 2862 1492; x_wconf 86' lang='lat' dir='ltr'><strong>opes</strong></span> <span class='ocrx_word' id='word_1_527' title='bbox 2887 1422 3092 1487; x_wconf 57' lang='lat' dir='ltr'><strong>multa),</strong></span> <span class='ocrx_word' id='word_1_528' title='bbox 3118 1421 3207 1476; x_wconf 80' lang='lat' dir='ltr'><strong>vis</strong></span> <span class='ocrx_word' id='word_1_529' title='bbox 3229 1421 3510 1490; x_wconf 58' lang='lat' dir='ltr'><strong>petentia,</strong></span> 
     </span>
    </p>
   </div>
   <div class='ocr_carea' id='block_1_71' title="bbox 1909 1511 3511 1582">
    <p class='ocr_par' dir='ltr' id='par_1_71' title="bbox 1909 1511 3511 1582">
     <span class='ocr_line' id='line_1_71' title="bbox 1909 1511 3511 1582; baseline 0.001 -17"><span class='ocrx_word' id='word_1_530' title='bbox 1909 1512 2262 1582; x_wconf 86' lang='lat' dir='ltr'><strong>principatus,</strong></span> <span class='ocrx_word' id='word_1_531' title='bbox 2296 1513 2485 1582; x_wconf 88' lang='lat' dir='ltr'><strong>gloria,</strong></span> <span class='ocrx_word' id='word_1_532' title='bbox 2519 1511 2772 1577; x_wconf 89' lang='lat' dir='ltr'><strong>honores,</strong></span> <span class='ocrx_word' id='word_1_533' title='bbox 2801 1519 3106 1582; x_wconf 60' lang='lat' dir='ltr'><strong>castor-aque</strong></span> <span class='ocrx_word' id='word_1_534' title='bbox 3144 1512 3349 1577; x_wconf 88' lang='lat' dir='ltr'><strong>omnia,</strong></span> <span class='ocrx_word' id='word_1_535' title='bbox 3390 1527 3511 1581; x_wconf 73' lang='lat' dir='ltr'><strong>qua:</strong></span> 
     </span>
    </p>
   </div>
   <div class='ocr_carea' id='block_1_72' title="bbox 1906 1603 3510 1673">
    <p class='ocr_par' dir='ltr' id='par_1_72' title="bbox 1906 1603 3510 1673">
     <span class='ocr_line' id='line_1_72' title="bbox 1906 1603 3510 1673; baseline 0.001 -16"><span class='ocrx_word' id='word_1_536' title='bbox 1906 1603 2048 1672; x_wconf 87' lang='lat' dir='ltr'><strong>apud</strong></span> <span class='ocrx_word' id='word_1_537' title='bbox 2099 1603 2345 1660; x_wconf 87' lang='lat' dir='ltr'><strong>homines</strong></span> <span class='ocrx_word' id='word_1_538' title='bbox 2393 1604 2531 1659; x_wconf 85' lang='lat' dir='ltr'><strong>bona</strong></span> <span class='ocrx_word' id='word_1_539' title='bbox 2582 1618 2703 1659; x_wconf 86' lang='lat' dir='ltr'><strong>esse</strong></span> <span class='ocrx_word' id='word_1_540' title='bbox 2750 1610 3039 1673; x_wconf 84' lang='lat' dir='ltr'><strong>putantur;</strong></span> <span class='ocrx_word' id='word_1_541' title='bbox 3084 1617 3207 1673; x_wconf 62' lang='lat' dir='ltr'><strong>quae</strong></span> <span class='ocrx_word' id='word_1_542' title='bbox 3250 1610 3433 1659; x_wconf 74' lang='lat' dir='ltr'><strong>autem</strong></span> <span class='ocrx_word' id='word_1_543' title='bbox 3478 1617 3510 1658; x_wconf 87' lang='lat' dir='ltr'><strong>a</strong></span> 
     </span>
    </p>
   </div>
   <div class='ocr_carea' id='block_1_73' title="bbox 1908 1694 3509 1767">
    <p class='ocr_par' dir='ltr' id='par_1_73' title="bbox 1908 1694 3509 1767">
     <span class='ocr_line' id='line_1_73' title="bbox 1908 1694 3509 1767; baseline 0.001 -19"><span class='ocrx_word' id='word_1_544' title='bbox 1908 1696 2266 1765; x_wconf 83' lang='lat' dir='ltr'><strong>piscatoribus</strong></span> <span class='ocrx_word' id='word_1_545' title='bbox 2292 1696 2555 1767; x_wconf 85' lang='lat' dir='ltr'><strong>promissa</strong></span> <span class='ocrx_word' id='word_1_546' title='bbox 2585 1694 2761 1759; x_wconf 85' lang='lat' dir='ltr'><strong>fuere,</strong></span> <span class='ocrx_word' id='word_1_547' title='bbox 2795 1709 2925 1750; x_wconf 82' lang='lat' dir='ltr'><strong>vere</strong></span> <span class='ocrx_word' id='word_1_548' title='bbox 2949 1708 3013 1749; x_wconf 87' lang='lat' dir='ltr'><strong>ac</strong></span> <span class='ocrx_word' id='word_1_549' title='bbox 3042 1695 3259 1764; x_wconf 89' lang='lat' dir='ltr'><strong>proprie</strong></span> <span class='ocrx_word' id='word_1_550' title='bbox 3278 1708 3509 1766; x_wconf 80' lang='lat' dir='ltr'><strong>evange-</strong></span> 
     </span>
    </p>
   </div>
   <div class='ocr_carea' id='block_1_74' title="bbox 1907 1785 3510 1856">
    <p class='ocr_par' dir='ltr' id='par_1_74' title="bbox 1907 1785 3510 1856">
     <span class='ocr_line' id='line_1_74' title="bbox 1907 1785 3510 1856; baseline -0.001 -15"><span class='ocrx_word' id='word_1_551' title='bbox 1907 1788 1977 1841; x_wconf 84' lang='lat' dir='ltr'><strong>lia</strong></span> <span class='ocrx_word' id='word_1_552' title='bbox 2007 1788 2255 1843; x_wconf 83' lang='lat' dir='ltr'><strong>dicantur</strong></span> <span class='ocrx_word' id='word_1_553' title='bbox 2308 1803 2462 1841; x_wconf 91' lang='lat' dir='ltr'><strong>:non</strong></span> <span class='ocrx_word' id='word_1_554' title='bbox 2508 1786 2682 1842; x_wconf 90' lang='lat' dir='ltr'><strong>solum</strong></span> <span class='ocrx_word' id='word_1_555' title='bbox 2731 1786 2855 1856; x_wconf 89' lang='lat' dir='ltr'><strong>quia</strong></span> <span class='ocrx_word' id='word_1_556' title='bbox 2905 1786 3059 1840; x_wconf 74' lang='lat' dir='ltr'><strong>ﬁrma</strong></span> <span class='ocrx_word' id='word_1_557' title='bbox 3106 1785 3510 1855; x_wconf 86' lang='lat' dir='ltr'><strong>immobiliaque</strong></span> 
     </span>
    </p>
   </div>
   <div class='ocr_carea' id='block_1_75' title="bbox 1907 1874 3507 1947">
    <p class='ocr_par' dir='ltr' id='par_1_75' title="bbox 1907 1874 3507 1947">
     <span class='ocr_line' id='line_1_75' title="bbox 1907 1874 3507 1947; baseline -0.001 -15"><span class='ocrx_word' id='word_1_558' title='bbox 1907 1877 2043 1932; x_wconf 86' lang='lat' dir='ltr'><strong>bona</strong></span> <span class='ocrx_word' id='word_1_559' title='bbox 2077 1886 2221 1941; x_wconf 68' lang='lat' dir='ltr'><strong>sunt,</strong></span> <span class='ocrx_word' id='word_1_560' title='bbox 2258 1886 2608 1947; x_wconf 77' lang='lat' dir='ltr'><strong>nostramque</strong></span> <span class='ocrx_word' id='word_1_561' title='bbox 2632 1876 3015 1945; x_wconf 80' lang='lat' dir='ltr'><strong>exsuperantia</strong></span> <span class='ocrx_word' id='word_1_562' title='bbox 3044 1874 3378 1947; x_wconf 87' lang='lat' dir='ltr'><strong>dignitatem,</strong></span> <span class='ocrx_word' id='word_1_563' title='bbox 3410 1876 3507 1931; x_wconf 87' lang='lat' dir='ltr'><strong>sed</strong></span> 
     </span>
    </p>
   </div>
   <div class='ocr_carea' id='block_1_76' title="bbox 1904 1966 3505 2039">
    <p class='ocr_par' dir='ltr' id='par_1_76' title="bbox 1904 1966 3505 2039">
     <span class='ocr_line' id='line_1_76' title="bbox 1904 1966 3505 2039; baseline -0.001 -15"><span class='ocrx_word' id='word_1_564' title='bbox 1904 1969 2066 2024; x_wconf 90' lang='lat' dir='ltr'><strong>etiam</strong></span> <span class='ocrx_word' id='word_1_565' title='bbox 2094 1970 2217 2039; x_wconf 88' lang='lat' dir='ltr'><strong>quia</strong></span> <span class='ocrx_word' id='word_1_566' title='bbox 2253 1985 2376 2023; x_wconf 83' lang='lat' dir='ltr'><strong>cum</strong></span> <span class='ocrx_word' id='word_1_567' title='bbox 2406 1968 2552 2024; x_wconf 86' lang='lat' dir='ltr'><strong>omni</strong></span> <span class='ocrx_word' id='word_1_568' title='bbox 2587 1968 2840 2035; x_wconf 75' lang='lat' dir='ltr'><strong>facilitate</strong></span> <span class='ocrx_word' id='word_1_569' title='bbox 2876 1967 3033 2023; x_wconf 84' lang='lat' dir='ltr'><strong>nobis</strong></span> <span class='ocrx_word' id='word_1_570' title='bbox 3058 1966 3181 2022; x_wconf 82' lang='lat' dir='ltr'><strong>data</strong></span> <span class='ocrx_word' id='word_1_571' title='bbox 3212 1977 3355 2023; x_wconf 88' lang='lat' dir='ltr'><strong>sunt.</strong></span> <span class='ocrx_word' id='word_1_572' title='bbox 3384 1967 3505 2023; x_wconf 82' lang='lat' dir='ltr'><strong>Non</strong></span> 
     </span>
    </p>
   </div>
   <div class='ocr_carea' id='block_1_77' title="bbox 1902 2058 3503 2126">
    <p class='ocr_par' dir='ltr' id='par_1_77' title="bbox 1902 2058 3503 2126">
     <span class='ocr_line' id='line_1_77' title="bbox 1902 2058 3503 2126; baseline -0.001 -12"><span class='ocrx_word' id='word_1_573' title='bbox 1902 2059 2048 2114; x_wconf 91' lang='lat' dir='ltr'><strong>enim</strong></span> <span class='ocrx_word' id='word_1_574' title='bbox 2073 2074 2139 2114; x_wconf 78' lang='lat' dir='ltr'><strong>ex</strong></span> <span class='ocrx_word' id='word_1_575' title='bbox 2170 2059 2358 2115; x_wconf 71' lang='lat' dir='ltr'><strong>labore</strong></span> <span class='ocrx_word' id='word_1_576' title='bbox 2391 2068 2451 2114; x_wconf 87' lang='lat' dir='ltr'><strong>et</strong></span> <span class='ocrx_word' id='word_1_577' title='bbox 2480 2058 2680 2114; x_wconf 84' lang='lat' dir='ltr'><strong>sudore</strong></span> <span class='ocrx_word' id='word_1_578' title='bbox 2727 2066 2935 2123; x_wconf 87' lang='lat' dir='ltr'><strong>nostro,</strong></span> <span class='ocrx_word' id='word_1_579' title='bbox 2968 2072 3075 2113; x_wconf 92' lang='lat' dir='ltr'><strong>non</strong></span> <span class='ocrx_word' id='word_1_580' title='bbox 3114 2072 3180 2114; x_wconf 74' lang='lat' dir='ltr'><strong>ex</strong></span> <span class='ocrx_word' id='word_1_581' title='bbox 3224 2058 3503 2126; x_wconf 62' lang='lat' dir='ltr'><strong>arumnis,</strong></span> 
     </span>
    </p>
   </div>
   <div class='ocr_carea' id='block_1_78' title="bbox 1901 2151 3507 2223">
    <p class='ocr_par' dir='ltr' id='par_1_78' title="bbox 1901 2151 3507 2223">
     <span class='ocr_line' id='line_1_78' title="bbox 1901 2151 3507 2223; baseline 0 -18"><span class='ocrx_word' id='word_1_582' title='bbox 1901 2152 1997 2206; x_wconf 88' lang='lat' dir='ltr'><strong>sed</strong></span> <span class='ocrx_word' id='word_1_583' title='bbox 2040 2169 2105 2206; x_wconf 85' lang='lat' dir='ltr'><strong>ex</strong></span> <span class='ocrx_word' id='word_1_584' title='bbox 2153 2153 2245 2207; x_wconf 85' lang='lat' dir='ltr'><strong>Dei</strong></span> <span class='ocrx_word' id='word_1_585' title='bbox 2289 2167 2415 2223; x_wconf 84' lang='lat' dir='ltr'><strong>erga</strong></span> <span class='ocrx_word' id='word_1_586' title='bbox 2461 2167 2561 2207; x_wconf 89' lang='lat' dir='ltr'><strong>nos</strong></span> <span class='ocrx_word' id='word_1_587' title='bbox 2602 2166 2789 2207; x_wconf 87' lang='lat' dir='ltr'><strong>amore</strong></span> <span class='ocrx_word' id='word_1_588' title='bbox 2838 2151 2954 2205; x_wconf 76' lang='lat' dir='ltr'><strong>hmc</strong></span> <span class='ocrx_word' id='word_1_589' title='bbox 2994 2151 3351 2222; x_wconf 83' lang='lat' dir='ltr'><strong>suscepimus.</strong></span> <span class='ocrx_word' id='word_1_590' title='bbox 3394 2151 3507 2205; x_wconf 86' lang='lat' dir='ltr'><strong>Cur</strong></span> 
     </span>
    </p>
   </div>
   <div class='ocr_carea' id='block_1_79' title="bbox 1902 2244 3501 2313">
    <p class='ocr_par' dir='ltr' id='par_1_79' title="bbox 1902 2244 3501 2313">
     <span class='ocr_line' id='line_1_79' title="bbox 1902 2244 3501 2313; baseline 0.004 -20"><span class='ocrx_word' id='word_1_591' title='bbox 1902 2254 2068 2311; x_wconf 90' lang='lat' dir='ltr'><strong>porro</strong></span> <span class='ocrx_word' id='word_1_592' title='bbox 2104 2258 2225 2297; x_wconf 89' lang='lat' dir='ltr'><strong>cum</strong></span> <span class='ocrx_word' id='word_1_593' title='bbox 2274 2252 2453 2298; x_wconf 84' lang='lat' dir='ltr'><strong>tantus</strong></span> <span class='ocrx_word' id='word_1_594' title='bbox 2497 2244 2567 2299; x_wconf 90' lang='lat' dir='ltr'><strong>sit</strong></span> <span class='ocrx_word' id='word_1_595' title='bbox 2607 2244 2991 2313; x_wconf 79' lang='lat' dir='ltr'><strong>discipulorum</strong></span> <span class='ocrx_word' id='word_1_596' title='bbox 3038 2258 3299 2301; x_wconf 83' lang='lat' dir='ltr'><strong>numerus</strong></span> <span class='ocrx_word' id='word_1_597' title='bbox 3326 2285 3342 2310; x_wconf 95' lang='lat'><strong>,</strong></span> <span class='ocrx_word' id='word_1_598' title='bbox 3391 2244 3501 2299; x_wconf 85' lang='lat' dir='ltr'><strong>duo</strong></span> 
     </span>
    </p>
   </div>
   <div class='ocr_carea' id='block_1_80' title="bbox 1903 2335 3502 2405">
    <p class='ocr_par' dir='ltr' id='par_1_80' title="bbox 1903 2335 3502 2405">
     <span class='ocr_line' id='line_1_80' title="bbox 1903 2335 3502 2405; baseline 0.004 -18"><span class='ocrx_word' id='word_1_599' title='bbox 1903 2341 2106 2387; x_wconf 87' lang='lat' dir='ltr'><strong>tantum</strong></span> <span class='ocrx_word' id='word_1_600' title='bbox 2155 2349 2221 2389; x_wconf 86' lang='lat' dir='ltr'><strong>ex</strong></span> <span class='ocrx_word' id='word_1_601' title='bbox 2253 2335 2512 2405; x_wconf 88' lang='lat' dir='ltr'><strong>apostolis</strong></span> <span class='ocrx_word' id='word_1_602' title='bbox 2536 2335 2798 2402; x_wconf 81' lang='lat' dir='ltr'><strong>scribunt,</strong></span> <span class='ocrx_word' id='word_1_603' title='bbox 2847 2346 2904 2392; x_wconf 90' lang='lat' dir='ltr'><strong>et</strong></span> <span class='ocrx_word' id='word_1_604' title='bbox 2945 2336 3051 2391; x_wconf 78' lang='lat' dir='ltr'><strong>duo</strong></span> <span class='ocrx_word' id='word_1_605' title='bbox 3087 2352 3152 2393; x_wconf 80' lang='lat' dir='ltr'><strong>ex</strong></span> <span class='ocrx_word' id='word_1_606' title='bbox 3198 2351 3388 2393; x_wconf 90' lang='lat' dir='ltr'><strong>eorum</strong></span> <span class='ocrx_word' id='word_1_607' title='bbox 3413 2351 3502 2394; x_wconf 86' lang='lat' dir='ltr'><strong>se-</strong></span> 
     </span>
    </p>
   </div>
   <div class='ocr_carea' id='block_1_81' title="bbox 1900 2425 3503 2500">
    <p class='ocr_par' dir='ltr' id='par_1_81' title="bbox 1900 2425 3503 2500">
     <span class='ocr_line' id='line_1_81' title="bbox 1900 2425 3503 2500; baseline 0.003 -20"><span class='ocrx_word' id='word_1_608' title='bbox 1900 2425 2195 2495; x_wconf 84' lang='lat' dir='ltr'><strong>quacibus?</strong></span> <span class='ocrx_word' id='word_1_609' title='bbox 2237 2427 2370 2483; x_wconf 83' lang='lat' dir='ltr'><strong>Nam</strong></span> <span class='ocrx_word' id='word_1_610' title='bbox 2411 2429 2549 2484; x_wconf 88' lang='lat' dir='ltr'><strong>alter</strong></span> <span class='ocrx_word' id='word_1_611' title='bbox 2592 2429 2763 2493; x_wconf 86' lang='lat' dir='ltr'><strong>Pauli,</strong></span> <span class='ocrx_word' id='word_1_612' title='bbox 2812 2429 2951 2484; x_wconf 75' lang='lat' dir='ltr'><strong>alter</strong></span> <span class='ocrx_word' id='word_1_613' title='bbox 2998 2428 3143 2485; x_wconf 86' lang='lat' dir='ltr'><strong>Petri</strong></span> <span class='ocrx_word' id='word_1_614' title='bbox 3184 2428 3503 2500; x_wconf 81' lang='lat' dir='ltr'><strong>discipulus,</strong></span> 
     </span>
    </p>
   </div>
   <div class='ocr_carea' id='block_1_82' title="bbox 1895 2520 3495 2604">
    <p class='ocr_par' dir='ltr' id='par_1_82' title="bbox 1895 2520 3495 2604">
     <span class='ocr_line' id='line_1_82' title="bbox 1895 2520 3495 2604; baseline 0.011 -32"><span class='ocrx_word' id='word_1_615' title='bbox 1895 2533 2021 2573; x_wconf 89' lang='lat' dir='ltr'><strong>cum</strong></span> <span class='ocrx_word' id='word_1_616' title='bbox 2046 2520 2253 2577; x_wconf 78' lang='lat' dir='ltr'><strong>Joanne</strong></span> <span class='ocrx_word' id='word_1_617' title='bbox 2282 2531 2337 2577; x_wconf 91' lang='lat' dir='ltr'><strong>et</strong></span> <span class='ocrx_word' id='word_1_618' title='bbox 2365 2523 2617 2582; x_wconf 72' lang='lat' dir='ltr'><strong>Matthteo</strong></span> <span class='ocrx_word' id='word_1_619' title='bbox 2644 2527 2932 2599; x_wconf 79' lang='lat' dir='ltr'><strong>Evangelia</strong></span> <span class='ocrx_word' id='word_1_620' title='bbox 2960 2531 3317 2602; x_wconf 84' lang='lat' dir='ltr'><strong>scripserunt.</strong></span> <span class='ocrx_word' id='word_1_621' title='bbox 3360 2533 3495 2604; x_wconf 83' lang='lat' dir='ltr'><strong>Quia</strong></span> 
     </span>
    </p>
   </div>
   <div class='ocr_carea' id='block_1_83' title="bbox 1895 2608 3495 2686">
    <p class='ocr_par' dir='ltr' id='par_1_83' title="bbox 1895 2608 3495 2686">
     <span class='ocr_line' id='line_1_83' title="bbox 1895 2608 3495 2686; baseline 0.012 -25"><span class='ocrx_word' id='word_1_622' title='bbox 1895 2608 2025 2662; x_wconf 87' lang='lat' dir='ltr'><strong>nihil</strong></span> <span class='ocrx_word' id='word_1_623' title='bbox 2055 2626 2149 2679; x_wconf 88' lang='lat' dir='ltr'><strong>per</strong></span> <span class='ocrx_word' id='word_1_624' title='bbox 2177 2616 2598 2671; x_wconf 90' lang='lat' dir='ltr'><strong>ostentationem</strong></span> <span class='ocrx_word' id='word_1_625' title='bbox 2627 2616 2914 2686; x_wconf 88' lang='lat' dir='ltr'><strong>faciebant,</strong></span> <span class='ocrx_word' id='word_1_626' title='bbox 2943 2620 3041 2677; x_wconf 85' lang='lat' dir='ltr'><strong>sed</strong></span> <span class='ocrx_word' id='word_1_627' title='bbox 3076 2623 3259 2678; x_wconf 88' lang='lat' dir='ltr'><strong>omnia</strong></span> <span class='ocrx_word' id='word_1_628' title='bbox 3288 2623 3355 2679; x_wconf 88' lang='lat' dir='ltr'><strong>ad</strong></span> <span class='ocrx_word' id='word_1_629' title='bbox 3388 2625 3495 2681; x_wconf 81' lang='lat' dir='ltr'><strong>uti-</strong></span> 
     </span>
    </p>
   </div>
   <div class='ocr_carea' id='block_1_84' title="bbox 1895 2700 3500 2786">
    <p class='ocr_par' dir='ltr' id='par_1_84' title="bbox 1895 2700 3500 2786">
     <span class='ocr_line' id='line_1_84' title="bbox 1895 2700 3500 2786; baseline 0.011 -33"><span class='ocrx_word' id='word_1_630' title='bbox 1895 2700 2121 2756; x_wconf 89' lang='lat' dir='ltr'><strong>litatem.</strong></span> <span class='ocrx_word' id='word_1_631' title='bbox 2155 2703 2296 2771; x_wconf 88' lang='lat' dir='ltr'><strong>Quid</strong></span> <span class='ocrx_word' id='word_1_632' title='bbox 2323 2706 2521 2775; x_wconf 76' lang='lat' dir='ltr'><strong>igitur?</strong></span> <span class='ocrx_word' id='word_1_633' title='bbox 2545 2723 2729 2764; x_wconf 89' lang='lat' dir='ltr'><strong>annon</strong></span> <span class='ocrx_word' id='word_1_634' title='bbox 2770 2710 3074 2768; x_wconf 84' lang='lat' dir='ltr'><strong>sufficiebat</strong></span> <span class='ocrx_word' id='word_1_635' title='bbox 3100 2729 3239 2769; x_wconf 85' lang='lat' dir='ltr'><strong>unus</strong></span> <span class='ocrx_word' id='word_1_636' title='bbox 3262 2729 3500 2786; x_wconf 82' lang='lat' dir='ltr'><strong>evange-</strong></span> 
     </span>
    </p>
   </div>
   <div class='ocr_carea' id='block_1_85' title="bbox 1893 2790 3498 2875">
    <p class='ocr_par' dir='ltr' id='par_1_85' title="bbox 1893 2790 3498 2875">
     <span class='ocr_line' id='line_1_85' title="bbox 1893 2790 3498 2875; baseline 0.012 -33"><span class='ocrx_word' id='word_1_637' title='bbox 1893 2790 2037 2857; x_wconf 83' lang='lat' dir='ltr'><strong>lista,</strong></span> <span class='ocrx_word' id='word_1_638' title='bbox 2085 2794 2175 2863; x_wconf 92' lang='lat' dir='ltr'><strong>qui</strong></span> <span class='ocrx_word' id='word_1_639' title='bbox 2218 2798 2399 2851; x_wconf 85' lang='lat' dir='ltr'><strong>omnia</strong></span> <span class='ocrx_word' id='word_1_640' title='bbox 2454 2801 2737 2856; x_wconf 81' lang='lat' dir='ltr'><strong>narraret?</strong></span> <span class='ocrx_word' id='word_1_641' title='bbox 2777 2801 3093 2860; x_wconf 79' lang='lat' dir='ltr'><strong>Sulﬁciehat</strong></span> <span class='ocrx_word' id='word_1_642' title='bbox 3139 2805 3358 2875; x_wconf 84' lang='lat' dir='ltr'><strong>quidem</strong></span> <span class='ocrx_word' id='word_1_643' title='bbox 3393 2822 3498 2862; x_wconf 86' lang='lat' dir='ltr'><strong>:ac</strong></span> 
     </span>
    </p>
   </div>
   <div class='ocr_carea' id='block_1_86' title="bbox 1892 2880 3494 2967">
    <p class='ocr_par' dir='ltr' id='par_1_86' title="bbox 1892 2880 3494 2967">
     <span class='ocr_line' id='line_1_86' title="bbox 1892 2880 3494 2967; baseline 0.012 -34"><span class='ocrx_word' id='word_1_644' title='bbox 1892 2880 2020 2936; x_wconf 80' lang='lat' dir='ltr'><strong>licet</strong></span> <span class='ocrx_word' id='word_1_645' title='bbox 2074 2896 2308 2952; x_wconf 86' lang='lat' dir='ltr'><strong>quatuor</strong></span> <span class='ocrx_word' id='word_1_646' title='bbox 2346 2888 2694 2959; x_wconf 83' lang='lat' dir='ltr'><strong>scripserint,</strong></span> <span class='ocrx_word' id='word_1_647' title='bbox 2758 2906 2937 2963; x_wconf 85' lang='lat' dir='ltr'><strong>neque</strong></span> <span class='ocrx_word' id='word_1_648' title='bbox 2981 2893 3175 2950; x_wconf 84' lang='lat' dir='ltr'><strong>eodem</strong></span> <span class='ocrx_word' id='word_1_649' title='bbox 3214 2904 3494 2967; x_wconf 59' lang='lat' dir='ltr'><strong>tempore,</strong></span> 
     </span>
    </p>
   </div>
   <div class='ocr_carea' id='block_1_87' title="bbox 1892 2969 3493 3055">
    <p class='ocr_par' dir='ltr' id='par_1_87' title="bbox 1892 2969 3493 3055">
     <span class='ocr_line' id='line_1_87' title="bbox 1892 2969 3493 3055; baseline 0.011 -31"><span class='ocrx_word' id='word_1_650' title='bbox 1892 2985 2069 3041; x_wconf 86' lang='lat' dir='ltr'><strong>neque</strong></span> <span class='ocrx_word' id='word_1_651' title='bbox 2095 2969 2290 3030; x_wconf 85' lang='lat' dir='ltr'><strong>eodem</strong></span> <span class='ocrx_word' id='word_1_652' title='bbox 2317 2977 2534 3046; x_wconf 91' lang='lat' dir='ltr'><strong>inloco,</strong></span> <span class='ocrx_word' id='word_1_653' title='bbox 2575 2996 2754 3051; x_wconf 87' lang='lat' dir='ltr'><strong>neque</strong></span> <span class='ocrx_word' id='word_1_654' title='bbox 2795 2984 3106 3055; x_wconf 81' lang='lat' dir='ltr'><strong>congregati</strong></span> <span class='ocrx_word' id='word_1_655' title='bbox 3151 2984 3311 3041; x_wconf 81' lang='lat' dir='ltr'><strong>simul</strong></span> <span class='ocrx_word' id='word_1_656' title='bbox 3336 2996 3393 3041; x_wconf 91' lang='lat' dir='ltr'><strong>et</strong></span> <span class='ocrx_word' id='word_1_657' title='bbox 3426 3001 3493 3041; x_wconf 82' lang='lat' dir='ltr'><strong>ex</strong></span> 
     </span>
    </p>
   </div>
   <div class='ocr_carea' id='block_1_88' title="bbox 1892 3072 3495 3147">
    <p class='ocr_par' dir='ltr' id='par_1_88' title="bbox 1892 3072 3495 3147">
     <span class='ocr_line' id='line_1_88' title="bbox 1892 3072 3495 3147; baseline 0.013 -32"><span class='ocrx_word' id='word_1_658' title='bbox 1892 3072 2079 3118; x_wconf 91' lang='lat' dir='ltr'><strong>mutuo</strong></span> <span class='ocrx_word' id='word_1_659' title='bbox 2107 3080 2401 3138; x_wconf 89' lang='lat' dir='ltr'><strong>congressu</strong></span> <span class='ocrx_word' id='word_1_660' title='bbox 2443 3086 2458 3125; x_wconf 90' lang='lat'>:</span> <span class='ocrx_word' id='word_1_661' title='bbox 2502 3078 2557 3125; x_wconf 90' lang='lat' dir='ltr'><strong>et</strong></span> <span class='ocrx_word' id='word_1_662' title='bbox 2585 3080 2767 3128; x_wconf 86' lang='lat' dir='ltr'><strong>tamen</strong></span> <span class='ocrx_word' id='word_1_663' title='bbox 2808 3078 3113 3147; x_wconf 66' lang='lat' dir='ltr'><strong>cumquasi</strong></span> <span class='ocrx_word' id='word_1_664' title='bbox 3150 3092 3217 3133; x_wconf 86' lang='lat' dir='ltr'><strong>ex</strong></span> <span class='ocrx_word' id='word_1_665' title='bbox 3248 3094 3357 3135; x_wconf 87' lang='lat' dir='ltr'><strong>uno</strong></span> <span class='ocrx_word' id='word_1_666' title='bbox 3398 3096 3495 3135; x_wconf 82' lang='lat' dir='ltr'><strong>ore</strong></span> 
     </span>
    </p>
   </div>
   <div class='ocr_carea' id='block_1_89' title="bbox 1892 3154 3494 3233">
    <p class='ocr_par' dir='ltr' id='par_1_89' title="bbox 1892 3154 3494 3233">
     <span class='ocr_line' id='line_1_89' title="bbox 1892 3154 3494 3233; baseline 0.014 -28"><span class='ocrx_word' id='word_1_667' title='bbox 1892 3154 2069 3209; x_wconf 85' lang='lat' dir='ltr'><strong>omnia</strong></span> <span class='ocrx_word' id='word_1_668' title='bbox 2098 3160 2466 3225; x_wconf 83' lang='lat' dir='ltr'><strong>pronuntient,</strong></span> <span class='ocrx_word' id='word_1_669' title='bbox 2496 3161 2623 3217; x_wconf 89' lang='lat' dir='ltr'><strong>hinc</strong></span> <span class='ocrx_word' id='word_1_670' title='bbox 2648 3179 2843 3233; x_wconf 67' lang='lat' dir='ltr'><strong>magna</strong></span> <span class='ocrx_word' id='word_1_671' title='bbox 2870 3169 3099 3231; x_wconf 63' lang='lat' dir='ltr'><strong>emergit</strong></span> <span class='ocrx_word' id='word_1_672' title='bbox 3128 3170 3376 3229; x_wconf 74' lang='lat' dir='ltr'><strong>veritatis</strong></span> <span class='ocrx_word' id='word_1_673' title='bbox 3396 3171 3494 3229; x_wconf 85' lang='lat' dir='ltr'><strong>de-</strong></span> 
     </span>
    </p>
   </div>
   <div class='ocr_carea' id='block_1_90' title="bbox 1890 3249 2229 3303">
    <p class='ocr_par' dir='ltr' id='par_1_90' title="bbox 1890 3249 2229 3303">
     <span class='ocr_line' id='line_1_90' title="bbox 1890 3249 2229 3303; baseline 0.018 -8"><span class='ocrx_word' id='word_1_674' title='bbox 1890 3249 2229 3303; x_wconf 86' lang='lat' dir='ltr'><strong>monstratio.</strong></span> 
     </span>
    </p>
   </div>
   <div class='ocr_carea' id='block_1_91' title="bbox 1962 3471 3489 3555">
    <p class='ocr_par' dir='ltr' id='par_1_91' title="bbox 1962 3471 3489 3555">
     <span class='ocr_line' id='line_1_91' title="bbox 1962 3471 3489 3555; baseline 0.02 -30"><span class='ocrx_word' id='word_1_675' title='bbox 1962 3471 2250 3545; x_wconf 73' lang='lat' dir='ltr'><strong>Enangrﬂa</strong></span> <span class='ocrx_word' id='word_1_676' title='bbox 2268 3494 2367 3533; x_wconf 80' lang='lat' dir='ltr'><strong>cur</strong></span> <span class='ocrx_word' id='word_1_677' title='bbox 2386 3482 2665 3552; x_wconf 76' lang='lat' dir='ltr'><strong>aliquam</strong></span> <span class='ocrx_word' id='word_1_678' title='bbox 2691 3503 2823 3543; x_wconf 81' lang='lat' dir='ltr'><strong>mter</strong></span> <span class='ocrx_word' id='word_1_679' title='bbox 2839 3506 2892 3545; x_wconf 78' lang='lat' dir='ltr'><strong>se</strong></span> <span class='ocrx_word' id='word_1_680' title='bbox 2912 3495 3180 3550; x_wconf 66' lang='lat' dir='ltr'><strong>dissentire</strong></span> <span class='ocrx_word' id='word_1_681' title='bbox 3201 3496 3489 3555; x_wconf 73' lang='lat' dir='ltr'><strong>rideantur.</strong></span> 
     </span>
    </p>
   </div>
   <div class='ocr_carea' id='block_1_92' title="bbox 1885 3566 3489 3659">
    <p class='ocr_par' dir='ltr' id='par_1_92' title="bbox 1885 3566 3489 3659">
     <span class='ocr_line' id='line_1_92' title="bbox 1885 3566 3489 3659; baseline 0.018 -42"><span class='ocrx_word' id='word_1_682' title='bbox 1885 3566 2143 3636; x_wconf 86' lang='lat' dir='ltr'><strong>—-Atqui,</strong></span> <span class='ocrx_word' id='word_1_683' title='bbox 2178 3572 2407 3640; x_wconf 84' lang='lat' dir='ltr'><strong>inquies,</strong></span> <span class='ocrx_word' id='word_1_684' title='bbox 2426 3576 2652 3632; x_wconf 81' lang='lat' dir='ltr'><strong>omnino</strong></span> <span class='ocrx_word' id='word_1_685' title='bbox 2686 3590 2872 3635; x_wconf 88' lang='lat' dir='ltr'><strong>contra</strong></span> <span class='ocrx_word' id='word_1_686' title='bbox 2893 3584 3128 3639; x_wconf 89' lang='lat' dir='ltr'><strong>accidit:</strong></span> <span class='ocrx_word' id='word_1_687' title='bbox 3169 3601 3315 3659; x_wconf 63' lang='lat' dir='ltr'><strong>saepe</strong></span> <span class='ocrx_word' id='word_1_688' title='bbox 3343 3590 3489 3645; x_wconf 78' lang='lat' dir='ltr'><strong>enim</strong></span> 
     </span>
    </p>
   </div>
   <div class='ocr_carea' id='block_1_93' title="bbox 1882 3653 3489 3751">
    <p class='ocr_par' dir='ltr' id='par_1_93' title="bbox 1882 3653 3489 3751">
     <span class='ocr_line' id='line_1_93' title="bbox 1882 3653 3489 3751; baseline 0.019 -44"><span class='ocrx_word' id='word_1_689' title='bbox 1882 3653 2027 3709; x_wconf 87' lang='lat' dir='ltr'><strong>inter</strong></span> <span class='ocrx_word' id='word_1_690' title='bbox 2047 3671 2106 3711; x_wconf 88' lang='lat' dir='ltr'><strong>se</strong></span> <span class='ocrx_word' id='word_1_691' title='bbox 2124 3658 2415 3717; x_wconf 85' lang='lat' dir='ltr'><strong>dissentire</strong></span> <span class='ocrx_word' id='word_1_692' title='bbox 2444 3664 2940 3735; x_wconf 82' lang='lat' dir='ltr'><strong>deprehenduntur.</strong></span> <span class='ocrx_word' id='word_1_693' title='bbox 2968 3672 3127 3732; x_wconf 89' lang='lat' dir='ltr'><strong>Certe</strong></span> <span class='ocrx_word' id='word_1_694' title='bbox 3155 3653 3283 3735; x_wconf 77' lang='lat' dir='ltr'><strong>illud</strong></span> <span class='ocrx_word' id='word_1_695' title='bbox 3312 3681 3489 3751; x_wconf 75' lang='lat' dir='ltr'><strong>ipsum</strong></span> 
     </span>
    </p>
   </div>
   <div class='ocr_carea' id='block_1_94' title="bbox 1883 3757 3488 3832">
    <p class='ocr_par' dir='ltr' id='par_1_94' title="bbox 1883 3757 3488 3832">
     <span class='ocr_line' id='line_1_94' title="bbox 1883 3757 3488 3832; baseline 0.019 -34"><span class='ocrx_word' id='word_1_696' title='bbox 1883 3760 2136 3817; x_wconf 81' lang='lat' dir='ltr'><strong>maguum</strong></span> <span class='ocrx_word' id='word_1_697' title='bbox 2157 3761 2240 3805; x_wconf 90' lang='lat' dir='ltr'><strong>est</strong></span> <span class='ocrx_word' id='word_1_698' title='bbox 2263 3768 2362 3822; x_wconf 92' lang='lat' dir='ltr'><strong>pro</strong></span> <span class='ocrx_word' id='word_1_699' title='bbox 2385 3757 2610 3815; x_wconf 83' lang='lat' dir='ltr'><strong>veritate</strong></span> <span class='ocrx_word' id='word_1_700' title='bbox 2636 3774 3031 3832; x_wconf 84' lang='lat' dir='ltr'><strong>argumentum.</strong></span> <span class='ocrx_word' id='word_1_701' title='bbox 3054 3765 3113 3821; x_wconf 91' lang='lat' dir='ltr'><strong>Si</strong></span> <span class='ocrx_word' id='word_1_702' title='bbox 3137 3770 3281 3825; x_wconf 91' lang='lat' dir='ltr'><strong>enim</strong></span> <span class='ocrx_word' id='word_1_703' title='bbox 3304 3774 3488 3829; x_wconf 89' lang='lat' dir='ltr'><strong>omnia</strong></span> 
     </span>
    </p>
   </div>
   <div class='ocr_carea' id='block_1_95' title="bbox 1882 3851 3482 3933">
    <p class='ocr_par' dir='ltr' id='par_1_95' title="bbox 1882 3851 3482 3933">
     <span class='ocr_line' id='line_1_95' title="bbox 1882 3851 3482 3933; baseline 0.016 -39"><span class='ocrx_word' id='word_1_704' title='bbox 1882 3851 2131 3897; x_wconf 87' lang='lat' dir='ltr'><strong>accurate</strong></span> <span class='ocrx_word' id='word_1_705' title='bbox 2150 3857 2540 3904; x_wconf 82' lang='lat' dir='ltr'><strong>eonsonasseut</strong></span> <span class='ocrx_word' id='word_1_706' title='bbox 2556 3860 2607 3906; x_wconf 91' lang='lat' dir='ltr'><strong>et</strong></span> <span class='ocrx_word' id='word_1_707' title='bbox 2628 3865 2885 3922; x_wconf 71' lang='lat' dir='ltr'><strong>quantum</strong></span> <span class='ocrx_word' id='word_1_708' title='bbox 2906 3856 2973 3911; x_wconf 88' lang='lat' dir='ltr'><strong>ad</strong></span> <span class='ocrx_word' id='word_1_709' title='bbox 2992 3866 3223 3930; x_wconf 90' lang='lat' dir='ltr'><strong>tempus,</strong></span> <span class='ocrx_word' id='word_1_710' title='bbox 3246 3871 3482 3933; x_wconf 84' lang='lat' dir='ltr'><strong>etquan-</strong></span> 
     </span>
    </p>
   </div>
   <div class='ocr_carea' id='block_1_96' title="bbox 1880 3934 3483 4017">
    <p class='ocr_par' dir='ltr' id='par_1_96' title="bbox 1880 3934 3483 4017">
     <span class='ocr_line' id='line_1_96' title="bbox 1880 3934 3483 4017; baseline 0.016 -34"><span class='ocrx_word' id='word_1_711' title='bbox 1880 3939 1996 3985; x_wconf 91' lang='lat' dir='ltr'><strong>tum</strong></span> <span class='ocrx_word' id='word_1_712' title='bbox 2022 3934 2090 3986; x_wconf 89' lang='lat' dir='ltr'><strong>ad</strong></span> <span class='ocrx_word' id='word_1_713' title='bbox 2118 3935 2263 4000; x_wconf 84' lang='lat' dir='ltr'><strong>loca,</strong></span> <span class='ocrx_word' id='word_1_714' title='bbox 2311 3946 2366 3991; x_wconf 91' lang='lat' dir='ltr'><strong>et</strong></span> <span class='ocrx_word' id='word_1_715' title='bbox 2405 3952 2667 4008; x_wconf 89' lang='lat' dir='ltr'><strong>quantum</strong></span> <span class='ocrx_word' id='word_1_716' title='bbox 2697 3945 2763 3998; x_wconf 91' lang='lat' dir='ltr'><strong>ad</strong></span> <span class='ocrx_word' id='word_1_717' title='bbox 2795 3947 2905 4014; x_wconf 87' lang='lat' dir='ltr'><strong>ipsa</strong></span> <span class='ocrx_word' id='word_1_718' title='bbox 2932 3950 3129 4017; x_wconf 82' lang='lat' dir='ltr'><strong>verba,</strong></span> <span class='ocrx_word' id='word_1_719' title='bbox 3158 3968 3223 4006; x_wconf 90' lang='lat' dir='ltr'><strong>ex</strong></span> <span class='ocrx_word' id='word_1_720' title='bbox 3254 3953 3483 4011; x_wconf 87' lang='lat' dir='ltr'><strong>inimicis</strong></span> 
     </span>
    </p>
   </div>
   <div class='ocr_carea' id='block_1_97' title="bbox 1879 4024 3483 4113">
    <p class='ocr_par' dir='ltr' id='par_1_97' title="bbox 1879 4024 3483 4113">
     <span class='ocr_line' id='line_1_97' title="bbox 1879 4024 3483 4113; baseline 0.017 -39"><span class='ocrx_word' id='word_1_721' title='bbox 1879 4034 2041 4075; x_wconf 88' lang='lat' dir='ltr'><strong>nemo</strong></span> <span class='ocrx_word' id='word_1_722' title='bbox 2061 4024 2363 4080; x_wconf 88' lang='lat' dir='ltr'><strong>crediturus</strong></span> <span class='ocrx_word' id='word_1_723' title='bbox 2384 4038 2501 4083; x_wconf 91' lang='lat' dir='ltr'><strong>erat</strong></span> <span class='ocrx_word' id='word_1_724' title='bbox 2519 4072 2535 4096; x_wconf 91' lang='lat'><strong>,</strong></span> <span class='ocrx_word' id='word_1_725' title='bbox 2562 4032 2657 4086; x_wconf 89' lang='lat' dir='ltr'><strong>sed</strong></span> <span class='ocrx_word' id='word_1_726' title='bbox 2682 4048 2745 4088; x_wconf 83' lang='lat' dir='ltr'><strong>ex</strong></span> <span class='ocrx_word' id='word_1_727' title='bbox 2770 4047 2956 4093; x_wconf 87' lang='lat' dir='ltr'><strong>muttto</strong></span> <span class='ocrx_word' id='word_1_728' title='bbox 2977 4039 3321 4113; x_wconf 82' lang='lat' dir='ltr'><strong>humanoque</strong></span> <span class='ocrx_word' id='word_1_729' title='bbox 3346 4059 3483 4100; x_wconf 85' lang='lat' dir='ltr'><strong>con-</strong></span> 
     </span>
    </p>
   </div>
   <div class='ocr_carea' id='block_1_98' title="bbox 1878 4118 3480 4207">
    <p class='ocr_par' dir='ltr' id='par_1_98' title="bbox 1878 4118 3480 4207">
     <span class='ocr_line' id='line_1_98' title="bbox 1878 4118 3480 4207; baseline 0.015 -35"><span class='ocrx_word' id='word_1_730' title='bbox 1878 4130 2042 4174; x_wconf 82' lang='lat' dir='ltr'><strong>sensu</strong></span> <span class='ocrx_word' id='word_1_731' title='bbox 2072 4118 2187 4175; x_wconf 67' lang='lat' dir='ltr'><strong>haec</strong></span> <span class='ocrx_word' id='word_1_732' title='bbox 2213 4122 2411 4191; x_wconf 81' lang='lat' dir='ltr'><strong>scripta</strong></span> <span class='ocrx_word' id='word_1_733' title='bbox 2442 4123 2610 4182; x_wconf 83' lang='lat' dir='ltr'><strong>fuisse</strong></span> <span class='ocrx_word' id='word_1_734' title='bbox 2640 4139 2952 4197; x_wconf 86' lang='lat' dir='ltr'><strong>putassent,</strong></span> <span class='ocrx_word' id='word_1_735' title='bbox 2985 4143 3143 4204; x_wconf 82' lang='lat' dir='ltr'><strong>atque</strong></span> <span class='ocrx_word' id='word_1_736' title='bbox 3164 4135 3480 4207; x_wconf 74' lang='lat' dir='ltr'><strong>bujusmodi</strong></span> 
     </span>
    </p>
   </div>
   <div class='ocr_carea' id='block_1_99' title="bbox 1877 4212 3479 4299">
    <p class='ocr_par' dir='ltr' id='par_1_99' title="bbox 1877 4212 3479 4299">
     <span class='ocr_line' id='line_1_99' title="bbox 1877 4212 3479 4299; baseline 0.016 -38"><span class='ocrx_word' id='word_1_737' title='bbox 1877 4212 2286 4267; x_wconf 86' lang='lat' dir='ltr'><strong>consonantiam</strong></span> <span class='ocrx_word' id='word_1_738' title='bbox 2313 4228 2419 4267; x_wconf 85' lang='lat' dir='ltr'><strong>neu</strong></span> <span class='ocrx_word' id='word_1_739' title='bbox 2439 4229 2505 4269; x_wconf 85' lang='lat' dir='ltr'><strong>ex</strong></span> <span class='ocrx_word' id='word_1_740' title='bbox 2531 4216 2892 4288; x_wconf 80' lang='lat' dir='ltr'><strong>simplicitate,</strong></span> <span class='ocrx_word' id='word_1_741' title='bbox 2918 4224 3333 4297; x_wconf 72' lang='lat' dir='ltr'><strong>sinceritateque</strong></span> <span class='ocrx_word' id='word_1_742' title='bbox 3356 4244 3479 4299; x_wconf 92' lang='lat' dir='ltr'><strong>pro-</strong></span> 
     </span>
    </p>
   </div>
   <div class='ocr_carea' id='block_1_100' title="bbox 1875 4298 3478 4385">
    <p class='ocr_par' dir='ltr' id='par_1_100' title="bbox 1875 4298 3478 4385">
     <span class='ocr_line' id='line_1_100' title="bbox 1875 4298 3478 4385; baseline 0.014 -32"><span class='ocrx_word' id='word_1_743' title='bbox 1875 4298 2089 4354; x_wconf 89' lang='lat' dir='ltr'><strong>cedere.</strong></span> <span class='ocrx_word' id='word_1_744' title='bbox 2112 4299 2231 4355; x_wconf 84' lang='lat' dir='ltr'><strong>Jam</strong></span> <span class='ocrx_word' id='word_1_745' title='bbox 2254 4317 2384 4357; x_wconf 85' lang='lat' dir='ltr'><strong>vero</strong></span> <span class='ocrx_word' id='word_1_746' title='bbox 2408 4304 2495 4358; x_wconf 89' lang='lat' dir='ltr'><strong>illa</strong></span> <span class='ocrx_word' id='word_1_747' title='bbox 2518 4321 2637 4375; x_wconf 74' lang='lat' dir='ltr'><strong>qua:</strong></span> <span class='ocrx_word' id='word_1_748' title='bbox 2659 4308 2712 4361; x_wconf 92' lang='lat' dir='ltr'><strong>in</strong></span> <span class='ocrx_word' id='word_1_749' title='bbox 2733 4310 2938 4380; x_wconf 79' lang='lat' dir='ltr'><strong>exiguis</strong></span> <span class='ocrx_word' id='word_1_750' title='bbox 2967 4313 3127 4369; x_wconf 79' lang='lat' dir='ltr'><strong>rebus</strong></span> <span class='ocrx_word' id='word_1_751' title='bbox 3147 4298 3478 4385; x_wconf 82' lang='lat' dir='ltr'><strong>deprehendi</strong></span> 
     </span>
    </p>
   </div>
   <div class='ocr_carea' id='block_1_101' title="bbox 1873 4390 3474 4475">
    <p class='ocr_par' dir='ltr' id='par_1_101' title="bbox 1873 4390 3474 4475">
     <span class='ocr_line' id='line_1_101' title="bbox 1873 4390 3474 4475; baseline 0.016 -32"><span class='ocrx_word' id='word_1_752' title='bbox 1873 4390 2086 4446; x_wconf 86' lang='lat' dir='ltr'><strong>videtur</strong></span> <span class='ocrx_word' id='word_1_753' title='bbox 2115 4394 2398 4451; x_wconf 78' lang='lat' dir='ltr'><strong>diversitas</strong></span> <span class='ocrx_word' id='word_1_754' title='bbox 2418 4437 2433 4462; x_wconf 94' lang='lat'><strong>,</strong></span> <span class='ocrx_word' id='word_1_755' title='bbox 2468 4412 2685 4454; x_wconf 89' lang='lat' dir='ltr'><strong>omnem</strong></span> <span class='ocrx_word' id='word_1_756' title='bbox 2713 4402 2780 4455; x_wconf 89' lang='lat' dir='ltr'><strong>ab</strong></span> <span class='ocrx_word' id='word_1_757' title='bbox 2812 4402 2940 4472; x_wconf 87' lang='lat' dir='ltr'><strong>ipsis</strong></span> <span class='ocrx_word' id='word_1_758' title='bbox 2982 4408 3345 4475; x_wconf 89' lang='lat' dir='ltr'><strong>suspicionem</strong></span> <span class='ocrx_word' id='word_1_759' title='bbox 3376 4411 3474 4468; x_wconf 91' lang='lat' dir='ltr'><strong>de-</strong></span> 
     </span>
    </p>
   </div>
   <div class='ocr_carea' id='block_1_102' title="bbox 1872 4483 3479 4568">
    <p class='ocr_par' dir='ltr' id='par_1_102' title="bbox 1872 4483 3479 4568">
     <span class='ocr_line' id='line_1_102' title="bbox 1872 4483 3479 4568; baseline 0.015 -34"><span class='ocrx_word' id='word_1_760' title='bbox 1872 4483 2052 4549; x_wconf 90' lang='lat' dir='ltr'><strong>pellit,</strong></span> <span class='ocrx_word' id='word_1_761' title='bbox 2104 4486 2566 4559; x_wconf 88' lang='lat' dir='ltr'><strong>scribentiumque</strong></span> <span class='ocrx_word' id='word_1_762' title='bbox 2600 4488 2760 4546; x_wconf 83' lang='lat' dir='ltr'><strong>ﬁdem</strong></span> <span class='ocrx_word' id='word_1_763' title='bbox 2788 4493 2933 4549; x_wconf 85' lang='lat' dir='ltr'><strong>clare</strong></span> <span class='ocrx_word' id='word_1_764' title='bbox 2963 4496 3216 4551; x_wconf 85' lang='lat' dir='ltr'><strong>vindicat.</strong></span> <span class='ocrx_word' id='word_1_765' title='bbox 3245 4499 3400 4568; x_wconf 90' lang='lat' dir='ltr'><strong>Quod</strong></span> <span class='ocrx_word' id='word_1_766' title='bbox 3429 4504 3479 4558; x_wconf 83' lang='lat' dir='ltr'><strong>si</strong></span> 
     </span>
    </p>
   </div>
   <div class='ocr_carea' id='block_1_103' title="bbox 1870 4575 3474 4659">
    <p class='ocr_par' dir='ltr' id='par_1_103' title="bbox 1870 4575 3474 4659">
     <span class='ocr_line' id='line_1_103' title="bbox 1870 4575 3474 4659; baseline 0.016 -33"><span class='ocrx_word' id='word_1_767' title='bbox 1870 4575 1999 4641; x_wconf 90' lang='lat' dir='ltr'><strong>quid</strong></span> <span class='ocrx_word' id='word_1_768' title='bbox 2030 4577 2175 4630; x_wconf 83' lang='lat' dir='ltr'><strong>circa</strong></span> <span class='ocrx_word' id='word_1_769' title='bbox 2204 4587 2446 4648; x_wconf 88' lang='lat' dir='ltr'><strong>tempora</strong></span> <span class='ocrx_word' id='word_1_770' title='bbox 2474 4590 2529 4637; x_wconf 91' lang='lat' dir='ltr'><strong>et</strong></span> <span class='ocrx_word' id='word_1_771' title='bbox 2569 4582 2685 4638; x_wconf 86' lang='lat' dir='ltr'><strong>loca</strong></span> <span class='ocrx_word' id='word_1_772' title='bbox 2714 4588 2985 4642; x_wconf 83' lang='lat' dir='ltr'><strong>varietatis</strong></span> <span class='ocrx_word' id='word_1_773' title='bbox 3032 4592 3387 4659; x_wconf 89' lang='lat' dir='ltr'><strong>protulerint,</strong></span> <span class='ocrx_word' id='word_1_774' title='bbox 3419 4595 3474 4651; x_wconf 80' lang='lat' dir='ltr'><strong>id</strong></span> 
     </span>
    </p>
   </div>
   <div class='ocr_carea' id='block_1_104' title="bbox 1868 4666 3470 4753">
    <p class='ocr_par' dir='ltr' id='par_1_104' title="bbox 1868 4666 3470 4753">
     <span class='ocr_line' id='line_1_104' title="bbox 1868 4666 3470 4753; baseline 0.014 -35"><span class='ocrx_word' id='word_1_775' title='bbox 1868 4666 2001 4720; x_wconf 82' lang='lat' dir='ltr'><strong>nihil</strong></span> <span class='ocrx_word' id='word_1_776' title='bbox 2032 4668 2199 4723; x_wconf 81' lang='lat' dir='ltr'><strong>efficit</strong></span> <span class='ocrx_word' id='word_1_777' title='bbox 2228 4672 2435 4725; x_wconf 84' lang='lat' dir='ltr'><strong>veritati</strong></span> <span class='ocrx_word' id='word_1_778' title='bbox 2465 4676 2820 4732; x_wconf 87' lang='lat' dir='ltr'><strong>narrationis:</strong></span> <span class='ocrx_word' id='word_1_779' title='bbox 2851 4678 2905 4732; x_wconf 89' lang='lat' dir='ltr'><strong>id</strong></span> <span class='ocrx_word' id='word_1_780' title='bbox 2934 4679 3075 4747; x_wconf 74' lang='lat' dir='ltr'><strong>quod</strong></span> <span class='ocrx_word' id='word_1_781' title='bbox 3097 4721 3111 4745; x_wconf 88' lang='lat'><strong>,</strong></span> <span class='ocrx_word' id='word_1_782' title='bbox 3149 4682 3257 4737; x_wconf 87' lang='lat' dir='ltr'><strong>Deo</strong></span> <span class='ocrx_word' id='word_1_783' title='bbox 3283 4683 3470 4753; x_wconf 80' lang='lat' dir='ltr'><strong>dante,</strong></span> 
     </span>
    </p>
   </div>
   <div class='ocr_carea' id='block_1_105' title="bbox 1865 4759 3466 4835">
    <p class='ocr_par' dir='ltr' id='par_1_105' title="bbox 1865 4759 3466 4835">
     <span class='ocr_line' id='line_1_105' title="bbox 1865 4759 3466 4835; baseline 0.013 -24"><span class='ocrx_word' id='word_1_784' title='bbox 1865 4759 1918 4811; x_wconf 92' lang='lat' dir='ltr'><strong>in</strong></span> <span class='ocrx_word' id='word_1_785' title='bbox 1942 4762 2286 4829; x_wconf 81' lang='lat' dir='ltr'><strong>sequentibus</strong></span> <span class='ocrx_word' id='word_1_786' title='bbox 2303 4764 2676 4823; x_wconf 85' lang='lat' dir='ltr'><strong>demonstrare</strong></span> <span class='ocrx_word' id='word_1_787' title='bbox 2696 4769 3034 4826; x_wconf 86' lang='lat' dir='ltr'><strong>conabimur.</strong></span> <span class='ocrx_word' id='word_1_788' title='bbox 3062 4773 3267 4831; x_wconf 67' lang='lat' dir='ltr'><strong>Prmter</strong></span> <span class='ocrx_word' id='word_1_789' title='bbox 3283 4785 3466 4835; x_wconf 85' lang='lat' dir='ltr'><strong>autem</strong></span> 
     </span>
    </p>
   </div>
   <div class='ocr_carea' id='block_1_106' title="bbox 1865 4852 3467 4936">
    <p class='ocr_par' dir='ltr' id='par_1_106' title="bbox 1865 4852 3467 4936">
     <span class='ocr_line' id='line_1_106' title="bbox 1865 4852 3467 4936; baseline 0.013 -34"><span class='ocrx_word' id='word_1_790' title='bbox 1865 4864 2023 4919; x_wconf 88' lang='lat' dir='ltr'><strong>supra</strong></span> <span class='ocrx_word' id='word_1_791' title='bbox 2049 4852 2196 4907; x_wconf 86' lang='lat' dir='ltr'><strong>dicta</strong></span> <span class='ocrx_word' id='word_1_792' title='bbox 2233 4896 2246 4917; x_wconf 93' lang='lat'><strong>,</strong></span> <span class='ocrx_word' id='word_1_793' title='bbox 2282 4854 2411 4910; x_wconf 91' lang='lat' dir='ltr'><strong>illud</strong></span> <span class='ocrx_word' id='word_1_794' title='bbox 2442 4858 2602 4912; x_wconf 88' lang='lat' dir='ltr'><strong>etiam</strong></span> <span class='ocrx_word' id='word_1_795' title='bbox 2634 4873 2731 4914; x_wconf 89' lang='lat' dir='ltr'><strong>vos</strong></span> <span class='ocrx_word' id='word_1_796' title='bbox 2758 4859 3052 4917; x_wconf 86' lang='lat' dir='ltr'><strong>observare</strong></span> <span class='ocrx_word' id='word_1_797' title='bbox 3081 4879 3371 4936; x_wconf 85' lang='lat' dir='ltr'><strong>rogamus,</strong></span> <span class='ocrx_word' id='word_1_798' title='bbox 3413 4868 3467 4923; x_wconf 91' lang='lat' dir='ltr'><strong>in</strong></span> 
     </span>
    </p>
   </div>
   <div class='ocr_carea' id='block_1_107' title="bbox 1865 4946 3465 5027">
    <p class='ocr_par' dir='ltr' id='par_1_107' title="bbox 1865 4946 3465 5027">
     <span class='ocr_line' id='line_1_107' title="bbox 1865 4946 3465 5027; baseline 0.012 -31"><span class='ocrx_word' id='word_1_799' title='bbox 1865 4946 2024 4999; x_wconf 88' lang='lat' dir='ltr'><strong>rebus</strong></span> <span class='ocrx_word' id='word_1_800' title='bbox 2058 4948 2338 5017; x_wconf 81' lang='lat' dir='ltr'><strong>praecipuis</strong></span> <span class='ocrx_word' id='word_1_801' title='bbox 2358 4989 2372 5012; x_wconf 92' lang='lat'><strong>,</strong></span> <span class='ocrx_word' id='word_1_802' title='bbox 2404 4964 2523 5019; x_wconf 63' lang='lat' dir='ltr'><strong>quae</strong></span> <span class='ocrx_word' id='word_1_803' title='bbox 2549 4952 2615 5005; x_wconf 84' lang='lat' dir='ltr'><strong>ad</strong></span> <span class='ocrx_word' id='word_1_804' title='bbox 2644 4952 2808 5006; x_wconf 83' lang='lat' dir='ltr'><strong>vitam</strong></span> <span class='ocrx_word' id='word_1_805' title='bbox 2835 4964 3073 5010; x_wconf 83' lang='lat' dir='ltr'><strong>nostram</strong></span> <span class='ocrx_word' id='word_1_806' title='bbox 3105 4966 3161 5011; x_wconf 89' lang='lat' dir='ltr'><strong>et</strong></span> <span class='ocrx_word' id='word_1_807' title='bbox 3193 4956 3260 5012; x_wconf 89' lang='lat' dir='ltr'><strong>ad</strong></span> <span class='ocrx_word' id='word_1_808' title='bbox 3294 4958 3465 5027; x_wconf 87' lang='lat' dir='ltr'><strong>ipsam</strong></span> 
     </span>
    </p>
   </div>
   <div class='ocr_carea' id='block_1_108' title="bbox 1863 5035 3468 5111">
    <p class='ocr_par' dir='ltr' id='par_1_108' title="bbox 1863 5035 3468 5111">
     <span class='ocr_line' id='line_1_108' title="bbox 1863 5035 3468 5111; baseline 0.013 -25"><span class='ocrx_word' id='word_1_809' title='bbox 1863 5035 2297 5102; x_wconf 64' lang='lat' dir='ltr'><strong>[medicationem</strong></span> <span class='ocrx_word' id='word_1_810' title='bbox 2324 5040 2577 5095; x_wconf 86' lang='lat' dir='ltr'><strong>tuendam</strong></span> <span class='ocrx_word' id='word_1_811' title='bbox 2601 5044 2903 5111; x_wconf 87' lang='lat' dir='ltr'><strong>pertinent,</strong></span> <span class='ocrx_word' id='word_1_812' title='bbox 2933 5046 3137 5100; x_wconf 89' lang='lat' dir='ltr'><strong>nullum</strong></span> <span class='ocrx_word' id='word_1_813' title='bbox 3164 5062 3351 5105; x_wconf 90' lang='lat' dir='ltr'><strong>eorum</strong></span> <span class='ocrx_word' id='word_1_814' title='bbox 3374 5065 3468 5107; x_wconf 77' lang='lat' dir='ltr'><strong>us-</strong></span> 
     </span>
    </p>
   </div>
   <div class='ocr_carea' id='block_1_109' title="bbox 1864 5128 3465 5208">
    <p class='ocr_par' dir='ltr' id='par_1_109' title="bbox 1864 5128 3465 5208">
     <span class='ocr_line' id='line_1_109' title="bbox 1864 5128 3465 5208; baseline 0.014 -30"><span class='ocrx_word' id='word_1_815' title='bbox 1864 5128 2004 5194; x_wconf 88' lang='lat' dir='ltr'><strong>piam</strong></span> <span class='ocrx_word' id='word_1_816' title='bbox 2035 5128 2104 5182; x_wconf 85' lang='lat' dir='ltr'><strong>ah</strong></span> <span class='ocrx_word' id='word_1_817' title='bbox 2148 5130 2270 5185; x_wconf 90' lang='lat' dir='ltr'><strong>aliis</strong></span> <span class='ocrx_word' id='word_1_818' title='bbox 2312 5132 2395 5188; x_wconf 92' lang='lat' dir='ltr'><strong>vel</strong></span> <span class='ocrx_word' id='word_1_819' title='bbox 2445 5134 2727 5189; x_wconf 91' lang='lat' dir='ltr'><strong>minimum</strong></span> <span class='ocrx_word' id='word_1_820' title='bbox 2779 5136 3066 5193; x_wconf 85' lang='lat' dir='ltr'><strong>dissentire</strong></span> <span class='ocrx_word' id='word_1_821' title='bbox 3108 5139 3465 5208; x_wconf 89' lang='lat' dir='ltr'><strong>deprehendi.</strong></span> 
     </span>
    </p>
   </div>
   <div class='ocr_carea' id='block_1_110' title="bbox 1861 5215 3463 5294">
    <p class='ocr_par' dir='ltr' id='par_1_110' title="bbox 1861 5215 3463 5294">
     <span class='ocr_line' id='line_1_110' title="bbox 1861 5215 3463 5294; baseline 0.013 -25"><span class='ocrx_word' id='word_1_822' title='bbox 1861 5215 2118 5283; x_wconf 83' lang='lat' dir='ltr'><strong>Quaenam</strong></span> <span class='ocrx_word' id='word_1_823' title='bbox 2149 5229 2328 5276; x_wconf 87' lang='lat' dir='ltr'><strong>autem</strong></span> <span class='ocrx_word' id='word_1_824' title='bbox 2360 5222 2448 5278; x_wconf 82' lang='lat' dir='ltr'><strong>illa</strong></span> <span class='ocrx_word' id='word_1_825' title='bbox 2480 5224 2747 5294; x_wconf 63' lang='lat' dir='ltr'><strong>praecipua</strong></span> <span class='ocrx_word' id='word_1_826' title='bbox 2777 5226 2943 5281; x_wconf 79' lang='lat' dir='ltr'><strong>sunt?</strong></span> <span class='ocrx_word' id='word_1_827' title='bbox 2974 5227 3142 5282; x_wconf 89' lang='lat' dir='ltr'><strong>Deum</strong></span> <span class='ocrx_word' id='word_1_828' title='bbox 3185 5230 3463 5290; x_wconf 89' lang='lat' dir='ltr'><strong>hominem</strong></span> 
     </span>
    </p>
   </div>
   <div class='ocr_carea' id='block_1_111' title="bbox 1863 5307 3465 5394">
    <p class='ocr_par' dir='ltr' id='par_1_111' title="bbox 1863 5307 3465 5394">
     <span class='ocr_line' id='line_1_111' title="bbox 1863 5307 3465 5394; baseline 0.012 -34"><span class='ocrx_word' id='word_1_829' title='bbox 1863 5307 2059 5363; x_wconf 90' lang='lat' dir='ltr'><strong>factum</strong></span> <span class='ocrx_word' id='word_1_830' title='bbox 2092 5328 2231 5379; x_wconf 69' lang='lat' dir='ltr'><strong>esse,</strong></span> <span class='ocrx_word' id='word_1_831' title='bbox 2275 5316 2532 5369; x_wconf 88' lang='lat' dir='ltr'><strong>miracnla</strong></span> <span class='ocrx_word' id='word_1_832' title='bbox 2565 5316 2815 5384; x_wconf 82' lang='lat' dir='ltr'><strong>edidisse,</strong></span> <span class='ocrx_word' id='word_1_833' title='bbox 2848 5320 3161 5375; x_wconf 82' lang='lat' dir='ltr'><strong>crucifixum</strong></span> <span class='ocrx_word' id='word_1_834' title='bbox 3184 5338 3249 5378; x_wconf 87' lang='lat' dir='ltr'><strong>ac</strong></span> <span class='ocrx_word' id='word_1_835' title='bbox 3279 5328 3465 5394; x_wconf 83' lang='lat' dir='ltr'><strong>sepul—</strong></span> 
     </span>
    </p>
   </div>
   <div class='ocr_carea' id='block_1_112' title="bbox 1868 5404 3463 5491">
    <p class='ocr_par' dir='ltr' id='par_1_112' title="bbox 1868 5404 3463 5491">
     <span class='ocr_line' id='line_1_112' title="bbox 1868 5404 3463 5491; baseline 0.011 -33"><span class='ocrx_word' id='word_1_836' title='bbox 1868 5413 1979 5459; x_wconf 85' lang='lat' dir='ltr'><strong>tum</strong></span> <span class='ocrx_word' id='word_1_837' title='bbox 2009 5404 2208 5472; x_wconf 80' lang='lat' dir='ltr'><strong>fuisse,</strong></span> <span class='ocrx_word' id='word_1_838' title='bbox 2240 5410 2634 5476; x_wconf 82' lang='lat' dir='ltr'><strong>resurrexisse,</strong></span> <span class='ocrx_word' id='word_1_839' title='bbox 2666 5412 2720 5466; x_wconf 92' lang='lat' dir='ltr'><strong>in</strong></span> <span class='ocrx_word' id='word_1_840' title='bbox 2765 5414 2954 5468; x_wconf 73' lang='lat' dir='ltr'><strong>eteium</strong></span> <span class='ocrx_word' id='word_1_841' title='bbox 3000 5418 3309 5474; x_wconf 78' lang='lat' dir='ltr'><strong>ascendisse</strong></span> <span class='ocrx_word' id='word_1_842' title='bbox 3331 5462 3345 5487; x_wconf 94' lang='lat'><strong>,</strong></span> <span class='ocrx_word' id='word_1_843' title='bbox 3374 5421 3463 5491; x_wconf 90' lang='lat' dir='ltr'><strong>ju-</strong></span> 
     </span>
    </p>
   </div>
   <div class='ocr_carea' id='block_1_113' title="bbox 1863 5496 3461 5581">
    <p class='ocr_par' dir='ltr' id='par_1_113' title="bbox 1863 5496 3461 5581">
     <span class='ocr_line' id='line_1_113' title="bbox 1863 5496 3461 5581; baseline 0.011 -31"><span class='ocrx_word' id='word_1_844' title='bbox 1863 5496 2163 5551; x_wconf 86' lang='lat' dir='ltr'><strong>dicaturutn</strong></span> <span class='ocrx_word' id='word_1_845' title='bbox 2191 5513 2312 5554; x_wconf 89' lang='lat' dir='ltr'><strong>esse</strong></span> <span class='ocrx_word' id='word_1_846' title='bbox 2333 5542 2346 5565; x_wconf 92' lang='lat'><strong>,</strong></span> <span class='ocrx_word' id='word_1_847' title='bbox 2390 5502 2642 5556; x_wconf 83' lang='lat' dir='ltr'><strong>salutaria</strong></span> <span class='ocrx_word' id='word_1_848' title='bbox 2689 5504 2903 5560; x_wconf 84' lang='lat' dir='ltr'><strong>dedisse</strong></span> <span class='ocrx_word' id='word_1_849' title='bbox 2951 5518 3217 5575; x_wconf 64' lang='lat' dir='ltr'><strong>praecepta</strong></span> <span class='ocrx_word' id='word_1_850' title='bbox 3241 5554 3258 5576; x_wconf 91' lang='lat'><strong>,</strong></span> <span class='ocrx_word' id='word_1_851' title='bbox 3290 5512 3461 5581; x_wconf 81' lang='lat' dir='ltr'><strong>legent</strong></span> 
     </span>
    </p>
   </div>
   <div class='ocr_carea' id='block_1_114' title="bbox 1860 5591 3455 5665">
    <p class='ocr_par' dir='ltr' id='par_1_114' title="bbox 1860 5591 3455 5665">
     <span class='ocr_line' id='line_1_114' title="bbox 1860 5591 3455 5665; baseline 0.009 -25"><span class='ocrx_word' id='word_1_852' title='bbox 1860 5591 2027 5642; x_wconf 84' lang='lat' dir='ltr'><strong>veteri</strong></span> <span class='ocrx_word' id='word_1_853' title='bbox 2060 5604 2164 5642; x_wconf 93' lang='lat' dir='ltr'><strong>non</strong></span> <span class='ocrx_word' id='word_1_854' title='bbox 2196 5593 2518 5645; x_wconf 88' lang='lat' dir='ltr'><strong>contrariam</strong></span> <span class='ocrx_word' id='word_1_855' title='bbox 2554 5592 2861 5649; x_wconf 83' lang='lat' dir='ltr'><strong>induxisse:</strong></span> <span class='ocrx_word' id='word_1_856' title='bbox 2896 5596 3067 5665; x_wconf 90' lang='lat' dir='ltr'><strong>ipsum</strong></span> <span class='ocrx_word' id='word_1_857' title='bbox 3091 5600 3283 5654; x_wconf 85' lang='lat' dir='ltr'><strong>Filium</strong></span> <span class='ocrx_word' id='word_1_858' title='bbox 3303 5616 3455 5664; x_wconf 86' lang='lat' dir='ltr'><strong>esse,</strong></span> 
     </span>
    </p>
   </div>
   <div class='ocr_carea' id='block_1_115' title="bbox 1862 5678 3460 5756">
    <p class='ocr_par' dir='ltr' id='par_1_115' title="bbox 1862 5678 3460 5756">
     <span class='ocr_line' id='line_1_115' title="bbox 1862 5678 3460 5756; baseline 0.008 -22"><span class='ocrx_word' id='word_1_859' title='bbox 1862 5678 2223 5750; x_wconf 84' lang='lat' dir='ltr'><strong>Unigenitum,</strong></span> <span class='ocrx_word' id='word_1_860' title='bbox 2256 5687 2568 5756; x_wconf 79' lang='lat' dir='ltr'><strong>genuinum,</strong></span> <span class='ocrx_word' id='word_1_861' title='bbox 2603 5686 2842 5755; x_wconf 85' lang='lat' dir='ltr'><strong>ejusdem</strong></span> <span class='ocrx_word' id='word_1_862' title='bbox 2869 5704 2991 5744; x_wconf 86' lang='lat' dir='ltr'><strong>cum</strong></span> <span class='ocrx_word' id='word_1_863' title='bbox 3024 5691 3179 5748; x_wconf 87' lang='lat' dir='ltr'><strong>Patre</strong></span> <span class='ocrx_word' id='word_1_864' title='bbox 3209 5693 3460 5749; x_wconf 72' lang='lat' dir='ltr'><strong>substatz~</strong></span> 
     </span>
    </p>
   </div>
  </div>
