4040 6418
267 404 336 462 19
1446 391 1516 448 lN
1555 388 1973 447 MATTHIEUM
2037 387 2273 446 HOMIL.
2313 394 2359 456 1.

259 507 544 578 mundum,
572 509 719 567 aliud
767 506 1072 565 institutum
1103 548 1117 574 ,
1151 504 1331 563 omnia
1372 501 1857 572 denique-mutata.

260 601 377 657 Non
403 601 544 657 sicut
591 601 766 667 Plato,
818 599 913 672 qui
961 597 1242 654 ridiculam
1295 595 1441 654 illam
1469 591 1861 662 rempublicam

271 692 525 760 instituit,
564 706 670 748 non
703 691 844 747 sicut
869 689 1017 747 Zeno
1040 687 1115 761 (α)
1135 729 1152 755 ,
1179 695 1235 742 et
1270 685 1316 740 si
1350 684 1442 755 qui
1472 680 1564 738 alii
1603 681 1673 736 de
1702 695 1862 749 repu-

261 782 402 839 blica
429 783 721 851 scripsere,
751 783 1005 852 legesque
1030 777 1270 836 edidere.
1299 773 1576 846 Siquidem
1602 772 1686 827 vel
1714 787 1780 826 ex
1807 785 1866 826 re

238 866 375 934 ipsa
400 866 750 935 conspicuum
769 864 887 930 fuit,
914 865 1204 934 malignum
1233 863 1499 932 spiritum,
1527 861 1858 916 deemooem-

258 971 367 1027 quo
389 957 704 1027 quempiam
731 954 927 1021 ferum,
956 964 1162 1008 naturas
1185 962 1382 1007 nostra:
1406 951 1620 1006 hostem
1639 991 1657 1008 .
1689 951 1859 1006 casti-

258 1045 387 1101 tatis
414 1045 712 1113 inimicum,
742 1043 1040 1099 honestatis
1069 1040 1439 1096 adversarium
1462 1081 1477 1105 ,
1521 1041 1701 1096 omnia
1734 1053 1858 1093 sus-

258 1136 437 1205 deque
480 1142 780 1191 vertentem
812 1173 828 1199 ,
876 1134 995 1187 haec
1043 1132 1256 1187 illorum
1301 1131 1497 1185 animis
1539 1130 1854 1184 inseruisse.

256 1226 397 1283 Cum
423 1226 569 1281 enim
587 1239 786 1280 uxores
813 1223 1066 1278 omnibus
1087 1234 1403 1276 communes
1432 1219 1652 1286 faciant,
1684 1219 1860 1275 nudas

257 1317 498 1388 virgines
524 1315 594 1370 ad
637 1314 1005 1385 spectaculum
1049 1313 1287 1367 virorum
1333 1311 1385 1366 in
1424 1309 1733 1381 palaestram
1754 1306 1858 1363 du-

256 1417 408 1475 cant,
460 1403 825 1462 clandestinas
866 1403 1083 1474 nuptias
1136 1410 1422 1473 apparent,
1465 1401 1650 1455 omnia
1699 1397 1858 1456 simul

255 1499 677 1556 commiscentes
703 1505 760 1553 et
786 1495 1209 1558 conturbantes,
1244 1495 1555 1563 natumque
1597 1491 1860 1547 terminos

255 1599 583 1655 evertentes,
616 1587 744 1658 quid
773 1586 916 1644 aliud
943 1585 1013 1642 de
1042 1585 1149 1640 illis
1176 1584 1282 1640 dici
1300 1583 1512 1653 possit?
1533 1581 1688 1648 Quod
1711 1579 1857 1635 enim

257 1680 378 1735 haec
404 1679 587 1745 omnia
629 1679 740 1734 sint
778 1679 1083 1734 daemonum
1113 1676 1329 1732 inventa
1374 1686 1431 1731 et
1458 1682 1666 1730 naturae
1693 1687 1859 1744 repu-

252 1771 498 1842 gnantia,
526 1771 641 1840 ipsa
667 1778 817 1826 certe
848 1778 1036 1825 natura
1067 1762 1388 1824 testificatur
1409 1808 1425 1834 ,
1454 1782 1577 1838 quae
1603 1775 1660 1823 et
1685 1781 1853 1838 supra

245 1860 415 1918 dictis
440 1861 699 1917 abhorret
739 1868 840 1916 :et
885 1861 973 1916 illa
1004 1875 1111 1914 non
1161 1874 1283 1914 eum
1325 1858 1856 1928 persequutionibus,

253 1969 366 2008 non
383 1967 505 2008 cum
534 1945 790 2024 periculis
807 1952 893 2007 vel
924 1952 1146 2022 pmliis,
1174 1949 1267 2005 sed
1289 1965 1410 2005 curn
1443 1948 1692 2005 libertate
1710 1950 1858 2004 omni

252 2053 311 2100 et
339 2043 629 2099 securitate
653 2042 1027 2105 scribentium,
1075 2049 1130 2096 et
1154 2048 1346 2094 ornatu
1389 2039 1658 2094 sermonis
1684 2039 1858 2095 multo

251 2148 403 2203 smpe
457 2133 717 2187 utentium
753 2172 768 2199 ,
817 2130 1036 2206 [emissa
1090 2127 1264 2201 sunt.]
1317 2128 1519 2184 Contra
1551 2143 1680 2184 vero
1726 2129 1845 2185 haec

251 2239 373 2292 qua
401 2224 693 2295 praedicata
717 2231 842 2278 sunt
867 2237 896 2276 a
921 2221 1297 2292 piscatoribus,
1322 2220 1509 2291 pulsis,
1536 2220 1857 2277 verberibus

250 2313 431 2379 caesis,
461 2313 598 2368 inter
625 2313 860 2383 pericula
892 2311 1236 2366 versantibus
1258 2352 1272 2374 ,
1301 2310 1558 2366 ineruditi
1591 2351 1606 2374 ,
1639 2314 1854 2382 Sapien-

253 2413 357 2471 tes,
385 2403 551 2470 servi,
579 2403 752 2470 liberi,
773 2417 949 2474 reges,
972 2402 1191 2471 milites,
1224 2402 1460 2471 barbari,
1487 2405 1685 2473 Gnaei,
1723 2423 1848 2464 cum

250 2494 402 2551 omni
423 2494 796 2551 benevolentia
815 2508 1098 2563 excepere.

315 2710 371 2766 5.
401 2710 589 2781 Neque
615 2725 743 2767 vero
761 2709 942 2768 dicere
972 2713 1149 2783 possis
1171 2753 1185 2778 ,
1211 2713 1329 2771 haec
1347 2758 1361 2782 ,
1389 2719 1531 2788 quod
1563 2735 1728 2789 parva
1758 2740 1844 2780 es-

243 2809 364 2857 sent
396 2811 455 2857 et
481 2801 708 2858 humilia
732 2842 747 2868 ,
777 2801 931 2859 facile
956 2817 986 2857 a
1012 2806 1223 2860 cunctis
1264 2819 1515 2878 suscepta
1548 2809 1731 2867 fuisse.
1757 2813 1843 2869 Si-

242 2892 464 2964 quidem
495 2894 612 2949 haec
640 2893 810 2950 multo
855 2895 1170 2951 sublimiora
1198 2907 1323 2954 sunt
1350 2899 1479 2954 illis.
1507 2899 1841 2969 Virginitatis

240 2985 389 3046 enim
420 2983 495 3038 illi
524 2998 593 3039 ne
621 2998 818 3040 nomen
844 2985 1061 3057 quidem
1098 2989 1184 3044 vel
1230 3006 1328 3060 per
1350 2991 1618 3046 somnium
1647 2993 1833 3064 imagi-

242 3073 356 3129 nati
394 3084 542 3140 sunt,
583 3089 690 3129 non
735 3085 1105 3146 paupertatem
1131 3119 1148 3146 ,
1196 3095 1306 3135 non
1344 3081 1630 3151 jejunium,
1664 3100 1840 3154 neque

242 3165 552 3236 quampiam
608 3166 769 3222 aliam
820 3182 1001 3223 rerum
1048 3169 1384 3226 sublimium.
1432 3172 1670 3242 Magistri
1712 3191 1840 3231 vero

242 3257 417 3311 nostri
467 3271 577 3311 non
621 3257 783 3312 modo
827 3259 1320 3330 concupiscentiam
1376 3263 1682 3329 eliminant,
1733 3283 1838 3322 non

242 3344 408 3401 modo
459 3346 658 3401 malum
709 3361 846 3417 opus
883 3348 1172 3418 castigant,
1217 3350 1314 3406 sed
1357 3354 1523 3408 etiam
1564 3364 1840 3421 aspectum

246 3436 599 3508 impudicum,
627 3439 790 3494 verba
811 3441 1223 3507 contumeliosa,
1249 3443 1415 3499 risum
1438 3444 1840 3518 immodestum,

243 3529 513 3596 habitum,
545 3531 837 3596 incessum,
869 3533 1186 3598 clamorem,
1218 3546 1274 3589 et
1301 3550 1472 3605 usque
1509 3538 1579 3592 ad
1622 3540 1842 3596 minima

243 3631 552 3676 accuratam
582 3621 924 3690 disciplinam
970 3623 1270 3680 extendunt
1294 3663 1310 3688 ,
1339 3635 1502 3697 atque
1531 3628 1843 3685 universum

244 3712 431 3768 orbem
464 3711 783 3783 virginitatis
827 3711 1072 3784 gemine
1096 3715 1464 3784 repleverunt.
1497 3717 1573 3773 De
1605 3718 1715 3774 Deo
1752 3735 1848 3775 au-

246 3812 354 3860 tem
382 3804 556 3874 deque
602 3804 906 3860 caelestibus
936 3819 998 3861 ea
1042 3806 1409 3877 philosmthari
1448 3809 1698 3877 suadent,
1727 3827 1846 3881 qua:

245 3895 380 3951 nulli
413 3911 604 3950 eorum
643 3910 894 3964 umquam
921 3897 974 3951 in
1020 3907 1257 3952 mentem
1307 3900 1497 3956 venire
1535 3909 1844 3970 potuerunt.

245 3978 532 4047 Quomodo
553 3978 699 4033 enim
726 3978 842 4034 haec
869 3981 1194 4050 cogitassent
1219 3982 1308 4050 qui
1330 3981 1591 4050 ferarum,
1618 4000 1846 4055 serpen-

245 4074 382 4127 tium
413 4072 750 4141 aliorumque
777 4070 1022 4126 viliorum
1045 4072 1304 4142 imagines
1334 4074 1385 4127 in
1407 4073 1632 4128 deorum
1656 4091 1846 4132 nume-

246 4177 367 4217 rum
391 4160 627 4216 retulere
645 4160 948 4216 l-Attamen
980 4160 1097 4216 haec
1123 4161 1368 4216 sobiimia
1393 4161 1641 4233 dogmata
1666 4179 1849 4221 susceo

249 4271 340 4332 pta
367 4269 425 4316 et
459 4259 662 4315 credita
683 4268 806 4315 sunt
831 4260 882 4312 in
905 4258 1130 4330 diesque
1171 4258 1538 4328 ﬂorentatque
1555 4270 1803 4315 crescunt
1830 4278 1845 4326 ;

248 4352 467 4407 illorum
491 4365 624 4406 vero
661 4351 836 4404 cultus
871 4348 980 4404 abit
1017 4359 1072 4404 et
1120 4351 1293 4419 perit,
1323 4360 1484 4420 atque
1528 4366 1846 4407 aranearum

247 4442 379 4498 telis
415 4440 627 4496 facilius
672 4440 965 4495 evanescit.
1010 4439 1248 4511 illudque
1289 4441 1527 4494 merito:
1575 4439 1852 4498 dmmones

252 4533 400 4590 enim
454 4534 570 4588 haec
615 4531 977 4602 pradicarnnt
1023 4551 1035 4584 :
1083 4541 1411 4601 quapropter
1457 4547 1578 4587 cum
1625 4533 1846 4591 lascivia

251 4623 476 4678 multam
500 4621 697 4677 habent
721 4621 999 4691 caliginem
1024 4621 1388 4691 majoremque
1415 4621 1678 4678 laborem.
1708 4625 1849 4693 Quid

251 4715 396 4769 enim
443 4714 612 4782 magis
663 4712 948 4768 ridiculum
987 4711 1188 4779 fuerit,
1218 4728 1379 4784 quam
1422 4713 1704 4784 disciplina
1735 4717 1848 4784 illa,

253 4804 365 4869 ubi,
397 4815 594 4874 przeter
639 4819 703 4860 ea
749 4820 872 4874 qua:
918 4805 1060 4859 dicta
1108 4814 1255 4869 sunt,
1285 4806 1580 4863 innumeris
1629 4809 1852 4877 prolatis

258 4893 505 4947 versibus
537 4894 886 4961 philosOphus
907 4935 922 4959 ,
963 4906 1021 4947 ut
1047 4895 1173 4962 quid
1206 4895 1276 4949 sit
1303 4897 1509 4965 justum
1558 4899 1850 4966 ostendat,

246 4993 396 5042 tanta
425 4985 747 5055 loquacitate
775 4996 830 5043 et
855 4987 1182 5044 obscuritate
1203 4989 1347 5045 dicta
1368 5006 1464 5047 sua
1489 4993 1686 5063 replet,
1720 5006 1780 5051 ut
1806 4997 1852 5051 si

249 5075 378 5145 quid
405 5075 571 5131 etiam
600 5078 726 5139 boni
775 5079 1039 5134 haberent
1063 5121 1079 5146 ,
1109 5079 1398 5136 admodum
1430 5092 1612 5138 tamen
1643 5086 1852 5143 inutilia

249 5177 431 5222 essent
476 5168 753 5223 hominum
775 5171 939 5225 vitae?
962 5172 1017 5226 Si
1046 5173 1190 5228 enim
1226 5174 1482 5243 agricola,
1517 5177 1600 5232 vel
1628 5182 1852 5236 aerarius

248 5255 402 5313 faber
442 5258 526 5313 vel
569 5259 915 5325 architectus,
966 5274 1060 5319 aut
1099 5266 1452 5336 gubernator,
1502 5278 1594 5324 aut
1637 5273 1681 5324 si
1729 5274 1849 5342 quis

246 5347 384 5404 alius
412 5363 626 5417 eorum,
656 5351 745 5421 qui
793 5352 988 5407 diurno
1017 5371 1274 5412 manuum
1310 5373 1476 5426 opere
1505 5362 1706 5417 victum
1749 5379 1845 5434 pa-

249 5448 389 5508 rant,
413 5442 574 5498 vellet
600 5443 670 5498 ab
697 5454 813 5499 arte
839 5457 932 5500 sua
956 5446 1212 5518 justeque
1243 5449 1431 5507 labore
1471 5453 1770 5522 abstinere,
1793 5458 1845 5512 in

318 5671 396 5735 (α)
429 5673 578 5739 [νισι
592 5677 639 5724 is
658 5675 1001 5739 depopuhlica
1024 5689 1147 5738 opus
1170 5678 1360 5739 ignorat
1380 5691 1545 5731 nemo.
1559 5679 1637 5732 De
1661 5686 1852 5734 Zenone

259 5733 386 5786 vero
406 5733 574 5787 Eleate
599 5737 710 5787 vide
729 5733 1006 5800 Diogenem
1028 5733 1287 5789 Liternum.

1957 519 2131 575 caque
2175 519 2236 560 re
2279 505 2479 560 multos
2496 517 2672 561 annos
2698 505 3006 572 absumere,
3038 503 3245 576 utquid
3273 505 3344 561 sit
3356 505 3565 576 justum

1955 595 2226 651 edisceret
2256 614 2270 649 :
2303 609 2453 679 saepe
2504 595 2818 665 priusquam
2853 594 2987 650 illud
3035 595 3350 652 edidicisset
3370 635 3388 663 ,
3422 596 3566 654 fame

1954 696 2328 754 consmnptus,
2376 685 2552 740 abiret
2606 686 2737 754 justi
2795 685 3037 749 discendi
3074 700 3257 753 causa,
3308 695 3368 742 et
3414 686 3563 744 nulla

1954 786 2262 846 comparata
2293 776 2409 832 utili
2438 775 2747 847 disciplina,
2782 775 3075 832 violentam
3095 786 3328 838 mortem
3358 778 3560 834 obiret.

1957 867 2148 923 Nostra
2178 883 2312 922 vero
2339 883 2445 924 non
2473 867 2784 938 hujusmodi
2805 878 2965 933 sunt;
2992 867 3090 924 sed
3115 868 3320 936 justum
3342 909 3358 934 ,
3387 869 3564 930 hone-

1952 971 2117 1027 stum,
2152 961 2305 1025 utile,
2330 962 2665 1030 virtutesque
2703 974 2916 1028 omnes,
2939 961 3131 1030 paucis
3156 960 3331 1030 iisque
3346 959 3563 1029 perspi-

1952 1053 2070 1108 cuis
2098 1053 2278 1111 verbis
2297 1051 2544 1109 Christus
2566 1067 2666 1108 nos
2687 1051 2898 1109 edocuit
2920 1051 3083 1107 modo
3097 1051 3283 1107 dicens
3304 1068 3318 1104 :
3345 1050 3409 1105 In
3427 1052 3562 1105 dso-

1952 1145 2044 1198 bus
2070 1144 2326 1199 nmndatis
2354 1145 2438 1199 lea:
2462 1152 2506 1198 et
2538 1143 2802 1214 propheta
2825 1143 3044 1214 patch
3070 1142 3287 1214 (Matth.
3311 1142 3405 1198 2‘3.
3421 1142 3559 1212 £0);

1954 1234 2004 1289 id
2022 1243 2125 1300 est,
2163 1235 2331 1289 inDci
2363 1235 2668 1305 etprosimi
2709 1235 2976 1295 caritate;
3009 1233 3301 1304 aliquando
3339 1220 3558 1290 autem}

1956 1325 2300 1392 Quaecumque
2328 1326 2480 1380 ruitis
2521 1335 2574 1380 ut
2622 1327 2811 1397 faciant
2841 1325 2982 1380 vobis
3009 1326 3262 1392 homines,
3293 1335 3340 1381 el
3365 1341 3454 1382 vos
3478 1329 3563 1398 [ιο

1951 1418 2048 1470 cite
2068 1416 2192 1472 illis.
2219 1414 2350 1472 "(ec
2374 1425 2446 1470 est
2471 1416 2717 1471 mimica:
2751 1425 2802 1471 et
2838 1414 3101 1486 propheta!
3126 1414 3339 1486 (Matth.
3366 1417 3418 1470 7.
3448 1416 3558 1487 l2).

1949 1508 2082 1576 Qua:
2105 1517 2161 1564 et
2200 1508 2472 1580 agricolas,
2513 1516 2570 1564 et
2595 1523 2774 1573 servo,
2805 1517 2859 1563 et
2883 1507 3092 1572 vidum,
3117 1517 3176 1564 et
3203 1524 3395 1579 puero,
3450 1511 3561 1565 imo

1949 1596 2113 1652 etiam
2135 1598 2190 1654 ei
2212 1597 2302 1667 qui
2332 1596 2623 1653 admodum
2659 1597 2860 1653 bardus
2884 1611 3006 1652 esse
3037 1598 3304 1660 videatur,
3335 1597 3558 1654 intelle-

1950 1697 2041 1741 ctu
2072 1686 2250 1742 facilia
2279 1688 2504 1744 omnino
2541 1696 2688 1743 sunt.
2719 1688 2849 1743 llzcc
2875 1696 2957 1744 est
2976 1687 3123 1743 enim
3151 1687 3398 1744 veritatis
3425 1702 3560 1744 con-

1948 1775 2104 1832 ditio.
2156 1777 2288 1834 illud
2343 1787 2525 1835 autem
2575 1778 2892 1835 testificatur
2940 1781 3060 1848 ipse
3117 1793 3304 1834 rerum
3353 1780 3556 1838 exitus.

1948 1867 2225 1938 Siquidem
2257 1882 2450 1925 omnes
2473 1884 2598 1940 qua:
2627 1867 2835 1940 agenda
2875 1878 3035 1925 erant
3076 1867 3404 1936 didicerunt,
3439 1884 3544 1928 nec

1948 1964 2254 2020 didicerunt
2268 1963 2454 2028 modo,
2479 1962 2574 2019 sed
2597 1962 2762 2018 etiam
2792 1961 3016 2031 exsequi
3043 1959 3405 2027 studuerunt:
3433 1972 3548 2013 non-

1939 2058 1992 2111 in
2023 2055 2247 2111 urbibus
2270 2063 2501 2122 tantum,
2523 2069 2625 2109 nec
2648 2055 2701 2108 in
2726 2052 2907 2108 medio
2935 2051 3055 2107 foro
3079 2068 3094 2117 ;
3120 2050 3218 2106 sed
3241 2061 3300 2106 et
3318 2050 3374 2104 in
3393 2064 3553 2104 mou-

1945 2148 2080 2202 tium
2107 2147 2404 2202 verticibus
2437 2145 2538 2218 (a).
2585 2146 2660 2201 lbi
2710 2146 2858 2200 enim
2901 2143 3126 2199 multam
3157 2141 3342 2199 videas
3371 2141 3546 2212 philo-

1944 2237 2212 2306 sophiam,
2243 2236 2442 2291 choros
2469 2237 2786 2307 angelorum
2815 2235 2868 2290 in
2897 2234 3135 2290 humano
3163 2247 3394 2302 corpore
3439 2231 3552 2288 ful-

1937 2344 2099 2399 gere,
2135 2339 2191 2383 et
2218 2329 2523 2383 institutum
2553 2328 2773 2383 caeleste
2812 2327 3036 2382 micare.
3079 2323 3220 2380 Nam
3246 2323 3550 2379 institutum

1939 2419 2067 2471 vita:
2114 2417 2272 2471 nobis
2307 2417 2611 2485 piscatores
2657 2417 2924 2486 scripsere
2956 2433 2972 2472 :
3006 2429 3116 2470 non
3145 2428 3173 2468 a
3205 2429 3372 2483 puero
3399 2413 3560 2469 insti-

1942 2510 2015 2562 tui
2069 2508 2324 2577 jubentes
2373 2519 2430 2562 ut
2460 2507 2532 2562 illi
2563 2507 2910 2578 philosophi,
2945 2521 3052 2562 non
3079 2515 3285 2562 certam
3335 2516 3551 2563 etatem

1943 2600 2155 2654 virtutis
2181 2598 2431 2655 studioso
2461 2601 2905 2670 prmeribentes,
2931 2599 3028 2656 sed
3055 2599 3301 2669 quamvis
3330 2607 3547 2654 uatem

1941 2690 2306 2745 iustituentes.
2361 2689 2454 2744 llla
2499 2691 2644 2746 enim
2694 2704 2988 2760 puerorum
3031 2689 3192 2745 ludus
3224 2699 3384 2758 sunt;
3438 2689 3556 2744 hare

1939 2787 2141 2844 autem,
2163 2793 2343 2833 rerum
2389 2779 2607 2834 veritas.
2638 2779 2774 2835 lluie
2803 2779 3059 2837 instituto
3093 2779 3268 2836 locum
3316 2779 3560 2850 assigna-

1939 2883 2069 2958 vcre
2096 2869 2327 2936 calum,
2364 2870 2644 2940 Deumque
2675 2871 3004 2928 indmerunt
3049 2873 3169 2942 ejus
3195 2873 3449 2958 opiﬁcem
3493 2886 3559 2928 ac

1942 2957 2118 3028 legum
2148 2960 2378 3016 latorem
2403 3002 2418 3025 ,
2454 2971 2511 3014 ut
2557 2977 2655 3031 par
2684 2963 2908 3019 omnino
2941 2974 3076 3019 erat.
3131 2957 3369 3018 lnstituti
3423 2979 3558 3018 vero

1943 3051 2162 3118 praemia
2186 3090 2201 3112 ,
2233 3063 2342 3103 non
2374 3049 2512 3106 lauri
2563 3050 2712 3117 folia,
2742 3067 2849 3108 non
2894 3054 3113 3109 oleastri
3165 3069 3388 3119 corona,
3441 3069 3549 3109 non

1941 3141 2245 3195 convivium
2285 3141 2338 3195 in
2391 3141 2661 3213 Prytaneo
2686 3144 2760 3214 (ιι)
2785 3182 2804 3207 ,
2844 3159 2951 3199 non
2992 3160 3152 3199 aerem
3179 3153 3395 3209 statum,
3449 3159 3559 3201 non

1943 3229 2135 3300 frigida
2163 3231 2354 3286 isthmc
2380 3242 2436 3286 et
2461 3233 2640 3286 inania
2672 3251 2686 3287 :
2713 3234 2811 3290 sed
2839 3234 2945 3289 vita
2967 3234 3130 3290 linem
3158 3250 3264 3290 non
3287 3234 3558 3302 habitura,

1942 3324 2135 3379 collata
2181 3325 2417 3380 ﬁliorum
2450 3324 2546 3380 Dei
2595 3325 2854 3390 conditio,
2905 3325 3122 3382 chorea:
3167 3341 3292 3382 cum
3349 3328 3564 3399 angelis

1947 3423 2101 3478 actae,
2133 3423 2259 3470 ante
2301 3415 2494 3469 solium
2525 3415 2732 3486 regium
2763 3416 3069 3486 mittentia,
3090 3415 3410 3488 perpetuum
3432 3432 3558 3475 cum

1945 3504 2161 3562 Christo
2190 3508 2547 3562 consortium.

2022 3705 2075 3756 ﬁ.
2110 3703 2280 3773 Hujus
2308 3716 2475 3772 porro
2513 3699 2744 3757 instituti
2781 3700 3036 3756 doctores
3077 3708 3207 3757 sunt
3247 3698 3560 3769 publicani,

1951 3803 2247 3873 piscatores
2286 3806 2345 3851 et
2371 3797 2726 3852 tentoriorum
2763 3794 3020 3866 opiﬁces,
3061 3809 3168 3850 non
3207 3798 3298 3866 qui
3347 3798 3560 3853 modico

1950 3901 2194 3959 tctttpore
2221 3887 2472 3952 vixerint,
2494 3885 2592 3941 sed
2613 3885 2704 3955 qui
2727 3895 2984 3940 aeternam
3007 3892 3173 3954 agant
3194 3888 3381 3940 vitam.
3408 3886 3560 3941 Ideo-

1948 3995 2053 4050 que
2072 3980 2232 4034 etiam
2254 3987 2375 4048 post
2396 3984 2628 4031 mortem
2645 3975 2876 4031 instituti
2901 3985 3198 4031 sectatores
3213 3975 3403 4046 juvare
3431 3992 3560 4046 pos-

1949 4070 2076 4122 sint.
2127 4067 2264 4121 Huic
2305 4067 2555 4120 instituto
2602 4065 2804 4119 bellum
2848 4074 2947 4131 est,
3003 4081 3109 4120 non
3152 4065 3415 4122 adversus
3457 4067 3559 4122 ho-

1951 4161 2160 4223 mines,
2205 4157 2302 4213 sed
2351 4155 2611 4212 adversus
2646 4155 2924 4210 daemones
2961 4165 3017 4210 et
3064 4157 3411 4227 incorporeas
3442 4158 3560 4213 illas

1955 4256 2271 4317 potestates.
2308 4245 2543 4316 Ideoque
2567 4243 2677 4299 dux
2711 4243 2815 4299 illis
2837 4255 2943 4310 est,
2975 4260 3082 4300 non
3112 4244 3296 4312 homo,
3331 4263 3438 4301 non
3461 4263 3560 4301 an-

1958 4346 2232 4417 gelus,sed
2253 4347 2367 4413 ipse
2383 4344 2543 4400 Deus.
2558 4346 2724 4399 Arma
2737 4358 2869 4398 vero
2882 4342 3101 4400 illorum
3122 4342 3356 4397 militum
3371 4343 3436 4397 ad
3455 4344 3527 4397 hu

1955 4439 2047 4510 jus
2100 4439 2226 4494 belli
2265 4437 2533 4492 rationem
2572 4435 2853 4506 quadrant
2889 4452 2904 4490 :
2945 4449 3123 4505 neque
3162 4435 3308 4489 enim
3344 4451 3410 4489 ex
3448 4436 3558 4503 pel-

1950 4547 2087 4597 libus
2104 4550 2363 4613 parantur
2384 4549 2478 4596 aut
2505 4539 2671 4606 ferro,
2695 4539 2790 4595 sed
2816 4555 2882 4596 ex
2909 4539 3154 4603 veritate,
3180 4537 3408 4605 iustitia,
3431 4531 3561 4604 fide,

1952 4633 2399 4705 philosophiaque
2436 4633 2606 4687 omni.
2637 4632 2901 4699 Quoniam
2952 4630 3114 4700 igitur
3138 4628 3209 4684 de
3253 4628 3561 4700 huiusmodi

1953 4726 2238 4798 disciplina
2255 4727 2341 4782 hic
2363 4726 2496 4781 liber
2513 4735 2592 4780 est
2612 4725 2975 4794 conscriptus,
2999 4721 3066 4778 de
3082 4737 3186 4793 qua
3205 4721 3361 4777 nobis
3379 4721 3564 4778 dicere

1951 4819 2290 4888 propositum
2323 4826 2406 4871 est
2426 4857 2440 4880 ,
2473 4815 2782 4870 Matthmum
2811 4825 3018 4870 attente
3049 4812 3334 4869 audiamus
3372 4814 3441 4869 de
3467 4813 3563 4870 illa

1951 4910 2234 4980 perspicue
2261 4908 2616 4964 disserentem
2645 4925 2659 4962 :
2685 4923 2789 4961 non
2813 4907 2955 4961 enim
2982 4907 3098 4976 ejus
3120 4914 3247 4960 sunt
3272 4904 3437 4973 dicta,
3463 4903 3560 4960 sed

1950 5001 2172 5066 Christi,
2202 5002 2292 5071 qui
2320 5000 2461 5055 hanc
2484 4999 2823 5071 disciplinam
2861 4985 3113 5053 instituit.
3148 4998 3403 5052 Animum
3428 5011 3562 5066 ergo

1953 5095 2327 5158 adhibeamus,
2359 5103 2418 5147 ut
2446 5093 2498 5147 in
2529 5092 2622 5147 illa
2646 5107 2950 5147 mereamur
2978 5090 3234 5157 adscribi,
3264 5105 3328 5144 ac.
3357 5089 3564 5159 fulgere

1952 5205 2073 5243 cum
2111 5190 2177 5242 iis
2207 5187 2298 5258 qui
2327 5187 2431 5241 hoc
2459 5185 2761 5240 institutum
2807 5184 3011 5238 emensi
3066 5183 3401 5237 immor:ales
3444 5182 3565 5237 illas

1953 5293 2213 5349 accepere
2258 5291 2508 5334 coronas.
2560 5275 2740 5330 Multis
2767 5285 2917 5330 certe
2947 5274 3064 5328 ha'c
3108 5271 3284 5327 facilia
3314 5272 3568 5326 videntur

1956 5387 2104 5436 case,
2139 5369 2522 5439 prophetarum
2556 5382 2692 5422 vero
2733 5366 2875 5421 dicta
2914 5362 3145 5419 multum
3187 5363 3387 5417 habere
3423 5362 3565 5416 difli—

1957 5460 2191 5516 collatis.
2227 5458 2425 5515 Verum
2457 5457 2529 5511 ita
2570 5456 2883 5512 existimant
2927 5454 2999 5520 ii,
3036 5454 3129 5522 qui
3173 5453 3566 5508 sententiarum

2009 5615 2083 5737 ia;
2117 5614 2195 5664 De
2210 5615 2461 5665 monachis
2485 5618 2532 5664 in
2555 5624 2725 5666 monte
2747 5615 3048 5678 degentibus
3072 5617 3308 5680 loquitur.

2033 5676 2060 5724 ιι
2118 5683 2405 5737 Prytaneum
2421 5677 2555 5726 locus
2571 5688 2679 5728 erat
2702 5677 2786 5726 ubi
2811 5690 3098 5729 communes
3123 5680 3286 5737 epulae

2033 5676 2083 5737 ιι)
2101 5683 2405 5742 _Prytaneu_m
2421 5677 2555 5742 locus
2571 5688 2679 5728 erat
2702 5677 2786 5726 ubi
2811 5676 3098 5729 communes
3123 5676 3286 5742 epulae
3311 5680 3553 5732 dabantur

1947 5737 2008 5784 iis
2030 5735 2111 5800 qui
2136 5735 2201 5788 de
2225 5735 2422 5801 publico
2446 5739 2577 5788 bene
2601 5745 2905 5789 meruerant.
