4040 6434
515 395 584 452 τι
1210 389 1272 441 δ.
1305 380 1587 441 ,ιοΑιηΜε
1621 377 1806 436 CHRY
1816 370 2095 433 SOSTOHI

2205 369 2464 430 RCHIEP.
2499 360 3046 425 CONSTANTINOP.

475 527 482 534 ·
503 513 577 567 ibi
601 506 993 566 reconditarum
1017 499 1432 574 profunditatem
1454 495 1721 565 ignorant.
1750 487 2083 556 Quapropter

503 612 656 670 rogo,
669 613 767 653 nos
782 611 903 653 cum
916 607 1108 665 magno
1122 590 1301 647 studio
1312 583 1629 656 sequamini,
1644 577 1930 670 utChristo
1941 574 2078 629 duce

502 693 559 748 in
575 668 687 746 hoc
708 689 1028 759 scriptorum
1050 684 1267 755 pelagus
1286 676 1488 749 ingredi
1510 676 1805 730 valeamus.
1829 668 1900 726 Ut
1918 680 2081 738 porro

507 780 715 836 facilius
743 779 858 833 haec
881 775 1157 832 addiscere
1186 769 1399 842 possitis
1420 807 1436 830 ,
1464 777 1715 836 rogamus
1743 769 1799 815 et
1822 759 2080 813 obsecra-

507 886 649 936 mus,
665 869 715 923 id
731 865 871 938 quod
884 865 1044 920 etiam
1059 863 1114 917 in
1127 860 1249 915 aliis
1262 857 1660 927 Scripturarum
1677 849 1828 905 libris
1838 847 2086 914 fecimus,

509 969 571 1016 ut
584 960 728 1014 illam
747 956 1035 1026 Scriptum
1049 950 1341 1007 clausulam
1354 986 1370 1014 ,
1392 959 1552 1017 quam
1569 938 1966 1012 interpretaturi
1995 952 2057 990 su
2070 966 2086 977 -

509 1058 652 1110 mus,
676 1043 991 1114 prmlibetis,
1013 1051 1070 1095 ut
1096 1041 1257 1095 lectio
1280 1038 1635 1107 cognitionem
1657 1030 1920 1102 pra'cedat
1949 1031 2001 1094 ²;
2024 1026 2078 1084 id

505 1133 650 1205 quod
681 1134 733 1189 in
762 1132 1008 1189 eunucho
1032 1130 1287 1201 contigit,
1319 1130 1566 1198 quodque
1599 1124 1819 1179 ultam
1849 1121 2084 1192 praebeat

510 1226 838 1282 facilitatem.
867 1224 1201 1292 Quaestiones
1241 1221 1382 1277 enim
1425 1215 1678 1290 plurimae
1700 1224 1755 1272 et
1783 1214 2086 1285 frequentes

510 1324 821 1372 occurrunt.
839 1313 1216 1370 Animadverte
1236 1325 1365 1381 ergo
1388 1310 1568 1364 statim
1595 1307 1649 1361 in
1672 1306 1790 1376 ipso
1809 1303 2082 1373 Evangelii

511 1404 755 1469 exordio,
785 1415 916 1474 quot
939 1412 996 1459 et
1019 1409 1215 1474 quanta
1242 1397 1526 1470 qumrenda
1552 1405 1854 1451 occurrant.
1881 1392 2082 1459 Primo,

512 1509 608 1550 cur
626 1492 844 1564 Joseplti
864 1491 1172 1563 genealogia
1200 1489 1446 1555 ducatur,
1475 1487 1566 1557 qui
1586 1484 1782 1540 Christi
1809 1492 1958 1554 pater
1981 1496 2086 1536 non

512 1592 652 1640 erat.
675 1583 943 1649 Secundo,
965 1579 1235 1652 quomndo
1251 1580 1465 1650 planum
1493 1577 1597 1633 erit
1615 1576 1787 1646 ipsum
1809 1589 1875 1628 es
1893 1573 2090 1629 Davide

511 1672 777 1743 originem
803 1671 1020 1737 dueere,
1047 1685 1167 1724 cum
1205 1669 1479 1739 ignoretur
1507 1665 1725 1736 quinam
1767 1663 1945 1718 Maria:
1972 1677 2089 1715 ma-

515 1764 619 1819 tris
641 1763 759 1834 eius
793 1761 1025 1832 majores
1051 1761 1248 1814 fuerint
1281 1766 1509 1829 :‘neque
1553 1756 1696 1812 enim
1741 1753 1966 1824 Virginis
1992 1767 2088 1823 ge-

514 1853 754 1924 nealogia
781 1853 1047 1922 descripta
1071 1851 1189 1906 fuit.
1217 1851 1420 1916 Tertio,
1446 1864 1544 1904 cur
1566 1846 1807 1916 Iosephi,
1837 1844 1925 1915 qui
1957 1843 2090 1898 nihil

514 1946 582 2000 ad
606 1945 1002 2015 generationem
1032 1941 1277 2006 contulit,
1305 1939 1615 2011 genealogis
1640 1941 1866 2013 ducatur
1885 1977 1902 2003 ,
1930 1935 2093 2005 Virgo

515 2045 694 2099 autem
719 2048 840 2105 qua
865 2043 1036 2088 mater
1063 2041 1167 2095 est,
1197 2045 1304 2100 quo
1332 2039 1507 2100 patre,
1537 2044 1638 2083 avo
1665 2037 1720 2083 et
1763 2026 1935 2081 abavo
1977 2034 2092 2080 orta

516 2126 590 2180 ait
628 2140 736 2180 non
764 2133 1031 2179 narretur.
1061 2122 1142 2177 Ad
1172 2125 1286 2177 hac
1315 2119 1444 2175 illud
1482 2121 1644 2174 etiam
1693 2118 1963 2187 inquirere
2003 2131 2098 2186 par

515 2225 623 2281 est,
669 2228 772 2270 cur
795 2215 1027 2269 virorum
1064 2211 1426 2283 genealogiam
1469 2223 1811 2279 persequens,
1843 2207 2098 2261 mulieres

517 2314 696 2361 tamen
739 2302 1221 2358 commemoravit:
1255 2311 1312 2356 et
1335 2300 1549 2370 quando
1573 2298 1627 2354 id
1668 2299 1739 2352 ita
1782 2298 1886 2368 ipsi
1924 2298 2095 2352 visum

519 2404 627 2459 est,
655 2407 754 2448 cur
779 2408 886 2448 non
911 2406 1102 2448 omnes
1141 2391 1394 2446 mulieres
1423 2388 1750 2454 nominavit,
1781 2387 1876 2441 sed
1923 2385 2099 2441 missis

522 2484 593 2541 iis
618 2499 738 2554 quae
764 2484 836 2538 ob
861 2482 1178 2553 probitatem
1201 2481 1442 2537 celebres
1459 2487 1614 2535 erant
1630 2519 1646 2547 ,
1672 2488 1732 2532 ut
1753 2478 1884 2533 Sara
1911 2485 1967 2534 et
1992 2476 2096 2532 Beo

523 2575 711 2642 hecca,
742 2585 798 2631 et
823 2574 1108 2641 similibus,
1137 2573 1258 2629 illas
1282 2575 1488 2628 tantum
1507 2572 1570 2627 in
1597 2569 1830 2626 medium
1857 2568 2096 2638 protulit,

523 2684 644 2738 qua:
667 2669 848 2737 aliquo
872 2667 1001 2722 vitio
1027 2666 1268 2722 celebres
1294 2671 1454 2720 erant
1479 2678 1496 2717 :
1519 2663 1562 2717 si
1587 2676 1694 2732 qua
1723 2660 1966 2715 videlicet
1991 2660 2092 2713 fur.

526 2758 728 2813 uicaria
751 2766 844 2813 aut
869 2757 1372 2822 adultera‘esset,c1
1391 2755 1436 2809 si
1463 2768 1567 2824 qua
1591 2763 1843 2808 extranea
1870 2761 1956 2804 aut
1983 2751 2101 2803 bar-

523 2845 674 2900 bara.
689 2843 824 2900 Nam
854 2862 1078 2900 uxorem
1101 2845 1245 2902 Uria
1259 2854 1328 2902 iet
1347 2843 1649 2899 Thamar-et
1670 2843 1926 2897 hahabet
1949 2840 2093 2893 [tutu

524 2935 969 2991 commemoravit
987 2952 1004 3003 ;
1024 2935 1378 3006 quarumalia
1391 2933 1694 3002 alienigena
1711 2929 1962 2998 erat,alia
1982 2944 2090 2982 me-

525 3023 714 3087 retrix,
728 3023 876 3078 aliaa
891 3038 1084 3079 socero
1097 3023 1282 3080 vitiata
1298 3022 1423 3089 fuit,
1448 3035 1554 3076 non
1573 3021 1688 3091 lege
1703 3018 1986 3078 connubii,
2004 3015 2100 3072 sed

527 3112 706 3167 iurata
731 3113 1078 3169 concubitum
1113 3122 1169 3168 et
1223 3112 1529 3168 meretricis
1567 3119 1846 3178 assumpta
1883 3106 2098 3176 specie:

523 3201 670 3273 quod
693 3212 903 3272 spectat
918 3211 1095 3257 autem
1115 3200 1258 3257 Uria
1270 3200 1742 3270 usorem,ignorat
1758 3194 2003 3253 nemoob
2023 3193 2104 3247 fa-

520 3291 1210 3360 cinorisconspieuitatem.
1223 3291 1478 3343 Attamen
1492 3288 1677 3343 missis
1689 3281 1812 3340 aliis
1825 3282 2103 3348 omnibus,

529 3388 690 3438 hasce
717 3393 925 3437 tantum
950 3383 1006 3438 in
1028 3383 1338 3453 genealogis
1364 3383 1560 3454 posuit.
1592 3386 1753 3453 Atqui
1780 3384 1825 3437 si
1855 3382 2112 3437 mulieres

527 3486 958 3529 commemorare
985 3474 1222 3544 oportuit
1240 3514 1257 3540 ,
1284 3488 1470 3530 omnes
1500 3487 1787 3530 recensere
1824 3488 1923 3544 par
1958 3481 2110 3540 erat;

523 3562 568 3616 si
599 3577 705 3617 non
730 3577 943 3628 omnes,
971 3572 1119 3620 certe
1142 3564 1332 3633 aliqua:
1354 3578 1537 3618 earum
1569 3562 1907 3633 proferenda
1933 3573 2110 3627 erant,

523 3666 643 3721 qua
671 3652 870 3708 virtute
912 3653 1236 3717 floruerant,
1266 3669 1374 3707 non
1404 3669 1590 3708 earum
1632 3668 1860 3724 quarum
1896 3661 2110 3722 peccata

522 3750 649 3796 sunt
678 3742 980 3799 manifesta.
1008 3743 1199 3799 Videte
1225 3754 1421 3813 quanta
1454 3745 1609 3800 nobis
1634 3745 1929 3799 attentione
1947 3746 2030 3798 vel
2057 3746 2111 3798 in

524 3832 749 3887 exordio
767 3834 837 3888 sit
850 3849 1007 3902 opus,
1027 3835 1234 3890 etiamsi
1255 3834 1358 3888 hoc
1373 3835 1652 3889 exunlium
1665 3834 1877 3892 creteris
1893 3834 2111 3901 clarius,

521 3920 630 3974 imo
660 3921 887 3976 fortasse
905 3923 1146 3992 plurimis
1172 3917 1502 3992 superfluunt
1526 3939 1648 3979 esse
1689 3923 1953 3990 videatur,
1986 3924 2111 3992 quia

521 4013 737 4066 nomina
753 4023 955 4069 tantum
981 4016 1206 4086 plurima
1228 4016 1621 4084 complectitur.
1646 4015 1773 4068 Post
1797 4013 1912 4067 huic
1930 4023 2108 4068 autem

525 4101 652 4155 illud
682 4102 952 4171 inquirere
979 4120 1073 4172 par
1099 4113 1201 4171 est,
1231 4121 1328 4160 cur
1357 4114 1470 4159 tres
1499 4117 1652 4172 reges
1681 4103 1944 4157 omiserit.
1975 4102 2109 4157 Nam

518 4191 563 4243 si
607 4205 793 4248 eorum
846 4202 1032 4262 utpote
1073 4193 1360 4248 admodum
1416 4193 1700 4260 impiorum
1755 4193 1969 4244 nomina
2028 4199 2110 4244 ta-

519 4283 662 4346 cuit,
687 4297 864 4351 neque
895 4283 1031 4337 alios
1059 4283 1190 4352 Ipsis
1236 4282 1443 4338 similes
1485 4295 1910 4336 commemorare
1953 4295 2112 4350 Opor-

524 4369 642 4423 tuit.
673 4370 789 4424 Alia
821 4370 946 4425 item
986 4372 1212 4439 quaestio
1239 4369 1500 4440 exsurgit.
1528 4368 1664 4423 Cum
1705 4369 2108 4439 quatuordecim

518 4475 640 4515 esse
664 4462 1039 4530 generationes
1061 4461 1308 4528 dixisset,
1339 4462 1392 4516 in
1440 4460 1599 4516 tertia
1620 4461 1796 4516 classe
1838 4460 1981 4514 hunc
2010 4476 2106 4514 nu-

517 4567 721 4605 merum
748 4567 855 4605 non
885 4553 1137 4607 servavit.
1168 4552 1408 4623 itemque
1435 4567 1532 4607 cur
1558 4551 1729 4608 Lucas
1757 4551 1861 4607 alia
1889 4553 2104 4607 nomina

516 4644 812 4709 recensuit,
841 4652 896 4698 et
920 4659 1017 4699 cur
1044 4659 1152 4700 non
1181 4644 1355 4699 solum
1386 4658 1492 4697 non
1521 4642 1742 4698 eosdem
1770 4656 1979 4707 omnes,
2009 4645 2104 4700 sed

423 4777 430 4782 .
515 4733 680 4788 etiam
711 4734 878 4788 multo
907 4736 1089 4804 plures
1122 4732 1612 4789 commemoravit:
1652 4732 1938 4788 Matthteus
1977 4749 2105 4790 vero

521 4833 578 4877 et
604 4823 738 4878 alios
765 4833 819 4879 et
844 4823 1116 4888 diversos,
1144 4823 1350 4878 etiamsi
1397 4821 1513 4892 ipse
1547 4822 1599 4877 in
1639 4821 1932 4891 .losephum
1974 4821 2102 4878 des-

515 4914 664 4976 ierit,
697 4913 752 4966 in
805 4928 914 4982 quo
959 4923 1015 4968 et
1058 4913 1230 4968 Lucas
1280 4912 1441 4966 finem
1489 4912 1632 4967 fecit.
1664 4912 1854 4968 Videte
1890 4915 2103 4983 quantis

513 5001 670 5055 nobis
709 5002 782 5055 sit
805 5015 942 5070 opus
970 5001 1167 5070 vigiliis
1193 5015 1302 5056 non
1329 4999 1398 5057 ad
1427 5000 1748 5054 solvendum
1779 5001 1938 5056 modo
1957 5041 1974 5066 ,
2006 5002 2101 5058 sed

511 5091 672 5146 etiam
713 5091 780 5145 ad
820 5091 1135 5146 discendum
1175 5106 1420 5161 quamam
1459 5090 1567 5145 sint
1602 5089 1876 5146 solvenda.
1917 5094 2100 5165 Neque

512 5196 711 5252 parum
745 5191 917 5238 estea
950 5183 1191 5238 invenire
1229 5198 1350 5252 quae
1382 5191 1604 5250 possunt
1657 5182 1710 5238 in
1756 5183 1971 5239 dubium
2008 5202 2100 5241 vo-

509 5273 662 5338 rari;
693 5287 816 5327 nam
845 5273 976 5327 illud
1021 5287 1233 5343 quoque
1259 5273 1314 5327 in
1359 5272 1536 5328 dubiis
1580 5282 1923 5340 numeratur,
1966 5292 2100 5345 quo-

508 5361 672 5416 modo
693 5360 931 5418 Elisabet
957 5377 1024 5418 ex
1049 5361 1279 5416 Levitica
1291 5361 1464 5429 tribu,
1493 5373 1716 5434 cognata
1740 5364 1809 5420 sit
1827 5364 2027 5424 Mariae.

577 5689 601 5722 ⁶
631 5685 825 5749 amab,
844 5692 894 5737 ut
919 5683 1054 5736 lectio
1077 5684 1322 5740 lectionem
1345 5691 1614 5752 prwcedst.

3697 353 3778 410 Ξῖ

2267 479 2320 532 7.
2347 474 2618 531 Conclusio
2643 471 2854 525 moratis
2873 486 2893 524 :
2917 467 3176 524 auditores
3211 478 3244 518 tt
3270 460 3579 534 spectantis
3614 467 3793 521 arcet;

2195 570 2423 624 studium
2464 566 2600 622 verbi
2646 563 2805 618 divini
2846 562 2902 616 in
2936 561 3010 614 eis
3049 559 3272 614 excitare
3310 563 3545 610 conatur.
3577 580 3653 592 —
3684 548 3796 602 Sed

2196 677 2264 717 ne
2280 662 2443 715 multa
2466 657 2625 712 simul
2646 661 2996 726 congerentes
3011 649 3326 704 memoriam
3340 655 3579 702 vestram
3601 640 3796 696 obrua-

2196 766 2316 806 mus
2361 750 2447 807 hic
2465 746 2714 816 loquendi
2738 745 2900 800 tinem
2927 741 3203 796 faciemus.
3231 736 3439 793 Sufficit
3462 733 3606 790 enim
3632 728 3794 784 vobis

2201 850 2259 896 ut
2287 836 2590 893 excitemini
2613 876 2629 901 ,
2661 836 2706 889 si
2735 834 3058 905 quaestiones
3107 829 3225 884 illas
3250 826 3520 882 ediscatis.
3553 821 3613 880 Si
3649 834 3785 877 vero

2194 927 2514 984 solutionem
2538 925 2876 989 desideratis,
2899 933 2953 979 et
2981 920 3112 976 illud
3141 931 3359 990 quoque
3379 915 3464 971 vel
3493 924 3790 985 antequam

2197 1018 2498 1089 loquamur,
2530 1016 2582 1071 in
2609 1022 2787 1070 vestra
2817 1015 2919 1069 erit
2948 1019 3214 1082 potestate
3247 1007 3432 1063 situm.
3463 1005 3520 1060 Si
3551 1018 3792 1072 namque

2197 1123 2292 1164 vos
2311 1108 2572 1163 excitatos
2595 1114 2650 1160 et
2669 1103 2912 1160 discendi
2933 1100 3157 1172 cupidos
3183 1097 3433 1163 viderim,
3456 1095 3792 1150 solutionem

2197 1198 2353 1251 vobis
2377 1194 2571 1251 aiferre
2593 1192 2848 1257 tentabo;
2876 1193 2957 1246 sin
2996 1189 3295 1246 oscitantes
3322 1193 3380 1242 et
3410 1199 3513 1239 non
3545 1191 3794 1236 attentos

2197 1300 2533 1356 conspexero
2549 1327 2564 1353 ,
2591 1293 2646 1340 et
2669 1284 2994 1354 qttzrstiones
3016 1287 3073 1336 et
3097 1279 3420 1334 solutionem
3449 1273 3663 1328 illarum
3691 1285 3796 1325 oc-

2197 1377 2443 1443 cultabo,
2471 1375 2667 1432 divina:
2689 1374 2994 1444 obsequens
3021 1369 3120 1439 legi
3150 1385 3166 1424 :
3197 1360 3396 1428 Nolite,
3427 1363 3637 1433 inquit,
3667 1378 3800 1415 san.

2201 1478 2335 1521 ctum
2359 1466 2484 1520 dare
2511 1464 2742 1529 canibus,
2770 1476 2930 1531 neque
2955 1457 3236 1530 proﬁciatis
3264 1454 3568 1525 margaritas
3596 1460 3801 1505 vestrm

2199 1567 2315 1611 ante
2333 1571 2532 1626 porcos,
2551 1571 2613 1608 ne
2640 1558 2773 1625 forte
2790 1549 3084 1605 conculcet"
3103 1564 3189 1602 eas
3205 1545 3414 1614 pedibus
3439 1544 3544 1597 suis
3567 1541 3796 1610 (Matth.

2200 1648 2252 1702 7.
2285 1645 2360 1718 6).
2404 1645 2540 1712 Quis
2562 1653 2644 1700 est
2670 1652 2848 1698 autem
2888 1641 2976 1710 qui
3017 1637 3337 1694 conculcat?
3375 1634 3478 1702 Qui
3517 1635 3631 1688 ιιι-ο
3685 1647 3801 1686 non

2202 1739 2434 1808 pretiosa
2461 1747 2514 1790 et
2539 1733 2745 1789 honore
2770 1724 2930 1803 digna
2949 1745 3072 1786 esse
3091 1736 3298 1784 censet.
3321 1724 3538 1795 Ecquis,
3559 1725 3801 1793 inquies,

2203 1828 2274 1884 ita
2303 1828 2467 1882 miser
2493 1833 2597 1890 est,
2627 1835 2685 1879 ut
2713 1824 2829 1878 haec
2855 1837 2962 1876 non
2994 1821 3198 1875 honore
3223 1817 3403 1888 digna,
3435 1831 3533 1871 nec
3551 1815 3803 1870 omnium

2204 1918 2584 1988 pretiosissima
2613 1929 2735 1970 esse
2757 1912 2960 1968 ducat?
2988 1911 3036 1966 Is
3058 1910 3149 1981 qui
3177 1924 3286 1963 nou
3309 1907 3417 1962 illis
3444 1914 3651 1959 tantum
3677 1913 3804 1958 stu-

2202 2009 2350 2064 dium
2375 2007 2618 2072 adhibet,
2666 2012 2928 2076 quantum
2977 2000 3354 2058 meretricibus
3396 1997 3716 2053 mulieribus
3743 1995 3802 2050 in

2204 2097 2454 2153 satanicis
2487 2095 2732 2150 theatris.
2778 2094 2853 2148 lbi
2881 2093 3028 2148 enim
3056 2090 3276 2161 plurimi
3304 2097 3445 2144 totos
3470 2088 3586 2143 dies
3614 2095 3807 2140 trans-

2203 2192 2380 2261 igunt,
2435 2188 2709 2256 multaque
2755 2185 2808 2239 in
2838 2199 2898 2240 re
2926 2183 3225 2238 domestica
3267 2180 3564 2252 negligunt,
3607 2177 3680 2233 ob
3713 2177 3808 2231 in-

2204 2281 2574 2353 tempestivam
2604 2279 2747 2334 illam
2789 2276 3195 2346 occupationem
3216 2315 3233 2340 ,
3264 2273 3664 2342 diligenterque
3705 2269 3807 2323 illa

2206 2375 2465 2438 retinent,
2495 2386 2617 2442 qua:
2643 2369 2838 2425 ibidem
2866 2367 3128 2432 audiunt,
3157 2365 3354 2434 illaque
3380 2363 3434 2418 in
3466 2361 3661 2417 animae
3689 2374 3812 2414 sua

2206 2465 2498 2535 perniciem
2520 2470 2866 2517 conservant.
2898 2458 2994 2512 llic
3020 2465 3199 2511 autem
3233 2456 3348 2524 ipso
3378 2453 3493 2508 Deo
3522 2452 3808 2521 loquente,

2206 2570 2275 2609 ne
2304 2553 2584 2607 minimum
2612 2549 2829 2620 quidem
2856 2546 3117 2615 temporis
3151 2557 3374 2599 manere
3402 2542 3610 2597 volunt.
3643 2540 3811 2596 Ideo-

2205 2658 2311 2713 que
2357 2641 2492 2698 nihil
2519 2653 2809 2696 commune
2846 2637 3106 2692 babemus
3135 2650 3258 2691 cum
3299 2634 3432 2688 caelo
3463 2650 3478 2686 :
3507 2631 3602 2688 sed
3633 2632 3812 2688 verbo

2212 2743 2370 2789 tenus
2406 2733 2530 2786 vitae
2560 2713 2861 2785 institutum
2909 2735 3153 2782 nostrum
3188 2723 3480 2796 peragitur.
3523 2721 3684 2778 Certe
3711 2735 3812 2791 ge-

2213 2823 2443 2877 hennam
2473 2821 2677 2876 idcirco
2704 2820 2844 2874 Deus
2868 2817 3228 2873 comminatus
3248 2817 3355 2880 est,
3377 2828 3486 2867 non
3509 2821 3569 2866 ut
3596 2812 3650 2867 in
3679 2827 3808 2867 eam

2217 2927 2319 2966 nos
2338 2911 2633 2979 conjiciat;
2672 2913 2763 2965 sed
2785 2920 2845 2964 ut
2877 2911 3035 2965 nobis
3069 2910 3392 2978 persuadeat
3431 2912 3803 2979 perniciosam

2217 3001 2364 3056 illam
2419 3000 2759 3072 tyrannidem
2794 3003 2817 3034 ²
2859 3000 3067 3072 fugere.
3113 2999 3223 3056 Nos
3265 3017 3394 3057 vero
3434 3018 3465 3057 e
3516 3004 3802 3060 contrario

2215 3094 2458 3163 agimus;
2505 3092 2780 3156 audimus,
2823 3101 2880 3147 et
2919 3091 3162 3162 quatidie
3205 3093 3272 3147 ad
3316 3093 3458 3148 viam
3501 3109 3624 3164 qua:
3665 3095 3803 3151 illuc

2213 3181 2364 3236 ducit
2393 3181 2735 3236 accurrimus
2762 3198 2779 3234 :
2808 3179 3024 3250 Deoque
3058 3181 3289 3251 iubente
3325 3197 3437 3237 non
3475 3184 3655 3238 solum
3697 3200 3800 3238 au-

2212 3266 2351 3330 dire,
2373 3267 2466 3322 sed
2489 3267 2653 3322 etiam
2676 3267 2820 3322 dicta
2844 3268 3094 3338 exsequi,
3118 3283 3223 3324 nos
3261 3284 3329 3326 ne
3349 3272 3568 3340 quidem
3603 3274 3800 3332 audire

2215 3356 2569 3412 sustinemus.
2609 3355 2963 3421 Quandouam
3009 3357 3176 3427 igitur
3215 3374 3298 3423 ea,
3329 3375 3453 3429 qua:
3487 3361 3751 3429 iubemur
3775 3403 3795 3430 ,

2213 3471 2436 3522 agemus
2456 3496 2476 3524 ,
2497 3469 2552 3517 et
2592 3459 2845 3532 operibus
2889 3465 3108 3516 manum
3138 3447 3564 3530 admovebimus,
3592 3468 3815 3536 quando

2211 3563 2356 3619 :egre
2382 3560 2438 3604 et
2466 3549 2686 3636 indigne
2712 3545 2939 3606 ferimus
2967 3565 3166 3616 moras,
3203 3553 3291 3608 hic
3319 3553 3386 3610 ad
3422 3553 3810 3613 brevissimum

2214 3639 2474 3710 temporis
2497 3642 2729 3710 spatium
2759 3644 2998 3713 prolatas
3016 3644 3042 3698 ἳ
3065 3643 3227 3716 Atqui
3256 3660 3359 3701 nos
3401 3662 3523 3702 eum
3549 3648 3620 3703 de
3643 3650 3806 3708 rebus

2211 3730 2414 3784 frivolis
2437 3732 2600 3786 verba
2627 3732 2908 3800 facientes,
2937 3749 3033 3790 eos
3057 3739 3146 3806 qui
3179 3737 3457 3793 nobiscum
3485 3740 3670 3797 sedent
3698 3759 3800 3798 nor

2210 3819 2489 3875 attendere
2552 3823 2916 3892 advertimus,
2966 3825 3020 3881 id
3063 3830 3406 3898 contumeliae
3463 3831 3582 3886 loco
3635 3832 3803 3888 habe-

2211 3925 2382 3976 mus;
2434 3911 2599 3966 Dcum
2655 3930 2784 3969 vero
2836 3931 2943 3970 non
3014 3926 3263 3987 putamus
3334 3911 3433 3976 nos
3483 3921 3802 3990 oﬂ’endcre,

2209 4002 2424 4073 quando
2468 4004 2618 4060 illum
2666 4006 2734 4062 de
2787 4010 2950 4064 tantis
3000 4010 3162 4065 rebus
3209 4012 3520 4082 loquentem
3572 4015 3805 4084 despici-

2209 4107 2329 4194 mus
2373 4103 2429 4148 et
2457 4095 2563 4148 alio
2607 4095 2795 4152 oculos
2829 4100 3234 4155 convertimus?
3271 4100 3434 4157 Certe
3477 4117 3643 4159 senex
3685 4105 3801 4175 qui-

2207 4195 2289 4234 vis
2331 4196 2578 4251 magnam
2623 4199 2872 4241 emensus
2911 4198 3067 4243 terra:
3113 4200 3340 4259 partem,
3369 4193 3663 4250 stadiorum
3692 4211 3799 4252 nu-

2206 4285 2437 4334 merum,
2482 4272 2693 4329 urbium
2742 4276 3060 4345 positionem
3099 4290 3156 4334 et
3203 4280 3454 4344 formam,
3507 4295 3694 4354 portus
3730 4302 3798 4343 ae

2203 4358 2378 4415 fortun
2403 4361 2812 4432 diligentissime
2840 4368 2994 4422 nobis
3012 4368 3266 4427 describit
3293 4389 3306 4426 :
3333 4384 3386 4427 at
3412 4389 3513 4429 nos
3537 4391 3604 4430 ne
3623 4392 3795 4446 quan—

2203 4457 2315 4506 tum
2343 4453 2559 4520 quidem
2592 4456 2772 4523 procul
2804 4457 2975 4513 simus
3018 4458 3089 4512 ab
3118 4461 3206 4516 illa
3236 4465 3434 4519 emicsti
3480 4466 3612 4521 urbe
3642 4470 3796 4523 novi-

2201 4554 2351 4606 mus;
2377 4541 2612 4612 alioquin
2639 4556 2815 4600 autem
2841 4548 2940 4602 via:
2961 4548 3345 4620 longitudinem
3371 4558 3614 4611 minuere
3639 4573 3794 4614 cura-

2199 4631 2485 4699 visscmus,
2511 4634 2555 4687 si
2584 4649 2773 4705 nempe
2804 4637 2949 4692 illam
2978 4638 3287 4696 distantiam
3311 4654 3636 4702 teneremus.
3671 4649 3792 4707 Non

2198 4722 2342 4778 enim
2390 4731 2595 4779 tantum
2642 4725 2920 4783 dumtaxat
2962 4744 2993 4783 a
3020 4731 3177 4786 nobis
3220 4733 3384 4787 distat
3424 4736 3617 4793 civitas
3660 4739 3750 4794 illa
3764 4782 3787 4813 ,

2196 4825 2455 4884 quantum
2481 4825 2565 4870 est
2593 4817 2732 4871 inter
2751 4819 2942 4874 czelum
2969 4830 3021 4874 et
3044 4830 3239 4878 terram
3273 4825 3615 4883 interstitium
3638 4847 3655 4896 ;
3680 4831 3788 4886 imo

2197 4906 2368 4963 multo
2408 4907 2598 4976 magis,
2630 4907 2674 4962 si
2704 4911 3072 4980 negligamus;
3100 4922 3161 4968 ut
3187 4931 3217 4968 e
3260 4920 3532 4974 contrario
3551 4960 3568 4985 ,
3593 4921 3639 4974 si
3668 4932 3789 4981 stu-s

2193 4996 2328 5052 diosi
2351 4997 2544 5065 simus,
2573 4998 2626 5052 in
2648 5011 2919 5057 momento
2945 5005 3203 5073 temporis
3227 5007 3292 5059 ad
3314 5007 3430 5077 ejus
3445 5008 3638 5077 januas
3662 5028 3788 5079 per-

2192 5091 2374 5145 venire
2398 5089 2710 5161 poterimus.
2732 5091 2847 5148 Non
2871 5095 3016 5149 enim
3045 5096 3282 5152 locorum
3307 5099 3661 5170 longitudine,
3689 5104 3790 5158 sed

2191 5182 2432 5251 institujo
2452 5201 2658 5240 morum
2689 5185 2805 5244 lucc
2829 5189 2998 5259 spatia
3030 5191 3295 5246 metienda
3327 5202 3471 5248 sunt.

2259 5275 2313 5330 8.
2340 5274 2421 5330 Tu
2451 5292 2580 5331 vero
2608 5280 2886 5347 prtcscntis
2914 5282 3037 5335 vita:
3070 5296 3156 5337 res
3185 5282 3470 5354 diligenter
3519 5287 3693 5353 nosti,
3726 5297 3784 5344 et

2187 5381 2323 5422 nova
2373 5377 2429 5423 et
2453 5371 2666 5438 antiqua
2712 5381 2767 5427 et
2802 5382 3022 5440 vetera,
3067 5374 3447 5445 principesque
3490 5393 3786 5437 numerare

2269 5700 2287 5728 ³
2319 5694 2545 5757 Quidam,
2566 5694 2970 5749 consuetudinem.
