4040 6418
355 383 427 442 23
1515 378 1583 435 ΙΝ
1621 377 1941 436 ΠΔἸἼἭΑΞ

2083 377 2322 437 HOMIL.
2386 378 2452 435 ll.
3603 396 3677 452 ει

363 505 539 565 mles,
556 495 656 553 sub
672 495 869 567 quibus
890 494 1163 565 prmterito
1190 502 1432 566 tempore
1457 496 1699 551 militasti
1729 514 1744 552 :
1769 497 1964 552 etiam-

360 601 468 657 que
487 587 889 661 agouothetam,
921 600 1243 641 coronarum
1272 585 1674 651 distributores,
1696 596 1752 641 et
1770 586 1959 654 duces,

360 693 482 748 quae
512 694 601 736 res
630 676 763 733 nihil
796 676 889 731 tibi
925 675 1181 746 prodesse
1207 676 1405 731 valent.
1438 676 1569 746 Quis
1598 692 1727 749 vero
1751 677 1859 732 dux
1892 678 1963 732 sit

357 769 412 823 in
441 769 540 823 hac
563 767 631 822 de
655 782 756 836 qua
783 765 1051 837 loquimur
1070 767 1306 833 civitate,
1332 766 1454 836 quis
1475 768 1702 837 primus,
1724 768 1846 838 quis
1872 782 1960 823 se-

350 854 579 918 cundus,
606 854 727 924 quis
752 855 963 920 tertius,
994 855 1080 910 vel
1100 863 1299 925 quanto
1320 858 1544 927 quisque
1565 866 1809 929 tempore
1834 876 1949 917 me-

352 947 541 1013 ruerit,
584 946 779 1016 quidve
825 947 1082 1017 praeclare
1125 949 1375 1018 gesserit,
1421 966 1490 1006 ne
1536 966 1631 1020 per
1676 954 1945 1008 somnium

350 1036 570 1107 quidem
601 1037 869 1107 cogitasti.
901 1039 974 1092 De
1009 1038 1221 1109 legibus
1263 1054 1395 1095 vero
1434 1039 1593 1112 hujus
1617 1042 1849 1099 civitatis
1880 1060 1949 1100 ne

348 1131 488 1187 alios
530 1132 745 1203 quidem
794 1132 1074 1203 loquentes
1122 1133 1359 1189 sustines
1404 1134 1615 1191 audire.
1663 1135 1947 1205 Quomodo

348 1224 534 1295 igitur,
583 1224 668 1279 die
714 1224 866 1289 mibi,
914 1225 1179 1296 promissa
1222 1224 1365 1280 bona
1397 1234 1450 1280 te
1486 1239 1945 1297 consequuturum

347 1330 556 1384 speras,
587 1316 677 1386 qui
710 1330 809 1370 nec
834 1315 994 1371 dictis
1038 1315 1104 1371 ad
1133 1316 1222 1370 illa
1248 1317 1616 1386 spectantibus
1659 1319 1949 1376 attendas?

349 1404 551 1460 Verum
578 1406 623 1460 si
670 1405 721 1459 id
752 1420 858 1460 non
886 1415 1014 1461 ante
1059 1406 1412 1475 pra‘stitimus
1434 1448 1449 1473 ,
1480 1407 1563 1462 vel
1594 1424 1738 1464 nunc
1770 1409 1948 1467 facere

348 1513 618 1553 curemus.
648 1497 864 1553 Etenim
892 1499 936 1553 si
964 1497 1105 1553 Deus
1137 1498 1189 1552 id
1216 1500 1577 1567 concesserit,
1609 1500 1798 1556 urbem
1824 1502 1948 1558 adi-

352 1588 456 1642 turi
504 1603 694 1643 sumus
740 1602 991 1653 auream,
1021 1596 1077 1642 et
1121 1588 1313 1656 quovis
1361 1601 1496 1642 auro
1546 1590 1943 1658 pretiosiorem.

348 1681 478 1751 Ejus
505 1696 634 1751 ergo
658 1679 1004 1737 fundamenta
1034 1680 1307 1736 discamus
1329 1722 1343 1747 ,
1376 1681 1493 1752 ejus
1518 1694 1704 1754 portas
1730 1700 1797 1741 ex
1822 1700 1948 1757 sap.

347 1772 503 1842 phiro
532 1780 587 1827 et
613 1772 920 1843 margaritis
949 1780 1184 1826 structas
1215 1771 1534 1828 :ductorem
1574 1775 1773 1844 quippe
1804 1778 1947 1845 opti-

347 1878 494 1918 mum
524 1862 789 1919 habemus
808 1862 1138 1917 Matthaum.
1168 1862 1274 1917 Per
1296 1864 1463 1932 ipsius
1484 1879 1715 1935 namque
1737 1878 1946 1935 portam

347 1971 493 2011 nunc
523 1957 804 2019 intramus,
834 1955 1116 2025 multoque
1142 1955 1299 2009 nobis
1327 1954 1506 2009 studio
1528 1964 1614 2011 est
1633 1972 1789 2027 opus.
1812 1958 1946 2013 Nam

348 2051 393 2103 si
419 2047 724 2118 quempiam
767 2045 961 2101 viderit
1002 2061 1109 2101 nou
1164 2054 1465 2112 attentum,
1495 2047 1674 2117 ejiciet
1717 2064 1785 2103 ex
1812 2051 1949 2104 civi-

350 2149 483 2194 tate.
512 2138 607 2193 Est
648 2138 847 2207 quippe
878 2136 1005 2192 urbs
1032 2137 1120 2191 illa
1164 2136 1397 2191 maxime
1427 2138 1571 2207 regia
1600 2148 1656 2194 et
1684 2140 1907 2196 illustris
1928 2180 1944 2206 ,

348 2245 525 2300 neque
554 2240 614 2284 ut
658 2228 821 2284 urbes
851 2238 1052 2283 nostra:
1072 2271 1085 2293 ,
1118 2228 1171 2283 in
1201 2228 1376 2284 forum
1418 2238 1475 2285 et
1502 2232 1703 2300 regiam
1749 2232 1945 2287 distin-

344 2323 527 2393 guitur
556 2343 571 2375 -.
602 2322 697 2375 sed
731 2320 802 2375 ibi
832 2322 1012 2376 omnia
1044 2322 1192 2391 regia
1242 2332 1386 2377 sunt.
1419 2324 1745 2391 Aperiamus‘
1769 2326 1950 2396 itaque

346 2412 543 2466 mentis
581 2411 811 2481 januas,
856 2411 1164 2480 aperiamus
1208 2426 1403 2477 aures,
1447 2421 1503 2467 et
1539 2428 1661 2467 cum
1712 2422 1949 2473 tremore

346 2503 777 2574 plurimolimiua
792 2502 1430 2573 transgressuriJiegem
1453 2503 1605 2557 illum
1626 2503 1948 2562 adoremus:

340 2606 471 2651 nam
517 2595 604 2650 vel
646 2596 853 2665 primus
894 2608 1223 2664 congressus
1265 2594 1518 2649 seetatori
1557 2602 1819 2650 terrorem
1870 2598 1952 2650 in-

344 2699 532 2747 cutere
563 2688 726 2743 valet.
756 2686 913 2742 Modo
940 2686 1157 2757 quidem
1186 2696 1355 2756 porta:
1386 2688 1502 2742 istm
1531 2687 1689 2743 nobis
1718 2688 1951 2743 occlusae

436 2978 1858 3005 mm

2077 499 2234 545 sunt:
2256 492 2475 560 quando
2499 499 2679 547 autem
2706 491 2837 549 istas
2856 501 3073 565 apertas
3100 495 3404 557 videbimus
3432 500 3574 568 (hmo
3595 515 3682 560 est

2073 581 2219 633 enim
2266 582 2623 651 quaestionum
2671 584 2932 656 solutio),
2970 594 3095 641 tunc
3124 588 3349 644 multum
3400 593 3545 649 intus
3570 592 3679 649 ful-

2071 685 2256 739 gorem
2288 672 2705 741 eonspiciemus.
2735 672 2971 743 Spiritus
2994 678 3138 732 enim
3166 680 3338 735 oculis
3357 681 3553 738 ductus
3576 700 3675 754 pu-

2071 761 2321 820 blicanus
2348 761 2456 830 hic,
2486 764 2670 819 omnia
2698 779 2759 821 se
2790 766 2883 821 tibi
2924 778 3280 824 ostensurum
3298 786 3421 828 esse
3451 774 3675 843 pollice-

2071 860 2158 905 tur
2188 870 2201 906 :
2231 853 2449 908 ubinam
2476 854 2592 910 Rex
2617 855 2804 910 sedi-at
2822 898 2837 923 ,
2865 859 3086 927 quinam
3118 861 3185 915 de
3209 863 3571 921 cxcercitihus
3601 866 3677 922 illi

2074 945 2286 1013 adsint;
2316 944 2535 1004 ubinam
2565 947 2675 1002 sint
2705 947 2905 1019 angeli,
2932 948 3025 1003 ubi
3046 950 3362 1020 arciuugeli
3388 969 3404 1006 :
3430 952 3552 1021 quis
3582 966 3679 1008 no-

2073 1040 2153 1093 vis
2199 1040 2351 1093 istius
2386 1040 2535 1096 urbis
2564 1040 2773 1097 civibus
2810 1043 2881 1097 sit
2922 1042 3214 1113 deputatus
3252 1043 3432 1109 locus;
3460 1060 3580 1115 qua:
3606 1044 3676 1101 sit

2074 1130 2159 1184 via
2179 1131 2317 1186 istuc
2343 1132 2583 1199 ducens;
2612 1147 2771 1202 quam
2792 1143 2993 1190 sortem
3016 1134 3327 1203 acceperint
3355 1134 3413 1199 ii,
3436 1136 3525 1204 qui
3550 1143 3676 1190 sunt

2071 1220 2305 1289 primum
2337 1222 2460 1277 istic
2491 1223 2637 1277 cives
2661 1222 2921 1287 admissi,
2954 1231 3009 1277 et
3051 1232 3174 1292 post
3216 1222 3316 1277 hos
3339 1225 3581 1291 secundi,
3611 1240 3675 1279 ac

2069 1309 2265 1365 deinde
2296 1311 2436 1365 tertii
2464 1327 2477 1363 :
2510 1319 2643 1380 quot
2666 1311 2777 1369 sint
2803 1311 3019 1366 illorum
3050 1313 3247 1367 civium
3276 1314 3517 1381 ordines,
3542 1323 3673 1383 quot

2067 1409 2317 1454 senatum
2344 1401 2700 1465 consumant,
2725 1402 3195 1472 quotdignitatum
3226 1402 3561 1458 discrimina.
3591 1403 3672 1461 Ne

2068 1489 2251 1555 itaque
2276 1506 2398 1545 cun.
2424 1492 2656 1546 tumultu
2677 1501 2733 1547 et
2756 1493 2985 1562 strepitu
3015 1492 3402 1565 ingrediantur,
3428 1494 3528 1549 sed
3546 1509 3671 1550 cum

2066 1580 2284 1635 silentio
2312 1582 2563 1653 mystico.
2594 1582 2649 1637 Si
2685 1583 2832 1639 enim
2864 1584 2917 1638 in
2946 1584 3160 1640 theatro
3201 1599 3323 1639 cum
3368 1599 3565 1657 magno
3593 1588 3671 1642 si-

2068 1670 2237 1725 lentio
2265 1672 2611 1740 Imperatoris
2651 1674 2825 1730 litera:
2868 1674 3125 1745 leguntur
3153 1691 3170 1731 :
3201 1678 3373 1731 multo
3418 1680 3589 1750 magis
3620 1684 3670 1737 in

2066 1761 2168 1815 hac
2198 1763 2328 1818 urbe
2353 1764 2532 1819 omnia
2569 1764 2744 1819 sedari
2772 1776 3001 1836 oportet,
3026 1770 3195 1837 atque
3220 1770 3445 1824 arrectis
3473 1772 3670 1830 animis

2059 1856 2112 1901 et
2134 1850 2353 1905 auribus
2379 1853 2631 1909 standum
2658 1865 2743 1913 est
2760 1859 2801 1911 ⁸.
2825 1857 2941 1914 Non
2960 1860 3104 1915 enim
3128 1862 3330 1919 terreni
3353 1864 3657 1935 cujuspiam

2055 1938 2221 2007 regis,
2250 1942 2347 1995 sed
2374 1945 2686 2014 angelorum
2713 1948 2923 2003 Domini
2947 1952 3143 2021 scripta
3170 1952 3399 2023 legenda
3426 1965 3571 2009 sunt.
3599 1955 3657 2012 Si

2057 2027 2128 2080 ita
2176 2044 2275 2086 nos
2300 2048 2628 2103 componere
2674 2039 3035 2105 voluerimus,
3069 2042 3183 2111 ipsa
3213 2042 3448 2113 Spiritus
3486 2047 3656 2116 gratia

2054 2132 2177 2173 eum
2206 2138 2395 2193 magna
2424 2123 2697 2196 diligentia
2728 2143 2827 2185 nos
2854 2128 3128 2199 deducet,
3158 2132 3225 2187 ad
3257 2134 3542 2206 ipsumque
3572 2153 3657 2191 re-

2052 2211 2199 2279 gium
2230 2216 2424 2269 solium
2466 2218 2807 2285 accedemus,
2836 2219 3084 2292 bonaque
3122 2224 3303 2278 omnia
3350 2240 3655 2297 consequo-

2055 2315 2194 2363 mur,
2221 2304 2389 2371 gratia
2411 2314 2466 2359 et
2488 2305 2819 2375 benignitate
2846 2311 3055 2366 Domini
3085 2315 3252 2369 nostri
3277 2314 3405 2369 Jesu
3429 2316 3652 2381 Christi,

2052 2392 2137 2444 cui
2164 2392 2334 2460 gloria
2378 2404 2433 2449 et
2470 2396 2754 2467 imperium
2783 2412 2905 2455 cum
2937 2403 3095 2458 Patre
3123 2415 3179 2460 et
3205 2418 3395 2463 sancto
3426 2406 3651 2478 Spiritu,

2053 2495 2195 2537 nunc
2220 2493 2275 2538 et
2299 2500 2532 2555 semper,
2566 2499 2622 2544 et
2646 2491 2697 2544 in
2724 2496 2921 2547 saecula
2952 2497 3296 2552 saeculorum.
3328 2502 3522 2556 Amen.

2116 2680 2131 2709 ι
2169 2679 2355 2741 lorei.,
2380 2685 2586 2735 πηκτὶς
2609 2688 2812 2741 auribus
2833 2694 3061 2751 Mm
3081 2704 3172 2761 at,

1752 3177 2111 3240 HOMILIA
2157 3181 2239 3241 ll.

337 3409 461 3464 Car.
500 3410 536 3463 Ι.
565 3424 615 3461 v.
638 3414 688 3463 i.
714 3409 864 3464 Liber
887 3418 1224 3479 generationis
1252 3410 1378 3464 Iesu
1401 3411 1591 3466 Christi
1618 3413 1716 3482 [iiii
1740 3412 1930 3480 David,

933 3497 1031 3566 ﬁlii
1052 3498 1327 3551 Abraham.

2040 3446 2093 3491 et
2123 3438 2228 3505 jam
2262 3436 2391 3491 olim
2420 3435 2723 3491 desiderata
2752 3451 2852 3507 pax
2876 3437 3081 3507 anelis
3124 3446 3285 3509 atque
3310 3438 3511 3492 sant-tis
3537 3437 3640 3491 do-

2044 3539 2167 3583 nata
2198 3538 2299 3584 est.
2333 3530 2389 3583 in
2418 3530 2519 3585 hac
2546 3530 2679 3585 urbe
2703 3530 2882 3585 crucis
2910 3537 3169 3599 tropcum
3194 3530 3407 3587 iiiustre
3435 3531 3561 3586 illud
3588 3540 3645 3587 et

412 3631 461 3683 Ι.
510 3629 795 3683 Atlanticus
861 3630 1176 3682 audientium
1239 3632 1492 3698 excitata,
1541 3631 1931 3702 descriptionem

2057 3623 2389 3691 :onspicuum
2420 3632 2659 3677 erectum
2691 3634 2776 3679 est
2811 3642 2825 3678 :
2854 3625 3023 3694 spolia
3049 3624 3264 3679 Christo
3293 3634 3439 3693 parta
3464 3664 3476 3685 ,
3508 3638 3640 3680 exu-

336 3721 477 3791 rogni
489 3719 701 3774 calatis
719 3719 970 3773 adoritur.
989 3748 1060 3759 —
1074 3721 1153 3773 Au
1169 3722 1485 3775 meministis
1510 3722 1889 3780 admonitionis
1910 3766 1930 3791 ,

337 3825 440 3880 qua
468 3824 637 3878 nuper
660 3824 758 3863 vos
784 3809 977 3863 hortati
1009 3825 1216 3874 sumus,
1244 3821 1298 3863 ut
1328 3824 1448 3863 cum
1473 3812 1616 3865 omni
1643 3812 1858 3868 silentio
1879 3824 1935 3871 et

336 3902 559 3972 mystica
575 3900 756 3971 quiete
780 3900 918 3955 dicta
946 3902 1123 3956 omnia
1151 3901 1440 3955 audiretis?
1468 3902 1619 3957 Nunc
1646 3917 1827 3959 autem
1848 3920 1936 3959 sa-

338 4007 427 4047 cra
458 3993 638 4047 limina
669 3992 825 4047 hodie
845 3993 1036 4047 adituri
1068 4008 1287 4057 sumus;
1314 3993 1543 4062 ideoque
1565 3996 1717 4049 vobis
1737 3997 1933 4051 adhor-

339 4083 593 4137 tationem
625 4084 769 4137 illam
802 4084 855 4137 in
879 4093 1115 4137 mentem
1143 4084 1408 4137 revocavi.
1440 4083 1570 4137 Nam
1600 4086 1644 4138 si
1666 4083 1835 4139 Judrei
1866 4086 1930 4141 ad

340 4182 576 4229 montem
602 4174 903 4241 ardentem,
927 4175 994 4228 ad
1026 4175 1221 4243 ignem,
1264 4173 1331 4228 ad
1354 4174 1653 4244 caliginem,
1676 4174 1745 4229 ad
1777 4185 1929 4230 tene-

340 4263 462 4318 bras
492 4273 545 4317 et
566 4264 849 4332 procellam
880 4265 1145 4319 accessuri
1173 4282 1188 4329 ;
1222 4264 1328 4319 imo
1350 4280 1456 4319 non
1486 4266 1757 4320 accessuri
1782 4308 1796 4331 ,
1834 4268 1927 4321 sed

339 4369 403 4409 ea
431 4354 663 4409 audituri
694 4355 903 4409 eminus
940 4364 995 4409 et
1040 4355 1203 4409 visuri
1232 4395 1249 4419 ,
1283 4356 1452 4410 tribus
1487 4365 1611 4410 ante
1641 4356 1831 4409 diebus
1866 4356 1938 4412 ab

340 4443 595 4497 uxoribus
634 4443 901 4497 abstinere
935 4444 1309 4512 jubebantur,
1341 4455 1626 4512 vestesque
1669 4444 1933 4512 abluere;

341 4543 500 4604 atque
528 4551 578 4589 tn
613 4536 803 4590 timore
831 4551 891 4588 ac
922 4544 1153 4589 tremore
1177 4535 1460 4605 degebant,
1481 4536 1798 4608 hioysesque
1816 4555 1935 4593 cum

342 4624 473 4695 ipsis
496 4642 511 4678 :
545 4626 711 4681 multo
738 4626 905 4695 magis
932 4640 1030 4679 nos
1056 4626 1183 4679 talia
1210 4626 1439 4681 audituri
1467 4627 1651 4691 verba,
1676 4642 1783 4685 non
1813 4644 1937 4698 pro-

340 4712 431 4767 cul
469 4729 498 4766 a
536 4724 717 4769 monte
756 4714 991 4769 fumante
1020 4725 1259 4779 stantes,
1302 4716 1397 4770 sed
1438 4718 1608 4785 ipsum
1639 4718 1935 4789 ingressuri

342 4804 531 4857 omium
556 4844 573 4868 ,
624 4806 880 4875 majorem
924 4806 1179 4863 debemus
1212 4810 1469 4866 exhibere
1500 4814 1889 4885 philosophiam
1911 4858 1929 4886 ,

339 4907 448 4947 non
478 4894 793 4949 vestimenta
823 4898 1123 4964 abluentes,
1150 4902 1245 4955 sed
1276 4906 1471 4958 anima:
1504 4908 1692 4961 stolam
1719 4909 1930 4965 abster-

337 4994 563 5054 geutes,
611 4997 667 5041 ot
703 4987 771 5042 ab
797 4993 939 5044 omni
970 4992 1307 5048 sa‘cularium
1352 5012 1531 5051 rerum
1556 5001 1936 5060 commixtione

345 5076 517 5131 liberi.
562 5074 682 5132 Non
709 5078 852 5138 enim
881 5082 1163 5152 caliginem
1206 5085 1497 5152 videbitis,
1540 5104 1647 5143 non
1692 5090 1929 5160 fumum,

344 5184 450 5223 non
491 5170 820 5239 procellam;
851 5172 944 5227 sed
973 5174 1145 5244 ipsum
1178 5176 1373 5248 Regem
1402 5180 1680 5237 sedentem
1710 5188 1764 5238 in
1802 5188 1939 5241 solio

344 5260 631 5319 inelabilis
654 5263 795 5318 illius
819 5266 1022 5334 gloriae,
1041 5269 1366 5340 angelusque
1385 5279 1437 5326 et
1457 5274 1806 5343 archangelos
1836 5279 1938 5347 ipsi

348 5352 642 5421 adstantes,
674 5367 1087 5425 sanctorumque
1134 5362 1355 5429 populos
1399 5378 1519 5416 cum
1562 5366 1933 5423 innumerabili

348 5443 561 5496 illorum
590 5456 753 5499 coetu.
780 5447 925 5502 Talis
954 5450 1149 5519 quippe
1176 5461 1258 5505 est
1287 5453 1473 5507 civitas
1500 5443 1611 5518 Dei,
1648 5458 1936 5513 Ecclrsiatn

347 5534 750 5604 primitivorum
782 5539 984 5593 habens
1006 5581 1021 5604 ,
1052 5542 1265 5609 spiritus
1288 5542 1551 5611 justorutu
1575 5587 1590 5611 ,
1630 5548 1938 5617 angelorum

352 5626 738 5697 frequentiam,
766 5630 1078 5699 sanguinem
1109 5636 1433 5701 aspersimus
1458 5675 1471 5700 ,
1501 5650 1609 5705 quo
1638 5640 1814 5691 omnia
1845 5654 1936 5693 oo-

358 5719 628 5788 puiantur,
660 5721 849 5777 ciuium
881 5731 1089 5779 terrena
1121 5727 1372 5795 suscepit,
1403 5735 1458 5781 ct
1489 5734 1629 5782 terra
1656 5729 1885 5785 eteiestia
1925 5750 1935 5784 :

2043 3717 2142 3770 vire
2172 3726 2379 3766 natura)
2403 3723 2621 3777 nosti-.c,
2656 3714 2921 3766 manuhim
2950 3715 3110 3783 iii-gis
3136 3714 3306 3767 nostri
3341 3731 3354 3766 :
3382 3728 3503 3781 qua:
3528 3729 3645 3767 om-

2050 3809 2137 3860 nia
2165 3822 2232 3861 ex
2268 3806 2559 3876 evangeliis
2603 3816 2853 3864 accurato
2896 3806 3186 3862 discemus.
3232 3806 3291 3863 Si
3339 3822 3462 3863 cum
3514 3823 3647 3863 con-

2047 3899 2259 3966 gruenti
2290 3900 2469 3967 quiete
2494 3899 2756 3969 sequaris,
2792 3901 3092 3971 poterimus
3120 3911 3171 3956 te
3204 3915 3298 3970 per
3321 3912 3515 3957 cuncta
3538 3904 3648 3956 cir-

2051 3990 2411 4052 cutnducere,
2465 3990 2860 4059 ostendereque
2902 3989 2997 4044 tibi
3040 3992 3255 4044 ubinam
3307 4006 3453 4045 mors
3496 3992 3653 4046 afﬁxa

2044 4075 2255 4145 jaceat,
2286 4081 2372 4134 ubi
2418 4088 2695 4148 peccatum
2723 4094 3043 4149 suspensum
3077 4084 3167 4148 sit,
3200 4085 3286 4137 ubi
3322 4085 3565 4151 plurimre
3592 4101 3655 4141 ae

2052 4168 2326 4223 mirabiles
2354 4185 2421 4222 ex
2453 4168 2554 4222 hoc
2598 4168 2772 4233 bello,
2803 4185 2867 4223 ex
2910 4170 3009 4225 hac
3040 4187 3213 4240 pugna
3242 4175 3529 4229 manubiae.
3560 4174 3656 4229 Vi-

2048 4257 2205 4314 debis
2230 4269 2285 4316 et
2312 4270 2597 4330 tyrannum
2630 4261 2866 4315 vinctum
2892 4276 3014 4315 cum
3048 4264 3388 4319 multitudine
3414 4268 3656 4336 captivo-

2052 4366 2170 4405 rum
2198 4362 2482 4421 sequente,
2500 4363 2557 4406 et
2584 4367 2786 4416 arcem,
2816 4366 2881 4406 ex
2910 4366 3012 4419 qua
3044 4352 3284 4422 impurus
3307 4357 3395 4411 ille
3418 4358 3654 4427 d.emon,

2051 4444 2322 4509 pra‘terito
2346 4454 2609 4513 tempore,
2644 4444 2889 4499 incursus
2916 4445 2967 4498 in
2999 4448 3179 4501 omnia
3213 4447 3441 4505 faciebat
3470 4468 3482 4504 :
3513 4452 3659 4506 vide-

2051 4533 2135 4588 bis
2155 4536 2316 4588 etiam
2346 4534 2477 4588 furis
2508 4534 2728 4589 latibula
2758 4542 2814 4589 et
2840 4534 3149 4603 speluncas,
3172 4538 3417 4608 diruptas
3439 4541 3659 4611 quidem

2049 4632 2105 4677 et
2133 4624 2420 4691 patefactas
2449 4642 2462 4677 :
2493 4637 2615 4677 nan.
2648 4624 2719 4677 ibi
2751 4639 2962 4695 quoque
2992 4626 3103 4681 Rex
3131 4628 3318 4682 adfuit.
3357 4630 3555 4687 Verum
3588 4649 3657 4687 ne

2050 4712 2285 4781 fatiscas,
2309 4715 2504 4769 dilecte
2531 4733 2547 4769 :
2584 4730 2762 4785 neque
2787 4716 2931 4770 enim
2960 4717 3004 4772 si
3028 4719 3148 4787 quis
3180 4720 3379 4774 bellum
3408 4724 3510 4777 sub
3532 4740 3656 4779 sen-

2050 4821 2169 4862 sum
2195 4809 2394 4863 cadens
2418 4820 2731 4874 enarraret,
2781 4810 2824 4863 si
2860 4819 3059 4879 troptra
3091 4853 3103 4874 ,
3146 4814 3189 4864 si
3222 4814 3470 4869 victorias
3493 4857 3508 4881 ,
3543 4816 3661 4872 ha‘c

2049 4914 2170 4953 cum
2200 4897 2411 4953 fastidio
2436 4901 2750 4970 excipercs;
2784 4901 2891 4955 imo
2921 4917 3020 4956 nec
3060 4904 3238 4958 cibum
3267 4945 3280 4968 ,
3334 4922 3434 4961 nec
3474 4919 3657 4975 potum

2048 4990 2178 5045 huic
2202 4992 2495 5047 narrationi
2526 5004 2907 5061 anteponeres.
2941 4993 3094 5059 Quod
3124 4995 3167 5047 si
3202 4995 3289 5048 illa
3318 4998 3556 5065 jucunda
3578 5012 3661 5054 est

2051 5082 2313 5149 narratio,
2341 5082 2511 5137 multo
2536 5082 2704 5153 magis
2733 5082 2847 5137 haec
2873 5083 2997 5136 erit.
3021 5083 3299 5153 Perpende
3319 5090 3463 5139 enim
3486 5102 3661 5155 quan-

2055 5181 2164 5226 tum
2194 5172 2324 5227 illud
2356 5173 2425 5227 sit
2448 5171 2636 5227 audire
2656 5213 2671 5239 ,
2709 5173 2982 5241 quomodo
3024 5172 3163 5226 Deus
3193 5173 3260 5228 de
3282 5175 3415 5229 ca-io
3434 5215 3451 5239 ,
3483 5176 3661 5247 deque

2050 5264 2200 5334 regio
2226 5264 2363 5319 solio
2390 5278 2633 5333 surgens,
2668 5263 2719 5317 in
2743 5272 2966 5330 terram,
2993 5264 3153 5332 inque
3178 5265 3351 5335 ipsum
3380 5267 3655 5324 infernum

2051 5354 2311 5421 eruperit,
2351 5361 2407 5407 et
2437 5353 2490 5406 in
2510 5353 2625 5407 acie
2650 5353 2893 5407 steterit:
2917 5352 3188 5421 quomodo
3211 5355 3457 5411 diabolus
3486 5359 3658 5414 aciem

2052 5455 2107 5499 et
2138 5446 2249 5513 ipse
2278 5460 2428 5499 suam
2459 5455 2643 5499 contra
2676 5445 2840 5500 Deum
2876 5444 3213 5508 instruxerit;
3243 5445 3353 5501 imo
3395 5464 3500 5503 non
3529 5466 3659 5505 con-

2054 5545 2135 5591 tra
2182 5539 2345 5593 Deum
2378 5538 2613 5602 nmium,
2645 5538 2740 5591 sed
2772 5538 2936 5592 Deum
2971 5538 3022 5589 in
3065 5545 3253 5591 natura
3280 5538 3655 5596 absconditum

2055 5629 2305 5683 humana.
2335 5630 2595 5698 Quodque
2627 5628 2871 5683 mirabile
2893 5638 2994 5693 est,
3028 5636 3257 5683 mortem
3302 5642 3477 5687 morte
3504 5634 3655 5689 solu-

2052 5730 2161 5777 tam
2186 5723 2423 5787 videbis,
2468 5734 2521 5779 ct
2551 5720 2900 5779 maledictum
2940 5720 3228 5777 maledicto
3251 5724 3556 5787 sublatum;
3604 5741 3657 5787 et
