4040 6428
427 479 523 534 per
543 478 661 536 qtre
685 462 929 519 diabolus
951 473 1076 520 ante
1096 463 1304 520 valebat
1319 506 1335 530 ,
1369 477 1463 534 per
1486 467 1672 523 eadem
1698 470 1814 540 ejus
1850 476 1998 528 solu-

431 569 540 615 tam
565 559 919 634 tyrannidem.
946 559 1306 631 Exsurgamus
1329 561 1519 637 igitur,
1551 572 1607 619 et
1633 577 1880 621 somnum
1923 565 2016 621 do-

427 651 699 721 pellatnus
721 667 739 706 :
761 665 886 707 ecce
911 662 1091 721 portas
1115 653 1270 708 video
1297 655 1450 708 nobis
1485 663 1736 723 apertas;
1763 655 1858 709 sed
1889 671 2010 710 cum

427 743 574 798 omni
621 743 882 799 modestia
919 758 983 798 ac
1022 754 1259 800 tremore
1289 744 1651 815 ingrediamur
1675 785 1692 813 ,
1734 747 1915 802 statim
1946 747 2011 801 li-

429 831 572 884 mina
601 841 864 901 petentes.
894 831 1022 899 Qute
1061 844 1186 887 sunt
1214 835 1398 890 isthme
1441 835 1656 891 limina?
1687 835 1834 891 Liber
1861 854 2015 906 gene-

425 923 638 978 rationis
659 923 786 977 Iesu
807 922 992 978 Christi
1035 923 1131 984 ﬁlii
1164 923 1330 979 Dauid
1361 967 1376 992 ,
1420 927 1517 993 ﬁlii
1559 927 1836 983 Abraham.
1878 927 2015 994 Quid

427 1013 607 1069 dicis?
629 1013 700 1069 de
729 1014 997 1083 unigenito
1024 1015 1116 1070 Dei
1147 1015 1286 1071 Filio
1312 1024 1364 1072 te
1389 1017 1727 1087 loquutnrum
1754 1034 1872 1074 esse
1905 1019 2016 1089 pol-

429 1102 696 1170 lieeharis,
728 1113 782 1158 et
811 1103 1065 1159 Davidem
1094 1120 1360 1161 memoras
1384 1147 1400 1172 ,
1431 1107 1698 1163 hominem
1725 1117 1848 1178 post
1867 1107 2012 1164 ntiilo

429 1194 809 1262 generationes
829 1201 1033 1259 natum,
1063 1195 1339 1266 ipsumque
1365 1197 1497 1251 dicis
1517 1212 1636 1252 esse
1656 1205 1709 1253 et
1728 1207 1930 1268 patrem
1958 1207 2014 1254 et

429 1281 725 1350 proavum?
751 1282 1031 1351 Exspecta,
1047 1299 1116 1339 ne
1138 1285 1296 1339 simul
1322 1286 1497 1340 omnia
1515 1287 1754 1342 ediscere
1772 1302 1980 1357 qureras
1998 1304 2015 1353 ;

428 1370 528 1426 sed
573 1371 775 1426 sensim
818 1381 978 1442 atque
1004 1374 1276 1442 paulatim.
1322 1374 1379 1429 in
1423 1375 1607 1430 limine
1663 1377 1836 1436 solum
1865 1385 2013 1443 stas,

428 1460 605 1516 adhuc
631 1462 685 1515 in
710 1462 827 1530 ipso
851 1463 1022 1526 ostio;
1054 1463 1178 1532 quid
1209 1463 1426 1520 festinas
1453 1466 1519 1521 ad
1542 1467 1838 1522 interiora?
1865 1466 2014 1523 Non-

429 1549 557 1604 dum
580 1551 844 1605 exteriora
872 1552 1049 1605 omnia
1093 1552 1259 1622 probe
1283 1554 1571 1622 explorasti
1607 1572 1621 1610 :
1654 1572 1828 1626 neque
1868 1559 2012 1612 enim

429 1637 575 1692 illam
605 1637 700 1694 tibi
723 1639 1119 1709 generationem
1169 1640 1344 1695 adhuc
1381 1656 1669 1708 recenseo;
1702 1645 1810 1700 imo
1847 1660 2020 1714 neque

431 1727 576 1782 illam
603 1743 722 1798 quae
760 1737 880 1796 post
904 1732 1183 1799 sequitur,
1230 1747 1347 1800 qua:
1394 1732 1678 1793 iueﬂ‘abilis
1717 1745 1770 1789 et
1816 1750 2011 1790 arcana

430 1823 535 1871 est.
571 1815 786 1886 lloequo
808 1817 905 1872 tibi
932 1828 1059 1893 ante
1087 1834 1175 1875 me
1203 1819 1366 1875 Isaias
1402 1821 1662 1890 propheta
1691 1823 1970 1878 denuntiat
1999 1839 2016 1878 :

435 1904 700 1974 siquidem
740 1905 856 1975 ejus
884 1906 1187 1976 passionem
1215 1910 1511 1980 praedicans
1529 1954 1544 1977 ,
1573 1913 1848 1982 ipsiusque
1873 1915 2016 1968 circa

429 1995 614 2050 orbem
647 2003 910 2052 terrarum
940 2000 1328 2067 providentiam
1357 2005 1372 2034 ⁸
1411 2022 1425 2055 :
1454 2003 1724 2060 admirans
1751 2004 1872 2084 quis
1893 2021 2014 2063 cum

430 2093 575 2139 esset
600 2085 727 2154 quid
771 2085 940 2141 factus
957 2088 1064 2152 sit,
1119 2104 1291 2157 quove
1329 2093 1699 2160 descenderit,
1744 2110 1933 2165 magna
1962 2102 2020 2151 et

427 2172 570 2228 clara
600 2189 733 2231 voce
759 2176 1104 2232 exclamando
1130 2178 1264 2234 dixit
1296 2197 1310 2232 :
1344 2178 1729 2235 Generationem
1770 2184 1879 2254 ejus
1903 2185 2018 2253 quis

428 2263 678 2318 mai-abit
703 2262 861 2333 (mi.
885 2265 972 2318 ss.
999 2265 1055 2323 8i
1081 2267 1105 2320 t

497 2448 553 2503 2.
586 2448 881 2504 lucarnalio
902 2462 1146 2521 quantum
1172 2462 1455 2525 stupenda;
1483 2459 1735 2523 quomodo
1755 2476 1849 2515 nos
1872 2461 2014 2517 ωι-

429 2547 519 2595 ωε.
540 2537 767 2596 Christus
792 2539 944 2595 Vetus
969 2540 1346 2598 Testamentum
1366 2545 1514 2599 Nouo
1534 2548 1789 2616 adjunxit.
1819 2549 1887 2603 In
1924 2550 2019 2606 Ve-

428 2639 526 2687 ωτι
551 2632 865 2687 Testamento
891 2635 1078 2706 ﬁgura,
1095 2636 1148 2690 in
1166 2634 1314 2692 Novo
1341 2638 1628 2692 aeritas.—-
1649 2635 1768 2694 Non
1797 2656 1927 2712 ergo
1945 2639 2014 2697 de

429 2722 520 2777 illa
543 2724 887 2792 generatione
914 2725 1070 2780 nobis
1086 2739 1268 2782 sermo
1293 2735 1396 2790 est,
1421 2727 1516 2781 sed
1540 2727 1607 2782 de
1634 2727 1735 2783 hac
1757 2728 2014 2786 inferiore

426 2819 484 2865 et
511 2819 717 2866 terrena
740 2850 756 2878 ,
795 2827 914 2882 qua:
943 2814 1252 2883 innumeros
1278 2816 1362 2869 sui
1395 2825 1561 2871 testes
1588 2817 1768 2873 habet.
1812 2818 1888 2874 De
1913 2818 2013 2875 hac

426 2915 589 2971 porro
614 2918 710 2972 pro
747 2904 884 2959 virili
915 2915 1101 2962 nostra
1124 2908 1425 2971 secundum
1469 2919 1741 2981 acceptam
1784 2912 2013 2983 Spiritus

429 2992 697 3061 gratiam,
740 2993 818 3049 sic
863 3009 1169 3052 sermonem
1213 2997 1576 3056 instituemus.
1615 3001 1798 3072 Neque
1835 3013 2011 3058 tamen

427 3081 569 3138 hanc
593 3097 714 3138 cum
759 3087 902 3139 omni
945 3087 1322 3156 perspicuitate
1365 3091 1631 3158 explicare
1677 3107 2008 3162 possumus:

424 3184 553 3226 nam
593 3181 648 3227 et
680 3173 795 3243 ipsa
823 3189 1035 3244 quoque
1062 3175 1350 3231 admodum
1379 3181 1639 3248 stupenda
1668 3189 1771 3236 est.
1799 3181 1878 3237 Ne
1905 3182 2009 3237 ita-

424 3275 533 3332 que
556 3261 744 3332 exigua
773 3270 828 3317 te
851 3263 1037 3319 audire
1067 3274 1219 3334 putes
1241 3306 1257 3332 ,
1288 3267 1414 3321 dum
1441 3267 1580 3324 hane
1605 3270 1758 3325 audis
1781 3285 2011 3340 genera-

426 3351 661 3418 tionem;
693 3351 787 3408 sed
826 3364 1059 3409 mentem
1105 3356 1299 3422 excita,
1346 3365 1404 3412 et
1430 3361 1610 3415 statim
1638 3360 1966 3419 exhorresce
1990 3404 2007 3429 ,

427 3440 597 3496 Deum
624 3442 678 3496 ln
707 3450 901 3498 terram
930 3445 1140 3500 venisse
1163 3446 1408 3502 audiens.
1440 3448 1571 3503 illud
1615 3451 1762 3506 enim
1805 3454 1885 3508 sic
1911 3452 2012 3507 ad-

424 3528 727 3585 mirandum
745 3570 761 3595 ,
792 3530 872 3585 sic
901 3531 1320 3600 inexspectatum
1347 3544 1495 3604 erat,
1528 3545 1586 3592 ut
1601 3538 1772 3608 angeli
1800 3538 1855 3594 in
1876 3539 2012 3596 cho-

426 3633 546 3674 rum
574 3619 780 3674 collecti
806 3636 969 3691 super
988 3623 1094 3678 hac
1120 3639 1181 3680 re
1207 3641 1302 3694 pro
1333 3635 1445 3680 toto
1485 3629 1616 3684 orbe
1655 3629 1864 3687 laudem
1892 3632 2008 3702 glo-

422 3708 663 3777 riamque
688 3711 1064 3778 concinerent,
1111 3723 1164 3768 et
1203 3717 1479 3786 prophetat
1503 3719 1613 3788 jam
1643 3721 1776 3776 olim
1803 3721 1872 3776 de
1909 3722 2010 3778 hac

423 3811 485 3852 re
509 3797 945 3869 obstupescerent
965 3845 981 3868 ,
1009 3805 1150 3872 quod
1179 3805 1230 3858 in
1263 3816 1403 3860 terra
1425 3809 1571 3862 visus
1599 3820 1653 3864 et
1680 3824 1800 3864 cum
1831 3810 2009 3865 homi-

423 3888 580 3943 nibus
595 3901 938 3945 conversatus
952 3893 1018 3946 sit
1031 3893 1278 3962 (Baruclt.
1295 3896 1347 3952 5.
1371 3896 1486 3964 58).
1500 3896 1708 3953 Etenim
1722 3900 2008 3957 admodum

423 3977 742 4045 stupendum
772 3988 850 4032 cst
879 3981 1094 4047 audire,
1132 3981 1295 4036 Deum
1344 3984 1661 4042 ineffabilem
1684 4029 1701 4055 ,
1733 3987 2008 4045 inenarra-

422 4066 602 4131 bilem,
633 4067 1245 4137 incomprehensibilem,
1278 4073 1419 4127 Patri
1445 4077 1702 4144 aqualem
1723 4117 1743 4139 ,
1769 4093 1866 4146 per
1895 4083 2008 4135 vir-

421 4169 632 4225 gineam
662 4157 874 4211 venisse
897 4158 1132 4226 vulvam,
1155 4168 1209 4213 et
1230 4173 1302 4214 ex
1332 4161 1555 4217 muliere
1573 4167 1717 4219 nasci
1733 4165 2006 4235 dignatum

421 4259 564 4309 esse,
590 4259 825 4315 avosque
838 4247 1038 4303 habere
1057 4247 1308 4303 Davidem
1320 4259 1375 4305 et
1393 4251 1776 4311 Ahrahamum.
1798 4257 1864 4312 Et
1880 4259 2006 4328 quid

422 4333 544 4388 dico
573 4333 828 4390 Davidem
849 4345 904 4391 et
922 4335 1320 4413 Abrahamumi
1346 4339 1477 4396 Nam
1504 4344 1647 4412 quod
1679 4347 2003 4417 horribilius,

421 4422 582 4478 etiam
620 4424 870 4480 mulieres
898 4426 1015 4481 illas
1058 4429 1369 4487 meretrices
1399 4433 1454 4497 ',
1502 4449 1635 4503 quas
1678 4438 1837 4505 paulo
1881 4449 2006 4494 ante

422 4515 735 4570 memoravi.
761 4515 886 4573 ﬂare
915 4519 1162 4586 audiens,
1193 4522 1429 4575 animum
1451 4526 1630 4593 erige,
1660 4535 1717 4581 et
1740 4529 1867 4584 nihil
1898 4531 2004 4587 vile

422 4604 710 4674 suspiceris
737 4622 751 4657 :
784 4606 1018 4678 illudque
1047 4611 1278 4666 maxime
1300 4613 1517 4681 mirare,
1542 4617 1681 4685 quod
1715 4618 1877 4674 Filius
1902 4661 1918 4687 ,
1949 4633 2003 4676 et

423 4692 687 4761 genuinus
706 4693 872 4750 Filius
893 4695 986 4750 Dei
1002 4697 1120 4754 sine
1139 4700 1400 4771 principio
1418 4705 1723 4762 exsistentis
1757 4724 1816 4764 se
1837 4712 2001 4767 lilium

425 4782 638 4838 Davidis
662 4785 848 4842 audire
888 4802 1076 4857 passus
1117 4791 1226 4860 sit,
1270 4802 1328 4849 ut
1354 4802 1405 4851 te
1433 4796 1635 4854 faceret
1665 4800 1756 4855 Dei
1783 4802 1951 4859 lilium
1985 4822 1998 4860 :

421 4889 612 4946 passus
636 4884 718 4930 cst
744 4892 804 4932 se
827 4891 1030 4947 patrem
1053 4879 1248 4938 habere
1271 4898 1506 4951 servum.
1530 4899 1587 4943 ut
1615 4890 1708 4945 tibi
1733 4906 1891 4949 servo
1910 4909 2006 4964 pa-

424 4973 559 5020 trem
604 4964 804 5021 faceret
846 4968 1148 5025 Dominum.
1203 4972 1386 5030 Viden‘
1430 4979 1613 5033 statim
1657 4996 1687 5035 a
1735 4983 2001 5056 principio

421 5068 663 5124 quaenam
693 5056 801 5113 sint
821 5059 1138 5128 evangelia?
1165 5061 1315 5129 Quod
1343 5065 1389 5120 si
1420 5065 1488 5120 de
1517 5069 1621 5122 tuis
1648 5070 1858 5130 dubitas
1883 5119 1898 5140 ,
1932 5076 2002 5131 ab

424 5144 487 5198 iis
514 5159 634 5214 qua:
673 5145 741 5201 ad
782 5146 954 5215 ipsum
980 5154 1226 5220 spectant
1259 5153 1375 5210 haec
1413 5165 1470 5211 ut
1497 5160 1683 5215 credas
1710 5161 1997 5222 inducaris.

421 5235 602 5307 Longe
625 5238 766 5303 enim
794 5238 1068 5297 difficilius
1093 5253 1198 5310 est,
1226 5256 1482 5317 quantum
1506 5251 1572 5305 ad
1597 5252 1886 5312 humanum
1915 5258 2000 5314 in-

422 5328 688 5385 teilectum
715 5331 962 5401 pertinet,
992 5334 1160 5393 Deum
1191 5337 1461 5398 hominem
1486 5343 1623 5412 ﬁeri,
1649 5349 1997 5418 quamhomi-

485 5514 648 5585 fani,
673 5516 1081 5585 misericordiae.

485 5575 514 5613 ⁸
538 5576 657 5639 i'ox,
682 5577 976 5643 meretrices,
1002 5585 1148 5636 deest
1173 5599 1219 5636 tn
1245 5583 1586 5650 ilanuscriptis
1612 5585 1852 5651 plurimis.

1139 358 1197 417 8.
1232 357 1515 417 IOANNIS
1551 358 2040 419 CllRYSOSTOMl
2077 360 2390 428 ARCHIEP.
2427 365 2972 426 CONSTANTINOP.
3612 363 3687 422 26

2103 499 2226 538 nem
2265 483 2356 539 Del
2391 481 2561 536 lilium
2587 495 2728 537 esse.
2756 481 2896 534 Cum
2933 479 3098 549 igitur
3141 477 3295 535 audis
3338 475 3546 536 Filium
3579 478 3680 533 Dei

2101 574 2272 630 lilium
2303 586 2424 630 esse
2454 572 2672 627 Davidis
2697 580 2752 626 et
2777 572 3031 634 Abrahar,
3058 571 3306 627 dubitare
3321 566 3433 640 jam
3457 569 3679 631 desine,

2100 675 2154 720 te
2180 667 2352 720 lilium
2386 665 2513 721 Atla:
2539 664 2709 718 lilium
2747 664 2838 718 Dei
2869 661 3114 716 futurum
3142 677 3284 718 esse.
3316 659 3499 731 Neque
3520 658 3676 714 enim
3703 697 3708 701 .

2098 755 2304 812 frustra
2325 767 2380 812 et
2403 757 2677 811 incassum
2705 754 2944 824 seipsum
2968 754 3042 807 ita
3059 753 3419 816 ltumiliasset,
3441 749 3552 806 nisi
3575 765 3683 803 nos

2097 850 2436 903 exaltatnrus
2455 855 2618 901 esset.
2646 845 2822 901 Natus
2839 857 2924 900 est
2940 846 3087 899 enim
3109 843 3410 898 secundum
3431 857 3684 904 cantent,

2115 937 2172 982 ut
2199 939 2252 984 tu
2278 929 2572 985 nascereris
2597 930 2888 985 secundum
2901 931 3144 1002 spiritum
3173 950 3187 986 :
3218 941 3371 987 natus
3383 943 3469 990 est
3483 950 3547 991 ex
3572 951 3701 990 mu-

2113 1017 2266 1086 liere,
2318 1029 2377 1075 ut
2422 1028 2478 1075 tu
2512 1019 2790 1077 desineres
2836 1020 2976 1078 filius
3003 1038 3124 1079 esse
3168 1024 3432 1081 mulieris.
3471 1026 3710 1096 Ideoque

2114 1108 2310 1180 duplex
2332 1110 2603 1180 generatio
2625 1110 2741 1174 fuit,
2772 1119 2825 1164 et
2853 1127 2974 1181 quze
3001 1113 3190 1167 similis
3218 1124 3416 1171 nostra
3444 1125 3608 1180 esset,
3644 1126 3710 1172 et

2114 1213 2235 1270 qua:
2265 1210 2502 1254 nostram
2531 1199 2552 1232 ⁸
2577 1211 2943 1270 exsuperaret.
2965 1203 3175 1258 Etenim
3208 1221 3271 1259 ex
3305 1206 3529 1262 muliere
3555 1209 3708 1262 nasci

2117 1290 2275 1345 nobis
2302 1291 2577 1361 competit;
2607 1294 2749 1348 nasci
2771 1303 2948 1349 autem
2972 1310 3080 1348 non
3103 1310 3168 1350 ex
3198 1298 3478 1367 sanguine,
3506 1314 3614 1354 non
3636 1315 3710 1355 ex

2115 1383 2387 1437 voluntate
2413 1384 2510 1436 viri
2542 1392 2596 1438 et
2617 1385 2818 1452 carnis,
2845 1386 2938 1440 sed
2960 1401 3026 1441 ex
3056 1386 3257 1456 Spiritu
3286 1399 3475 1458 saneto
3491 1432 3508 1456 ,
3534 1406 3710 1461 gene-

2119 1475 2381 1530 rationem
2409 1490 2506 1530 nos
2546 1488 2955 1546 exsuperantem
2986 1488 3041 1534 et
3086 1478 3316 1534 futuram
3349 1475 3668 1550 prte'nuntiat
3693 1524 3714 1547 ,

2117 1582 2237 1636 quae
2259 1581 2324 1622 ex
2353 1565 2555 1635 Spiritu
2599 1569 2753 1623 nobis
2776 1555 3118 1625 concedenda
3149 1583 3284 1626 erat.
3313 1570 3450 1638 Quin
3492 1580 3547 1626 et
3591 1589 3708 1627 ca:-

2119 1667 2233 1714 tera
2270 1673 2485 1728 quoque
2537 1659 2716 1714 omnia
2767 1659 3072 1730 hujusmodi
3120 1670 3292 1716 erant.
3337 1661 3549 1718 Etenim
3596 1663 3711 1718 tale

2117 1759 2234 1807 erat
2261 1759 2314 1805 et
2341 1751 2610 1806 lavacrum
2631 1769 2645 1804 :
2664 1752 2934 1821 quidpiam
2964 1754 3109 1808 enim
3133 1768 3200 1809 ex
3223 1755 3413 1817 veteri.
3434 1754 3711 1825 quidpiam

2118 1841 2279 1894 etiam
2310 1855 2380 1895 ex
2421 1855 2559 1895 novo
2587 1839 2838 1897 habebat.
2869 1841 3000 1897 Nam
3046 1858 3076 1896 a
3120 1834 3659 1915 propheta°baptiaari
3690 1885 3715 1914 ,

2115 1944 2216 1999 per
2242 1930 2372 1985 illud
2398 1940 2551 1986 vetns
2579 1932 2979 2002 exprimebatur
3004 1951 3018 1987 :
3045 1933 3306 2002 Spiritum
3351 1944 3530 1992 autem
3579 1952 3715 1990 san-

2117 2032 2262 2077 ctum
2279 2021 2627 2088 descendere,
2647 2039 2840 2077 novum
2859 2023 3243 2078 subindicahat.
3263 2025 3340 2080 Ac
3355 2025 3712 2095 quemadmr-

2120 2111 2247 2166 dum
2272 2113 2315 2166 si
2343 2112 2463 2180 quis
2492 2112 2544 2166 in
2592 2111 2770 2167 medio
2808 2122 2990 2179 stans,
3032 2113 3167 2168 duos
3213 2116 3348 2171 alios
3392 2115 3704 2186 sejunctas.

2120 2201 2369 2272 expansis
2395 2201 2507 2256 suis
2534 2203 2874 2272 arreptisque
2900 2203 3114 2259 illorum
3159 2207 3407 2275 utrinque
3426 2206 3670 2261 manibus
3695 2247 3714 2272 ,

2121 2293 2463 2361 eonjunxerit
2499 2294 2613 2346 :ita
2661 2301 2718 2348 et
2762 2294 2855 2348 ille
2899 2293 3057 2357 fecit,
3105 2294 3268 2350 Vetus
3308 2296 3716 2352 Testamentum

2121 2381 2270 2437 Novo
2309 2381 2644 2452 adiungens,
2692 2390 2935 2437 naturam
2987 2383 3219 2438 divinam
3270 2384 3561 2451 humanm,
3609 2401 3708 2440 sua

2120 2472 2340 2526 nostris.
2372 2471 2556 2528 Viden‘
2578 2473 2723 2527 urbis
2769 2472 2991 2542 hujusce
3019 2473 3277 2544 fulgorem
3299 2517 3316 2542 ,
3342 2486 3714 2546 quantumque

2124 2572 2177 2618 te
2217 2577 2249 2617 a
2288 2562 2550 2633 principio
2598 2562 3026 2617 collustraverit?
3075 2564 3343 2632 quomodo
3391 2567 3482 2621 tibi
3529 2583 3714 2636 regem

2125 2656 2302 2710 statim
2329 2653 2564 2710 ostendit
2590 2656 2641 2708 in
2677 2665 2766 2708 tua
2796 2656 2976 2724 specie
2999 2694 3016 2721 ,
3046 2658 3196 2725 quasi
3224 2657 3276 2710 in
3305 2657 3483 2712 medio
3511 2660 3721 2713 exerci-

2127 2748 2220 2801 tu?
2245 2747 2427 2815 Neque
2456 2746 2596 2800 enim
2638 2746 2711 2800 ibi
2739 2761 2831 2800 rex
2863 2761 3078 2816 semper
3103 2747 3413 2818 dignitatem
3435 2764 3586 2803 suam
3619 2766 3716 2804 us-

2127 2838 2315 2904 tendit,
2341 2836 2438 2893 sed
2475 2837 2636 2892 missa
2678 2853 2909 2906 purpura
2937 2848 2992 2892 et
3032 2837 3332 2894 diademate
3362 2879 3376 2903 ,
3426 2840 3715 2896 militarem

2126 2943 2271 2998 stupe
2294 2936 2498 2983 vestem
2532 2927 2725 2980 induit.
2763 2926 2869 2982 Sed
2897 2927 2967 2980 ibi
2995 2926 3208 2996 quidem
3230 2969 3245 2993 ,
3279 2943 3348 2984 ne
3391 2937 3548 2984 notus
3587 2945 3719 2986 cunt

2127 3019 2218 3083 sit,
2249 3017 2433 3073 hostes
2458 3016 2524 3071 ad
2553 3032 2613 3072 se
2637 3016 2905 3079 attrahat;
2943 3015 3030 3071 hie
3054 3027 3239 3072 contra
3261 3058 3277 3082 ,
3309 3033 3377 3073 ne
3402 3029 3560 3073 notus
3588 3035 3714 3075 cum

2132 3116 2223 3180 sit,
2243 3111 2452 3169 hostem
2473 3129 2540 3168 ex
2567 3115 2847 3169 conﬂictus
2866 3114 3057 3168 timore
3082 3115 3135 3168 itt
3165 3112 3340 3183 fugam
3360 3120 3553 3178 vertat,
3578 3127 3717 3169 neve

2130 3217 2258 3260 suos
2280 3207 2564 3260 conturbet
2592 3204 2852 3259 :salutem
2898 3205 3042 3259 enim
3085 3205 3254 3274 ipsis,
3295 3219 3400 3258 non
3450 3213 3713 3260 terrorem

2131 3292 2322 3348 afferre
2351 3297 2549 3348 studet.
2583 3295 2707 3348 ideo
2729 3293 2906 3349 statim
2929 3295 3102 3364 ipsum
3120 3296 3213 3349 illo
3233 3295 3450 3350 nomine
3478 3294 3710 3362 vocavit,

2031 3432 2038 3435 _
2131 3392 2326 3451 nempe
2347 3383 2549 3438 Jesutn.
2578 3385 2688 3439 lloc
2705 3386 2903 3455 quippe
2924 3399 3118 3438 nomen
3146 3384 3301 3440 Jesus
3327 3401 3432 3439 non
3459 3394 3541 3439 est
3562 3384 3716 3440 Crte-

2127 3484 2273 3537 cum;
2297 3472 2391 3528 sed
2413 3473 2670 3528 llebraiea
2692 3474 2866 3544 lingua
2883 3473 3275 3543 sieappellatnr
3295 3474 3472 3536 Jesus;
3501 3475 3552 3529 id
3568 3475 3713 3544 qtmd

2127 3559 2315 3617 Graece
2333 3562 2616 3632 signiﬁcat,
2643 3573 2828 3635 Σωτὴρ,
2853 3564 3100 3619 Salvator
3126 3582 3141 3620 :
3169 3564 3412 3620 Salvator
3436 3582 3595 3638 porro
3629 3569 3715 3623 di-

2125 3651 2283 3722 citur,
2306 3655 2447 3724 quod
2474 3657 2685 3714 salvum
2715 3655 2874 3712 faciat
2897 3655 3150 3728 populum
3170 3669 3350 3712 suum.

2207 3829 2257 3885 3.
2274 3829 2436 3887 Vides
2460 3833 2726 3903 quomodo
2745 3837 3042 3894 auditorem
3065 3843 3253 3906 erexit,
3275 3855 3534 3903 consueto
3561 3863 3717 3906 more

2131 3919 2293 3973 verba
2319 3919 2537 3990 faciens,
2565 3939 2629 3979 ac
2652 3941 2750 3994 per
2771 3943 2834 3983 ea
2863 3945 2984 4000 qua:
3011 3931 3158 3999 dicit,
3188 3934 3276 3989 illa
3303 3950 3423 4005 quze
3446 3951 3595 4006 spem
3621 3955 3714 3996 su-

2127 4020 2316 4077 perant
2340 4014 2494 4069 nobis
2523 4017 2769 4073 omnibus
2799 4020 3040 4077 indicat?
3067 4024 3199 4079 Nam
3229 4028 3505 4096 utriusque
3533 4033 3713 4087 nomi-

2126 4100 2209 4149 nis
2242 4115 2430 4169 magna
2455 4116 2570 4158 erat
2599 4109 2737 4175 apud
2762 4110 2975 4165 Judtnos
3013 4113 3264 4183 cognitio.
3298 4117 3429 4184 Quia
3456 4121 3601 4176 enim
3631 4122 3715 4178 in-

2123 4199 2426 4255 exspectata
2480 4194 2722 4262 quaedam
2777 4201 2979 4268 agenda
3024 4213 3219 4270 erant,
3269 4207 3379 4275 jam
3433 4212 3710 4269 nominum

2123 4275 2306 4345 ﬁgura:
2329 4295 2751 4353 praecesserant;
2780 4289 2851 4344 ita
2881 4301 2937 4345 ttt
2961 4293 3069 4360 jam
3096 4297 3222 4349 olim
3253 4301 3430 4355 omnis
3456 4305 3711 4363 novitatis

2108 4381 2372 4437 tumultus
2385 4392 2680 4453 praereptus
2697 4396 2857 4440 esset.
2873 4387 3030 4445 Iesus
3046 4405 3189 4448 entm
3206 4399 3684 4470 vocaturqui,post

2107 4469 2368 4538 Moysem,
2388 4474 2644 4541 populum
2663 4475 2714 4529 in
2738 4484 2940 4533 terram
2961 4483 3338 4549 promissionis
3358 4469 3573 4545 introdu
3582 4493 3681 4548 xit.

2111 4559 2308 4614 Vidisti
2353 4560 2601 4632 ﬁguram,
2638 4564 2761 4618 vide
2801 4573 2855 4620 et
2901 4571 3202 4626 veritatem.
3248 4574 3340 4627 llle
3380 4575 3436 4628 in
3480 4587 3683 4636 terram

2105 4650 2525 4718 promissibnis,
2576 4654 2668 4708 hic
2707 4658 2760 4709 in
2799 4658 2991 4712 calum
3032 4669 3088 4715 et
3129 4660 3182 4716 in
3221 4664 3459 4720 caelestia
3499 4668 3679 4724 bona:

2105 4739 2194 4793 ille
2240 4749 2362 4810 post
2419 4754 2644 4799 mortem
2687 4745 2929 4818 Moysis,
2974 4750 3062 4806 hic
3107 4761 3394 4824 postquam
3441 4759 3526 4812 lex
3568 4775 3684 4814 ees-

2107 4834 2248 4887 savit
2292 4852 2307 4889 :
2351 4835 2441 4890 ille
2473 4845 2533 4893 ut
2571 4840 2754 4908 populi
2801 4841 2934 4907 dux,
2984 4845 3072 4901 hic
3107 4856 3165 4901 ut
3190 4863 3305 4904 rex.
3356 4847 3462 4906 Sed
3505 4869 3575 4907 ne
3593 4853 3696 4908 Je--

2106 4937 2228 5011 sum
2265 4923 2490 4982 audiens
2526 4942 2588 4982 ex
2628 4931 2914 4986 nominum
2953 4935 3315 4993 similitudine
3344 4940 3641 5011 decipiaris
3663 4984 3680 5011 ,

2107 4993 2253 5066 aliud
2272 5014 2515 5069 subdidit
2539 5033 2555 5069 :
2580 5015 2712 5073 Iesu
2729 5019 2931 5074 Christi
2953 5023 3057 5090 ﬁlii
3080 5023 3281 5082 Dauid.
3304 4993 3405 5084 ille

2105 5117 2172 5157 ex
2200 5102 2420 5170 Davide,
2450 5109 2542 5162 sed
2565 5123 2630 5164 ex
2652 5112 2756 5163 alia
2781 5113 2925 5167 tribu
2951 5123 3090 5170 erat.
3118 5117 3224 5173 Sed
3245 5134 3348 5172 cur
3369 5119 3570 5174 librtnu
3597 5137 3686 5177 vo.

2109 5200 2200 5248 cat
2221 5197 2591 5265 generationis
2612 5197 2743 5256 Iesu
2765 5202 2990 5270 Christi,
3018 5221 3144 5261 cum
3170 5217 3352 5264 tamen
3380 5227 3489 5265 non
3505 5213 3680 5267 solam

2167 5416 2360 5507 :Savil.
2373 5432 2445 5507 et
2455 5428 2896 5507 idprelnnatuiam
2919 5445 3152 5507 nostram.
3177 5441 3279 5492 Sed
3304 5451 3678 5507 regnaturum,

2106 5483 2337 5576 [in
2347 5491 2596 5576 ll“orn-pilius
2617 5483 3152 5576 "ttiiidig'ripiié,’

2106 5543 2316 5669 fugane.
2347 5548 2466 5600 Nam
2492 5543 3679 5636 vox,'Wdij?étéhi.‘i'£a"€6c‘éiri'éEiéFittK
