4040 6420
306 271 372 329 ‘21
1492 273 1555 328 ΙΝ
1591 273 1898 331 ΜᾹΤΤΠᾸΞ

2039 277 2267 336 Ηωιιι.
2309 282 2371 339 ll.
3533 280 3605 337 28

308 375 732 447 generationem,
763 375 856 430 sed
889 383 1052 430 totam
1091 370 1549 441 dispensationem
1580 369 1910 437 complecta-

310 466 442 521 tur?
470 466 602 533 Quia
634 466 737 520 huc
777 466 938 520 totius
965 463 1380 534 dispensationis
1418 470 1578 530 caput
1609 469 1714 528 est,
1747 471 1911 531 atque

307 563 627 635 principium
670 568 825 624 nobis
852 578 907 624 et
944 570 1095 623 radix
1123 569 1360 623 omnium
1394 567 1679 623 bonorum.
1705 565 1896 635 Quem-

305 657 596 712 admodum
648 659 841 715 librum
905 663 1021 716 caeli
1072 672 1127 715 et
1181 669 1339 715 terra:
1385 660 1601 713 vocavit
1648 657 1899 728 Moyses,

305 748 517 802 etiamsi
551 764 655 804 non
701 750 772 806 de
810 750 945 806 czelo
990 760 1045 806 et
1096 761 1233 805 terra
1267 758 1471 804 tantum
1508 749 1776 818 loquatur,
1805 745 1901 801 sed

303 837 375 892 de
407 840 469 892 iis
495 841 657 895 etiam
698 857 817 911 qua:
850 844 902 896 in
950 841 1129 897 medio
1171 842 1341 911 posita
1382 848 1538 893 erant
1569 857 1581 892 :
1613 838 1687 893 ita
1731 848 1785 893 et
1816 837 1900 892 hic

305 945 520 1000 quoque
545 946 611 987 cx
641 933 815 1001 capite
845 933 1107 987 bonorum
1134 943 1198 987 ac
1238 931 1495 1001 prteclare
1523 939 1795 1000 gestorum
1842 928 1902 981 Ii-

306 1017 463 1072 brum
490 1022 833 1090 nuncupavit.
859 1022 1013 1089 Quod
1041 1022 1183 1077 enim
1206 1021 1525 1092 stupendum
1549 1029 1633 1075 est
1657 1033 1902 1074 omnem-

305 1122 412 1176 que
437 1124 587 1179 spem
629 1115 1193 1187 exspectationemque
1231 1122 1449 1181 superat
1470 1154 1484 1177 ,
1518 1120 1600 1167 est
1627 1110 1902 1165 hominem

310 1199 477 1255 Deum
509 1202 622 1257 fieri
654 1222 665 1256 :
694 1220 801 1275 quo
829 1205 969 1260 facto
1006 1204 1186 1259 omnia
1228 1202 1521 1260 secundum
1561 1204 1822 1257 rationem
1849 1210 1906 1256 et

307 1296 745 1363 consequentiam
766 1296 1039 1352 eveniunt.

382 1488 597 1545 Davidis
659 1488 920 1557 splendor.
976 1488 1222 1553 Quwdam
1258 1490 1321 1541 de
1366 1488 1661 1558 genealogia
1708 1486 1896 1542 Christi

300 1582 606 1652 qumtiones
653 1578 933 1633 solvuntur.
962 1610 1033 1619 —
1062 1578 1171 1633 Cur
1200 1590 1376 1632 autem
1424 1596 1528 1633 non
1575 1578 1741 1643 dixit,
1776 1579 1895 1634 Filii

301 1672 596 1737 Abraham,
626 1681 681 1725 et
708 1670 1049 1740 postea,Filii
1083 1671 1283 1724 David?
1307 1672 1446 1735 Non,
1476 1683 1533 1725 ut
1553 1672 1766 1741 quidam
1789 1672 1897 1741 opi-

303 1776 520 1830 nantur,
554 1764 622 1819 ab
652 1763 996 1818 inferioribus
1043 1763 1232 1818 volens
1273 1764 1338 1817 ad
1383 1766 1657 1834 superiora
1712 1780 1900 1819 ascen—

301 1856 430 1911 dere
458 1874 471 1909 :
502 1855 737 1925 alioquin
788 1856 841 1908 id
875 1854 1087 1909 fecisset
1115 1854 1257 1923 quod
1301 1864 1355 1909 et
1390 1856 1593 1919 Lucas;
1624 1872 1765 1911 nunc
1805 1872 1902 1910 au-

302 1957 407 2002 tem
440 1962 470 2002 e
495 1946 765 2001 contrario
794 1944 935 2000 facit.
964 1944 1074 1999 Cur
1103 1961 1231 2013 ergo
1264 1945 1515 1999 Davidem
1546 1948 1901 2001 memoravit?

301 2040 434 2107 Quia
462 2039 549 2094 ille
579 2039 631 2092 in
672 2038 911 2093 omnium
942 2052 1037 2091 ore
1066 2036 1354 2101 ferebatur,
1386 2047 1494 2091 tum
1526 2038 1595 2092 ob
1624 2048 1898 2107 gestorum

301 2131 667 2201 splendorem,
692 2140 802 2183 tum
829 2132 991 2184 etiam
1028 2130 1285 2198 temporis
1308 2144 1489 2194 causa,
1518 2129 1661 2200 quod
1689 2145 1794 2186 non
1824 2140 1902 2186 tot

299 2230 426 2277 ante
460 2222 675 2277 smculis
704 2230 947 2275 mortuus
973 2228 1151 2284 esset,
1176 2230 1307 2289 quot
1344 2220 1636 2274 Abraham.
1676 2222 1899 2277 Etiamsi

300 2330 431 2370 vero
461 2314 670 2384 utrique
691 2313 958 2384 pollicitus
979 2313 1048 2367 sit
1078 2312 1237 2379 Dens,
1266 2313 1393 2368 illud
1423 2322 1599 2368 tamen
1623 2314 1773 2384 quasi
1801 2332 1902 2370 ano

300 2410 503 2479 tiquius
566 2408 889 2471 tacebatnr;
944 2406 1045 2461 hoc
1089 2416 1267 2460 autem
1295 2446 1311 2471 ,
1344 2417 1528 2477 utpote
1580 2408 1849 2463 recentius
1881 2450 1898 2475 ,

301 2502 541 2557 omnium
590 2512 685 2552 ore
714 2496 1215 2551 circumferebatur.
1246 2498 1348 2566 Ipsi
1397 2512 1629 2567 namque
1666 2499 1851 2553 dicunt
1883 2517 1897 2553 :

303 2591 492 2646 Nonne
535 2606 599 2643 ea:
643 2588 831 2641 semine
858 2586 1029 2640 David
1072 2596 1118 2640 et
1163 2585 1455 2641 Bethleltem
1498 2589 1646 2653 vico,
1679 2589 1767 2641 ubi
1794 2599 1902 2642 erat

303 2683 488 2747 David,
503 2682 635 2734 venit
664 2679 893 2733 Christus
912 2678 1095 2747 (Joan.
1121 2679 1173 2733 7.
1202 2678 1331 2748 42)?
1358 2678 1527 2733 Nemo
1554 2679 1704 2733 illum
1733 2679 1902 2733 lilium

299 2770 532 2828 Abraha:
558 2811 571 2832 ,
602 2770 695 2823 sed
722 2782 910 2822 omnes
938 2768 1102 2821 lilium
1134 2766 1305 2821 David
1346 2767 1645 2822 vocabant:
1678 2782 1802 2822 nam
1832 2767 1903 2823 ob

302 2862 565 2932 temporis
590 2860 842 2929 Spatium,
871 2866 929 2912 ut
955 2856 1085 2923 dixi,
1115 2866 1172 2913 et
1194 2856 1266 2911 ob
1294 2872 1538 2927 regnum,
1566 2857 1617 2911 in
1646 2856 1903 2912 memoria

303 2960 580 3012 hominum
624 2954 793 3024 magis
833 2952 1169 3009 versabatur.
1197 2949 1452 3005 Similiter
1481 2958 1536 3004 et
1572 2964 1726 3018 reges
1758 2962 1896 3018 quos

300 3047 710 3109 venerabantur,
746 3045 943 3113 quique
968 3052 1090 3113 post
1120 3041 1265 3095 illum
1295 3040 1461 3104 fuere,
1495 3038 1563 3092 ab
1583 3039 1675 3093 illo
1704 3053 1898 3108 cogno-

301 3136 576 3189 iuinabaut
598 3176 614 3199 ,
642 3148 742 3188 nec
782 3132 883 3200 ipsi
928 3133 1098 3184 solum
1126 3170 1142 3196 ,
1174 3128 1268 3182 sed
1297 3128 1457 3182 etiam
1490 3127 1649 3181 Deus.
1681 3127 1893 3181 Etenim

303 3226 551 3281 Ezechiel
596 3234 650 3279 et
696 3223 782 3278 alii
818 3223 1091 3291 propheta:
1128 3221 1311 3274 dicunt
1336 3228 1619 3272 venturum
1646 3232 1767 3273 esse
1795 3218 1898 3271 Da-

302 3318 387 3369 vid
417 3326 470 3369 et
499 3324 923 3370 resurrecturum
964 3326 1084 3367 esse
1104 3353 1118 3375 ,
1148 3318 1253 3363 non
1282 3310 1349 3364 de
1378 3309 1580 3363 Davide
1622 3308 1715 3375 qui
1752 3323 1897 3363 mor-

303 3412 426 3459 tuus
451 3414 568 3459 erat
599 3404 879 3473 loquentes
907 3442 922 3466 ,
954 3401 1049 3456 sed
1076 3401 1143 3455 de
1174 3402 1239 3454 iis
1266 3402 1351 3470 qui
1380 3400 1497 3469 ejus
1532 3401 1780 3455 virtutem
1811 3414 1896 3453 sc—

301 3506 592 3552 ctarentur.
620 3495 867 3550 Ezecbize
893 3509 1020 3547 vero
1050 3495 1123 3546 ait
1150 3510 1162 3545 :
1195 3491 1465 3562 Protegat):
1491 3492 1738 3544 civitatem
1764 3491 1897 3545 Itane

304 3596 509 3657 prepter
537 3602 615 3638 me
634 3595 681 3638 et
704 3593 908 3653 prapter
928 3581 1093 3635 David
1123 3598 1332 3651 puerum
1358 3598 1523 3634 meum
1560 3581 1632 3650 (4.
1656 3581 1780 3650 Reg.
1803 3580 1891 3637 l9.

304 3676 417 3750 δι).
450 3676 725 3733 Salomoni
758 3690 885 3729 vero
914 3674 1142 3741 diccbat,
1174 3688 1236 3728 se
1267 3682 1484 3741 pr0pter
1521 3671 1774 3725 Davidem
1805 3687 1895 3725 rc-

303 3784 465 3836 guum
496 3769 709 3822 vivente
738 3767 855 3838 ipso
885 3762 1218 3837 [Salomone]
1251 3777 1355 3816 non
1383 3762 1627 3815 divisisse
1656 3762 1732 3831 (3.
1760 3759 1895 3830 Reg.

306 3860 394 3915 ll.
422 3860 536 3929 δι).
570 3859 754 3928 Magna
794 3858 935 3912 enim
966 3863 1082 3911 erat
1121 3856 1261 3907 illius
1305 3853 1404 3907 viri
1445 3852 1611 3922 gloria
1660 3861 1715 3906 et
1756 3851 1895 3919 apud

308 3950 475 4006 Deum
518 3958 573 4005 et
600 3950 739 4018 apud
770 3949 1033 4002 homines.
1064 3946 1291 4014 Ideoque
1339 3944 1406 3997 ab
1445 3943 1535 3996 illo
1576 3941 1666 4011 qui
1717 3941 1897 3995 netiur

306 4052 423 4097 erat
461 4043 738 4097 exordium
768 4039 950 4101 ducit,
981 4047 1033 4091 et
1062 4044 1188 4090 tunc
1222 4034 1287 4088 ad
1313 4034 1664 4102 antiquiorem
1697 4045 1895 4100 paren-

308 4142 416 4188 tem
447 4132 712 4196 recurrit,
759 4127 1085 4198 superﬂuum
1126 4125 1365 4190 ducens,
1408 4131 1665 4193 quantum
1702 4120 1768 4174 ad
1798 4120 1896 4175 Ju-

310 4224 458 4277 dzeos
480 4264 495 4285 ,
527 4224 772 4290 superius
809 4233 1112 4275 sermonem
1162 4216 1349 4271 ordiri.
1382 4214 1449 4269 Hi
1478 4213 1621 4268 enim
1666 4212 1899 4267 maxime

308 4313 583 4369 mirabiles
626 4321 778 4366 erant
810 4326 824 4361 :
855 4309 941 4364 hic
963 4350 979 4375 ,
1007 4317 1189 4377 utpote
1228 4322 1321 4362 rex
1368 4315 1422 4359 et
1446 4305 1736 4374 propheta;
1772 4304 1895 4371 ille,

309 4414 367 4459 nt
394 4404 689 4474 patriarcha
718 4412 771 4457 et
804 4401 1083 4470 propheta.
1110 4402 1173 4454 Et
1196 4399 1335 4453 unde
1361 4397 1634 4466 probatur,
1661 4396 1893 4465 inquies,

311 4497 463 4552 illum
507 4510 574 4549 cx
616 4494 814 4549 Davide
842 4504 1017 4547 ortum
1047 4492 1203 4547 esse?
1229 4490 1285 4545 Si
1310 4490 1452 4545 enim
1484 4504 1588 4545 non
1637 4504 1700 4542 ex
1742 4489 1857 4542 viro
1877 4528 1894 4555 ,

310 4586 407 4642 sed
433 4602 499 4640 ex
531 4586 761 4639 muliere
784 4593 987 4637 tantum
1020 4592 1174 4636 natus
1201 4590 1285 4637 est
1309 4619 1329 4649 ,
1355 4579 1577 4650 virginis
1601 4588 1779 4632 autem
1808 4594 1901 4649 ge-

312 4679 549 4748 nealogia
584 4693 690 4732 non
741 4676 979 4741 texitur,
1011 4673 1281 4745 quomodo
1330 4672 1563 4725 sciemus
1612 4672 1782 4739 ipsum
1830 4686 1895 4725 cx

311 4769 511 4825 Davide
554 4782 671 4822 esse
701 4766 919 4820 ortum?
952 4765 1077 4818 Dote
1106 4777 1333 4831 namque
1372 4770 1497 4815 sunt
1523 4761 1847 4830 quaestiones
1880 4776 1892 4811 :

309 4874 408 4914 cur
433 4857 617 4911 matris
642 4857 949 4925 genealogia
978 4870 1082 4907 nou
1116 4854 1330 4917 texitur,
1360 4859 1414 4905 et
1443 4866 1537 4905 cur
1561 4850 1779 4920 Josepli,
1806 4850 1895 4920 qui

313 4952 441 5005 nihil
468 4949 785 5013 contulitad
825 4948 1243 5017 generationem,
1274 4944 1341 4995 ab
1387 4944 1494 4998 illis
1523 4952 1848 4998 memoratur
1878 4958 1893 4995 :

312 5042 522 5095 videtur
550 5040 692 5094 enim
711 5038 817 5092 hoc
844 5036 1166 5101 redundare,
1190 5044 1245 5089 et
1271 5034 1398 5087 illud
1425 5034 1736 5088 desiderari.
1759 5032 1894 5100 Quid

313 5147 440 5201 ergo
482 5132 629 5199 prius
674 5127 1085 5198 perquirendum
1135 5128 1265 5191 est:
1294 5124 1573 5190 Quomodo
1602 5140 1666 5179 ex
1700 5124 1895 5179 Davide

312 5223 474 5293 Virgo
522 5232 639 5275 orta
686 5220 861 5275 fuerit.
885 5219 1001 5285 Quo
1031 5228 1183 5286 pacto
1229 5226 1405 5270 autem
1442 5217 1673 5271 sciemus
1699 5231 1766 5270 ex
1796 5217 1910 5269 Da—

312 5314 432 5365 vide
454 5319 625 5365 ortam
649 5310 815 5365 esse?
857 5307 992 5361 Audi
1036 5308 1198 5360 Deum
1225 5304 1457 5361 Gabrieli
1496 5305 1891 5373 prmcipienzeiu

321 5414 379 5457 ut
418 5404 590 5458 adiret
629 5402 877 5472 Virginem
916 5404 1271 5470 desponsatam
1314 5404 1453 5469 viro,
1486 5406 1569 5455 cui
1596 5419 1772 5457 nomen
1803 5413 1911 5457 erat

318 5494 534 5563 Ioseph,
566 5495 627 5546 de
657 5494 806 5547 domo
833 5504 880 5547 et
904 5496 1106 5564 familia
1129 5494 1291 5548 David
1317 5496 1335 5564 (
1365 5494 1489 5549 Luc.
1522 5496 1571 5548 l.
1600 5494 1670 5549 Ἦ
1701 5495 1738 5562 ).
1769 5494 1905 5563 Quid

322 5586 518 5637 clarius
546 5583 967 5653 postulas,'cum
1010 5585 1161 5639 audis
1199 5586 1264 5642 de
1300 5586 1461 5641 domo
1490 5593 1544 5641 et
1582 5585 1777 5639 familia
1811 5586 1914 5638 Da-

322 5672 411 5728 vid
453 5670 724 5743 Virginem
756 5672 966 5729 fuisse?

2101 388 2153 439 ι.
2189 385 2340 442 Unde
2390 396 2567 458 patet,
2601 386 2801 456 Ioseph
2839 388 3002 444 etiam
3048 389 3173 445 inde
3217 398 3394 447 ortum
3425 392 3613 448 fuisse.

2030 474 2139 530 Lex
2173 478 2369 547 quippe
2394 487 2511 532 erat
2536 494 2656 549 qum
2701 488 2905 534 vetaret
2951 496 3146 539 uxores
3172 480 3403 547 ducere,
3435 481 3536 538 nisi
3564 499 3633 540 ex

2032 567 2243 634 propria
2272 567 2432 619 tribu.
2469 566 2775 621 Patriareha
2804 583 2933 622 vero
2974 569 3142 623 Jaoob
3180 571 3329 624 illum
3375 586 3441 626 ex
3487 570 3631 625 tribu

2026 655 2161 709 Juda
2190 658 2522 712 exnriturum
2554 674 2675 713 esse
2702 660 2949 728 pra-dixit
2973 676 2986 713 :
3024 659 3147 715 Non
3172 661 3370 732 deficiet
3394 662 3632 733 princeps

2027 749 2091 800 de
2114 748 2259 823 ludar
2278 791 2295 815 ,
2337 766 2498 819 neque
2523 750 2632 804 dua:
2657 751 2721 804 de
2746 751 3021 822 feruoribus
3064 752 3177 821 ejus
3198 794 3213 818 ,
3263 753 3422 807 donec
3468 754 3633 806 veniat

2024 840 2105 890 cui
2134 840 2410 908 repositum
2429 849 2540 895 est:
2567 824 2615 895 et
2639 840 2750 910 ipse
2774 843 2868 895 erit
2896 842 3202 911 exspectatio
3227 844 3449 912 gentium
3470 841 3629 913 (Gen.

2023 927 2113 981 49.
2145 929 2256 998 10).
2287 925 2450 984 Certe
2481 930 2596 984 haec
2622 931 2903 1001 prephetia
2928 970 2944 997 ,
2977 932 3119 1001 quod
3162 947 3228 986 ex
3268 934 3407 986 tribu
3459 933 3627 987 David

2024 1018 2205 1081 fuerit,
2228 1018 2463 1073 declarat
2489 1035 2505 1083 ;
2537 1031 2591 1073 at
2619 1035 2723 1073 non
2754 1020 2895 1089 quod
2923 1037 2987 1075 ex
3010 1036 3209 1090 genere
3234 1022 3467 1076 Davidis.
3488 1022 3629 1077 Num

2025 1108 2185 1176 igitur
2222 1109 2275 1162 in
2305 1110 2443 1163 tribu
2464 1108 2598 1163 Juda
2622 1124 2728 1163 non
2759 1110 2901 1164 aliud
2930 1118 3052 1165 erat
3078 1124 3249 1179 genus
3273 1127 3433 1179 quam
3474 1112 3634 1166 Dav;-

2023 1198 2149 1251 dis?
2178 1198 2287 1251 lmo
2322 1199 2490 1251 multa
2522 1199 2646 1263 alia,
2678 1209 2733 1253 et
2758 1200 3071 1269 contingere
3098 1204 3267 1267 potuit
3295 1210 3354 1254 ut
3383 1212 3525 1255 esset
3564 1217 3631 1256 ex

2025 1291 2163 1344 tribu
2189 1290 2324 1345 Iuda
2348 1329 2366 1357 ,
2394 1290 2520 1359 quin
2557 1299 2703 1344 esset
2727 1306 2792 1345 ex
2817 1305 3015 1361 genere
3056 1291 3294 1346 Davidis.
3332 1292 3527 1347 Verum
3563 1309 3629 1348 no

2025 1382 2128 1436 hoc
2154 1382 2385 1446 diceres,
2416 1381 2555 1436 hanc
2585 1383 2677 1438 tibi
2704 1384 3068 1451 suspicionem
3102 1384 3238 1437 tollit
3260 1386 3625 1455 evangelista,

2021 1472 2208 1525 dicens
2253 1472 2400 1525 illum
2448 1472 2610 1527 fuisse
2637 1488 2703 1526 ex
2744 1473 2906 1527 domo
2948 1481 3004 1528 et
3028 1474 3227 1528 familia
3258 1473 3443 1528 David.
3474 1475 3629 1541 Quod

2021 1567 2065 1619 si
2097 1566 2147 1619 id
2176 1566 2393 1621 aliunde
2422 1569 2581 1621 etiam
2609 1568 2818 1623 discere
2847 1569 3003 1635 velis,
3037 1584 3146 1625 non
3174 1570 3347 1625 deerit
3371 1569 3479 1626 alia
3507 1587 3633 1640 pro-

2022 1656 2169 1711 batio
2197 1674 2209 1709 :
2240 1672 2345 1711 non
2377 1656 2538 1711 modo
2570 1658 2712 1712 enim
2738 1673 2842 1711 non
2877 1658 3074 1712 licebat
3100 1675 3165 1714 ex
3194 1660 3299 1714 alia
3329 1661 3468 1715 tribu
3497 1678 3630 1713 uxo-

2021 1762 2135 1801 rem
2166 1746 2385 1812 ducere,
2413 1762 2507 1802 seu
2532 1763 2704 1814 neque
2730 1764 2793 1801 ex
2821 1749 2923 1801 alia
2949 1749 3167 1813 familia,
3201 1750 3251 1805 id
3280 1758 3383 1811 est,
3414 1766 3477 1805 ex
3517 1752 3622 1808 alia

2016 1838 2354 1906 cognatione.
2380 1837 2563 1907 Itaque
2593 1838 2635 1891 si
2663 1838 2814 1902 illud,
2848 1838 2930 1891 Ea:
2956 1839 3108 1893 domo
3137 1848 3184 1891 et
3213 1840 3412 1910 familia
3432 1838 3626 1905 David,

2020 1925 2223 1995 Virgini
2250 1936 2517 1995 aptemus,
2541 1926 2743 1981 dictum
2773 1926 2903 1981 illud
2931 1929 3235 1994 constabit;
3279 1929 3322 1983 si
3350 1928 3618 1999 .losepho.

2022 2017 2149 2069 illud
2182 2018 2353 2086 ipsum
2384 2020 2752 2086 consequitur.
2784 2019 2840 2073 Si
2877 2020 3021 2074 enim
3060 2035 3123 2073 ex
3150 2020 3311 2077 domo
3336 2030 3388 2075 et
3417 2021 3617 2076 familia

2017 2108 2179 2162 David
2205 2119 2320 2164 erat
2341 2110 2563 2180 Joseph,
2581 2126 2685 2165 non
2712 2111 2931 2166 aliunde
2955 2115 3160 2184 accepit
3193 2129 3443 2181 uxorem,
3463 2129 3623 2183 quam

2010 2213 2075 2252 ex
2107 2190 2423 2269 cognatione
2446 2217 2561 2255 sua.
2583 2202 2722 2267 Quid
2750 2204 3156 2273 vero,'inquies,
3176 2206 3221 2259 si
3250 2204 3423 2275 legem
3445 2213 3623 2261 trans-

2011 2302 2227 2355 gri-ssus
2256 2290 2326 2343 sit
2346 2290 2371 2342 τ
2409 2290 2515 2345 Sed
2547 2291 2746 2346 idcirco
2776 2307 3158 2362 praeoccupans
3186 2295 3498 2349 testiﬁcatus
3516 2304 3621 2360 est,

2010 2378 2213 2450 Joseph
2262 2379 2426 2435 fuisse
2468 2382 2673 2451 justum
2694 2423 2710 2449 ,
2753 2391 2814 2438 ut
2840 2398 2909 2439 ne
2941 2383 3043 2439 ltoc
3069 2384 3281 2441 diceres
3304 2425 3320 2450 ,
3354 2384 3449 2440 sed
3483 2386 3629 2443 iilius

2013 2476 2265 2527 virtutem
2298 2471 2555 2539 edoctus,
2588 2488 2778 2529 nosses
2817 2475 2995 2547 legem
3027 2476 3095 2530 ab
3137 2477 3256 2547 ipso
3297 2492 3404 2533 non
3450 2478 3641 2535 fuisso/

2012 2565 2287 2618 violatam.
2318 2562 2418 2627 Qui
2446 2564 2588 2617 enim
2616 2564 2687 2617 ita
2718 2563 2986 2620 humanus
3009 2575 3127 2622 erat
3149 2568 3167 2599 ¹
3192 2576 3246 2622 et
3268 2583 3299 2621 a
3329 2583 3493 2636 pravo
3519 2568 3619 2623 ho-

2016 2652 2175 2708 minis
2200 2651 2390 2706 aﬂ'cctu
2409 2666 2628 2713 vacuus,
2651 2663 2709 2707 ut
2733 2656 3132 2725 ne‘sttspicione
3157 2658 3371 2726 quidem
3395 2669 3619 2728 urgente

2018 2740 2179 2794 vellet
2208 2740 2276 2795 de
2304 2740 2525 2811 Virgine
2543 2742 2681 2795 sumi
2713 2744 3057 2812 supplicium,
3088 2746 3360 2815 quomodo
3384 2746 3619 2801 libidinis

2014 2850 2172 2889 causa
2202 2835 2372 2903 legem
2398 2844 2762 2903 transgressus
2791 2837 2983 2892 esset?
3009 2837 3108 2905 Qui
3135 2839 3277 2893 enim
3309 2818 3431 2909 plus
3458 2854 3621 2910 quam

2016 2924 2102 2978 lex
2136 2925 2338 2978 ferebat
2366 2925 2843 2995 pliilosopbabatur
2864 2929 3011 2999 (nam
3031 2928 3305 2985 dimittere
3330 2937 3386 2985 et
3411 2929 3622 2985 occulte

2018 3015 2320 3081 dimittere,
2356 3015 2482 3069 illud
2510 3026 2624 3072 erat
2654 3018 2789 3071 ultra
2818 3014 2990 3088 legem
3020 3012 3409 3089 philOSOphari)
3432 3062 3447 3087 ,
3479 3036 3619 3090 quo-

2016 3104 2177 3158 modo
2200 3112 2386 3157 contra
2417 3104 2589 3173 legem
2618 3105 2825 3172 aliquid
2873 3108 3224 3173 admitteret,
3274 3110 3434 3180 idque
3473 3112 3619 3166 nulla

2009 3203 2237 3263 cogente
2265 3194 2635 3249 necessitate?
2664 3194 2866 3261 Verum
2907 3211 2971 3252 ex
3000 3213 3202 3266 genere
3249 3200 3414 3255 David
3443 3202 3619 3273 Virgi-

2024 3298 2145 3338 ncm
2176 3282 2363 3349 fuisse,
2391 3298 2454 3337 ex
2478 3284 2585 3352 jam
2615 3284 2772 3339 dictis
2806 3286 2978 3354 palam
3006 3297 3113 3344 est.
3138 3288 3255 3344 Jam
3280 3306 3409 3344 vero
3437 3308 3618 3362 opera;

2016 3373 2244 3441 pretium
2278 3372 2437 3427 fuerit
2468 3374 2667 3440 dicere,
2702 3386 2928 3431 cur‘nou
2958 3378 3121 3441 illius,
3152 3381 3245 3435 sed
3273 3381 3492 3453 Josepbi
3524 3398 3617 3452 ge-

2011 3464 2309 3534 nealogiam
2342 3466 2575 3519 duxerit.
2607 3468 2721 3532 Qua
2768 3467 2835 3521 de
2880 3483 3040 3523 causa
3087 3470 3289 3539 igitur?
3335 3472 3452 3527 Non
3498 3483 3615 3529 erat

2009 3569 2125 3608 mos
2155 3554 2292 3623 apud
2334 3555 2547 3609 Judavos
2587 3557 2873 3615 mulierum
2920 3559 3258 3630 genealogias
3300 3571 3502 3617 texere.
3545 3563 3616 3619 Ut

2008 3646 2168 3715 igitur
2197 3645 2493 3699 secundum
2534 3660 2739 3702 morem
2767 3657 2986 3717 ageret,
3020 3665 3117 3704 nec
3146 3650 3418 3706 videretur
3459 3654 3609 3709 illum

2007 3738 2076 3791 ab
2102 3736 2253 3790 initio
2274 3737 2593 3806 transgredi,
2624 3746 2785 3807 utque
2806 3739 2963 3793 simul
3004 3741 3159 3795 nobis
3182 3741 3416 3811 Virginis
3440 3759 3615 3814 genus

2009 3817 2271 3882 iudicarei
2291 3870 2304 3893 ,
2339 3828 2504 3897 ipsius
2538 3830 2773 3898 majm'cs
2810 3832 3042 3885 reticens
3066 3873 3081 3895 ,
3111 3832 3331 3901 Joscplii
3360 3837 3614 3904 genealoa

2004 3918 2144 3987 giam
2175 3917 2345 3971 duxit.
2379 3919 2433 3972 Si
2477 3919 2620 3971 enim
2652 3920 2702 3971 id
2732 3920 2799 3973 de
2831 3921 3050 3998 Virgine
3080 3924 3328 3990 fecisset,-
3359 3926 3613 3980 novitatis

2006 4018 2187 4063 notam
2210 4026 2314 4062 non
2338 4009 2610 4078 clTugissct
2634 4028 2647 4074 ;
2672 4011 2714 4065 si
2742 4010 3036 4081 Josepltum
3071 4016 3346 4084 laeuisset,
3378 4018 3613 4088 Virginis

2006 4101 2377 4171 progenitores
2406 4116 2511 4153 non
2542 4116 2843 4156 nossemus.
2868 4102 2939 4158 Ut
2981 4105 3159 4175 itaque
3188 4106 3459 4162 discamus
3487 4125 3610 4179 qua:

2006 4202 2148 4247 esset
2174 4191 2357 4255 Maria,
2382 4200 2437 4247 et
2458 4191 2599 4246 unde
2624 4203 2761 4257 orta,
2785 4193 3038 4264 legesque
3060 4196 3274 4252 intactze
3302 4210 3607 4267 manerent,

2006 4282 2189 4352 sponsi
2221 4282 2335 4348 eius
2364 4282 2729 4353 genealogiam
2752 4288 3051 4352 contexuit,
3084 4295 3138 4341 et
3165 4302 3231 4342 ex
3258 4288 3420 4344 domo
3444 4290 3609 4345 David

2007 4375 2238 4431 ostendit
2272 4390 2411 4429 esse.
2445 4373 2558 4428 Hoc
2584 4375 2727 4429 enim
2754 4387 3211 4443 commonstrato,
3245 4380 3376 4435 illttd
3398 4397 3613 4451 quoque

2006 4467 2167 4520 simul
2210 4466 2511 4521 ostenditur
2546 4466 2821 4537 Virginem
2864 4470 3026 4523 etiam
3060 4470 3183 4525 inde
3205 4480 3378 4527 ortam
3409 4472 3609 4537 fuisse;

2008 4556 2468 4625 quandoquidem,
2494 4566 2553 4609 ut
2577 4556 2685 4610 dixi
2715 4598 2725 4619 ,
2752 4557 3016 4612 noluisset
3040 4560 3218 4627 justus
3268 4562 3357 4616 ille
3395 4563 3613 4618 aliunde

2012 4662 2231 4701 uxorem
2254 4646 2521 4714 accipere.
2546 4645 2807 4716 Superest
2832 4656 2886 4701 et
2910 4649 3012 4701 alia
3036 4665 3198 4704 causa
3229 4652 3397 4722 magis
3418 4669 3612 4707 arcana

2014 4748 2062 4790 et
2087 4739 2330 4806 mystica,
2354 4753 2449 4790 cur
2472 4738 2705 4807 Virginis
2734 4740 2965 4809 majores
2983 4741 3196 4797 silentio
3221 4745 3366 4798 missi
3394 4744 3612 4810 fuerint,

2002 4850 2161 4903 quam
2189 4834 2513 4904 bic,apcrire
2549 4838 2729 4891 minus
2764 4847 3125 4905 Opportunum
3152 4853 3315 4907 esset,
3346 4846 3466 4913 quia
3486 4846 3596 4915 jam

2003 4924 2167 4977 multa
2196 4923 2335 4978 dicta
2361 4936 2506 4979 sunt.
2536 4926 2899 4992 Quamobrem
2930 4929 3015 4984 ltic
3037 4934 3397 4999 qumstionum
3439 4936 3596 4992 liuent

2003 5016 2274 5081 facientes,
2302 5030 2365 5069 ea
2393 5032 2511 5084 qua:
2544 5017 2699 5071 nobis
2738 5018 3001 5087 explicata
3026 5031 3152 5075 sunt
3186 5035 3435 5080 accurate
3466 5029 3600 5081 reti.

2004 5120 2261 5159 neamus:
2295 5121 2487 5174 nempe
2512 5149 2525 5169 ,
2554 5122 2651 5160 cur
2688 5108 2901 5161 Davidis
2939 5112 3143 5165 mentio
3183 5114 3412 5183 primum
3460 5114 3597 5171 facta

2004 5195 2161 5247 fuerit
2178 5211 2191 5257 ;
2209 5210 2301 5249 cur
2321 5196 2511 5249 librum
2529 5198 2800 5251 vocaverit
2818 5198 3007 5253 librum
3025 5203 3409 5271 generationis,
3432 5221 3599 5275 quare

2005 5285 2353 5349 dixerit,.lesu
2371 5284 2761 5357 Christi;quarc
2791 5291 3070 5357 generatio
3101 5292 3169 5345 sit
3203 5296 3505 5349 communis
3546 5306 3601 5351 et

2005 5397 2109 5435 non
2127 5382 2454 5443 communis;
2476 5382 2739 5435 undenam
2766 5383 2925 5435 Maria
2948 5398 3013 5437 ex
3033 5383 3232 5439 Davide
3246 5396 3360 5440 orta
3381 5402 3499 5443 esse
3520 5404 3600 5443 os-

2008 5471 2283 5536 tendatur;
2306 5486 2401 5527 cur
2424 5472 2563 5527 illius
2589 5472 2881 5542 majoribus
2901 5472 3115 5530 silentio
3132 5475 3333 5545 missis,
3354 5480 3600 5549 genealo-

2087 5692 2100 5720 ι
2142 5688 2255 5749 Atii,
2283 5686 2347 5737 ita
2374 5685 2559 5737 virtutis
2581 5692 2684 5737 erat
2711 5693 2917 5736 uitiator.
