4040 6428
460 266 534 324 39
1108 273 1173 330 S.
1222 273 1510 331 JUANMS
1547 273 2024 328 εηκγδυδτωιι

2132 273 2389 330 llCHlEP.
2432 269 2979 330 CONSTANTINOP.
3631 280 3710 338 δη

448 379 535 449 gia
550 377 764 448 Iosephi
793 377 949 434 ducta
977 375 1157 435 fuerit.
1180 377 1239 434 Si
1263 377 1404 434 enim
1427 378 1540 433 hac
1565 379 1932 442 servaveritis,
1955 378 2023 432 ad

450 471 651 540 reliqua
677 469 905 526 dicenda
933 470 1226 526 alacriores
1249 484 1347 524 nos
1367 468 1600 524 r'eddetis
1620 487 1635 535 ;
1653 472 1697 524 si
1739 485 1866 525 vero
1909 470 2023 526 hmo

449 560 761 630 respueritis
784 569 838 615 et
860 575 928 615 ex
961 559 1228 615 mentibus
1254 561 1412 613 missa
1443 561 1693 624 feceritis,
1725 559 1792 614 ad
1817 570 2013 615 caetera

451 648 768 718 proferenda
807 650 1082 720 segniores
1127 650 1350 705 erimus.
1390 648 1570 718 Neque
1615 651 1754 705 enim
1789 650 2022 720 agricola

450 746 644 794 terram
667 780 680 804 ,
703 754 820 809 qua:
847 740 1050 794 semina
1079 748 1424 809 corrumpat,
1457 740 1682 795 libenter
1706 741 2020 796 excoluerit.

448 826 802 893 Quamobrem
822 867 837 892 ,
865 841 994 896 rogo
1017 867 1033 888 ,
1078 826 1192 882 haec
1233 837 1411 882 tuente
1443 828 1688 882 volvatis.
1721 829 1798 883 Ex
1841 830 2021 883 talium

448 917 647 985 quippe
671 930 849 970 rerum
879 915 1224 971 meditatione
1250 931 1496 985 magnum
1529 917 1795 986 quidpiam
1811 927 1866 972 et
1882 917 2025 972 salu-

454 1017 565 1061 tare
591 1007 786 1060 bonum
814 1006 1007 1060 anima:
1029 1005 1252 1075 paritur.
1274 1005 1404 1060 Nam
1433 1015 1487 1061 et
1512 1006 1623 1061 Deo
1643 1006 1852 1075 placere
1873 1015 2023 1076 pote-

447 1099 614 1154 rimus
635 1139 650 1162 ,
677 1099 720 1151 si
748 1098 861 1151 hanc
885 1112 1152 1162 curemus,
1171 1107 1226 1152 et
1252 1113 1342 1152 ora
1365 1106 1544 1152 nostra
1582 1113 1612 1151 a
1645 1098 1982 1155 contumeliis
2003 1137 2022 1165 ,

446 1191 710 1246 obscmnis
738 1191 914 1246 verbis
937 1198 991 1244 et
1026 1191 1278 1246 conviciis
1325 1204 1454 1262 pura
1484 1200 1678 1256 erunt,
1708 1191 1834 1246 dum
1859 1192 2021 1260 spiri-

449 1282 678 1335 tualihus
724 1281 1115 1336 exercebuntur
1141 1281 1402 1352 eloquiis;
1450 1281 1885 1351 daemonibusque
1912 1282 2023 1337 for-

447 1370 726 1427 midabiles
753 1385 872 1427 esse
897 1369 1208 1441 poterimus,
1236 1370 1282 1425 si
1311 1371 1540 1440 linguam
1562 1380 1799 1428 nostram
1830 1373 2024 1428 talibus

448 1461 730 1515 verborum
771 1462 935 1515 armis
976 1460 1312 1515 muniamus:
1364 1461 1488 1515 hinc
1536 1462 1815 1516 oculon
1871 1463 2025 1518 nobis

447 1549 825 1618 perspicacitas
853 1559 1093 1618 augetur.
1118 1547 1251 1603 Nam
1280 1556 1336 1604 et
1357 1549 1565 1615 oculos,
1596 1559 1650 1605 et
1672 1565 1754 1616 os,
1786 1559 1841 1606 et
1866 1553 2020 1606 audi-

450 1650 560 1696 tum
587 1640 708 1696 ideo
731 1641 783 1695 in
814 1639 968 1694 nobis
999 1641 1191 1707 posuit,
1221 1648 1278 1695 ut
1302 1641 1482 1695 omnia
1514 1640 1613 1709 ipsi
1641 1643 1878 1696 membra
1911 1657 2026 1697 ser-

451 1733 661 1798 virent;
692 1741 750 1787 ut
775 1747 892 1802 qua:
919 1727 1086 1803 ipsius
1117 1741 1242 1786 sunt
1270 1733 1582 1801 loquamur,
1615 1740 1674 1787 ut
1694 1749 1829 1801 ..qu.'e
1858 1735 2022 1802 ipsius

450 1829 574 1876 sunt
600 1835 901 1890 operemur.
933 1831 990 1874 ut
1018 1829 1273 1890 perpetuo
1297 1819 1523 1890 hymnos
1549 1821 1648 1888 ipsi
1673 1835 1944 1888 canamus,
1967 1831 2024 1877 ut

449 1912 740 1981 gratiarum
769 1910 1006 1963 actiones
1041 1910 1346 1964 emittamus
1363 1948 1380 1974 ,
1409 1924 1474 1964 ac
1499 1925 1592 1978 per
1611 1910 1728 1966 hac
1748 1914 2025 1967 censcien-

455 2002 579 2055 tiatn
610 2009 848 2054 nostram
887 2013 1195 2069 purgemus.
1235 1998 1691 2066 Quemadmodum
1734 2004 1874 2056 enim
1901 2017 2024 2056 cor-

448 2107 554 2161 pus
575 2106 718 2162 puro
743 2091 932 2146 fruens
956 2105 1083 2146 aere
1107 2091 1379 2146 valentius
1405 2092 1620 2154 evadet,
1650 2093 1730 2147 sic
1757 2101 1816 2146 et
1837 2092 2022 2146 anima

446 2184 534 2240 bis
563 2183 842 2241 exercitiis
881 2181 1169 2248 innutrita,
1196 2181 1559 2253 philosophiae
1589 2184 1763 2255 magis
1800 2183 2022 2240 addicta

447 2271 578 2328 erit.

513 2452 570 2502 ις.
595 2450 786 2505 Annon
812 2447 964 2505 vides
1003 2446 1247 2517 wrporis
1274 2446 1457 2502 oculos
1481 2487 1497 2513 ,
1527 2446 1653 2502 dum
1681 2449 1733 2501 in
1755 2446 1900 2504 fumo
1919 2463 2040 2504 ver-

445 2549 652 2606 santur,
682 2538 945 2610 lacrymas
971 2551 1181 2606 semper
1208 2535 1445 2601 fundere,
1470 2549 1592 2590 cum
1617 2545 1794 2592 autem
1821 2537 1873 2590 in
1903 2551 2037 2606 puro

448 2647 599 2698 aere,
629 2631 681 2686 in
712 2641 885 2702 prato,
915 2632 968 2686 in
997 2631 1229 2687 fontibus
1247 2669 1265 2698 ,
1295 2633 1349 2686 in
1382 2632 1570 2697 hortis,
1599 2640 1656 2687 et
1678 2631 2034 2702 perspicacio-

446 2734 534 2774 res
563 2729 618 2774 et
644 2721 884 2776 saniores
904 2719 1063 2776 esse?
1090 2719 1236 2774 Talis
1256 2727 1339 2774 est
1358 2727 1414 2774 ct
1437 2721 1629 2775 animae
1654 2721 1839 2775 oculus
1862 2739 1877 2775 :
1900 2721 1944 2774 si
1975 2721 2030 2774 in

445 2817 600 2880 prato
618 2811 970 2878 spiritualium
991 2810 1321 2880 eloquitium
1347 2818 1615 2879 pascatur,
1646 2825 1830 2880 purus,
1855 2811 2029 2866 clarus

447 2908 504 2954 et
528 2898 801 2969 perspicax
823 2899 959 2964 erit;
988 2901 1070 2953 sin
1112 2898 1312 2956 fumum
1332 2900 1666 2954 saecularium
1694 2901 2030 2970 negotiorum

446 2989 623 3055 adeat,
652 2989 932 3059 plurimum
961 2989 1338 3059 lacrymabitur
1356 3004 1420 3043 ac
1447 2988 1625 3055 ﬂebit,
1655 2997 1710 3045 ct
1739 3005 1879 3045 nunc
1902 2999 1955 3044 et
1981 2990 2033 3045 in

447 3080 648 3136 futuro.
691 3080 931 3134 Humana
969 3080 1166 3150 quippe
1222 3080 1433 3148 negotia
1483 3079 1626 3132 fumo
1668 3089 1792 3134 sunt
1820 3081 2030 3135 similia.

445 3169 674 3240 Ideoque
699 3170 912 3224 dicebat
951 3169 1246 3240 quispiam:
1271 3168 1573 3238 Defererttnt
1591 3170 1722 3223 sicut
1740 3169 1909 3238 fumus
1928 3171 2032 3226 dies

447 3263 548 3314 mei
575 3259 745 3331 (Paul.
777 3261 900 3316 101.
931 3261 1012 3329 ι).
1051 3258 1158 3326 Sed
1209 3258 1300 3313 ille
1327 3258 1539 3326 quidem
1582 3259 1651 3312 de
1693 3259 1952 3313 brevitate
1979 3270 2032 3314 et

449 3348 518 3403 de
543 3349 660 3419 fuga
687 3349 899 3404 mobilis
927 3349 1025 3403 aevi
1055 3348 1324 3417 loquitur:
1351 3362 1451 3418 ego
1477 3362 1604 3403 vero
1630 3362 1734 3403 non
1761 3348 1828 3403 de
1849 3351 1946 3403 hac
1967 3364 2028 3404 re

450 3447 677 3505 tantum,
708 3439 802 3495 sed
831 3441 990 3496 etiam
1028 3438 1096 3494 de
1125 3439 1521 3509 perturbatione
1546 3439 1562 3470 ί
1589 3453 1764 3493 rerum
1795 3453 2028 3508 presens

448 3531 578 3583 tium
604 3530 716 3585 hac
742 3529 1048 3600 accipienda
1067 3542 1191 3584 esse
1212 3541 1430 3596 censeo.
1477 3526 1616 3582 Nihil
1667 3524 1810 3582 enim
1839 3528 2030 3583 mentis

445 3619 658 3674 oculum
687 3622 756 3673 ita
784 3620 922 3674 male
946 3617 1108 3673 afficit
1133 3627 1189 3673 et
1215 3618 1411 3692 turbat,
1438 3626 1494 3670 ut
1517 3617 1850 3672 saecularium
1874 3632 2031 3671 cura-

449 3723 568 3762 rum
599 3709 871 3769 tumultus,
895 3717 951 3762 et
972 3703 1520 3776 concupiscentia-um
1545 3707 1718 3761 turba.
1743 3707 1866 3761 Haec
1886 3708 2028 3762 enim

455 3787 604 3850 sunt'
627 3796 755 3851 fumi
804 3796 1022 3865 hujusce
1069 3796 1231 3866 ligna.
1263 3798 1340 3851 Ac
1377 3795 1821 3868 quemadmodum
1851 3796 1986 3867 ignis
2008 3837 2028 3865 ,

445 3901 566 3940 cum
596 3885 866 3940 humidam
890 3887 1163 3941 materiam
1203 3871 1444 3954 corripit,
1473 3887 1696 3940 multum
1723 3888 1918 3941 excitat
1943 3887 2025 3942 fu-

455 3989 597 4029 mum
621 3992 634 4027 :
663 3976 740 4029 sic
767 3985 821 4030 et
844 3974 1269 4044 concupiscentia
1289 4013 1305 4041 ,
1335 3989 1456 4044 quae
1501 3975 1710 4030 fervens
1740 3985 1796 4031 et
1823 3977 1933 4045 ipsa
1962 3991 2026 4032 ac

444 4065 591 4134 quasi
615 4065 853 4124 ﬂammea
887 4073 989 4128 est,
1018 4079 1139 4118 cum
1162 4063 1431 4117 humidam
1455 4065 1738 4139 quamdam
1761 4079 1824 4117 ac
1850 4065 2031 4119 disso-

455 4156 616 4207 lutam
642 4152 865 4220 corripit
886 4152 1137 4215 animam,
1172 4151 1395 4205 multum
1420 4160 1475 4206 et
1500 4152 1614 4221 ipsa
1644 4152 1844 4206 fumum
1867 4154 2024 4221 parit.

447 4243 647 4298 Idcirco
680 4256 813 4310 Opus
833 4253 914 4296 est
933 4255 1055 4296 rore
1075 4241 1322 4309 Spiritus,
1347 4251 1400 4295 et
1421 4255 1546 4294 aura
1575 4241 1684 4307 illa,
1709 4257 1829 4310 quae
1850 4243 2025 4311 ignem

445 4335 779 4402 exstinguat,
805 4346 869 4387 ac
894 4331 1097 4386 fumum
1125 4331 1380 4400 dissipet,
1413 4339 1750 4401 mentemque
1788 4341 2024 4387 nostram

446 4421 715 4476 vclucrem
743 4420 947 4476 reddat.
975 4419 1083 4475 Nec
1110 4421 1230 4489 quis
1259 4429 1452 4490 potest,
1480 4434 1579 4475 nec
1603 4429 1775 4491 potest
1802 4421 1980 4491 utique
2002 4462 2019 4487 ,

444 4513 521 4558 tut
547 4505 766 4558 obrutus
792 4503 946 4559 malis
985 4505 1052 4558 ad
1099 4505 1290 4558 cmlum
1331 4505 1513 4559 volare
1542 4520 1555 4556 :
1602 4505 1695 4560 sed
1727 4507 2016 4574 Optandum

441 4603 543 4658 est,
573 4609 669 4647 nos
693 4595 965 4663 expeditos
985 4593 1122 4650 hanc
1148 4609 1302 4664 posse
1320 4609 1538 4665 carpere
1563 4596 1734 4660 viam;
1761 4597 1867 4652 imo
1893 4613 2022 4654 vero

441 4701 511 4740 ne
540 4686 616 4741 sic
658 4686 1186 4757 quidempossumus
1204 4728 1218 4750 ,
1252 4686 1353 4740 nisi
1382 4688 1493 4742 alas
1522 4679 1752 4757 Spiritus
1775 4703 2018 4744 assuma-

441 4792 578 4830 mus.
610 4775 663 4832 Si
696 4777 872 4846 itaque
911 4776 1154 4844 expedita
1204 4785 1412 4840 mente,
1443 4791 1505 4830 ac
1543 4777 1801 4846 spirituali
1845 4780 2014 4848 gratia

441 4881 576 4936 opus
605 4866 756 4921 nobis
780 4874 861 4920 est
885 4906 897 4929 ,
924 4876 980 4919 ut
1005 4865 1070 4918 ad
1102 4875 1303 4919 tantam
1330 4865 1708 4921 sublimitatem
1729 4868 2017 4924 ascendere

443 4955 748 5019 valeamus;
788 4971 908 5010 cum
956 4969 1142 5008 eorum
1181 4954 1337 5020 nihil,
1360 4955 1454 5009 sed
1501 4969 1719 5025 prorsus
1748 4959 2015 5013 contraria

442 5044 750 5114 pondusque
778 5045 1069 5098 satanicum
1099 5043 1475 5099 contrahamus
1501 5063 1515 5100 :
1547 5061 1652 5112 quo
1684 5057 1835 5115 pacto
1867 5060 2016 5116 pote~

441 5131 610 5187 rimus
633 5132 880 5198 avolare,
912 5141 1059 5187 tanto
1101 5145 1265 5186 onere
1303 5131 1582 5202 depressi?
1627 5133 1681 5189 Si
1729 5135 1847 5204 quis
1873 5137 2013 5191 enim

508 5371 526 5401 ι
564 5367 707 5417 Morel
735 5403 750 5424 ,
775 5367 836 5418 de
1181 5364 1240 5430 In
1260 5373 1421 5418 Graeco
1451 5365 1651 5430 legitur,
1681 5375 1899 5430 emtas“,
1920 5381 2014 5429 qua

441 5441 562 5479 voce
586 5426 876 5539 exat-imiter
901 5426 1131 5490 fragium
1153 5426 1270 5477 telae
1290 5439 1482 5478 araneae
1499 5426 1527 5486 ;“
1546 5429 1635 5477 sed
1664 5426 1794 5477 nulla
1831 5441 1887 5477 su

443 5499 501 5539 ut
533 5501 628 5539 vox
691 5490 791 5539 tina
811 5501 922 5539 oua:
939 5489 1179 5539 coniosam
1206 5488 1331 5539 hanc
1350 5487 1748 5539 mulationem
1768 5489 1820 5538 in
1841 5501 1887 5539 se

443 5499 501 5557 tu
533 5501 628 5557 vox
648 5487 791 5540 latina
811 5501 922 5557 qua:
939 5487 1179 5552 copiosam
1206 5488 1331 5539 hanc
1350 5487 1748 5552 minutionem
1768 5489 1820 5538 in
1841 5487 1906 5539 se'
1923 5487 2012 5538 ha-

2123 380 2274 448 quasl
2299 393 2352 431 in
2373 376 2530 446 iustis
2571 382 2791 429 staterts
2835 373 3099 442 cogitatus
3141 377 3349 427 nostros
3398 371 3720 441 appendere

2124 467 2286 533 velit,
2315 468 2452 520 inter
2481 464 2623 519 mille
2652 463 2844 517 talenta
2879 462 3213 517 stecularium
3236 476 3545 516 sermonum
3571 502 3587 528 ,
3620 462 3719 516 vix

2124 556 2372 611 denarios
2388 563 2602 608 centum
2618 551 2967 623 spiritualium
2984 552 3266 605 verborum
3286 551 3552 613 inveniet;
3577 551 3718 614 imo,

2126 661 2194 701 ne
2223 645 2406 700 decem
2431 643 2639 697 obolos.
2668 645 2858 697 Annon
2887 655 3015 711 ergo
3036 650 3191 710 turpe
3218 643 3543 712 omninoque
3571 640 3715 695 ridi-

2125 736 2299 789 culum
2329 741 2446 799 est,
2493 732 2620 786 dum
2666 746 2878 786 servum
2905 731 3178 796 habentes,
3208 730 3302 784 illo
3338 740 3394 786 ut
3422 731 3718 800 plurimum

2125 827 2322 880 utimur
2351 823 2418 879 ad
2451 838 2539 879 res
2563 824 2914 886 necessarias,
2947 837 3046 876 nos
3073 836 3188 886 ore,
3217 823 3462 877 membro
3483 831 3673 877 nostro
3696 864 3717 890 ,

2123 930 2230 969 non
2261 913 2480 984 perinde
2503 915 2578 968 uti
2615 921 2774 981 atque
2803 926 2999 978 servo;
3030 910 3124 966 sed
3156 920 3344 966 contra
3363 952 3378 976 ,
3409 911 3475 965 ad
3503 911 3720 966 inutilia

2123 1015 2179 1061 et
2197 1005 2461 1075 superﬂua
2488 1003 2734 1074 negotia?
2761 1003 2934 1072 Atque
2959 1003 3159 1058 utinam
3185 1002 3253 1058 ad
3283 1003 3550 1072 superﬂua
3582 1015 3714 1058 tan-

2129 1108 2282 1162 tum;
2313 1095 2411 1151 sed
2443 1096 2609 1154 etiam
2640 1093 2734 1148 illo
2775 1096 2986 1148 utimur
3015 1093 3082 1147 ad
3120 1093 3403 1148 contraria
3449 1100 3508 1149 et
3549 1093 3726 1150 noxia

2127 1198 2185 1244 et
2227 1187 2364 1242 nihil
2407 1185 2664 1241 utilitatis
2702 1184 2982 1240 habentia.
3014 1183 3070 1239 Si
3106 1184 3255 1238 enim
3290 1184 3452 1239 nobis
3481 1200 3546 1239 ea
3592 1199 3730 1255 qua

2126 1278 2410 1350 loquimur
2435 1277 2596 1333 utilia
2621 1285 2827 1338 essent,
2844 1276 3010 1332 etiam
3042 1276 3156 1332 Deo
3181 1276 3571 1347 proculdubio
3593 1275 3728 1349 pla-

2125 1379 2340 1425 cerent.

2193 1569 2406 1640 Lingua:
2428 1565 2750 1621 mderandte
2775 1562 2924 1617 ratio.
2939 1592 3011 1603 —
3030 1560 3182 1618 Nunc
3206 1571 3382 1618 autem
3423 1577 3488 1618 ea
3528 1562 3719 1617 omnia

2123 1661 2391 1732 loquimur
2417 1673 2536 1729 quae
2562 1657 2805 1711 diabolus
2844 1655 3196 1724 suggesserit,
3243 1654 3404 1710 modo
3439 1654 3678 1710 ridentes
3699 1692 3721 1719 ,

2124 1752 2287 1807 modo
2313 1750 2512 1804 urbana
2539 1748 2836 1816 loquentes,
2864 1742 3025 1797 modo
3050 1743 3331 1798 maledicta
3356 1754 3410 1799 et
3432 1753 3726 1799 contume-

2125 1839 2225 1895 lias
2254 1837 2605 1907 prolereutes,
2637 1831 2798 1888 modo
2831 1831 3072 1900 iurantes
3094 1871 3111 1896 ,
3163 1833 3484 1888 mentientes
3506 1872 3523 1898 ,
3570 1831 3727 1902 pejo-

2125 1937 2334 1992 rautes;
2365 1939 2507 1982 nunc
2532 1924 2878 1992 ferocientes,
2923 1937 3063 1979 nunc
3103 1921 3268 1978 futilia
3296 1933 3350 1978 et
3377 1923 3608 1978 anilibus
3632 1921 3725 1977 fa-

2129 2018 2269 2072 bulis
2296 2017 2492 2072 leviora
2514 2057 2530 2082 ,
2559 2029 2678 2083 qum
2708 2016 2837 2070 nihil
2865 2018 2930 2071 ad
2959 2030 3058 2071 nos
3095 2015 3356 2080 attinent,
3397 2013 3450 2067 in
3480 2013 3725 2068 medium

2129 2106 2432 2161 aﬂereutes.
2450 2105 2579 2172 Quis
2597 2106 2738 2161 enim
2760 2116 3013 2170 vestrum,
3038 2117 3242 2173 qtta'so,
3266 2102 3536 2172 psalmum
3551 2118 3723 2158 unum

2129 2200 2358 2252 recitare
2396 2206 2645 2266 rogatus,
2697 2196 2750 2252 id
2777 2197 2955 2253 dicere
2977 2193 3183 2264 possit,
3221 2193 3304 2246 vel
3340 2192 3498 2246 aliam
3524 2205 3726 2260 quam-

2133 2289 2272 2358 piam
2312 2287 2506 2340 divina:
2533 2287 2820 2356 Scriptum
2849 2284 3096 2355 partem?
3133 2281 3302 2338 Nemo
3340 2296 3490 2337 sane.
3531 2280 3724 2350 Neque

2137 2377 2263 2432 illud
2291 2377 2463 2431 solum
2488 2390 2647 2445 grave
2672 2385 2784 2439 est;
2830 2374 2923 2430 sed
2961 2371 3101 2444 quod
3127 2372 3267 2427 circa
3295 2370 3585 2440 spiritualia
3615 2369 3722 2425 de-

2131 2459 2272 2514 sides
2296 2499 2312 2526 ,
2360 2457 2501 2515 circa
2541 2461 2777 2515 satanica
2815 2460 2937 2528 igne
2964 2461 3080 2516 sitis
3107 2459 3478 2516 ferventiores.
3507 2459 3641 2516 Nam
3668 2476 3723 2518 st

2129 2549 2247 2617 quis
2274 2563 2370 2604 vos
2401 2549 2729 2619 interrogare
2771 2550 2905 2604 velit
2937 2551 3004 2604 de
3041 2549 3317 2605 diabolicis
3344 2551 3604 2618 canticis,
3645 2551 3726 2608 de

2131 2641 2447 2695 meretriciis
2487 2651 2542 2696 et
2584 2641 2795 2695 lascivis
2835 2640 3194 2708 carminibus,
3241 2640 3440 2695 multos
3481 2641 3723 2697 inveniet

2130 2728 2216 2795 qui
2250 2726 2364 2783 hazc
2409 2739 2655 2784 accurate
2699 2729 2904 2796 sciant,
2944 2738 2999 2784 et
3044 2745 3168 2784 cum
3212 2730 3482 2800 voluptate
3521 2744 3720 2801 magna

2132 2821 2498 2885 pronuntient.
2527 2820 2629 2874 Sed
2659 2835 2778 2889 quae
2805 2819 3046 2877 defensio
3083 2821 3149 2876 ad
3189 2823 3347 2878 talem
3387 2823 3723 2880 criminatio-

2133 2909 2299 2962 nem?
2329 2907 2442 2963 Non
2473 2925 2623 2974 sum,
2668 2910 2867 2996 intptit,
2910 2910 3232 2978 monachus,
3273 2912 3368 2968 sed
3407 2928 3627 2969 uxorem
3656 2924 3720 2972 es

2133 2995 2269 3052 filios
2302 2998 2495 3062 habeo,
2523 2995 2811 3069 curamque
2838 2998 3147 3056 domesticae
3174 3001 3253 3057 rei
3281 3017 3430 3073 gero.
3459 3004 3621 3075 Atqui
3647 3004 3718 3059 il-

2128 3087 2217 3140 lud
2249 3098 2332 3144 est
2360 3091 2500 3160 quod
2531 3092 2708 3146 omnia
2737 3091 3046 3161 pessumdat
3067 3133 3083 3159 ,
3128 3093 3271 3163 quod
3313 3093 3380 3150 ad
3417 3096 3716 3152 monachos

2128 3178 2299 3234 solum
2332 3182 2527 3250 putetis
2569 3183 2834 3252 pertinere
2869 3183 3153 3240 lectionem
3192 3185 3488 3241 divinarum
3527 3186 3712 3257 Scrip-

2132 3272 2399 3330 turarum,
2442 3283 2563 3322 eum
2611 3271 2778 3325 multo
2821 3273 2988 3342 magis
3024 3289 3181 3342 quam
3212 3272 3316 3329 illis
3342 3274 3412 3329 sit
3437 3276 3588 3331 vobis
3615 3291 3715 3332 ne.

2127 3355 2380 3409 cessaria.
2413 3355 2491 3410 Illi
2519 3358 2663 3411 enim
2693 3360 2782 3427 qui
2815 3360 2867 3414 in
2899 3361 3075 3416 medio
3104 3372 3405 3428 versantur,
3435 3379 3492 3420 et
3526 3367 3708 3436 quoti-

2127 3442 2212 3529 die
2231 3446 2448 3501 vulnera
2470 3449 2762 3522 excipiunt,
2787 3452 2955 3506 multo
2968 3453 3137 3523 magis
3156 3455 3508 3514 medicamine
3525 3471 3707 3529 egent.

2126 3528 2308 3599 itaque
2338 3534 2492 3605 longe
2518 3537 2668 3605 pejus
2697 3550 2809 3603 est,
2833 3555 2989 3609 quam
3021 3557 3126 3595 non
3156 3543 3350 3613 legere,
3382 3528 3706 3616 superﬂuam

2127 3636 2238 3676 rem
2284 3639 2404 3679 esse
2457 3636 2664 3696 putare.
2714 3629 2839 3685 llazc
2866 3632 3063 3702 quippe
3105 3634 3266 3690 verba
3306 3639 3541 3694 satanica
3579 3650 3716 3702 sunt

2126 3723 2447 3768 Commenta.

2197 3893 2248 3945 6.
2313 3889 2478 3943 Lectio
2522 3888 2889 3958 evangeliorum
2935 3883 3231 3937 necessaria.
3255 3879 3459 3934 —Non
3511 3879 3708 3936 auditis

2128 3983 2348 4037 Paulum
2379 3980 2640 4035 dicentem
2661 4019 2678 4042 ,
2715 3979 2828 4031 hsce
2857 3976 3034 4031 omnia
3061 3973 3126 4027 ad
3157 3974 3547 4043 correptionem
3578 3986 3707 4028 nos-

2131 4080 2265 4121 tram
2293 4068 2488 4134 scripta
2508 4082 2626 4120 esse
2649 4067 2666 4135 (
2690 4067 2739 4119 l.
2767 4066 2884 4119 (ἔον.
2915 4065 3000 4118 10.
3030 4063 3090 4117 li
3113 4060 3168 4133 )'.'
3193 4062 3271 4116 Tu
3291 4077 3441 4126 vero,
3468 4062 3511 4114 si
3542 4061 3710 4117 Evan-

2131 4160 2326 4229 gelium
2357 4157 2517 4212 illotis
2543 4156 2787 4210 manibus
2823 4169 3035 4209 sumere
3075 4162 3379 4222 oporteret,
3427 4151 3479 4206 id
3522 4152 3706 4222 utique

2131 4248 2324 4312 nolles,
2354 4258 2407 4303 et
2437 4257 2612 4301 tamen
2636 4256 2789 4315 putas
2814 4260 2875 4299 ea
2902 4261 3021 4314 qua:
3043 4245 3093 4297 in
3121 4245 3211 4297 illo
3235 4244 3572 4298 continentur
3597 4259 3708 4300 non

2131 4356 2250 4396 esse
2277 4337 2560 4393 admodum
2589 4337 2906 4392 necessaria.
2949 4335 3176 4405 Ideoque
3201 4336 3376 4389 omnia
3404 4350 3497 4390 sus
3535 4336 3712 4406 deque

2133 4445 2284 4485 versa
2314 4438 2457 4484 sunt.
2487 4429 2635 4494 Quod
2661 4429 2707 4482 si
2750 4427 2957 4481 discere
2993 4426 3124 4480 velis
3154 4437 3408 4495 quantum
3453 4426 3586 4480 lucri
3625 4442 3714 4482 re-

2135 4530 2373 4590 portetur
2397 4535 2460 4575 ex
2489 4518 2772 4587 Scripturis
2799 4536 2812 4572 :
2841 4527 2892 4573 te
2912 4518 3082 4586 ipsum
3105 4516 3367 4577 examina,
3393 4532 3498 4585 quo
3519 4532 3715 4588 nempe

2136 4614 2188 4666 in
2214 4613 2318 4667 situ
2345 4621 2398 4667 et
2427 4619 2564 4666 statu
2592 4611 2664 4664 sis
2693 4625 2812 4664 cum
2856 4609 3090 4676 psalmos
3118 4607 3268 4660 audis
3287 4647 3304 4673 ,
3352 4621 3405 4662 et
3434 4623 3561 4678 quo,
3589 4624 3714 4665 eum

2136 4703 2426 4755 Satanicam
2474 4701 2788 4754 cantilenam
2832 4704 2988 4763 :quo
3027 4696 3216 4750 affectu
3264 4698 3339 4751 sis
3387 4698 3439 4752 in
3483 4699 3715 4757 ecclesia

2140 4803 2360 4844 versans
2378 4829 2394 4856 ,
2425 4803 2532 4858 quo
2558 4789 2608 4842 in
2641 4789 2849 4844 theatro
2875 4789 3104 4843 sedens:
3132 4787 3438 4858 videbisque
3462 4799 3722 4859 quantum

2139 4881 2209 4934 sit
2236 4879 2525 4934 discrimen
2557 4879 2693 4933 inter
2721 4877 2859 4932 hanc
2886 4887 2941 4931 et
2981 4878 3123 4931 illam
3168 4877 3419 4944 animam,
3463 4879 3587 4932 licet
3616 4893 3722 4934 una

2140 4969 2431 5040 eademque
2460 4969 2546 5023 sit.
2579 4966 2808 5038 Ideoque
2835 4967 3029 5022 Paulus
3056 4967 3219 5022 dicit:
3245 4965 3587 5036 Corrumpunt
3613 4983 3723 5022 mo-

2141 5076 2220 5114 res
2245 5062 2398 5138 liquos
2425 5058 2671 5126 colloquia
2698 5074 2854 5128 prava
2880 5059 2961 5128 (1.
2991 5058 3108 5113 Cor.
3139 5059 3226 5112 15.
3254 5058 3382 5127 55).
3416 5057 3616 5112 Idcirco
3644 5073 3728 5114 as-

2140 5149 2307 5204 siduis
2329 5148 2554 5217 Spiritus
2575 5149 2742 5204 sancti
2765 5149 3006 5202 cantibus
3025 5163 3262 5218 egemus.
3291 5146 3422 5202 Illud
3463 5147 3605 5202 enim
3641 5159 3727 5204 est

2140 5240 2195 5295 in
2223 5256 2330 5310 quo
2366 5240 2535 5293 brutis
2576 5248 2929 5309 praestamus,
2979 5239 3102 5294 licet
3144 5239 3197 5293 in
3245 5239 3362 5292 aliis
3402 5239 3723 5307 quibusdam

2142 5330 2298 5400 longe
2330 5331 2456 5400 ipsis
2484 5330 2764 5386 inferiores
2791 5331 2981 5385 simus.
3009 5330 3123 5385 Hoc
3155 5338 3238 5385 est
3263 5330 3578 5385 alimentum
3606 5331 3724 5386 auio

2143 5436 2273 5486 mae,
2309 5420 2410 5474 hoc
2436 5430 2805 5477 ornamentum
2831 5461 2847 5486 ,
2894 5421 2993 5475 hoc
3030 5420 3325 5482 securitas;
3363 5429 3549 5474 contra
3590 5437 3726 5478 vero

2143 5523 2249 5564 non
2275 5509 2490 5578 audire,
2531 5502 2656 5567 illud
2699 5512 2892 5576 fames.
2933 5509 3061 5566 illud
3097 5510 3368 5579 corruptio
3394 5519 3476 5566 est
3519 5521 3534 5558 :
3579 5509 3737 5566 Dabo
