4040 6420
560 289 618 337 5|
1268 304 1324 357 S.
1364 304 1644 361 JOANNIS
1680 305 2159 363 CIIRYSOSTOMI
2200 311 2518 369 ARCHIEP.
2557 313 3104 372 (IONSTANTINOP.
3746 327 3815 381 3‘3

561 393 677 460 μῶν
707 395 937 457 ἀκούων,
972 395 1050 458 τίς
1093 396 1146 448 δὲ
1195 399 1488 463 σατανικῆς
1519 399 1660 469 ᾠδῆς
1685 417 1696 430 ’
1733 401 1824 452 καὶ
1860 400 1974 463 πῶς
2004 400 2121 455 διά-

558 502 736 538 κεισαι
776 488 832 537 ἐν
879 487 1142 558 ἐκκλησίᾳ
1175 484 1482 558 διατρίϐων,
1519 492 1610 543 καὶ
1650 492 1767 554 πῶς
1807 493 1864 546 ἐν
1913 493 2126 564 θεάτρῳ

558 575 864 645 καθήμενος
885 593 897 606 ·
925 578 1016 630 καὶ
1043 578 1162 647 ὄψει
1192 581 1322 632 πολὺ
1350 581 1408 632 τὸ
1443 582 1601 649 μέσον
1634 582 1836 651 ταύτης
1864 584 2124 653 κάκείνης

554 674 652 740 τῆς
681 670 891 739 ψυχῆς,
937 671 1182 746 καίτοιγε
1211 675 1338 744 μιᾶς
1366 673 1551 744 οὔσης.
1603 675 1699 727 Διά
1729 675 1885 729 τοῦτο
1914 675 2127 738 Παῦλος

560 764 713 839 ἔλεγε
733 785 746 796 ’
772 770 1125 834 Φθείρουσιν
1146 769 1260 836 ἢθη
1283 773 1517 837 χρηστὰ
1549 767 1773 833 ὁμιλίαι
1801 765 1977 818 κακαί
1985 806 1997 818 .
2027 765 2128 818 Διά

561 854 717 907 τοῦτο
764 857 1038 925 συνεχῶνθ
1074 861 1201 927 ἡμῖν
1239 858 1322 911 δεῖ
1365 858 1473 909 τῶν
1520 856 1626 908 ἀπὸ
1667 854 1760 906 τοῦ
1813 853 2127 922 Πνεύματος

560 944 802 1013 ἐπῳδῶν.
839 947 946 998 Καὶ
984 945 1091 1016 γάρ
1115 947 1272 1000 τοῦτό
1303 948 1451 999 ἐστιν
1494 941 1538 1014 ᾧ
1572 944 1677 996 τῶν
1710 944 1916 1008 ἀλόγων
1941 943 2129 994 πλεον-

560 1034 845 1102 εκτοῦμεν,
869 1036 943 1098 ὡς
966 1036 1073 1087 τῶν
1101 1053 1164 1104 γε
1193 1038 1365 1091 ἄλλων
1391 1038 1576 1090 ἕνεκεν
1602 1035 1694 1088 καὶ
1721 1032 1927 1101 σφόδρα
1949 1031 2129 1084 αὐτῶν

561 1124 954 1190 ἐλαττούμεθα.
976 1124 1146 1177 Τοῦτό
1172 1127 1286 1177 ἐστι
1311 1123 1485 1194 τροφὴ
1511 1124 1706 1193 ψυχῆς,
1720 1123 1878 1176 τοῦτο
1902 1126 2125 1191 κόσμος,

560 1210 718 1262 τοῦτο
746 1213 1014 1278 ἀσφάλεια
1036 1232 1048 1242 ·
1073 1213 1258 1282 ὥσπερ
1284 1209 1375 1265 οὖν
1401 1213 1460 1264 τὸ
1491 1211 1564 1281 μὴ
1590 1211 1826 1274 ἀκούειν,
1852 1211 2008 1280 λιμὸς
2035 1211 2130 1264 καὶ

563 1297 758 1366 φθορά.
791 1299 956 1352 Δώσω
993 1301 1121 1369 γὰρ,
1159 1302 1339 1368 φησὶν,
1378 1301 1579 1365 αὐτοῖς,
1608 1300 1690 1352 Οὐ
1714 1299 1892 1367 λιμὸν
1921 1299 2125 1364 ἄρτου,

558 1387 701 1440 οὐδὲ
726 1387 913 1454 δίψαν
944 1389 1182 1452 ὕδατος,
1211 1389 1371 1441 ἀλλὰ
1387 1387 1571 1455 λιμὸν
1598 1389 1703 1441 τοῦ
1731 1388 1990 1441 ἀκοῦσαι
2025 1387 2127 1439 λό-

556 1493 666 1540 γον
687 1468 922 1543 Κυρίου.
947 1478 1011 1528 Τί
1033 1478 1228 1544 γένοιτ’
1256 1479 1321 1530 ἂν
1351 1473 1444 1529 οὖν
1470 1476 1819 1546 ἀθλιώτερον,
1840 1478 1966 1529 ὅταν
1990 1478 2127 1547 ὅπερ

558 1565 587 1616 ό
628 1565 762 1628 Θεὸς
799 1567 856 1617 ἐν
887 1566 1037 1630 τάξει
1069 1567 1341 1629 κολάσεως
1371 1567 1593 1636 ἀπειλῇ,
1622 1567 1780 1619 τοῦτο
1808 1567 2128 1636 αὐτομάτως

557 1657 623 1706 σὺ
669 1655 807 1708 κατὰ
833 1659 932 1726 τῆς
981 1656 1094 1728 [51]
1145 1657 1342 1710 σαυτοῦ
1375 1657 1616 1725 κεφαλῆς
1645 1657 1809 1729 ἕλκῃς
1830 1657 1889 1709 τὸ
1936 1657 2127 1717 κακὸν,

556 1743 711 1812 λιμόν
740 1763 860 1799 τινα
887 1747 1118 1817 χαλεπὸν
1160 1748 1465 1815 ἐπεισάγων
1493 1751 1558 1818 τῇ
1584 1749 1750 1817 ψυχῇ,
1782 1747 1877 1800 καὶ
1909 1748 2128 1801 πάντων

554 1836 724 1904 αὐτὴν
768 1839 1162 1908 ἀσθενεστέραν
1215 1840 1418 1903 ποιῶν;
1478 1840 1610 1891 Ἀπὸ
1656 1840 1766 1909 γὰρ
1813 1839 1986 1906 λόγων
2035 1840 2128 1893 καὶ

556 1924 872 1995 φθείρεσθαι
907 1930 1000 1980 καὶ
1028 1929 1294 1993 σώζεσθαι
1326 1931 1554 1997 πέφυκε.
1578 1931 1688 1982 Καὶ
1711 1931 1822 2002 ,γὰρ
1850 1931 1928 1993 είς
1960 1929 2128 2000 ὀργὴν

553 2016 711 2068 τοῦτο
740 2019 919 2089 αὐτὴν⁸
939 2019 1141 2089 ἐξάγει,
1175 2025 1268 2075 καὶ
1297 2023 1528 2093 πραΰνει
1561 2022 1623 2074 τὸ
1667 2023 1796 2075 αὐτὸ
1829 2022 1987 2075 τοῦτο
2023 2023 2130 2075 πά-

555 2107 635 2158 λιν
657 2122 668 2133 ’
715 2110 810 2159 καὶ
848 2111 984 2179 πρὸς
1018 2112 1313 2181 ἐπιθυμίαν
1347 2112 1512 2182 ἐξῆψε
1551 2113 1706 2184 ῥῆμα
1739 2113 1986 2182 αίσχρδν,
2033 2113 2128 2165 καὶ

553 2199 633 2258 εἰς
664 2200 1017 2269 σωφροσύνην
1050 2203 1222 2271 ἤγαγε
1253 2203 1410 2269 λόγος
1460 2202 1787 2272 σεμνότητος
1816 2201 2020 2271 γέμων.
2064 2201 2127 2254 Εἰ

552 2287 608 2338 δὲ
657 2287 812 2355 λόγος
861 2291 1044 2353 ἀπλῶς
1072 2292 1338 2361 τοσαύτην
1370 2293 1481 2361 ἔχει
1523 2294 1620 2362 τὴν
1658 2293 1831 2361 ἰσχὺν,
1866 2292 1982 2351 πῶς
2018 2290 2126 2343 τῶν

553 2379 784 2447 Γραφῶν
818 2383 1210 2450 καταφρονεῖς;
1251 2380 1371 2432 εἰπέ
1411 2398 1520 2448 μοι.
1564 2381 1628 2432 Εἰ
1664 2380 1773 2448 γὰρ
1808 2378 2128 2453 παραίνεσις

551 2468 788 2521 τοσαῦτα
816 2469 1059 2530 δύναται,
1097 2469 1276 2538 πολλῷ
1305 2471 1502 2538 μᾶλλον
1534 2469 1660 2521 ὅταν
1693 2468 1831 2538 μετὰ
1875 2466 2128 2536 Πνεύμαο

551 2575 641 2620 τος
671 2553 804 2610 ῶσιν
826 2560 881 2610 αί
912 2561 1281 2628 παραινέσεις.
1315 2559 1425 2612 Καὶ
1457 2559 1566 2628 γὰρ
1594 2559 1765 2628 πυρὸς
1802 2558 2002 2626 μᾶλλον
2028 2557 2126 2625 τὴν

553 2649 964 2718 πεπωρωμένην
1015 2649 1270 2718 μαλάττει
1321 2649 1532 2718 ψυχὴν,
1585 2650 1678 2702 καὶ
1730 2649 1866 2719 πρὸς
1913 2649 2126 2701 ἅπαντα

550 2737 858 2806 ἐπιτηδείαν
909 2737 1308 2800 κατασκευάζει
1361 2739 1426 2790 τά
1462 2738 1632 2802 καλὰ,
1682 2738 1838 2805 λόγος
1878 2736 1983 2788 ἀπὸ
2019 2736 2127 2787 τῶν

549 2829 706 2879 θείων
745 2827 1104 2898 ἐνηχούμενος
1149 2829 1400 2899 Γραφῶν.
1448 2830 1604 2881 Οὕτω
1667 2828 1759 2882 καὶ
1795 2826 2128 2896 »Κορινθίους

551 2919 998 2986 πεφυσιωμένους
1027 2919 1206 2971 λαϐὼν
1235 2923 1263 2972 ό
1303 2921 1514 2982 Παῦλος
1549 2920 1642 2970 καὶ
1669 2919 2124 2987 φλεγμαίνοντας,

553 3008 866 3060 κατέστειλε
893 3008 989 3060 καὶ
1019 3010 1461 3078 ἐπιεικεστέρους
1487 3010 1733 3078 ἐποίησε.
1769 3010 1878 3060 Καὶ
1907 3008 2016 3079 γὰρ
2041 3005 2125 3076 ἐφ’

559 3083 642 3150 οἷς
673 3089 1020 3156 αἰσχύνεσθαι
1048 3089 1155 3142 ἔδει
1183 3093 1275 3144 καὶ
1314 3093 1771 3157 ἐγκαλύπτεσθαι,
1807 3094 1898 3144 ἐπὶ
1926 3092 2129 3152 τούτοις

567 3177 706 3246 μέγα
733 3177 1009 3246 ἐφρόνουν.
1049 3178 1184 3230 Ἀλλ’
1215 3180 1399 3248 ἐπειδὴ
1437 3183 1533 3249 την
1575 3181 1892 3250 Ἐπιστολὴν
1921 3180 2129 3243 ἐδέξαν-

565 3283 644 3327 το,
670 3265 896 3319 ἄκουσον
929 3269 1105 3322 αὐτῶν
1135 3270 1232 3321 τὴν
1274 3271 1570 3338 μεταϐολὴν
1595 3312 1606 3331 _,
1644 3273 1712 3339 ἣν
1741 3271 1902 3332 αὐτὸς
1928 3272 1956 3322 ό
1984 3268 2128 3321 διδά-

639 3423 662 3453 ⁸
695 3425 934 3491 συνεχῶς
963 3424 1026 3477 Α.
1061 3427 1165 3479 An.

564 3501 759 3564 ιιι-αξιοι·
791 3495 916 3546 Ben.
1011 3495 1051 3525 “
1081 3495 1436 3564 ῥυθμίζομενί
1482 3495 1570 3549 Sic
1591 3495 1648 3548 Β.
1682 3504 1735 3548 οι

568 3561 831 3631 ποιῶμεν.
920 3564 962 3594 η
993 3561 1091 3615 καῖ
1114 3561 1274 3631 τῷΘ.
1309 3561 1393 3631 φ.1
1424 3565 1512 3615 Sic
1551 3566 1608 3617 Β.
1638 3566 1742 3616 An.
1772 3562 1847 3631 τῷ
1879 3562 1940 3612 Θ.

569 3629 611 3655 ’⁵
642 3617 765 3698 ποὶῇ
793 3631 802 3699 1
836 3632 1130 3700 προσίηται
1163 3617 1226 3686 Β.

1271 3428 1292 3457 ⁸
1327 3427 1408 3495 τὸ]
1438 3429 1594 3479 τοῦτο
1616 3427 1677 3480 τὸ
1706 3426 1841 3479 Edd.
1876 3425 1984 3495 vjd.
2014 3423 2256 3476 Hatlhtm'
2285 3421 2350 3495 a_d
2375 3424 2478 3476 IOC.

1782 3509 1862 3561 pr.
1899 3493 1961 3544 ί).
2016 3508 2150 3561 mox
2182 3491 2442 3561 ποιοῦμεν
2705 3499 2758 3544 οι

1322 3559 1393 3630 Μ
1424 3565 1512 3615 Sic
1551 3566 1608 3617 Β.
1638 3566 1742 3616 An.
1772 3559 1847 3630 τῷ
1879 3562 1940 3612 Θ.
1972 3579 2030 3630 φ.
2058 3560 2152 3613 καί
2181 3559 2351 3630 ΑΛ).
2378 3559 2438 3613 Ε.
2473 3560 2552 3629 τῷ
2588 3560 2649 3630 Θ,
2681 3576 2741 3630 φ.
2776 3559 3029 3627 γεγόνασι
3069 3562 3161 3613 καὶ
3188 3561 3249 3614 C.

1304 3624 1694 3702 (δετειχίξωμεν
1724 3624 1830 3684 Α.”
1866 3631 1908 3661 ³⁸
1933 3624 2120 3699 βάλλωλ

2235 3629 2300 3682 Α.
2328 3629 2474 3683 (LE.
2498 3624 2720 3683 ὡστ’τά
2753 3624 2865 3684 oin;
2895 3634 2961 3685 Α.
2994 3631 3057 3684 C.
3085 3631 3148 3696 Ε,
3181 3637 3236 3683 ει
3253 3642 3336 3696 pr.
3369 3624 3431 3678 D.

2239 402 2431 465 σκαλος
2462 404 2640 466 αὐτοῖς
2677 406 3076 479 ἐμαρτύρησεν,
3103 410 3240 462 οὕτω
3265 408 3441 479 λέγων
3464 429 3476 442 ⁸
3511 413 3673 466 Αὐτὸ
3703 416 3812 480 γὰρ

2239 491 2342 543 td‘
2399 493 2545 547 κατὰ
2581 495 2726 547 Θεὸν
2759 499 3102 566 λυπηθῆναι
3142 502 3314 572 ὑμᾶς,
3357 505 3559 568 πόσην
3616 504 3814 571 εἱργνύ-

2239 597 2388 636 σατο
2425 584 2493 636 ἐν
2523 585 2663 652 ὑμῖν
2701 587 2982 653 σπουδήν
3005 607 3017 619 ·
3066 593 3225 645 ἀλλὰ
3253 594 3611 660 ἀπολογίαν,
3648 593 3810 644 (illd

2237 672 2672 738 ἀγανάκτησιν.
2692 674 2711 744 [
2737 678 2778 708 ¹⁰
2801 678 2960 731 ἀλλὰ
2985 681 3189 742 φόϐον,
3210 683 3371 735 ἀλλὰ
3393 681 3812 750 ἐπιπόθησιν.)

2237 762 2394 814 ἀλλὰ
2411 761 2615 828 ζῆλον,
2633 765 2791 818 ἀλλὰ
2811 768 3145 836 ἐκδίκησιν.
3166 771 3321 823 Οὕτω
3340 773 3431 823 καὶ
3455 772 3695 832 οἰκέτας,
3719 771 3814 822 καὶ

2237 850 2448 913 παῖδας,
2485 850 2578 904 καὶ
2603 859 2882 921 γυναῖκας,
2923 860 3018 911 καὶ
3045 860 3227 928 φίλους
3259 861 3589 930 ῥυθμίζομεν
3612 862 3682 920 ’⁸,
3721 860 3816 912 καὶ

2235 940 2358 1000 τοὺς
2391 940 2617 1010 ἐχθροὺς
2645 943 2826 1011 φίλους
2865 947 3142 1016 ποιοῦμεν.
3179 949 3335 1000 Οὖτω
3372 949 3464 1000 καὶ
3498 949 3545 1000 οξ
3578 949 3815 1013 μεγάλοι

2239 1026 2450 1096 ἄνδρες,
2485 1031 2578 1082 καί
2609 1032 2685 1102 τῷ
2716 1034 2834 1104 Θεῷ
2863 1036 3005 1102 φίλοι
3027 1039 3092 1101 ¹¹,
3124 1038 3359 1106 βελτίους
3392 1038 3664 1105 ἐγένοντο.
3706 1038 3818 1088 Καὶ

2236 1119 2342 1187 γὰρ
2377 1122 2405 1171 ὁ
2433 1121 2597 1173 Δαυῖδ
2627 1128 2763 1192 μετά
2805 1127 2901 1196 τὴν
2947 1131 3243 1200 ἁμαρτίαν,
3273 1129 3460 1198 ἐπειδὴ
3490 1129 3668 1193 λόγων
3705 1129 3816 1178 ἀπ-

2236 1206 2455 1272 ήλαυσε,
2497 1209 2619 1261 τότε
2663 1213 2741 1273 είς
2782 1213 2878 1280 τὴν
2909 1215 3200 1284 καλλίστην
3228 1217 3442 1283 ἐκείνην
3473 1211 3603 1284 ἦλθε
3643 1214 3818 1284 μετά-

2235 1310 2380 1346 νοιαν
2401 1311 2413 1323 ·
2444 1299 2536 1350 καὶ
2569 1302 2616 1351 οί
2658 1302 2938 1354 ἀπόστολοι
2965 1305 3019 1356 δὲ
3051 1304 3192 1357 οὕτω
3221 1305 3506 1372 γεγόνασιν
3538 1308 3683 1373 ὅπερ
3717 1321 3817 1371 γε·-

2234 1385 2440 1450 γόνασι,
2478 1391 2570 1442 καὶ
2617 1392 2714 1460 τὴν
2759 1394 3083 1465 οἰκουμένην
3135 1395 3350 1448 ἅπασαν
3402 1396 3813 1448 ἐπεσπάσαντο.

2234 1475 2343 1526 Καὶ
2374 1478 2425 1528 τί
2455 1478 2515 1530 τὸ
2544 1480 2766 1549 κέρδος,
2801 1483 2985 1551 φησιν,
3020 1484 3145 1534 ὅταν
3185 1483 3358 1551 ἀκούῃ
3382 1481 3424 1511 ¹³
3456 1499 3569 1545 τις,
3602 1482 3704 1534 καὶ
3738 1481 3816 1550 μὴ

2234 1568 2359 1635 ποιῇ
2379 1567 2424 1598 ¹⁴⁵
2458 1568 2524 1621 τά
2553 1569 2992 1643 λεγόμενα;[52]
3041 1573 3114 1624 Οὐ
3161 1572 3352 1642 μικρὸν
3406 1573 3504 1641 μὲν
3552 1572 3650 1623 καὶ
3704 1570 3818 1622 ἀπὸ

2232 1655 2329 1722 τῆς
2376 1658 2690 1727 ἀκροάσεως
2721 1663 2872 1714 ἐσται
2904 1663 2963 1715 τδ
3004 1661 3211 1732 κέρδος.
3243 1663 3353 1714 Καὶ
3381 1662 3489 1730 γὰρ
3522 1659 3818 1724 καταγνώ-

2234 1772 2381 1810 σεται
2408 1756 2598 1810 ἐαυτοῦ
2633 1754 2724 1807 καὶ
2765 1753 3028 1817 στενάξει,
3055 1753 3148 1805 καὶ
3176 1751 3293 1820 ἥξει
3327 1753 3457 1803 ποτὲ
3488 1753 3581 1804 καὶ
3626 1753 3726 1802 ἐπὶ
3752 1750 3816 1804 τὸ

2232 1849 2401 1898 ποιεῖν
2442 1846 2508 1896 τὰ
2544 1845 2828 1912 λεγόμενα.
2862 1844 2920 1895 '0
2954 1842 3011 1895 δὲ
3044 1840 3163 1911 μηδ’
3212 1840 3293 1891 ὅτι
3336 1840 3581 1908 ἥμαρτεν
3623 1839 3811 1901 εἰδὼς.

2223 1935 2361 1996 ⁸πότε
2391 1934 2752 2000 ἀποστήσεται
2796 1931 2890 1983 τοῦ
2940 1929 3308 1999 πλημμελεῖνς
3361 1929 3487 1980 πότε
3521 1929 3815 1994 καταγνώ-

2233 2040 2381 2076 σεται
2411 2022 2639 2085 ἐαυτοῦ;
2677 2021 2766 2091 Μὴ
2792 2021 2970 2073 τοίνυν
3013 2019 3442 2088 καταφρονῶμεν
3467 2017 3565 2086 τῆς
3598 2017 3812 2087 ἀκροά-

2231 2127 2366 2172 σεως
2389 2109 2495 2160 τῶν
2521 2109 2679 2160 θείων
2709 2110 2749 2161 Γ
2755 2108 2960 2179 ραφῶν.
2994 2108 3295 2176 Σατανικῆς
3333 2106 3443 2174 γὰρ
3464 2105 3639 2159 ταῦτα
3687 2107 3811 2158 διας

2228 2200 2411 2262 νοίας,
2441 2199 2541 2250 οὐκ
2575 2197 2946 2266 ἀφιείσηςτὸν
2981 2196 3249 2268 θησαυρὸν
3282 2197 3430 2255 ίδείν,
3476 2197 3561 2247 ἵνα
3596 2196 3670 2265 μὴ
3712 2195 3811 2247 τὸν

2230 2287 2459 2338 πλοῦτον
2483 2287 2849 2355 κερδάνωμεν.
2873 2285 2971 2337 Διά
3000 2285 3158 2336 τοῦτο
3190 2285 3338 2337 οὐδὲν
3368 2281 3506 2337 εἶναί
3537 2301 3667 2352 φησι
3705 2285 3809 2353 τὴν

2231 2376 2489 2444 ἀκρόασιν
2522 2375 2630 2427 τῶν
2662 2375 2820 2429 θείων
2853 2375 3062 2445 νόμων,
3095 2375 3182 2429 ἵνα
3212 2376 3286 2445 μὴ
3324 2375 3420 2446 τὴν
3449 2373 3647 2444 πρᾶξιν
3692 2373 3810 2426 ἀπὸ

2229 2472 2328 2538 τῆς
2355 2471 2670 2541 ἀκροάσεως
2699 2469 2783 2540 ἴδῃ
2807 2470 3243 2540 προσγενομένην
3273 2471 3423 2538 ἡμῖν.
3451 2468 3664 2530 Εἱδότες
3697 2467 3810 2519 τοί-

2229 2577 2320 2611 νυν
2363 2560 2460 2628 τὴν
2505 2557 2747 2627 πονηρὰν
2791 2558 2994 2627 ταύτην
3048 2558 3210 2611 αὐτοῦ
3255 2559 3477 2627 τέχνην,
3534 2556 3810 2608 πάντοθεν

2227 2649 2452 2710 ἑαυτοὺς
2495 2646 3012 2717 ἀποτειχίζωμενη,
3062 2649 3149 2699 ἵνα
3198 2650 3308 2708 τοῖς
3356 2647 3539 2709 ὅπλοις
3585 2648 3807 2707 τούτοις

2229 2740 2580 2808 φραξάμενοι,
2626 2738 2777 2790 αὐτοί
2820 2755 2878 2789 τε
2923 2737 3191 2790 ἀνάλωτοι
3235 2737 3501 2806 μένωμεν,
3553 2737 3646 2790 καὶ
3697 2737 3806 2805 τὴν

2230 2825 2444 2876 ἐκείνου
2496 2824 2807 2893 βάλωμεν¹⁶
2859 2824 3130 2894 κεφαλήνο
3167 2825 3260 2876 καὶ
3288 2823 3426 2875 οὕτω
3473 2823 3702 2892 λαμπρά
3735 2825 3804 2876 τὰ

2230 2919 2520 2984 νικητήρια
2549 2916 2965 2984 ἀναδησάμενοι,
2989 2917 3096 2968 τῶν
3130 2915 3424 2985 μελλόντων
3454 2914 3807 2983 ἐπιτύχωμεν

2231 3005 2470 3073 ἀγαθῶν,
2519 3006 2700 3074 χάριτι
2740 3009 2833 3058 καὶ
2865 3005 3238 3076 φιλανθρωπίᾳ
3271 3007 3364 3059 τοῦ
3406 3005 3612 3075 Κυρίου
3641 3004 3808 3073 ἡμῶν

2243 3092 2416 3162 Ἰησοῦ
2452 3092 2710 3162 Χριστοῦ,
2753 3087 2797 3159 ᾧ
2830 3095 2863 3162 ή
2908 3093 3034 3158 δόξα
3067 3096 3161 3147 καὶ
3206 3094 3266 3146 τὸ
3314 3095 3514 3164 κράτος
3553 3094 3631 3155 είς
3668 3092 3805 3154 τοὺς

2228 3183 2426 3246 αἰῶνας
2455 3182 2563 3236 τῶν
2600 3183 2828 3237 αἰώνων.
2872 3182 3064 3254 Ἀμήν.

2596 3421 2639 3452 ³⁸
2664 3420 2787 3475 Haec
2810 3422 2971 3476 verba
3011 3425 3209 3478 desunt
3251 3420 3304 3472 in
3344 3417 3500 3471 codd.
3541 3423 3595 3470 el
3634 3415 3778 3470 ΕΜ.

2801 3507 2882 3560 pr.
2917 3493 2976 3547 Ο.
3019 3491 3078 3544 D.
3114 3490 3294 3545 caueri
3339 3486 3688 3556 ρυθμίζωμεν
3729 3494 3790 3539 ει

2804 3561 3029 3622 ·εγόνασι
3069 3562 3161 3613 καὶ
3188 3561 3249 3614 C.
3327 3559 3372 3588 ”
3408 3555 3615 3622 ἀκούσῃ
3638 3553 3790 3609 Edd.

1997 3859 2094 3945 OM
2102 3860 2239 3913 [AIA
2274 3857 2346 3911 Γ.

554 4045 766 4108 Βίϐλος
803 4041 1094 4111 γενέσεως
1133 4041 1336 4111 Ἰησοῦ
1361 4040 1632 4111 ’Χριστοῦ
1658 4080 1670 4103 ,
1715 4039 1850 4094 υιοῦ
1903 4037 2082 4090 Δαυτδ
2103 4077 2117 4101 ,

1120 4108 1254 4161 υίοῦ
1290 4107 1554 4175 Ἀϐραάμ.

621 4220 689 4272 α’.
725 4219 854 4270 Ἰδοὺ
880 4219 1031 4288 τρίτη
1050 4215 1299 4279 διάλεξις,
1319 4215 1410 4268 καὶ
1427 4214 1492 4268 τὰ
1514 4216 1570 4267 ἐν
1591 4217 1895 4285 προοιμίοις
1913 4216 2119 4268 οὐδέπω

550 4304 927 4373 διελυσάμεθα.
983 4303 1095 4354 Ούκ
1139 4303 1244 4371 ἄρα
1295 4301 1470 4368 μάτην
1504 4300 1707 4366 ἔλεγον,
1751 4302 1833 4352 ὅτι
1883 4301 2015 4353 πολὺ
2057 4303 2118 4353 τὸ

553 4397 715 4464 βάθος
756 4395 867 4465 ἔχει
911 4396 1020 4446 τῶν
1061 4394 1343 4461 νοημάτων
1373 4392 1576 4444 τούτων
1607 4395 1637 4459 ὴ
1673 4391 1854 4458 φύσις.
1891 4392 2023 4461 Φέρε
2049 4392 2111 4461 δὴ

549 4486 616 4537 τὰ
650 4487 942 4553 λειπόμενα
980 4486 1213 4554 σήμερον
1244 4486 1501 4551 εἴπωμεν.
1540 4483 1604 4535 Τί
1643 4486 1757 4534 ποτ’
1787 4478 1878 4534 οὖν
1905 4485 2019 4534 ἐστι
2052 4483 2114 4533 τὸ

551 4573 876 4642 ζητούμενον
903 4573 1024 4636 νῦν;
1056 4574 1208 4635 Τίνος
1253 4575 1435 4625 ἕνεκεν
1468 4575 1497 4625 ό
1535 4573 1730 4641 Ἰωσὴφ
1770 4572 2111 4639 γενεαλογεῖ-

550 4680 661 4724 ται,
680 4662 830 4713 οὐδὲν
855 4663 988 4730 πρὸς
1013 4662 1110 4731 τὴν
1131 4661 1379 4732 γέννησιν
1405 4661 1690 4714 συν-τελῶν,
1719 4660 1826 4713 Καὶ
1853 4661 1978 4728 μίαν
2005 4661 2105 4729 μὲν

545 4747 724 4799 αἰτίαν
757 4747 1056 4818 εἰρήκαμεν
1080 4747 1177 4817 ἤδη
1197 4765 1211 4780 ο
1249 4749 1541 4815 ἀναγκαῖον
1567 4749 1622 4801 δέ
1667 4752 1760 4801 καὶ
1789 4752 1886 4819 τὴν
1917 4753 2109 4822 ἑτέραν

543 4838 715 4888 εἰπεῖν
736 4875 750 4896 .
798 4836 893 4904 τὴν
926 4839 1330 4908 μυστικωτέραν
1370 4839 1464 4890 καὶ
1493 4839 1934 4909 ἀπορῤητοτέραν
1967 4844 2107 4895 ἐκεί-

546 4945 656 4996 νης.
677 4927 771 4988 Τίς
792 4923 884 4979 οῦν
910 4929 1054 4978 ἐστιν
1079 4927 1216 4996 αῦτη
1242 4944 1254 4991 ;
1286 4929 1398 4980 Οὺκ
1426 4929 1678 4982 ἐϐούλετο
1703 4934 1814 4993 τοῖς
1831 4932 2105 4995 Ἰουδαίοις

523 5013 676 5068 “Ilva:
711 5017 866 5084 δῆλον
909 5017 1058 5086 πορά
1084 5018 1229 5069 τὸν¹⁷
1264 5019 1370 5070 τῶν
1403 5019 1606 5071 ὠδίνων
1635 5021 1845 5088 καιρὸν,
1875 5020 1987 5091 [33]
2025 5025 2104 5074 ὃτι

526 5123 550 5156 ε
571 5123 604 5158 κ
635 5106 906 5175 Παρθένου
934 5108 1252 5175 γεγέννηται
1281 5108 1325 5139 ¹⁸
1363 5110 1391 5161 ό
1422 5109 1674 5179 Χριστός.
1719 5110 1880 5163 Ἀλλά
1912 5112 1984 5182 μὴ
2020 5114 2104 5166 θο-

542 5197 790 5264 ρυϐεῖσθε
815 5199 948 5266 πρὸς
973 5199 1033 5249 τὸ
1060 5199 1357 5266 παράδοξον
1383 5200 1472 5251 τοῦ
1502 5201 1812 5269 λεγομένου.
1835 5203 1908 5254 Ού
1931 5204 1970 5234 ¹⁹
1994 5205 2102 5272 γὰρ

542 5284 674 5351 ἐμὸς
697 5287 724 5335 ό
753 5287 926 5351 λόγος,
970 5287 1102 5338 ἀλλά
1135 5289 1392 5358 Πατέρων
1436 5292 1741 5360 ἡμετέρων,
1774 5292 2101 5361 θαυμαστῶν

542 5373 632 5423 καὶ
668 5375 948 5440 ἐπισήμιιιν
988 5376 1211 5442 ἀνδρῶν.
1240 5378 1299 5428 El
1333 5377 1438 5446 γὰρ
1469 5379 1633 5431 πολλὰ
1659 5381 2010 5434 συνεσκίασεν
2042 5383 2103 5444 ἐξ

543 5460 716 5531 ἀρχῆς
739 5498 753 5522 ,
780 5458 906 5509 Υῐὸν
949 5457 1236 5522 ἀνθρώπου
1271 5459 1449 5510 καλῶν
1498 5462 1708 5526 ἑαυτὸν,
1742 5461 1837 5513 καὶ
1861 5460 1981 5512 ούδέ
2011 5460 2107 5527 τὴν

549 5550 686 5617 πρὸς
713 5548 800 5598 τδν
838 5545 1054 5614 Πατέρα
1101 5547 1316 5615 ἰσότητα
1346 5551 1616 5618 πανταχοῦ
1649 5549 1833 5616 σαφῶς
1863 5551 1994 5620 ἡμῖν
2022 5549 2108 5612 ἐξ·

537 5635 794 5700 ἐκάλυψε·
821 5636 872 5685 τί
899 5633 1214 5702 θαυμάζεις,
1243 5637 1288 5685 εἰ
1313 5638 1402 5686 καὶ
1431 5635 1587 5688 τοῦτο
1610 5636 1924 5690 συνεσκίασε
1948 5635 2103 5699 τέως,

2230 4019 2542 4088 θαυμαστόν
2576 4038 2628 4073 τι
2665 4023 2758 4074 καὶ
2794 4023 2937 4092 μέγα
2979 4026 3308 4095 οίκονομῶν;
3347 4029 3457 4080 Καὶ
3491 4031 3644 4080 ποῖον
3676 4030 3814 4082 θαυ-

2235 4108 2474 4176 μαστόν;
2529 4112 2680 4178 φησί.
2718 4113 2789 4164 Τὸ
2829 4114 3158 4184 διασωθῆναι
3209 4118 3307 4185 τὴν
3357 4118 3664 4188 Παρθένον,
3718 4122 3817 4174 καὶ

2230 4195 2463 4265 ὑποψίας
2489 4199 2869 4275 ἀπαλλαγῆναι
2902 4208 3160 4275 πονηρᾶς.
3197 4208 3257 4259 Εἰ
3288 4208 3394 4277 γάρ
3437 4207 3595 4261 τοῦτο
3628 4207 3688 4272 ἐξ
3711 4210 3816 4278 ἀρ-

2229 4289 2327 4356 χῆς
2355 4288 2463 4348 τοῖς
2503 4289 2774 4352 Ἰουδαίοις
2814 4291 3004 4359 γέγονε
3047 4297 3375 4361 κατάδηλον,
3408 4298 3511 4350 κᾶν
3548 4299 3813 4350 κατέλευ-

2231 4392 2329 4426 σαν
2357 4377 2451 4446 τὴν
2482 4378 2758 4448 Παρθένον
2793 4383 3224 4453 κακουργοῦντες
3249 4387 3326 4454 τῷ
3364 4387 3638 4458 λεγομένῳ
3660 4428 3674 4450 ,
3712 4391 3812 4444 καὶ

2233 4466 2478 4533 μοιχείας
2505 4468 2670 4538 αὐτὴν
2698 4470 2916 4539 ἔκριναν
2950 4474 3033 4526 ἀν.
3068 4475 3130 4526 EE
3158 4477 3265 4546 γάρ
3315 4477 3453 4545 ὑπὲρ
3479 4477 3586 4528 τῶν
3609 4478 3808 4543 ἄλλων,

2227 4547 2300 4605 ὧν
2333 4554 2590 4618 πολλάκις
2641 4559 2732 4611 καὶ
2761 4560 3136 4630 ὑποδείγματα
3187 4562 3328 4633 εἶχον
3358 4567 3416 4617 ἐν
3459 4569 3524 4644 τῇ
3568 4566 3809 4638 Παλαιᾷ,

2226 4646 2474 4715 φανερῶς
2526 4650 2912 4718 ὴναισχύντουν
2979 4655 3095 4718 (καὶ
3148 4655 3254 4725 γὰρ
3300 4658 3490 4728 ἐπειδὴ
3542 4658 3808 4728 δαίμονας

2227 4734 2466 4798 ἐξέϐαλε,
2499 4737 2851 4807 ΐῐῐῇονῶντα
2900 4735 3148 4804 ἐκάλουν,
3195 4748 3288 4798 καὶ
3320 4749 3505 4818 ἐπειδὴ
3550 4750 3608 4802 ἐν
3657 4751 3798 4809 Σαα-

2227 4826 2374 4895 ϐάτῳ
2412 4825 2799 4897 ἐθεράπευσεν,
2827 4831 3070 4885 ἀντίθεον
3096 4831 3234 4887 εἶναι
3259 4837 3525 4904 ἐνόμιζον,
3560 4833 3806 4908 καίτοιγε

2227 4917 2482 4979 πολλάκις
2536 4921 2624 4971 καὶ
2659 4925 2922 4994 πρότερον
2966 4925 3130 4994 ἐλύθη
3164 4926 3223 4978 τὸ
3261 4927 3581 4998 Σάϐϐατον),
3616 4931 3666 4981 τί
3705 4932 3806 4984 ούκ

2225 5007 2288 5060 ἂν
2315 5003 2467 5061 εἷπον
2495 5010 2681 5065 τούτου
2712 5014 3024 5084 λεχθέντος;
3062 5020 3172 5070 Καὶ
3194 5018 3302 5089 γὰρ
3332 5015 3478 5088 εἶχον
3505 5021 3681 5074 πάντα
3708 5022 3803 5074 τὸν

2225 5099 2330 5164 πρὸ
2353 5101 2543 5154 τούτου
2576 5107 3072 5177 συναγωνιζόμενον
3093 5111 3275 5173 αὐτοῖς
3300 5112 3509 5180 καιρὸν,
3540 5113 3801 5165 οὐδέποτέ

2224 5207 2273 5242 τι
2303 5193 2538 5245 τοιοῦτον
2570 5197 2877 5264 ἐνεγκόντα.
2914 5200 2974 5251 El
3009 5201 3115 5270 γὰρ
3151 5202 3290 5270 μετά
3328 5203 3565 5254 τοσαῦτα
3597 5207 3802 5272 σημεῖα

2223 5279 2300 5331 ἔτι
2331 5282 2489 5333 αὐτὸν
2518 5283 2609 5334 τοῦ
2647 5286 2845 5356 Ἰωσὴφ
2878 5289 3102 5341 ἐκάλουν
3130 5291 3262 5355 υἱὸν,
3299 5293 3417 5354 πῶς
3461 5292 3526 5344 ἂν
3552 5293 3657 5362 πρὸ
3689 5294 3798 5345 τῶν

2225 5373 2465 5438 σημείων
2519 5375 2865 5440 ἐπίστευσαν,
2901 5381 2980 5431 ὅτι
3010 5383 3071 5432 ἐκ
3091 5382 3136 5410 ¹⁰
3171 5382 3448 5450 Παρθένου
3479 5379 3575 5453 ἦν;
3605 5385 3702 5436 Διά
3735 5387 3797 5454 δὴ

2221 5458 2376 5511 τοῦτο
2401 5462 2493 5512 καὶ
2519 5466 2938 5532 γενεαλογεῖται,
2970 5472 3062 5522 καὶ
3091 5473 3447 5539 μνηστεύεται
3471 5475 3565 5542 τὴν
3587 5474 3798 5542 Παρθέ-

2222 5565 2330 5600 νον.
2363 5551 2534 5604 ’Όπου
2568 5558 2674 5625 γὰρ
2720 5557 2746 5607 ὁ
2798 5558 2992 5630 Ἰωσὴφ
3018 5601 3032 5625 ,
3066 5564 3156 5613 καὶ
3201 5562 3407 5625 δίκαιος
3439 5564 3512 5616 ῶν
3543 5567 3635 5616 καὶ
3667 5567 3796 5617 θαύ-

2225 5641 2424 5710 μαστὸς
2459 5644 2630 5714 ἀνὴρ,
2668 5647 2876 5700 πολλῶν
2919 5651 3112 5722 ἐδεήθη
3150 5654 3288 5705 ὥστε
3328 5654 3582 5717 δέξασθαι
3617 5658 3675 5707 τὸ
3712 5672 3799 5722 γε-

631 5785 673 5817 "
709 5787 854 5851 παρὰ
882 5789 994 5858 τόν]
1021 5789 1108 5844 Sic
1135 5789 1190 5841 Β.
1224 5790 1284 5842 F.
1322 5793 1419 5845 An.
1455 5795 1600 5846 Arm.
1635 5795 1812 5848 ταξιοτί
1846 5796 1934 5848 τὸν
1965 5796 2087 5865 πρό.

2241 5795 2526 5867 γεγένηται
2561 5796 2696 5853 Edd.
2775 5799 2820 5833 ¹⁹
2850 5802 2964 5855 ούδέ
2991 5802 3050 5857 Β.
3131 5804 3175 5836 ¹⁰
3207 5805 3289 5874 ἐκ]
3320 5808 3409 5858 καὶ
3436 5808 3497 5858 ἐκ
3533 5806 3590 5860 Β.
3630 5802 3691 5858 D.
3715 5803 3778 5860 Ρ.
