4040 6434
233 342 296 398 51
1382 338 1446 394 IN
1489 333 1838 392 MATTIUEI

1975 329 2213 386 HOMIL.
2257 326 2352 381 ill.

228 455 370 508 enim
421 455 516 517 eis,
565 453 766 522 inquit,
825 467 928 505 non
989 451 1183 520 famem
1239 450 1415 520 panis,
1463 465 1630 520 neque
1678 448 1821 502 sitim

229 574 419 629 aqua;
463 559 555 612 sed
611 558 810 626 famem
863 555 1114 611 audiendi
1167 557 1308 611 verbi
1361 557 1576 610 Domini
1628 555 1824 625 (Amos

229 663 283 718 8.
332 664 388 717 Η
412 662 452 731 ).
491 661 635 727 Quid
673 669 861 716 autem
901 659 1180 715 infelicius
1223 676 1346 716 esse
1382 662 1575 730 possit,
1629 676 1819 730 quam,

229 783 358 822 cum
390 766 526 821 illud
561 767 708 837 quod
736 766 882 820 Deus
911 773 974 818 ut
1004 780 1224 835 poenam
1255 766 1648 828 comminatur,
1683 763 1822 817 illud

229 873 410 942 ipsum
453 873 660 926 malum
711 879 771 926 tu
812 878 1009 941 sponte
1057 871 1113 925 in
1160 879 1328 940 caput
1359 878 1514 926 tuum
1546 871 1819 932 attrahis,

226 975 361 1030 dum
385 978 711 1047 gravissima
734 976 877 1031 fame
904 976 1077 1032 afﬁcis
1099 977 1340 1031 animam
1365 986 1536 1040 tuam,
1559 976 1822 1044 illamque

226 1082 489 1151 omnibus
527 1081 890 1137 inﬁrmiorem
920 1081 1154 1136 reddis?
1181 1081 1318 1136 Nam
1359 1097 1390 1136 a
1419 1082 1606 1135 verbis
1639 1081 1734 1135 illa
1768 1086 1826 1134 et

225 1186 509 1255 corrumpi
549 1196 606 1241 et
643 1187 823 1240 sanari
849 1187 1012 1241 solet.
1058 1186 1347 1256 Siquidem
1375 1187 1487 1240 illis
1518 1195 1575 1239 et
1599 1187 1654 1239 in
1687 1183 1824 1239 iram

225 1291 556 1354 concitatur,
588 1300 644 1344 et
673 1299 950 1345 commota
979 1290 1264 1361 mitigatur
1288 1307 1303 1344 :
1327 1290 1395 1344 ad
1425 1290 1825 1358 concupiscen-

227 1396 361 1448 tiam
417 1393 682 1448 lascivum
733 1394 944 1448 dictum
999 1393 1268 1458 incendit,
1305 1401 1362 1446 et
1398 1391 1463 1446 ad
1513 1391 1825 1446 castitatem

225 1499 461 1554 verbum
507 1498 802 1553 honestum
853 1498 1094 1553 reducit.
1152 1497 1210 1552 Si
1258 1498 1408 1552 enim
1456 1509 1639 1552 sermo
1675 1495 1827 1548 solus

230 1611 439 1658 Lautam
467 1602 578 1655 vim
603 1602 791 1666 habet,
819 1618 941 1668 cur,
965 1617 1173 1672 quaeso,
1201 1603 1518 1672 Scripturas
1543 1599 1826 1670 despicis?

229 1705 288 1762 Si
318 1721 556 1776 namque
588 1706 998 1762 admonitiones
1027 1715 1238 1760 tantum
1269 1705 1475 1770 valent,
1505 1705 1680 1760 multo
1707 1718 1823 1758 ma-

229 1809 312 1879 gis
362 1810 585 1879 quando
637 1825 763 1865 cum
820 1809 1294 1866 admonitionibus
1349 1810 1508 1865 adest
1561 1810 1820 1880 Spiritus.

228 1913 451 1969 Etenim
491 1914 720 1969 verbum
752 1930 821 1969 ex
860 1913 1169 1985 Scripturis
1199 1915 1404 1970 divinis
1432 1914 1708 1986 prolatum
1743 1914 1828 1968 in-

226 2016 484 2072 duratam
521 2019 757 2074 animam
797 2019 921 2090 igne
951 2021 1340 2076 vehementius
1373 2021 1604 2085 emollit,
1653 2028 1708 2076 et
1755 2019 1824 2074 ad

227 2122 492 2191 quaelibet
515 2123 658 2177 bona
684 2134 866 2193 aptam
895 2124 1083 2180 edicit.
1116 2124 1210 2180 Sic
1236 2140 1362 2180 cum
1394 2125 1599 2179 Paulus
1623 2123 1822 2180 Corin-

229 2226 379 2280 thios
401 2226 620 2282 inﬂatos
645 2236 701 2282 et
729 2235 1008 2282 tumentes
1029 2243 1152 2284 esse
1176 2229 1651 2299 deprehendisset,
1677 2244 1823 2283 com-

228 2333 434 2402 pressit
473 2347 539 2386 ac
576 2332 943 2388 modestiores
992 2334 1253 2390 reddidit.
1303 2335 1380 2389 De
1424 2334 1632 2404 quibus
1677 2333 1827 2387 enim

230 2435 444 2504 pudore
477 2436 793 2506 ruboreque
824 2437 960 2492 aliici
1001 2454 1101 2507 par
1133 2447 1275 2503 erat,
1321 2438 1391 2493 de
1423 2438 1618 2493 iisdem
1651 2437 1824 2491 altum

231 2538 542 2609 sepiebant.
583 2540 687 2594 Sed
731 2551 1024 2610 postquam
1069 2542 1226 2597 Pauli
1267 2543 1558 2611 epistolam
1593 2555 1825 2611 accepe-

233 2651 382 2707 rant,
427 2642 557 2697 audi
604 2644 827 2699 illorum
862 2645 1249 2708 mutationem,
1277 2662 1442 2716 quam
1487 2648 1606 2716 ipse
1636 2648 1831 2701 doctor

233 2743 564 2799 testificatus
585 2754 670 2800 est
696 2746 784 2803 his
813 2748 1034 2803 verbis:
1057 2749 1167 2802 Hoc
1184 2752 1325 2803 enim
1345 2752 1517 2819 ipsum
1544 2752 1832 2804 secundum

235 2848 412 2903 Deum
452 2853 783 2916 contristari,
824 2862 1087 2922 quantum
1125 2857 1178 2907 in
1214 2856 1354 2909 vobis
1388 2865 1640 2924 operatur
1679 2855 1832 2910 solli-

235 2953 524 3007 citudinem
550 2970 568 3007 :
597 2957 690 3008 sed
718 2957 1098 3025 defensionem,
1134 2959 1224 3012 sed
1261 2959 1704 3029 indignationem,
1743 2965 1835 3014 sed

236 3055 664 3124 «mulationem,
711 3059 803 3113 sed
849 3061 1139 3114 uindictam
1175 3060 1262 3132 (2.
1312 3060 1435 3115 Cor.
1481 3062 1531 3113 7.
1582 3063 1701 3128 ll).
1745 3062 1834 3115 Sic

3439 330 3511 388 32

1923 447 2179 510 famulos,
2221 445 2383 509 filios,
2420 460 2638 509 uxores,
2685 448 2894 502 amicos
2933 445 3309 510 instituamus,
3341 457 3397 501 et
3440 447 3514 502 de

1925 555 2166 611 inimicis
2193 556 2402 610 amicos
2432 554 2615 609 facere
2638 569 2919 608 curemus.
2945 553 3035 608 Sic
3063 554 3243 623 magni
3276 553 3358 606 illi
3381 553 3513 614 viri.

1924 661 2149 731 Deoque
2183 660 2368 723 amici,
2402 659 2663 713 meliores
2692 657 2874 712 cifecti
2907 667 3056 711 sunt.
3094 657 3312 711 Etenim
3345 655 3514 711 David

1923 774 2048 833 post
2101 774 2413 833 peccatum,
2464 763 2624 818 verbi
2681 761 2886 824 fructu,
2944 760 2997 816 in
3049 762 3315 831 Optimam
3367 760 3518 816 illam

1924 868 2197 922 deductus
2228 878 2313 922 est
2343 868 2727 937 paenitentiam
2756 867 2830 935 (2.
2853 865 2983 935 Reg.
3010 866 3096 918 12.
3128 867 3214 935 l5)
3244 884 3256 918 :
3282 867 3520 935 apostoli

1925 987 2147 1040 quoque
2199 971 2280 1025 sic
2329 972 2468 1026 tales
2516 981 2836 1033 evaserunt,
2892 970 3083 1039 quales
3135 971 3413 1032 novimus,
3463 978 3524 1025 et

1928 1077 2248 1130 universum
2273 1075 2474 1130 orbem
2513 1084 2881 1130 attraxerunt.
2920 1075 3128 1146 Ecquis
3157 1074 3398 1140 fructus,
3434 1075 3523 1129 in-

1925 1182 2105 1252 quies,
2155 1181 2199 1235 si
2249 1182 2374 1250 quis
2421 1180 2628 1245 audiat,
2677 1189 2735 1237 et
2785 1180 2934 1235 dicta
2983 1195 3095 1234 non
3144 1171 3523 1250 exsequatur?

1927 1289 2046 1343 Non
2100 1287 2381 1342 modicum
2430 1294 2582 1341 certe
2633 1301 2701 1339 ex
2751 1286 2944 1340 auditu
3000 1285 3227 1341 accedet
3281 1285 3520 1340 lucrum.

1928 1395 2063 1449 Nam
2089 1395 2134 1448 is
2171 1394 2415 1464 seipsum
2449 1391 2736 1446 damnabit
2767 1399 2824 1445 et
2861 1391 3205 1461 ingemiscet,
3237 1400 3294 1446 et
3324 1407 3391 1445 eo
3424 1391 3526 1444 ali-

1927 1501 2150 1570 quando
2180 1499 2509 1562 deducetur,
2543 1507 2604 1552 ut
2634 1512 2756 1567 quae
2789 1496 2938 1550 dicta
2965 1505 3099 1551 sunt
3132 1496 3380 1565 impleat.
3418 1495 3524 1561 Qui

1925 1621 2060 1661 vero
2094 1621 2164 1661 ne
2212 1604 2438 1675 quidem
2477 1605 2584 1659 scit
2620 1619 2689 1658 an
2714 1602 3051 1672 peccaverit,
3078 1600 3302 1670 quando
3332 1616 3362 1655 a
3396 1616 3525 1670 pec-

1933 1710 2110 1766 cando
2140 1709 2411 1765 desistet?
2446 1708 2669 1779 quando
2702 1713 2925 1777 peccata
2961 1705 3248 1760 damnabit
3278 1705 3416 1760 sua?
3445 1704 3526 1759 Ne

1933 1815 2120 1884 itaque
2153 1822 2576 1869 contemnamus
2604 1811 2918 1866 divinarum
2947 1810 3244 1864 lectionem
3274 1809 3529 1878 Scriptu-

1931 1935 2141 1974 rarum.
2179 1920 2306 1976 Haec
2337 1920 2485 1976 enim
2518 1918 2793 1973 diabolica
2831 1929 2918 1973 est
2957 1917 3220 1987 cogitatio
3260 1931 3383 1985 quae
3411 1930 3526 1968 non

1930 2025 2206 2092 permittit
2245 2032 2307 2079 ut
2350 2024 2672 2080 thesaurum
2718 2021 3029 2084 videamus,
3070 2035 3141 2074 ne
3175 2017 3400 2087 divitias
3432 2032 3526 2071 ac-

1931 2131 2239 2200 quiramus.
2262 2130 2391 2185 Ideo
2415 2129 2556 2183 nihil
2583 2141 2706 2184 esse
2729 2126 2870 2181 dicit
2893 2124 3087 2179 audire
3111 2124 3330 2179 divinas
3353 2123 3526 2192 leges,

1930 2251 2002 2290 ne
2032 2251 2099 2289 ex
2131 2236 2325 2290 auditu
2354 2247 2457 2290 nos
2489 2233 2556 2288 ad
2581 2232 2844 2288 eﬂ‘ectum
2869 2246 2984 2285 rem
3009 2229 3286 2284 deducere
3316 2229 3526 2284 videat.

1935 2343 2184 2397 Scientes
2208 2342 2396 2410 igitur,
2431 2341 2574 2394 hanc
2599 2342 2720 2410 ejus
2739 2353 2863 2393 esse
2897 2336 3295 2406 nequissimam
3326 2341 3527 2398 artem,

1935 2451 2180 2521 undique
2220 2465 2322 2505 nos
2361 2450 2698 2510 muniamus,
2731 2457 2790 2501 ut
2821 2447 2910 2500 his
2952 2444 3123 2500 armis
3161 2443 3440 2506 instructi,
3472 2450 3530 2496 et

1935 2571 2036 2611 nos
2053 2555 2240 2610 invicti
2263 2568 2585 2609 maneamus
2599 2553 2830 2621 ejusque
2850 2557 3017 2618 caput
3034 2548 3318 2611 feriamus,
3337 2547 3530 2615 sicquo

1933 2662 2177 2716 victoria:
2219 2659 2529 2729 insignibus
2567 2657 2844 2711 coronati.
2892 2655 3084 2709 futura
3117 2666 3527 2721 consequamur

1935 2767 2108 2829 bona,
2161 2765 2333 2836 gratia
2393 2772 2449 2817 et
2496 2763 2838 2831 benignitate
2893 2758 3113 2813 Domini
3168 2755 3346 2810 nostri
3399 2754 3526 2810 Jesu

1933 2869 2178 2933 Christi,
2217 2871 2307 2923 cui
2340 2868 2516 2938 gloria
2544 2874 2600 2919 et
2635 2865 2926 2934 imperium
2971 2865 3024 2917 in
3062 2862 3262 2918 saecula
3303 2861 3536 2917 saculo-

1942 2992 2088 3029 rum.
2126 2976 2316 3028 Amen.

263 3434 3536 3460 mw

1654 3671 1996 3731 HOMILIA
2046 3671 2151 3731 Ill.

260 3953 395 4014 CAP.
447 3955 492 4020 l,
539 3969 594 4008 ν.
629 3953 683 4007 1.
721 3951 870 4006 Liber
915 3949 1271 4022 generationis
1317 3947 1445 4001 Iesu
1487 3945 1708 4009 Christi,
1759 3942 1858 4010 ﬁlii

739 4057 934 4119 David,
972 4055 1076 4123 ﬁlii
1101 4054 1394 4109 Abraham.

347 4266 394 4318 1.
428 4263 538 4318 Cur
586 4263 832 4333 Iosephi,
883 4278 988 4316 non
1024 4260 1211 4314 Marios
1255 4260 1569 4330 genealogia
1606 4258 1855 4310 ducatur.

264 4371 498 4425 -Ecce
541 4370 654 4440 jam
700 4368 918 4422 tertiam
967 4367 1454 4427 dissertationem,
1501 4373 1556 4418 et
1595 4363 1862 4431 prommia

265 4474 514 4531 nondum
561 4472 920 4527 absolvimus.
975 4471 1097 4524 Non
1152 4484 1285 4539 ergo
1332 4468 1538 4522 frustra
1586 4466 1860 4530 dicebam,

267 4577 571 4635 admodum
631 4575 964 4645 profundam
1018 4588 1142 4628 esse
1199 4574 1396 4628 harum
1460 4572 1860 4627 sententiarum

267 4692 546 4739 naturam.
597 4686 709 4753 Age
758 4681 924 4736 hodie
969 4695 1090 4749 quae
1143 4679 1360 4734 residua
1416 4686 1548 4732 sunt
1593 4677 1860 4732 dicamus.

269 4787 412 4854 Quid
445 4801 577 4856 ergo
602 4787 714 4856 jam
749 4784 1092 4854 quaerimus?
1125 4782 1239 4838 Cur
1287 4783 1514 4851 Joseplii
1547 4781 1864 4852 genealogia

271 4895 529 4954 ducatur,
563 4892 656 4961 qui
689 4891 832 4945 nihil
874 4890 942 4945 ad
984 4889 1398 4959 generationem
1447 4885 1718 4942 contulit?
1744 4885 1863 4940 Jarn

269 5013 436 5053 unam
471 5011 693 5051 causam
719 4995 959 5048 diximus
989 5011 1002 5045 :
1032 5007 1215 5062 operte
1239 4992 1480 5061 pretium
1506 5001 1591 5046 est
1616 5000 1675 5044 ut
1703 4990 1863 5044 aliam

271 5101 542 5162 dicamus,
589 5098 767 5168 magis
819 5098 1107 5167 mysticam
1159 5105 1218 5151 et
1273 5112 1550 5150 arcanam.
1606 5095 1866 5160 Quaenam

272 5205 365 5258 illa
410 5204 528 5256 est?
573 5202 810 5257 Nolebat
857 5200 1068 5256 Iudaeis
1119 5209 1310 5254 notum
1346 5215 1467 5256 esse
1513 5200 1644 5268 ipso
1680 5209 1870 5271 partus

287 5315 534 5375 tempore
571 5323 635 5360 ex
663 5305 891 5376 Virgine
917 5305 1069 5358 nasci
1096 5302 1398 5358 Christum.
1431 5304 1538 5358 Sed
1573 5319 1644 5359 ne
1681 5306 1870 5360 turbe-

275 5410 408 5466 rnini
433 5410 501 5464 de
527 5410 900 5477 inexspectata
924 5407 1305 5476 responsione.
1330 5409 1518 5478 Neque
1538 5409 1687 5463 enim
1712 5425 1869 5462 meus

277 5515 368 5569 hic
395 5521 481 5568 est
518 5526 721 5576 sermo,
753 5511 849 5564 sed
885 5519 1104 5580 patrum
1143 5521 1463 5567 nostrorum
1509 5513 1865 5569 admirando-

275 5634 398 5675 rum
454 5617 867 5688 insigniumque
900 5631 1174 5672 urorum.
1209 5616 1268 5672 Si
1321 5617 1468 5672 enim
1506 5619 1677 5673 multa
1733 5619 1866 5674 sub—

1963 3942 2195 3996 obscure
2226 3941 2295 3995 ab
2321 3940 2480 3993 initio
2511 3942 2775 4008 loquutus
2804 3949 2909 4004 est,
2935 3942 3138 3996 Filium
3165 3945 3409 3997 hominis
3431 3958 3555 4001 sese

1959 4059 2184 4105 vocans,
2215 4059 2319 4097 nec
2352 4043 2560 4110 ubique
2610 4056 2765 4095 suam
2811 4056 2940 4096 cum
2979 4043 3141 4098 Patre
3184 4047 3556 4114 aequalitatem

1962 4151 2107 4204 clare
2159 4150 2430 4210 revelans,
2470 4149 2602 4218 quid
2638 4149 2858 4203 miraris
2907 4150 2953 4204 si
3005 4150 3112 4205 hoc
3159 4153 3324 4206 etiam
3364 4153 3558 4207 adum-

1962 4256 2162 4320 bravit,
2196 4270 2391 4325 magna
2423 4254 2660 4324 quadam
2697 4265 2755 4310 et
2782 4256 3022 4317 mirabili
3052 4273 3185 4312 usus
3214 4260 3560 4313 meonomia?

1963 4359 2175 4427 Ecquid
2202 4359 2294 4414 hic
2314 4358 2607 4412 mirabile?
2632 4359 2868 4427 inquies.
2883 4359 2953 4415 Ut
2981 4370 3229 4415 servaret
3255 4361 3557 4432 Virginem,

1962 4475 2017 4520 et
2043 4481 2070 4518 a
2108 4479 2275 4534 prava
2305 4465 2622 4533 suspicione
2658 4464 2942 4519 liberaret.
2971 4467 3028 4521 Si
3056 4469 3205 4522 enim
3231 4469 3352 4524 haac
3383 4469 3559 4524 Judaei

1965 4572 2033 4626 ab
2086 4570 2246 4624 initio
2298 4569 2609 4633 audissent,
2657 4569 2900 4640 maligne
2953 4587 3069 4625 rem
3120 4573 3560 4643 interpretantes

1965 4675 2245 4745 Virginem
2275 4674 2632 4742 lapidassent,
2660 4685 2824 4742 atque
2855 4685 2915 4730 ut
2959 4677 3266 4732 adulteram
3298 4681 3559 4734 damnas-

1966 4785 2110 4832 sent.
2143 4777 2278 4831 Nam
2328 4778 2374 4831 si
2423 4768 2478 4830 in
2529 4777 2672 4841 aliis,
2707 4793 2943 4847 quorum
2974 4782 3142 4836 etiam
3171 4785 3421 4852 exempla
3460 4785 3560 4838 lia-

1969 4885 2174 4940 bebant
2199 4887 2254 4939 in
2286 4887 2470 4941 Veteri
2502 4885 2876 4953 Testamento,
2909 4891 3262 4960 impudenter
3289 4893 3469 4961 palam
3501 4909 3560 4949 se

1969 4991 2234 5060 gerebant
2271 5010 2283 5042 :
2313 4992 2356 5045 si
2387 4991 2611 5059 quando
2636 4991 2914 5047 dmmonas
2943 4996 3125 5064 ejecit,
3159 4998 3559 5054 daemoniacum

1973 5097 2263 5157 vocabant,
2299 5097 2342 5149 si
2373 5098 2501 5164 quia
2531 5097 2585 5149 in
2617 5097 2847 5151 sabbato
2882 5101 3118 5164 curavit,
3159 5102 3272 5154 Deo
3300 5104 3560 5158 adversa-

1982 5200 2124 5252 rium
2155 5201 2444 5268 putabant,
2470 5201 2688 5254 etiamsi
2717 5213 2879 5256 antea
2911 5201 3202 5258 sabbatum
3237 5221 3381 5275 saepe
3410 5207 3555 5261 solu-

1979 5314 2096 5359 tum
2133 5303 2329 5359 fuisset
2358 5324 2370 5358 :
2401 5306 2532 5373 quid
2581 5322 2688 5360 non
2722 5307 2923 5362 dicturi
2960 5319 3139 5375 erant,
3173 5312 3280 5366 hoc
3326 5315 3558 5368 audien-

1978 5413 2097 5464 tes?
2123 5411 2339 5464 Etenim
2368 5426 2469 5480 pro
2511 5412 2645 5480 ipsis
2674 5425 2973 5483 pugnasset
3007 5425 3181 5469 totum
3217 5421 3560 5487 praeteritum

1975 5525 2214 5584 tempus,
2239 5517 2330 5571 ubi
2360 5533 2658 5585 numquam
2688 5518 2821 5586 quid
2850 5521 3028 5575 simile
3050 5531 3266 5592 gestum
3289 5525 3486 5580 fuerat.
3506 5521 3562 5581 Si

1975 5635 2212 5689 namque
2244 5629 2371 5690 post
2398 5630 2478 5676 tot
2507 5621 2658 5692 signa
2693 5623 2850 5677 illum
2903 5625 3083 5681 adhuc
3135 5627 3356 5697 Iosephi
3391 5630 3566 5700 filium
