4040 6420
571 307 642 358 37»
1279 319 1335 372 S.
1365 317 1639 374 JOANNIS
1677 316 2146 374 CHRYSOSTOMI
2188 318 2500 372 ARCIIIEP.
2543 320 3072 377 (ZONSTANTINUI'.
3774 322 3845 377 3i

574 417 933 484 appellabant,
961 415 1223 483 queruotlo
1266 427 1386 468 ante
1428 417 1512 468 illa
1559 421 1703 487 signa
1733 421 1903 488 ipsum
1933 435 1995 476 ex
2032 422 2144 476 Vir-

569 509 689 572 gine
722 517 898 560 uatum
926 507 1277 561 rredidissnnt
1308 510 1329 561 ?
1373 509 1494 564 Ideo
1539 512 1714 578 itaque
1754 513 1871 579 ejus
1899 528 2147 582 genealo-

569 599 652 664 gia
691 598 931 661 ducitur,
962 597 1334 667 Virginemquc
1381 600 1684 667 desponsat.
1732 601 1955 668 Quando
2005 605 2146 658 enim

569 684 786 752 Jnseph,
831 687 912 738 vir
953 686 1126 753 justus
1156 698 1208 741 et
1250 689 1628 752 admirandus,
1681 692 1860 745 multis
1889 708 2022 760 opus
2055 695 2147 746 ha-

569 777 702 840 buit,
733 788 787 829 ιιι
817 777 954 844 quod
984 789 1186 846 gestum
1229 789 1345 833 erat
1373 780 1651 843 edisceret.
1680 784 1902 850 angelo,
1944 787 2145 841 visimie

569 881 663 932 per
693 881 935 919 somnum
967 908 981 930 ,
1015 876 1068 921 et
1098 870 1472 936 prophetarum
1507 873 1837 935 testimonio;
1879 877 2144 942 quomodo

567 956 730 1007 Jtttla'i
759 958 993 1024 perversi
1027 968 1081 1010 et
1119 961 1374 1028 corrupti,
1398 969 1450 1014 et
1481 962 1553 1015 illi
1587 962 1799 1028 infensi,
1829 962 1964 1018 hanc
1988 979 2140 1019 exce-

563 1049 764 1114 pissent
812 1048 1160 1114 opinionem?
1211 1051 1507 1103 Admodum
1552 1053 1690 1104 enim
1739 1052 1857 1107 illos
1903 1068 1990 1108 res
2037 1063 2140 1110 tam

571 1159 701 1196 nova
729 1184 743 1207 ,
769 1151 875 1196 tam
906 1143 1259 1209 inexspectata
1306 1141 1671 1206 perturbatnra
1704 1155 1851 1206 erat,
1895 1161 1959 1200 eo
2003 1150 2142 1213 quod

566 1234 956 1299 progenitor-nm
998 1246 1214 1284 suorum
1261 1246 1374 1284 ξηνο
1423 1231 1554 1284 nihil
1586 1234 1883 1300 hujusmodi
1937 1247 2141 1304 gestum

565 1339 809 1391 umquam
841 1323 1042 1374 fuisset.
1072 1321 1278 1375 Etenim
1301 1321 1390 1388 qui
1414 1321 1577 1374 semel
1603 1324 1826 1377 credidit
1857 1325 2002 1380 illum
2023 1340 2143 1380 esse

567 1413 654 1465 tici
681 1412 890 1475 Filium,
915 1411 1041 1462 nihil
1073 1411 1170 1463 hac
1193 1409 1260 1464 de
1285 1427 1345 1464 re
1367 1411 1632 1480 ambigere
1652 1411 1870 1468 debuit:
1899 1415 1988 1483 qui
2016 1430 2144 1470 vero

565 1502 707 1553 illum
756 1501 1090 1553 seductorem
1120 1511 1171 1552 et
1217 1499 1322 1554 Deo
1366 1501 1730 1555 adversarium
1776 1504 2138 1570 existimaret,

561 1591 824 1658 quomodo
871 1605 972 1643 non
1009 1590 1104 1642 hac
1149 1589 1214 1643 de
1251 1603 1311 1644 re
1338 1591 1506 1659 magis
1548 1589 1938 1655 offenderetur,
1970 1595 2056 1661 qui
2090 1595 2141 1647 in

563 1681 703 1732 illam
737 1695 838 1732 non
869 1680 1218 1734 deduceretur
1259 1681 1611 1748 opinionem?
1642 1680 1869 1751 Ideoque
1917 1684 2145 1752 apostoii

563 1771 663 1824 hoc
691 1771 865 1824 statim
895 1773 962 1823 ab
986 1772 1132 1823 initio
1160 1786 1263 1824 non
1285 1770 1501 1833 dicunt,
1533 1771 1626 1826 sed
1661 1772 1728 1828 tle
1754 1776 2142 1831 resurrectione

562 1863 725 1914 multa
763 1877 904 1930 szepe
951 1863 1253 1927 disserunt,
1305 1864 1457 1930 cujus
1494 1863 1604 1932 jaru
1644 1868 1888 1934 exempla
1935 1867 2144 1922 fuerant

563 1955 841 2019 praeteritis
895 1955 1248 2021 temporibus.
1296 1956 1393 2008 etsi
1426 1971 1530 2009 non
1563 1955 1686 2010 huic
1734 1959 1924 2011 similia
1958 1978 1968 2010 :
2001 1961 2140 2027 quod

562 2053 734 2097 autem
759 2045 824 2098 de
839 2043 1056 2112 Virgine
1081 2054 1235 2097 natus
1265 2046 1351 2107 sit,
1379 2059 1484 2098 non
1507 2046 1574 2099 ita
1598 2046 1898 2115 frequenter
1923 2047 2139 2115 dicunt;

561 2133 653 2185 sed
701 2150 870 2199 neque
919 2142 1085 2186 mater
1111 2132 1161 2186 id
1188 2144 1268 2185 cst
1297 2149 1422 2186 ausa
1451 2135 1708 2200 proferre.
1745 2137 1873 2190 Vide
1916 2155 2142 2206 namque

559 2223 683 2290 quid
715 2223 786 2275 illi
819 2223 975 2289 Virgo
1004 2223 1142 2276 dicat
1174 2243 1186 2276 :
1222 2221 1352 2275 Ecce
1392 2241 1480 2294 ego
1510 2236 1554 2274 et
1584 2236 1724 2292 pater
1748 2237 1862 2278 tuus
1888 2230 2145 2295 qua-reba-

560 2331 672 2366 mus
703 2313 937 2382 (ξυιυς.
965 2313 1019 2366 9..
1049 2313 1176 2380 48).
1229 2314 1359 2367 Nam
1410 2316 1454 2368 si
1502 2315 1630 2368 illud
1686 2316 1738 2368 in
1784 2319 2141 2384 suspicionem

561 2405 827 2466 venisset,
883 2419 1056 2471 neque
1106 2404 1316 2456 Davidis
1345 2405 1560 2457 demum
1605 2404 1738 2457 filius
1764 2421 1880 2459 esse
1909 2408 2143 2463 creditus

561 2495 777 2548 fuisset:
802 2497 897 2547 hac
938 2509 1094 2562 porro
1123 2494 1324 2548 sublata
1369 2495 1646 2562 Opinione,
1677 2496 1837 2549 multa
1878 2499 1978 2551 alia
2009 2500 2139 2552 sub-

561 2588 761 2639 oritura
809 2585 943 2638 mala
986 2593 1159 2636 erant.
1187 2584 1470 2652 Propterea
1503 2601 1567 2639 ne
1595 2587 1690 2654 ipsi
1723 2587 1936 2654 quidem
1966 2590 2139 2655 angeli

567 2675 696 2726 illud
739 2674 945 2735 dicunt,
991 2674 1096 2726 nisi
1136 2672 1317 2727 Maria:
1356 2682 1563 2728 tantum
1601 2685 1654 2727 et
1696 2674 1964 2743 Josepho;
2008 2693 2132 2730 cum

563 2779 691 2815 vero
728 2763 1038 2830 pastoribus
1079 2761 1254 2818 fausta
1312 2765 1642 2829 nuntiarent,
1691 2765 1743 2819 id
1788 2767 2009 2820 minime
2047 2767 2136 2820 ad-

561 2852 826 2918 jecerunt.
893 2853 1003 2906 Cur
1064 2853 1334 2907 Abraham
1400 2867 1740 2916 memorato,
1784 2871 1907 2929 eum
1963 2858 2134 2913 dixis-

564 2953 665 3001 set,
706 2943 892 3010 genuit
927 2944 1096 3006 Isaac,
1127 2954 1178 2996 et
1213 2945 1366 2999 Isaac
1396 2944 1584 3007 Jucob,
1621 2962 1720 2999 nec
1754 2947 1974 3002 fratrem
1999 2951 2015 2979 ί
2039 2949 2131 3002 Ja-

563 3031 686 3084 cobi
709 3033 1061 3094 nominasset.
1098 3048 1222 3086 cum
1268 3034 1332 3087 ad
1359 3034 1623 3089 Jacobum
1661 3045 1847 3103 postea
1885 3040 2049 3102 venit,
2080 3049 2134 3094 et

561 3115 755 3169 Judam
778 3131 828 3172 et
851 3122 1047 3175 fratres
1065 3123 1184 3190 ejus
1207 3132 1595 3174 cmmuemorat
1620 3123 1641 3173 ?

629 3284 683 3337 2.
725 3284 946 3351 Quidam
993 3283 1202 3339 dicunt.
1246 3279 1294 3332 id
1350 3278 1418 3330 ob
1461 3290 1654 3344 pravos
1699 3275 1836 3328 Esau
1868 3287 2042 3326 mores
2089 3281 2146 3325 et

561 3374 788 3426 aliorum
839 3374 1069 3438 priorum
1117 3369 1312 3422 factum
1345 3382 1483 3419 esse.
1537 3366 1648 3433 Ego
1695 3380 1821 3418 vero
1879 3364 2004 3418 illud
2035 3380 2140 3418 non

558 3461 781 3514 dixerim
813 3476 824 3511 :
858 3476 976 3512 nam
1005 3461 1046 3511 si
1077 3457 1176 3510 hoc
1202 3467 1365 3517 esset,
1395 3471 1489 3509 cur
1519 3458 1652 3508 tales
1676 3455 1831 3522 paulo
1870 3466 1988 3522 post
2019 3471 2138 3507 nut-

559 3551 716 3604 lieres
737 3549 1154 3602 commemorat?
1193 3547 1320 3600 Nam
1344 3547 1506 3616 gloria
1531 3545 1645 3613 ejus
1671 3545 1754 3597 hic
1774 3560 1840 3596 ex
1860 3545 2142 3598 contrariis

554 3641 805 3693 eluerscit
832 3658 843 3669 ·
875 3655 980 3692 non
1007 3654 1069 3690 ex
1100 3654 1165 3691 eo
1195 3638 1334 3705 quod
1366 3651 1584 3703 magnos
1613 3635 1804 3687 habeat
1835 3635 2138 3707 progenito-

560 3744 677 3791 res,
710 3730 802 3782 scd
846 3731 1016 3795 potius
1061 3730 1278 3796 exiguos
1307 3737 1358 3782 et
1391 3728 1535 3804 viles.
1578 3727 1799 3781 Sublimi
1843 3728 1982 3778 enim
2023 3727 2140 3780 ha-c

555 3834 742 3887 magna
785 3820 951 3888 gloria
983 3829 1058 3872 est
1087 3861 1100 3881 ,
1149 3820 1190 3872 si
1238 3821 1402 3887 possit
1453 3809 1716 3872 demissus
1747 3818 2028 3872 admodum
2083 3830 2136 3872 et

556 3910 674 3960 vilis
702 3924 957 3978 apparere
992 3930 1002 3962 :
1039 3924 1134 3961 cur
1159 3910 1338 3976 itaque
1366 3923 1470 3960 non
1502 3909 1976 3961 commemoravit?
2003 3909 2136 3972 Quia

555 4001 687 4053 nihil
714 4014 998 4052 commune
1029 3999 1290 4052 habebant
1321 3998 1392 4051 illi
1433 4013 1550 4051 cum
1590 3999 1876 4052 Israelitico
1899 4014 2091 4066 genere
2119 4038 2132 4058 ,

554 4103 743 4153 nempe
770 4087 1057 4152 Saraceni,
1092 4087 1371 4141 lsmaelita:
1419 4098 1473 4141 et
1513 4088 1713 4140 Arabes
1734 4129 1748 4151 ,
1781 4097 1834 4141 et
1859 4077 2135 4156 quotquot

550 4177 616 4225 ab
639 4177 741 4229 illis
768 4177 1058 4245 majoribus
1089 4179 1189 4228 orti
1220 4188 1363 4230 sunt.
1387 4176 1614 4244 ideque
1647 4176 1749 4230 illis
1777 4179 1990 4230 silentio
2008 4181 2133 4230 tuis-

550 4268 622 4317 sis
641 4308 653 4324 .
685 4268 750 4319 ad
778 4268 894 4333 ejus
921 4275 975 4319 et
1004 4267 1206 4320 .ludaici
1238 4267 1412 4335 populi
1441 4267 1666 4336 majores
1693 4278 1958 4336 prOperat.
2006 4270 2130 4323 Ideo

550 4358 619 4407 ait
655 4375 666 4408 :
709 4355 868 4408 Jucob
896 4365 1060 4411 autem
1108 4359 1277 4427 genuit
1323 4355 1517 4408 Judum
1557 4366 1601 4408 et
1628 4358 1808 4424 fratres
1854 4360 1981 4427 ejus.
2032 4359 2129 4415 llic

549 4446 653 4510 jam
683 4444 981 4500 Judanxrum
1012 4447 1318 4515 designatur
1356 4448 1599 4514 populus.
1646 4448 1812 4502 Judas
1845 4460 2005 4502 autent
2043 4469 2130 4520 ge-

550 4535 656 4584 mu't
689 4534 878 4587 [Ἰριν-εδ
917 4545 960 4589 ct
991 4537 1176 4590 Zarant
1202 4538 1263 4587 de
1290 4535 1535 4589 Thamar.

614 4720 692 4771 1).:
736 4722 982 4787 majorum
1030 4720 1249 4786 nequitia
1298 4734 1396 4771 non
1441 4719 1842 4772 erubescendum.
1875 4752 1944 4760 ——-
1983 4723 2116 4788 Quid

541 4808 700 4867 iacis.
730 4813 798 4863 mi
835 4815 992 4862 homo
1018 4855 1030 4869 ,
1074 4812 1196 4861 dum
1227 4809 1496 4862 historiam
1544 4810 1699 4862 affers
1740 4814 1960 4880 improbi
2009 4818 2118 4869 coi-

541 4908 622 4949 tus
647 4904 667 4950 ἰν
693 4898 832 4961 Quid
861 4895 1031 4950 ilicis?
1063 4899 1256 4966 inquit.
1285 4898 1440 4952 Certe
1463 4903 1503 4952 si
1550 4903 1670 4953 nudi
1702 4904 1924 4960 hominis
1951 4924 2116 4974 genus

539 5003 905 5042 cnarraremus
927 5031 939 5051 ,
982 4991 1101 5058 jure
1147 4991 1263 5058 quis
1300 4990 1410 5044 haec
1458 4994 1730 5051 tacuisset;
1764 4996 1804 5046 si
1834 5005 2004 5050 autem
2036 5000 2116 5052 in-

538 5082 736 5133 earuati
765 5082 856 5133 Dei
878 5120 890 5140 .
915 5097 1019 5133 non
1063 5083 1223 5134 modo
1254 5081 1366 5133 hcce
1389 5097 1490 5134 non
1525 5085 1742 5137 tacenda
1769 5125 1782 5149 ,
1835 5089 1924 5141 sed
1952 5090 2109 5144 etiam

540 5170 814 5238 magnifice
846 5172 1202 5239 expromenda
1233 5181 1377 5238 sunt,
1403 5183 1457 5226 ut
1483 5175 1597 5242 ejus
1628 5186 1681 5229 et
1713 5179 2038 5243 providentia
2060 5194 2112 5237 et

542 5272 770 5329 potestas
800 5264 1122 5316 ostendatur.
1171 5264 1292 5318 Ideo
1338 5281 1560 5334 namque
1593 5268 1734 5322 venit
1756 5311 1769 5331 ,
1802 5286 1902 5324 non
1935 5284 1992 5327 ut
2014 5291 2111 5341 op.

542 5353 747 5417 probi-ia
799 5361 976 5405 nostra
1025 5353 1223 5422 fugiat;
1274 5356 1365 5410 scd
1412 5363 1468 5409 ut
1512 5357 1596 5410 illa
1625 5361 1689 5414 de
1734 5362 1908 5416 medio
1939 5365 2104 5421 tcliat.

613 5532 628 5565 ¹
664 5531 798 5580 savii
825 5532 961 5595 iugi,
993 5537 1192 5588 Domini.

2252 419 2398 472 Sicut
2429 435 2533 471 non
2563 427 2668 470 tam
2700 417 3053 474 admiramur,
3087 416 3224 484 quod
3254 424 3498 470 mortuus
3528 418 3634 481 sit,
3681 432 3844 486 quam

2250 508 2391 576 quod
2419 509 2731 567 cruciﬁxus;
2759 507 2878 559 licet
2902 522 2987 559 res
3016 507 3266 573 probrosa
3297 507 3364 558 sit
3390 525 3400 558 :
3434 506 3528 561 sed
3564 520 3678 575 quo
3722 521 3847 574 pro-

2251 597 2492 660 brosior,
2553 606 2699 650 tanto
2749 597 2915 662 magis
2967 596 3081 664 ejus
3134 611 3255 663 erga
3303 595 3547 651 homines
3595 612 3843 650 amorem

2245 687 2462 742 exhibet
2499 701 2512 735 :
2558 686 2636 738 sic
2683 684 2749 738 de
2802 685 3145 752 generatione
3192 683 3309 750 ejus
3351 681 3685 738 dicendum:
3737 699 3846 738 non

2249 776 2409 831 modo
2436 776 2576 844 quod
2605 789 2820 830 carnem
2843 774 3143 842 susceperit
3176 774 3520 827 admirandus
3567 782 3650 828 est
3677 790 3693 837 ;
3749 776 3846 828 sed

2247 867 2409 919 etiam
2439 865 2578 934 quod
2611 864 2741 919 tales
2769 863 2965 918 habere.
2992 873 3246 934 cognatos
3274 864 3519 932 dignatus
3569 865 3672 925 sit,
3717 879 3842 917 nus

2246 976 2402 1024 quam
2442 960 2508 1014 de
2547 958 2699 1012 malis
2721 956 2917 1011 nostris
2944 958 3206 1026 susceptis
3231 957 3571 1010 erubescens.
3599 954 3848 1023 illudque

2244 1069 2307 1104 ex
2343 1052 2458 1120 ipso
2493 1049 2854 1119 generationis
2883 1048 3104 1103 exordio
3135 1049 3478 1116 praedicavit,
3509 1063 3568 1102 se
3593 1047 3661 1100 de
3688 1047 3848 1101 nullo

2243 1142 2383 1208 quod
2411 1141 2475 1195 ad
2504 1156 2601 1195 nos
2629 1142 2889 1209 pertineat
2933 1142 3251 1194 erubescere
3278 1159 3290 1193 :
3321 1155 3414 1208 per
3441 1139 3552 1192 hmc
3580 1155 3678 1192 nos
3707 1140 3848 1194 edo-

2241 1247 2406 1296 cens,
2451 1246 2516 1284 ue
2544 1246 2791 1299 umquam
2832 1231 2900 1284 de
2943 1246 3200 1299 majorum
3249 1240 3552 1283 nostrorum
3599 1231 3845 1296 nuptilia

2239 1322 2651 1384 erubescamus;
2699 1321 2791 1375 sed
2825 1321 2982 1374 urbm
3023 1322 3195 1374 solum
3223 1336 3524 1388 quaaramus
3557 1320 3843 1373 virtutem.

2239 1414 2370 1468 Nam
2396 1416 2484 1483 qui
2512 1414 2654 1466 illam
2687 1422 2937 1472 sectatur,
2963 1415 3169 1464 etiamsi
3201 1411 3552 1480 alienigenam
3584 1411 3846 1478 progenie

2241 1518 2408 1559 torem
2438 1485 2648 1566 habeat,
2675 1503 2882 1556 etiamsi
2937 1511 3160 1555 matrem
3216 1501 3570 1562 meretricem,
3611 1501 3698 1553 vel
3733 1501 3845 1552 alio

2240 1597 2400 1650 modo
2429 1595 2847 1662 deSpiciendam,
2883 1592 3009 1645 nihil
3051 1591 3174 1645 hinc
3223 1590 3523 1644 noeumenti
3573 1604 3844 1658 passurus

2236 1697 2339 1743 est.
2372 1686 2502 1741 Nam
2534 1687 2577 1740 si
2608 1685 3002 1747 fornicatorem,
3035 1683 3124 1751 qui
3155 1682 3457 1749 resipuerit,
3504 1681 3652 1734 nullo
3684 1682 3842 1748 prior

2237 1781 2342 1834 vita
2365 1779 2627 1833 dedecore
2642 1777 2809 1830 afl‘teit
2842 1793 2855 1829 :
2887 1774 3053 1827 multo
3074 1774 3246 1826 minus
3268 1773 3349 1825 vir
3369 1772 3584 1840 probus,
3615 1787 3680 1825 ex
3714 1787 3839 1826 me-

2236 1873 2430 1926 retrice
2453 1870 2533 1924 vel
2561 1869 2798 1921 adultera
2818 1875 2990 1929 natus,
3015 1873 3292 1932 [mentum
3313 1862 3649 1930 improbitate
3669 1862 3840 1916 dcim-

2236 1961 2547 2014 nestabitur.
2596 1958 2685 2029 Sic
2729 1970 2885 2021 porro
2906 1969 2965 2008 se
2991 1953 3230 2021 gerebat,
3261 1966 3362 2004 non
3415 1949 3617 2004 tantum
3646 1960 3704 2004 ut
3735 1967 3839 2004 nos

2235 2053 2549 2113 institueret,
2580 2050 2672 2104 sed
2691 2049 2849 2102 etiam
2869 2055 2927 2101 ut
2947 2045 3249 2100 Judzeorum
3271 2054 3532 2097 tumorem
3553 2043 3840 2112 deprime-

2233 2152 2335 2197 ret.
2353 2143 2484 2208 Quia
2513 2141 2653 2193 enim
2697 2137 2858 2190 animi
2903 2137 3097 2188 virtute
3128 2133 3365 2202 neglecta
3401 2173 3415 2194 ,
3463 2133 3836 2187 Abrahamum

2236 2245 2449 2300 semper
2477 2244 2569 2283 ore
2613 2227 2888 2288 ferebant,
2929 2232 3179 2294 putantes
3207 2235 3522 2290 proavorum
3572 2223 3834 2276 virtutem

2234 2321 2526 2376 defensioni
2559 2319 2656 2373 sibi
2685 2332 2825 2380 esse,
2849 2317 2914 2368 ab
2937 2317 3051 2383 ipso
3079 2315 3227 2368 initio
3253 2312 3503 2377 ostendit,
3527 2312 3649 2368 hinc
3667 2316 3836 2367 mini-

2234 2431 2318 2467 mc
2339 2415 2558 2483 gloriam
2583 2411 2832 2477 aucupari
2857 2417 3104 2474 oportere
3128 2447 3141 2464 .
3183 2405 3274 2458 sed
3313 2404 3382 2458 de
3407 2407 3636 2474 propriis
3677 2417 3835 2461 recte

2233 2506 2400 2559 factis.
2427 2504 2551 2556 Post
2573 2502 2684 2554 Iure
2712 2499 2837 2553 illud
2863 2513 3074 2568 quoque
3097 2497 3223 2565 agit,
3257 2505 3315 2548 ut
3355 2496 3600 2549 ostendat
3632 2511 3835 2552 omnes

2232 2595 2462 2664 peccatis
2481 2592 2738 2646 obnoxios
2761 2588 2945 2650 fuisse,
2969 2589 3235 2654 etiamque
3258 2600 3484 2654 proavos
3505 2587 3666 2654 ipsos.
3685 2587 3825 2642 Nam

2231 2687 2342 2753 ipse
2366 2681 2687 2752 patriarcha,
2708 2680 2796 2748 qui
2819 2693 3010 2731 nomen
3031 2676 3217 2730 indidit
3234 2677 3401 2745 genti.
3421 2692 3523 2730 u0u
3549 2677 3827 2732 modicum

2230 2779 2592 2845 in_peccatum
2624 2770 2804 2837 lapsus
2834 2777 3079 2820 narratur
3103 2784 3115 2818 :
3139 2776 3243 2819 Stat
3272 2765 3413 2820 enim
3443 2765 3676 2820 Thamar
3703 2768 3830 2838 ejus

2231 2868 2632 2923 fornicationem
2660 2873 2918 2915 accusans
2941 2875 2955 2923 ;
2988 2858 3149 2911 David
3198 2873 3406 2927 quoque
3433 2873 3496 2912 ex
3522 2857 3826 2914 adulterata

2228 2958 2450 3011 muliere
2470 2955 2807 3006 Salomonem
2830 2946 3080 3014 suscepit.
3101 2945 3156 3001 Si
3178 2961 3337 3015 porro
3358 2947 3443 3001 lex
3463 2963 3530 3001 ne
3550 2962 3579 3000 a
3607 2951 3824 3018 magnis

2233 3036 2444 3104 quidem
2463 3036 2566 3089 illis
2585 3036 2711 3089 viris
2729 3034 2942 3102 impleta
2970 3043 3073 3096 est,
3096 3036 3265 3089 multo
3281 3036 3456 3088 minus
3485 3035 3552 3088 ab
3576 3036 3788 3102 exiguis
3810 3051 3826 3096 ;

2234 3126 2276 3176 si
2298 3136 2473 3177 autem
2503 3125 2714 3191 impleta
2743 3140 2846 3176 non
2879 3133 2982 3184 est,
3006 3139 3191 3178 omnes
3220 3133 3592 3191 peccaverunt,
3625 3139 3688 3178 ac
3717 3142 3822 3179 uc-

2234 3213 2499 3265 cessarius
2544 3212 2641 3264 fuit
2669 3211 2864 3265 Christi
2896 3213 3172 3267 adventus.
3205 3212 3489 3280 Propterea
3535 3213 3825 3268 duodecim

2235 3300 2558 3366 patriarchas
2605 3305 3072 3364 commemoravit,
3106 3303 3227 3355 inde
3271 3317 3480 3370 quoque
3504 3303 3824 3371 iactantiam

2233 3391 2375 3443 illam
2417 3391 2486 3445 de
2529 3391 2927 3460 progenitorum
2977 3392 3251 3475 nobilitate
3299 3391 3627 3461 deprimens.
3684 3393 3823 3449 Nam

2233 3480 2419 3534 horum
2445 3482 2592 3534 multi
2621 3496 2686 3535 ex
2718 3480 2925 3534 ancillis
2957 3481 3066 3533 nati
3107 3490 3297 3534 erant:
3329 3492 3382 3535 et
3415 3491 3590 3536 tamen
3622 3497 3825 3552 paren-

2233 3579 2342 3620 tum
2371 3570 2457 3621 illa
2488 3562 2786 3623 dilferentia
2814 3568 3169 3622 differentiam
3203 3569 3340 3623 inter
3381 3570 3516 3623 lllios
3545 3586 3650 3624 non
3679 3572 3825 3627 intu-

2235 3659 2310 3710 lit.
2334 3655 2532 3711 Omnes
2552 3658 2692 3712 enim
2725 3658 2878 3724 simul
2905 3666 3058 3711 erant
3087 3667 3138 3711 et
3161 3657 3475 3725 patriarcha:
3499 3668 3554 3713 et
3583 3661 3819 3716 tribuum

2237 3749 2522 3817 principes.
2559 3749 2644 3801 Illa
2667 3749 2863 3817 quippe
2889 3757 2970 3801 est
3002 3748 3252 3801 Ecclesiae
3281 3750 3627 3818 prarrogativa
3654 3768 3668 3802 :
3699 3750 3820 3808 haec

2229 3838 2365 3904 apud
2390 3853 2486 3890 nos
2507 3846 2589 3891 est
2616 3837 2902 3890 nobilitatis
2923 3836 3294 3905 dignitatisque
3321 3838 3479 3901 ratio,
3507 3839 3660 3907 cujus
3685 3841 3818 3895 olim

2230 3926 2392 3993 figura
2421 3927 2707 3993 przecessit.
2740 3926 2813 3978 lta
2843 3927 2953 3978 sive
2984 3939 3198 3987 servus,
3241 3927 3353 3980 sive
3384 3926 3521 3981 liber
3547 3929 3653 3993 sis,
3679 3929 3818 3984 nihil

2233 4016 2348 4083 plus
2371 4057 2386 4082 ,
2418 4017 2546 4069 nihil
2571 4017 2746 4069 minus
2776 4015 2991 4077 habeas,
3022 4015 3116 4069 sed
3143 4032 3303 4069 unum
3346 4017 3591 4086 estquod
3611 4021 3817 4088 quieri-

2233 4115 2316 4158 tur
2333 4145 2346 4168 ,
2385 4106 2626 4158 voluntas
2652 4104 2920 4171 animique
2947 4118 3147 4159 rmres.

2300 4195 2352 4250 5.
2391 4196 2492 4250 Cur
2517 4195 2651 4249 Zara
2680 4206 2726 4248 et
2755 4195 2952 4250 Phares
2996 4199 3048 4250 in
3085 4199 3376 4267 genealogia
3417 4200 3606 4255 Christi
3647 4206 3818 4258 nomi-

2230 4295 2430 4339 nantur.
2456 4315 2522 4327 ——
2543 4287 2825 4341 Prarterea
2847 4303 2968 4354 qua:
2996 4288 3135 4342 dicta
3177 4299 3320 4354 sunt,
3364 4291 3466 4344 alia
3507 4306 3668 4346 causa
3712 4293 3817 4350 fuit

2230 4377 2342 4430 IItBC
2384 4376 2832 4430 commemoraudi
2868 4395 2879 4429 :
2911 4393 3080 4446 neque
3124 4379 3264 4431 enim
3310 4382 3430 4433 sine
3480 4394 3639 4434 causa
3687 4395 3814 4450 post

2229 4467 2427 4520 Phares
2451 4468 2657 4520 additus
2683 4475 2766 4521 (ηε
2787 4476 2841 4519 et
2868 4467 3023 4520 Zara.
3074 4468 3202 4520 Erat
3239 4469 3382 4520 enim
3428 4467 3734 4525 redundans
3754 4485 3812 4529 et

2226 4558 2546 4626 superﬂuum
2590 4567 2711 4628 post.
2760 4565 3234 4611 commemoratum
3283 4557 3534 4620 Pharem,
3587 4575 3652 4614 ex
3697 4578 3810 4630 quo

2225 4649 2416 4702 Christi
2453 4651 2467 4680 ί
2496 4647 2799 4718 genealogia
2831 4647 3058 4707 ducitur,
3093 4648 3243 4700 Zara:
3269 4649 3429 4701 etiam
3450 4649 3625 4704 facere
3652 4667 3810 4706 men-

2227 4741 2440 4792 tionem.
2465 4737 2568 4791 Cur
2594 4754 2720 4808 ergo
2746 4748 2793 4789 et
2823 4739 2960 4789 hunc
2994 4739 3298 4790 memeravit
3320 4741 3340 4787 ?
3365 4738 3498 4791 Cum
3528 4740 3624 4792 hos
3659 4749 3806 4808 pari-

2227 4841 2336 4882 tura
2372 4830 2596 4882 Thamar
2636 4839 2794 4890 esset,
2843 4828 3157 4881 adveniente
3203 4840 3375 4895 partu,
3423 4829 3556 4882 Zara
3603 4833 3804 4898 primus

2226 4934 2436 4971 manum
2468 4921 2640 4971 emisit
2668 4935 2696 4972 e
2729 4919 2878 4969 vulva
2913 4939 2922 4968 :
2958 4918 3057 4969 hoc
3087 4928 3371 4985 conspecto
3417 4919 3675 4974 obstetrix
3697 4963 3713 4985 ,
3745 4934 3804 4978 ut

2225 5009 2312 5060 ille
2345 5009 2486 5075 prior
2512 5017 2842 5067 nasceretur,
2874 5008 3116 5059 coccinea
3149 5007 3307 5060 fascia
3333 5023 3545 5060 manum
3586 5011 3702 5077 ejus
3731 5013 3798 5066 li-

2221 5098 2392 5170 gavit;
2421 5108 2477 5150 ut
2504 5113 2661 5165 porro
2696 5099 2847 5165 ligata
2879 5098 2991 5158 fuit,
3024 5099 3238 5149 retraxit
3267 5111 3397 5164 puer
3427 5112 3662 5161 manum,
3692 5117 3800 5170 quo

2222 5165 2360 5242 facto
2384 5203 2627 5255 egressus
2659 5197 2740 5241 est
2769 5186 2985 5249 Phares,
3030 5196 3082 5239 et
3127 5197 3307 5252 postea
3337 5185 3490 5240 Zara.
3521 5186 3632 5242 lloe
3660 5204 3794 5242 eon-

2220 5287 2402 5342 spectn
2433 5276 2684 5331 obstetrix
2714 5277 2821 5328 ait:
2847 5275 3013 5340 Quare
3043 5284 3244 5342 promer
3273 5285 3317 5326 lc
3356 5277 3519 5327 excisa
3553 5286 3626 5329 est
3656 5295 3796 5346 sepe:

2202 5364 2368 5431 (ϐαι.
2399 5367 2491 5427 58,
2513 5366 2642 5437 29)?
2669 5365 2849 5421 Viden’
2873 5364 3239 5435 mysteriorum
3264 5365 3539 5430 mttfgmata
3558 5365 3581 5417 ’ἔ
3615 5366 3793 5437 Neque
