4040 6462
258 360 335 412 35
1443 357 1511 416 IN
1563 357 1981 418 MATTH/EUM
2046 356 2281 415 HOIIIL.
2321 358 2402 413 ΙΙΙ.
3486 373 3555 427 56

255 476 406 531 enim
436 477 549 533 lucc
574 478 689 533 sine
732 492 891 533 causa
918 479 1113 551 scripta
1154 479 1309 535 nobis
1349 479 1499 536 fuere
1529 497 1541 533 :
1572 495 1745 551 neque
1786 483 1851 535 ad

256 565 501 623 historiae
519 570 833 639 dignitatem
862 572 1165 641 pertinebat
1192 570 1454 637 ediscere,
1481 572 1608 640 quid
1626 571 1855 627 dixisset.

252 659 565 715 obstetrix:
601 677 777 729 nerine
808 662 1132 716 narrandum
1176 661 1455 717 videbatur
1502 677 1660 729 esse,
1709 662 1850 731 quod

252 764 474 803 manum
500 750 751 805 extulerit
772 752 975 821 primus
1004 752 1047 804 is
1076 752 1162 819 qui
1191 751 1456 807 secundus
1481 766 1729 821 egressus
1747 762 1847 807 est.

252 840 541 907 Quodnam
558 841 717 911 igitur
736 841 838 896 hoc
864 843 1085 910 aenigma
1099 842 1221 896 est?
1248 842 1446 909 Primo,
1464 858 1530 897 ex
1558 843 1673 912 ipso
1700 843 1851 912 pueri

252 929 476 985 nomine
504 932 857 1001 quaestionem
884 931 1145 987 solvimus
1171 948 1185 986 :
1210 932 1411 989 Phares
1440 948 1585 987 enim
1614 945 1695 989 est
1716 935 1850 990 divi-

252 1022 338 1074 sio
367 1030 422 1077 et
436 1022 693 1078 concisio.
720 1022 971 1078 Secundo
986 1036 1051 1077 ex
1077 1024 1189 1092 ipsa
1213 1038 1270 1078 re
1290 1033 1475 1094 gesta:
1508 1039 1679 1094 neque
1705 1026 1850 1080 enim

252 1126 319 1166 ex
379 1113 606 1166 naturali
662 1112 1042 1181 consequentia
1099 1122 1218 1167 erat
1258 1128 1379 1168 eum
1430 1114 1520 1182 qui
1568 1114 1851 1169 extulisset

254 1216 495 1267 manum,
535 1202 706 1270 ipsam
730 1210 912 1270 postea
943 1200 1219 1256 retrahere
1245 1202 1498 1271 ligatam;
1532 1217 1634 1256 nec
1672 1203 1726 1258 id
1766 1219 1851 1258 ra-

256 1294 387 1368 tioni
419 1293 502 1347 vel
530 1301 735 1346 natura
780 1307 1077 1347 consonum
1108 1293 1339 1350 videtur.
1392 1294 1527 1349 Nam
1576 1297 1849 1364 praemissa

251 1382 471 1452 quidem
489 1384 645 1438 unius
665 1398 849 1449 manu,
879 1383 1108 1437 alterum
1135 1384 1336 1453 egredi,
1362 1384 1412 1437 id
1441 1384 1578 1440 forte
1604 1387 1849 1443 naturale

252 1473 453 1539 fuerit;
484 1473 579 1529 sed
612 1481 839 1528 retracta
872 1488 1056 1541 manu,
1085 1473 1238 1527 alteri
1271 1475 1553 1529 transitum
1583 1476 1847 1543 praebere,

252 1567 307 1621 id
332 1582 440 1621 non
473 1567 531 1620 fit
575 1582 642 1621 ex
686 1583 836 1620 more
883 1567 1258 1621 nascentium:
1290 1583 1478 1622 verum
1512 1568 1701 1623 aderat
1754 1570 1849 1625 Dei

249 1658 424 1727 gratia
452 1673 571 1727 qua:
604 1657 718 1710 haec
745 1657 889 1709 circa
920 1671 1114 1724 pueros
1141 1656 1478 1725 dispensaret
1500 1699 1513 1722 ,
1536 1668 1590 1714 et
1617 1675 1711 1727 per
1734 1660 1849 1715 haec

249 1750 555 1801 futurorum
577 1747 861 1816 quamdam
882 1747 1166 1815 imaginem
1190 1747 1557 1803 adumbraret.
1589 1751 1726 1817 Quid
1754 1750 1851 1820 igi-

253 1850 341 1893 tur
380 1838 531 1892 aiunt
574 1837 788 1905 quidam
839 1853 906 1891 ex
955 1836 1061 1892 illis
1106 1838 1197 1906 qui
1240 1839 1357 1893 haec
1397 1840 1850 1909 exploraverunt?

252 1929 432 1985 Hosce
484 1944 679 2000 pueros
749 1929 975 1983 duorum
1036 1943 1157 1985 esse
1217 1931 1536 1999 populorum
1604 1934 1845 2003 figuram.

252 2022 461 2077 Deinde
511 2032 569 2074 ut
615 2021 814 2087 discas,
862 2020 1085 2075 secundi
1115 2020 1298 2090 populi
1326 2022 1626 2076 institutum
1653 2008 1863 2093 prioris-

249 2114 399 2169 ortui
424 2112 751 2181 praeluxisse,
786 2126 1002 2165 manum
1029 2112 1323 2167 extendens
1350 2127 1480 2185 puer
1525 2130 1631 2169 non
1666 2130 1725 2170 se
1771 2126 1850 2169 to-

252 2217 366 2259 tum
396 2204 636 2266 exhibet,
669 2203 776 2257 imo
807 2202 948 2256 illam
979 2212 1163 2272 postea
1192 2204 1415 2258 retrahit
1430 2246 1456 2293 ι
1484 2216 1538 2260 ct
1570 2216 1847 2276 postquam

252 2302 397 2349 totus
423 2294 588 2348 frater
615 2307 862 2362 egressus
882 2302 983 2356 est,
1017 2299 1143 2347 tunc
1173 2302 1226 2347 et
1252 2296 1368 2363 ipse
1399 2303 1541 2348 totus
1576 2305 1800 2365 apparet
1832 2314 1846 2349 :

249 2387 305 2441 id
338 2385 483 2456 quod
519 2384 763 2440 etiamin
805 2382 1013 2438 duobus
1065 2383 1276 2453 populis
1316 2391 1526 2453 gestum
1580 2396 1681 2439 est.
1714 2378 1849 2460 Nam

249 2495 375 2536 cum
406 2478 826 2534 ecclesiasticum
857 2474 1157 2529 institutum
1189 2474 1241 2527 in
1271 2474 1463 2529 diebus
1498 2475 1726 2530 Abrahae
1750 2492 1849 2547 ap-

249 2571 543 2643 paruisset,
596 2567 894 2634 deindeque
946 2567 996 2619 in
1038 2565 1217 2618 medio
1270 2565 1845 2636 suppressumfuisset,

248 2665 398 2719 venit
423 2661 673 2718 Iudaicus
696 2658 924 2728 populus
945 2666 997 2711 et
1023 2656 1322 2711 institutum
1354 2657 1521 2727 legale
1544 2699 1559 2721 ,
1589 2666 1641 2713 et
1664 2672 1846 2728 postea

250 2770 427 2813 novus
453 2756 542 2819 ille
571 2754 797 2825 p0pulus
832 2767 953 2807 cum
986 2752 1187 2820 legibus
1214 2753 1344 2806 suis.
1377 2750 1603 2821 ideoque
1636 2753 1711 2806 ait
1750 2754 1847 2825 ob:

250 2850 441 2906 stetrix
474 2865 486 2899 :
520 2821 621 2900 cx}.-
643 2821 818 2898 excisa
844 2851 916 2897 est
946 2851 1150 2911 propter
1191 2851 1236 2897 te
1268 2858 1411 2911 sepes
1434 2843 1597 2911 Pquia
1621 2821 1858 2897 instituti

248 2940 552 2995 libertatem
581 2935 663 2988 lex
688 2933 1067 3002 superveniens
1092 2932 1365 2987 dissecuit.
1418 2931 1627 2986 Etenim
1673 2932 1845 3002 legem

249 3024 533 3095 Scriptura
560 3039 742 3094 sepem
771 3036 969 3076 vocare
1004 3020 1173 3086 solet;
1204 3022 1343 3074 sicut
1373 3018 1539 3073 David
1586 3018 1851 3088 propheta

248 3116 405 3181 dicit,
440 3116 712 3170 Sustulisti
735 3130 900 3184 sepem
926 3113 1058 3177 eius,
1090 3121 1137 3165 et
1173 3111 1481 3163 vindemiant
1524 3125 1635 3163 eam
1686 3125 1858 3162 omnes

249 3208 340 3277 qui
356 3206 842 3277 prtetergrediuntur
861 3204 995 3257 viam
1014 3201 1187 3273 (Psal.
1220 3200 1312 3253 79.
1339 3199 1463 3268 1'5);
1498 3208 1554 3253 et
1578 3199 1763 3260 Isaias,
1794 3195 1861 3253 Et

250 3316 425 3369 sepem
452 3297 791 3367 circomposui
810 3297 855 3350 ei
877 3293 1028 3364 (Isai.
1063 3294 1120 3352 5,
1140 3290 1229 3361 2);
1260 3292 1383 3344 item
1416 3290 1631 3352 Paulus,
1668 3288 1729 3341 Et
1754 3302 1858 3339 me-

252 3392 395 3445 dium
428 3390 674 3464 parietem
700 3387 935 3441 maceria:
961 3383 1161 3437 solvens
1190 3379 1410 3450 (Ep/res.
1442 3382 1501 3439 2,
1529 3380 1643 3447 H).

320 3588 375 3641 4.
420 3586 522 3639 Alii
569 3584 723 3649 illud,
758 3583 862 3637 Cur
881 3581 1053 3636 exﬂsa
1103 3590 1176 3633 est
1226 3588 1433 3648 prapter
1474 3586 1521 3632 te
1568 3575 1758 3645 sepes?
1786 3573 1855 3630 de

248 3691 389 3732 novo
419 3676 613 3745 populo
641 3674 845 3729 dictttm
870 3681 1076 3743 putant.
1106 3671 1202 3725 Hic
1227 3674 1425 3740 quippe
1454 3684 1574 3723 cum
1601 3667 1852 3723 advenis-

249 3776 353 3830 set.
378 3768 552 3836 legem
579 3764 880 3834 abrogavit.
914 3763 1075 3817 Vides
1100 3766 1275 3830 ipsum
1306 3776 1413 3815 non
1449 3760 1550 3814 levi
1590 3758 1659 3814 de
1689 3773 1853 3813 causa

249 3866 415 3912 totam
481 3856 996 3911 commemoravisse
1061 3853 1215 3909 Judze
1286 3852 1603 3906 historiam?
1651 3850 1856 3907 Idcirco

247 3951 413 4005 etiam
446 3949 587 4005 Ruth
612 3960 668 4004 et
694 3948 881 4003 Bahab
910 3948 926 3979 ¹
960 3947 1226 4011 meminit,
1270 3960 1493 4013 quarum
1526 3944 1694 3999 altera
1724 3944 1857 4000 alie-

251 4044 466 4112 nigena,
489 4043 657 4096 altera
686 4040 942 4096 meretrix
971 4050 1109 4104 erat,
1144 4048 1201 4092 ut
1236 4038 1511 4092 edis‘ceres
1556 4037 1729 4105 ipsum
1761 4052 1855 4091 ve-

254 4148 399 4188 nisse
420 4141 475 4186 ut
494 4133 629 4186 mala
649 4132 827 4185 omnia
848 4140 1030 4185 nostra
1060 4130 1315 4185 solveret.
1337 4128 1406 4184 Ut
1425 4128 1663 4183 medicus
1688 4128 1853 4194 enim,

255 4241 359 4278 non
388 4236 443 4278 ut
486 4220 647 4294 judex
699 4224 867 4277 venit.
915 4220 1383 4289 Quemadmodum
1418 4220 1579 4288 igitur
1610 4218 1661 4272 hi
1696 4218 1859 4274 forni-

252 4316 423 4370 chias
452 4314 652 4369 duxere
675 4315 944 4378 mulieres,
982 4317 1053 4368 ita
1082 4325 1135 4367 et
1161 4313 1305 4367 Deus
1332 4323 1580 4366 naturam
1611 4309 1854 4367 fornica-

255 4416 360 4463 tam
415 4407 686 4476 copulavit
735 4408 882 4461 sibi:
918 4406 968 4461 id
1015 4406 1156 4476 quod
1206 4406 1335 4461 olim
1391 4406 1667 4473 prophetae
1714 4405 1856 4458 circa

254 4516 575 4572 synagogam
601 4501 805 4554 factum
846 4515 966 4554 esse
1012 4500 1284 4553 dixerunt.
1344 4496 1451 4552 Sed
1501 4497 1589 4551 illa
1639 4495 1854 4565 quidem

254 4592 463 4662 coniugi
491 4607 590 4646 suo
620 4594 826 4662 ingrata
855 4590 976 4652 fuit.
1010 4589 1253 4644 Ecclesia
1283 4603 1413 4643 vero
1432 4603 1461 4641 a
1489 4588 1674 4658 patriis
1700 4586 1857 4641 malis

256 4685 422 4739 semel
456 4684 704 4749 liberata,
736 4685 788 4739 in
821 4683 1005 4752 sponsi
1037 4682 1286 4750 amplexu
1311 4681 1625 4750 permansit.
1660 4679 1849 4732 Anim-

256 4776 483 4829 adverte
502 4790 564 4830 ea
591 4790 712 4845 qua;
741 4774 806 4828 ad
830 4773 973 4828 Ruth
1002 4782 1246 4840 spectant
1270 4773 1467 4827 nostris
1496 4786 1618 4826 esse
1638 4770 1850 4824 similia.

256 4865 379 4921 llaec
398 4866 595 4936 quippe
621 4867 925 4935 alienigena
964 4875 1101 4927 erat,
1131 4873 1184 4919 et
1213 4863 1279 4917 ad
1320 4873 1615 4918 extremam
1656 4875 1855 4930 paupe-

254 4959 384 5013 riem
413 4958 677 5022 deducta;
716 4967 955 5012 attamen
979 4956 1170 5011 videns
1192 4956 1335 5010 illam
1360 4956 1523 5021 Booz,
1541 4968 1639 5009 nec
1658 4968 1857 5023 paupe-

257 5050 387 5104 riem
441 5049 731 5117 despexit,
767 5064 940 5119 neque
986 5047 1217 5117 ignobile
1263 5046 1589 5115 contempsit
1632 5060 1852 5115 genus:

254 5141 703 5211 quemadmodum
735 5150 789 5195 et
822 5140 1067 5195 Christus
1119 5148 1420 5207 susceptam
1450 5137 1769 5199 Ecclesiam,
1800 5148 1855 5192 et

256 5235 605 5303 alienigenam
634 5242 688 5288 et
716 5248 1029 5303 magnorum
1061 5232 1283 5302 penuria
1305 5233 1568 5287 bonorum
1602 5231 1854 5285 laboran-

178 5322 188 5328 ’
256 5336 385 5389 tem,
432 5325 486 5379 in
526 5335 833 5379 consortem
876 5323 1109 5385 admisit.
1141 5327 1217 5379 Ac
1261 5323 1709 5394 quemadmodum
1742 5323 1851 5389 illa,

258 5417 353 5473 nisi
376 5418 525 5477 prius
550 5426 759 5487 patrem
780 5416 1092 5484 dimisisset,
1112 5416 1329 5473 domum
1361 5416 1773 5486 contempsisset
1797 5425 1852 5470 et

318 5614 333 5644 ¹
354 5612 425 5683 _ln
444 5612 611 5683 Morel.
630 5620 763 5683 post,
796 5612 937 5672 Raab,
958 5615 1085 5667 male
1109 5616 1316 5676 additur,
1332 5624 1377 5668 et
1398 5617 1619 5676 Thamar,
1639 5618 1740 5680 ipsa
1763 5630 1844 5669 se-

258 5676 328 5724 rie
352 5674 537 5738 lapsum
563 5674 822 5725 indicante.

1968 492 2139 546 genus
2167 486 2220 533 et
2252 480 2479 548 patriam
2500 488 2553 533 ct
2582 490 2841 551 cognatos
2862 523 2877 547 ,
2911 496 3202 552 numquam
3231 480 3321 535 tali
3363 494 3572 535 connu-

1970 568 2060 623 bio
2080 570 2295 640 dignata
2321 570 2507 626 fuisset
2535 589 2545 623 :
2578 573 2655 627 sic
2684 572 2925 628 Ecclesia
2978 575 3164 643 patriis
3194 572 3433 628 dimissis
3460 587 3577 626 mo-

1967 651 2138 731 ribus,
2174 669 2299 715 tunc
2325 661 2573 716 amabilis
2621 676 2826 733 Sponsa
2857 663 2974 718 fuit.
3007 664 3165 731 Quod
3208 674 3265 719 et
3308 663 3570 733 propheta

1968 758 2141 825 ipsam
2178 757 2461 824 alloquens
2480 756 2757 811 declarat:
2794 756 3102 812 Obliviscere
3128 758 3373 826 populum
3402 770 3570 820 annm.

1962 857 2011 900 et
2031 846 2238 901 domum
2278 848 2439 915 patris
2465 847 2556 911 tui,
2588 858 2635 901 et
2682 849 3001 914 concupiscet
3046 864 3137 903 rex
3166 852 3396 904 decorem
3425 858 3572 904 tuum

1963 940 2137 1011 (Psal.
2168 942 2256 996 44.
2284 942 2376 996 Η.
2417 941 2510 1012 12)
2541 956 2555 972 ·
2591 939 2693 996 hoc
2734 950 2790 996 et
2837 941 2985 997 Ruth
3037 941 3164 997 fecit
3190 957 3206 994 :
3237 943 3357 996 ideo
3403 951 3578 997 mater

1958 1047 2147 1103 regum
2178 1032 2294 1099 fuit,
2319 1032 2772 1104 quemadmodum
2788 1043 2841 1087 et
2864 1033 3099 1089 Ecclesia
3127 1050 3140 1086 :
3166 1049 3234 1088 ex
3266 1034 3354 1087 illa
3375 1034 3578 1104 quippe

1961 1135 2114 1180 ortus
2142 1135 2226 1200 est
2253 1126 2447 1181 David.
2483 1127 2587 1181 Per
2609 1125 2724 1180 haec
2766 1127 2931 1196 igitur
2980 1129 3159 1180 omnia
3210 1126 3414 1195 pudore
3454 1127 3577 1181 illos

1962 1216 2221 1283 afficiens,
2252 1218 2594 1287 suadensque
2622 1234 2688 1272 ne
2716 1218 2881 1273 altum
2905 1226 3176 1287 saperent,
3205 1218 3574 1287 genealogiam

1961 1311 2151 1373 texuit,
2176 1309 2540 1377 mulieresque
2563 1310 2695 1363 istas
2716 1310 2768 1363 in
2800 1309 3039 1364 medium
3070 1310 3311 1378 protulit.
3358 1309 3573 1363 Etenim

1961 1393 2213 1467 magnum
2237 1400 2323 1453 illa
2357 1416 2540 1470 regem
2570 1412 2665 1469 per
2696 1411 2921 1470 nepotes
2951 1402 3175 1472 genuit;
3209 1418 3384 1471 neque
3410 1416 3471 1456 ea
3508 1401 3576 1456 de

1960 1504 2020 1544 re
2048 1490 2317 1547 erubescit
2348 1491 2533 1547 David.

2020 1654 2265 1725 Nequitia
2291 1662 2559 1724 parentum
2586 1664 2688 1706 nan
2714 1659 2859 1706 nocet
2894 1650 3106 1720 probis:
3131 1658 3404 1713 parentum
3431 1666 3559 1721 pro-

1947 1747 2076 1802 bitas
2122 1764 2225 1801 non
2262 1746 2464 1815 prodest
2492 1743 2754 1813 improbis.
2787 1772 2860 1783 -—
2886 1741 3003 1796 Non
3035 1752 3211 1811 potest
3251 1742 3418 1807 enim,
3449 1759 3559 1797 non

1948 1847 2127 1908 potest
2149 1840 2334 1907 utique
2360 1837 2626 1906 quispiam
2656 1850 2722 1890 ex
2754 1836 2952 1890 virtute
2980 1844 3073 1888 aut
3094 1850 3156 1889 ex
3183 1835 3417 1905 nequitia
3448 1848 3561 1889 ma-

1944 1931 2121 2001 jorum
2166 1940 2258 1984 aut
2295 1929 2493 1999 probus
2529 1938 2623 1983 aut
2658 1928 2936 1999 improbus
2975 1942 3118 1993 esse,
3162 1935 3255 1981 aut
3294 1927 3561 1990 gloriosus

1928 2032 2041 2077 .aut
2069 2022 2327 2092 inglorius
2358 2040 2370 2075 :
2402 2036 2589 2076 verum
2623 2022 2667 2077 si
2695 2019 2820 2091 quid
2860 2021 3053 2073 mirum
3097 2019 3241 2073 dictu
3276 2018 3559 2085 proferen-

1949 2114 2100 2180 dum,
2134 2114 2225 2167 ille
2266 2113 2456 2183 majori
2488 2113 2649 2182 fulget
2678 2112 2994 2182 splendore.
3018 2112 3106 2180 qui
3135 2126 3200 2165 ex
3244 2125 3349 2163 non
3378 2110 3561 2178 probis

1948 2204 2246 2272 majoribus
2284 2212 2457 2265 ortus,
2505 2203 2706 2271 probus
2751 2210 2930 2255 tamen
2977 2199 3200 2255 eﬂcetns
3243 2207 3343 2254 est.
3389 2199 3561 2255 Nemo

1949 2295 2113 2363 igitur
2145 2294 2214 2348 de
2254 2295 2322 2349 iis
2363 2294 2529 2348 altum
2574 2293 2769 2362 sapiat,
2822 2292 2919 2348 sed
2967 2294 3321 2350 consideratis
3352 2295 3562 2350 Domini

1949 2372 2405 2455 progenitoribus,
2437 2394 2606 2439 totum
2648 2384 2866 2453 abjiciat
2896 2392 3186 2448 tumorem,
3221 2390 3275 2440 ct
3319 2386 3386 2441 de
3429 2388 3561 2442 solis

1950 2477 2121 2545 probe
2169 2477 2335 2546 gestis
2378 2475 2687 2545 glorietur;'
2722 2471 2833 2529 imo
2870 2490 2974 2531 nec
3019 2476 3088 2531 de
3119 2476 3243 2532 illis.
3294 2478 3368 2532 Ita
3418 2478 3561 2534 enim

1950 2569 2257 2625 Phariszeus
2304 2569 2594 2637 publicano
2634 2566 2861 2623 inferior
2893 2568 3008 2623 fuit.
3049 2569 3104 2626 Si
3145 2562 3225 2626 vis
3262 2572 3405 2626 enim
3452 2588 3565 2627 ma-

1950 2675 2115 2730 gnum
2165 2668 2425 2728 praestare
2472 2657 2699 2723 facinus,
2754 2674 2823 2713 ne
2868 2659 3035 2713 altum
3086 2662 3284 2730 sapias,
3336 2670 3391 2715 et
3439 2669 3565 2716 tunc

1952 2752 2125 2819 majus
2168 2749 2375 2808 facinus
2410 2749 2703 2805 exhibuisti
2738 2768 2749 2803 :
2781 2767 2848 2804 ne
2884 2760 3045 2820 putes
3087 2762 3138 2823 te
3169 2752 3442 2823 quidpiam
3485 2755 3564 2808 fc-

1950 2844 2111 2908 cisse,
2145 2851 2197 2897 et
2225 2852 2352 2897 tunc
2381 2850 2550 2897 totum
2577 2842 2771 2898 fecisti.
2800 2842 2854 2898 Si
2891 2845 3035 2898 enim
3066 2845 3282 2915 quando
3314 2857 3565 2915 peccato-

1952 2947 2040 2986 res
2075 2946 2279 2993 sunms,
2325 2947 2447 2987 cum
2491 2947 2590 2987 nos
2626 2947 2748 2987 esse
2794 2944 3049 3003 putamus
3082 2934 3133 2989 id
3175 2927 3317 3004 quod
3353 2951 3564 2999 sumus,

1949 3023 2078 3092 justi
2111 3022 2395 3087 efficimur,
2432 3031 2489 3077 ut
2520 3022 2837 3091 publicanus
2865 3025 2993 3079 ille:
3019 3036 3221 3094 quanto
3243 3028 3413 3096 magis
3441 3042 3565 3082 eum

1950 3114 2092 3183 justi
2126 3129 2334 3177 sumus,
2368 3123 2422 3169 et
2455 3128 2552 3169 nos
2599 3127 2724 3169 esse
2752 3123 3066 3182 peceatores
3109 3116 3477 3170 arbitramur?
3508 3116 3568 3172 Si

1954 3204 2098 3257 enim
2129 3202 2405 3257 humiliter
2429 3217 2619 3271 sapere
2659 3219 2723 3256 ex
2767 3205 3143 3275 peccatoribus
3168 3205 3344 3272 jnstos
3379 3206 3566 3270 efficit.

1955 3296 2166 3348 etiamsi
2203 3294 2331 3347 illud
2365 3309 2471 3347 non
2499 3309 2626 3348 vere
2650 3293 2928 3348 humilitas
2957 3295 3047 3358 sit,
3076 3296 3171 3351 sed
3201 3297 3345 3363 justa
3377 3297 3569 3351 existi-

1954 3386 2122 3440 matio
2143 3386 2160 3417 ³
2193 3401 2205 3438 :
2239 3385 2282 3439 si
2312 3383 2474 3453 igitur
2509 3384 2625 3438 haec
2648 3382 2793 3454 justa
2824 3384 3155 3440 existimatio
3186 3393 3393 3442 tantum
3422 3388 3566 3441 valet

1960 3475 2015 3528 in
2038 3472 2430 3542 peccatoribus,
2463 3469 2589 3536 quid
2614 3486 2719 3522 non
2743 3478 2864 3537 aget
2893 3470 3167 3522 humilitas
3194 3471 3246 3522 in
3272 3470 3472 3537 justis?
3492 3469 3571 3523 Ne

1960 3565 2121 3633 igitur
2150 3564 2361 3617 labores
2389 3572 2507 3616 tuos
2535 3562 2844 3625 labefactes,
2874 3575 3007 3615 neve
3027 3560 3283 3615 sudorum
3317 3560 3569 3613 mcritmn

1962 3655 2198 3721 auferas,
2249 3670 2316 3709 ne
2360 3668 2498 3708 vane
2544 3668 2733 3707 curras
2768 3660 2887 3721 post
2936 3652 3082 3706 mille
3116 3650 3345 3704 decursa
3400 3648 3570 3703 stadia

1958 3759 2175 3799 omnem
2215 3744 2500 3799 effundens
2531 3743 2793 3796 laborem.
2837 3740 3097 3796 Dominus
3138 3741 3283 3795 enim
3332 3743 3488 3809 longe
3520 3750 3572 3794 te

1958 3835 2148 3889 melius
2189 3836 2336 3888 novit
2370 3848 2534 3903 opera
2584 3843 2693 3886 tua.
2737 3830 2793 3886 Si
2830 3831 2917 3885 vel
2954 3842 3138 3900 potum
3177 3846 3331 3899 aquae
3361 3828 3571 3898 frigida:

1958 3926 2213 3991 dederis,
2247 3940 2316 3979 ne
2368 3924 2500 3980 illud
2544 3922 2762 3993 quidem
2815 3922 3161 3991 despicit:si
3218 3922 3302 3975 vel
3351 3921 3567 3974 obolum

1958 4016 2295 4085 profuderis,
2341 4014 2387 4067 si
2432 4015 2760 4082 ingemueris
2809 4022 3047 4079 tantum,
3094 4013 3273 4067 omnia
3317 4014 3403 4067 ille
3444 4027 3567 4067 cum

1958 4109 2148 4175 magna
2197 4105 2572 4159 benevolentia
2622 4105 2835 4173 recipit,
2884 4098 3077 4158 horum
3128 4106 3465 4171 recordatur,
3513 4116 3568 4160 et

1956 4210 2149 4266 magna
2175 4193 2259 4249 his
2289 4193 2509 4263 praemia
2539 4192 2748 4248 definit.
2790 4193 2901 4247 Cur
2923 4202 3010 4246 tua
3038 4194 3309 4262 exploras,
3338 4203 3392 4247 et
3419 4210 3566 4263 saepe

1954 4289 2008 4342 in
2050 4287 2286 4341 medium
2326 4283 2527 4339 affers?
2569 4285 2650 4338 An
2679 4283 2854 4337 nescis
2888 4285 2932 4336 si
2974 4293 3024 4337 te
3063 4284 3271 4349 laudes,
3303 4284 3469 4338 Deum
3512 4293 3564 4340 te

1953 4394 2060 4432 non
2089 4378 2224 4431 ultra
2255 4376 2593 4430 laudaturum
2631 4374 2795 4429 esse?
2826 4374 3278 4444 quemadmodum
3324 4384 3381 4431 et
3420 4377 3465 4429 si
3510 4386 3562 4431 te

1955 4468 2212 4521 miserum
2242 4467 2412 4529 dicas,
2444 4482 2548 4519 non
2581 4476 2915 4519 cessaturum
2947 4474 2998 4520 te
3026 4465 3168 4535 apud
3200 4480 3392 4520 omnes
3424 4483 3563 4536 pra:-

1950 4558 2173 4616 dieare?
2202 4557 2318 4612 Non
2352 4557 2463 4611 vult
2488 4558 2632 4611 enim
2661 4558 2874 4611 labores
2905 4568 3024 4612 tuos
3066 4559 3117 4610 in
3148 4559 3357 4612 minore
3386 4560 3562 4627 pretio

1952 4649 2158 4703 haberi.
2201 4651 2265 4703 Et
2292 4649 2416 4720 quid
2449 4649 2572 4702 dico
2609 4650 2661 4701 in
2706 4650 2915 4705 minore
2949 4651 3127 4720 pretio
3158 4652 3388 4705 haberi?
3418 4652 3560 4709 Nihil

1952 4755 2056 4793 non
2076 4740 2183 4807 agit
2203 4748 2257 4794 et
2290 4740 2529 4803 molitur,
2554 4747 2612 4791 ut
2631 4740 2711 4792 vel
2736 4755 2799 4794 ex
2827 4742 3003 4808 parvis
3027 4742 3232 4795 meritis
3258 4743 3557 4807 coroneris,

1950 4840 2004 4883 et
2033 4832 2222 4884 circuit
2250 4830 2566 4885 occasiones
2590 4847 2862 4901 quaerens,
2886 4833 3040 4901 queis
3064 4832 3236 4902 possis
3257 4850 3285 4885 a
3312 4836 3559 4902 gehenna

1951 4923 2187 4979 liberari.

2021 5016 2074 5071 5.
2120 5014 2400 5069 Humilitas
2429 5015 2833 5069 commendatur.
2872 5014 3093 5071 Peccata
3120 5019 3397 5085 memoria,
3428 5018 3560 5073 bona

2005 5286 2021 5316 ί
2057 5282 2112 5331 ῐη
2135 5289 2317 5337 Graeco,
2342 5296 2600 5348 iam.
2630 5280 2848 5348 animus
2871 5284 3306 5348 vertit,confessio,
3328 5303 3421 5338 non
3440 5305 3545 5339 ma-

1947 5345 2012 5397 le.
2036 5358 2130 5393 nec
2147 5352 2315 5393 contra
2336 5342 2659 5407 Chrysostomi
2686 5356 2907 5406 scopum,
2946 5348 3031 5408 qui
3058 5342 3152 5396 non
3178 5342 3375 5400 omnino
3400 5364 3551 5412 negat

1948 5419 2028 5489 hic
2052 5420 2322 5481 peccatoris
2352 5421 2774 5489 compuuctionem
2799 5434 2914 5489 esse
2934 5436 3061 5489 vere
3084 5425 3427 5489 humilitatem,
3465 5434 3557 5483 sed

1949 5482 2015 5549 nil
2036 5494 2166 5537 esse.
2195 5492 2477 5549 ιῦῖριμῆσὺνηνφ
2504 5482 3079 5549 ννοὺὶιαιετηνᾰᾳδιίιὶαιην
3104 5487 3281 5539 iustum
3302 5482 3555 5543 existim;

1950 5543 2141 5613 tionem,
2174 5550 2225 5589 ut.
2242 5543 2506 5613 distinguat
2521 5556 2549 5591 a
2571 5543 2855 5613 sanctorum
2872 5543 3147 5613 humilitate
3169 5562 3179 5595 :
3207 5564 3451 5613 tarmes-4
3471 5568 3556 5604 au-

1952 5602 2348 5713 lCﬂlbiilllltllualldU,
2370 5609 2562 5663 aratum
2585 5617 2818 5669 annuum,
2844 5607 3041 5669 indicat,
3064 5602 3358 5673 quandoque
3385 5602 3551 5677 etiam,

1958 5678 2046 5713 m'o
2115 5679 2143 5713 ι(
2167 5678 2255 5713 rm.

1956 5672 2255 5726 probitatem.
