4040 6424
554 304 624 358 57
1234 312 1292 367 S.
1331 312 1615 370 JOANNIS
1651 314 2142 373 CHRYSOSTOMI
2182 319 2497 377 ARCHIEP.
2539 322 3079 379 CONSTAN'I‘INOP.
3733 309 3806 363 ³³

548 423 706 472 opera
729 407 963 463 oblivioni
993 410 1254 462 tradenda.
1287 409 1456 464 Penus
1472 427 1648 465 secura
1679 412 1834 480 probe
1852 421 2126 482 gestorum,

552 509 626 551 est
673 499 854 553 oblivio
898 499 1440 568 eorum—Ideoque
1490 501 1700 555 etiamsi
1742 502 1796 555 in
1849 501 2131 557 undecim:

547 589 676 641 hora
714 589 816 643 diei
850 590 1079 654 labores,
1113 597 1275 644 totam
1301 591 1602 646 mercedem
1644 593 1878 657 tribuet;
1911 593 2129 648 Etiamsi

545 679 740 732 nullout
782 680 960 732 salutis
995 696 1172 732 ansam
1218 681 1419 745 habeas,
1467 682 1658 750 inquit,
1702 694 1904 753 propter
1942 700 2020 736 me
2047 688 2130 752 fa-

541 769 694 830 ciam,
725 783 787 819 ne
807 783 985 820 nomen
1011 782 1174 820 meum
1196 769 1489 836 profanetur
1511 770 1723 835 (Ezech.
1757 773 1847 826 56.
1873 772 1962 826 29..
1990 775 2122 843 5Ξζ);

546 856 752 909 etiamsi
784 865 984 910 tantum
1013 859 1297 927 gemueris,
1329 860 1413 914 vel
1441 861 1844 937 lacrymaveris,
1869 864 1983 921 ha‘c
2018 877 2129 922 sta-

547 947 641 997 tim
681 944 767 999 ille
801 947 938 1014 rapit
977 939 1030 1000 in
1073 949 1407 1001 oecasionem
1437 950 1625 1003 salutis
1667 962 1794 1005 tute.
1834 953 1913 1008 Ne
1948 954 2130 1024 itaque

547 1035 884 1098 extollamur,
921 1036 1016 1089 sed
1056 1051 1154 1090 nos
1181 1036 1424 1092 dicamus
1457 1040 1692 1104 inutiles,
1735 1051 1792 1096 ut
1832 1044 1988 1099 utiles
2016 1047 2128 1100 etii.

544 1127 770 1180 ciamur.
794 1126 924 1180 Nam
951 1129 994 1182 si
1029 1137 1080 1182 te
1100 1128 1414 1184 laudabilem
1445 1131 1667 1199 dixeris,
1697 1135 1898 1192 inutilis
1922 1137 2122 1205 evadis,

545 1218 754 1272 etiamsi
800 1219 1081 1275 laudabilis
1123 1238 1248 1276 vere
1277 1222 1459 1278 fueris.
1501 1226 1555 1280 Si
1600 1237 1651 1280 te
1689 1230 1930 1284 inutilem
1958 1231 2126 1299 dicas,

545 1306 688 1360 utilis
744 1308 948 1375 evadis,
1002 1310 1210 1363 etiamsi
1269 1311 1648 1379 improbandus
1694 1315 1878 1372 fueris.
1925 1319 2126 1385 Quam-

543 1397 727 1450 obrem
768 1399 1066 1452 necessaria
1107 1401 1262 1456 nobis
1291 1403 1562 1469 est'probe
1605 1415 1875 1474 gestorum
1904 1408 2124 1465 oblivio.

540 1484 610 1539 Et
653 1487 921 1554 quomodo
969 1502 1272 1556 possumus,
1315 1492 1543 1559 inquies,
1585 1511 1704 1561 qua:
1751 1510 1876 1550 vere
1928 1499 2126 1553 scimus

540 1573 785 1642 ignorare
806 1576 978 1643 ?Quid
997 1577 1166 1630 dicis?
1185 1594 1305 1632 cum
1327 1581 1539 1636 assidue
1556 1583 1795 1638 offendas
1820 1586 2123 1656 Dominum,

540 1663 811 1720 deliciaris
837 1676 892 1720 et
918 1667 1083 1729 rides,
1127 1684 1189 1723 ac
1215 1686 1390 1739 neque
1428 1675 1532 1726 scis
1571 1684 1621 1728 te
1668 1690 1938 1744 peccasse,
1967 1691 2125 1748 atque

541 1760 721 1811 omnia
765 1758 1018 1812 oblivioni
1067 1761 1230 1814 tradis
1261 1780 1275 1816 :
1309 1763 1475 1830 probe
1522 1777 1792 1832 gestorum
1839 1783 1968 1822 vero
2017 1787 2123 1825 non

537 1860 693 1919 potes
719 1851 1030 1905 memoriam
1067 1851 1333 1920 abjicere?
1363 1854 1583 1908 Etiamsi
1615 1858 2018 1915 vehementiore
2058 1863 2126 1915 sil.

536 1955 671 2010 opus
697 1942 907 1997 timore.
940 1941 1048 1995 Nos
1073 1952 1285 2008 contra,
1314 1960 1437 1999 cum
1474 1948 1710 2014 quotidie
1737 1965 2037 2017 peccemus,
2075 1956 2123 2008 id

537 2049 609 2087 ne
656 2034 710 2088 in
755 2043 932 2088 mente
970 2033 1185 2103 quidem
1225 2036 1547 2100 retinemus;
1596 2040 1638 2091 si
1690 2056 1816 2094 vero
1865 2043 2123 2098 tantillum

541 2124 783 2191 pecunia:
812 2126 1026 2192 pauperi
1058 2124 1268 2187 demus,
1310 2127 1440 2180 illud
1469 2143 1560 2182 sus
1597 2129 1771 2194 deque
1799 2147 2074 2186 versamu.c
2104 2151 2120 2188 :

535 2211 586 2264 id
624 2214 762 2281 quod
791 2223 1043 2268 extrema:
1074 2227 1153 2267 est
1182 2215 1516 2284 insipientiae,
1547 2220 1939 2286 maximumque
1970 2226 2122 2278 colli-

533 2301 708 2367 gentis
733 2301 1128 2356 detrimentum.
1161 2303 1338 2358 Penus
1363 2306 1504 2358 enim
1535 2322 1719 2361 secura
1748 2312 1913 2377 probe
1941 2326 2114 2382 gesto-

533 2406 672 2458 rum,
722 2402 803 2446 est
854 2394 1050 2448 oblivio
1115 2410 1322 2449 eorum.
1382 2399 1460 2454 Ac
1503 2401 1949 2466 quemadmodum
1999 2421 2120 2460 cum

532 2482 855 2536 vestimenta
885 2494 937 2537 et
966 2500 1153 2537 aurtnn
1195 2486 1247 2539 in
1277 2487 1390 2540 foro
1412 2488 1711 2555 pandimus,
1745 2493 1941 2546 multos
1966 2496 2121 2550 nobis

533 2570 878 2626 insidiatores
926 2588 1206 2641 paramus,
1247 2576 1290 2627 si
1335 2591 1464 2628 vero
1506 2577 1648 2630 domi
1690 2577 2020 2647 deponamus
2064 2594 2116 2637 ιιι

535 2661 885 2728 occultemus,
926 2664 975 2715 in
1006 2673 1116 2716 tuto
1145 2667 1321 2717 omnia
1365 2666 1689 2721 collocamus
1719 2685 1731 2721 :
1761 2670 1829 2723 ita
1879 2681 1930 2724 et
1976 2683 2118 2726 recte

532 2751 692 2816 facta,
725 2752 767 2804 si
799 2752 1104 2821 frequenter
1135 2753 1187 2807 in
1238 2756 1490 2809 memoria
1520 2758 1975 2822 circumferamus,
2021 2764 2118 2814 llu-

529 2842 734 2895 minum
764 2843 829 2894 ad
856 2843 987 2896 iram
1019 2845 1368 2910 concitamus,
1397 2845 1712 2916 hostemque
1739 2865 2030 2916 armamus,
2062 2863 2116 2906 et

529 2932 596 2985 ad
629 2931 824 2985 furtum
853 2934 1164 2999 invitamus;
1193 2935 1273 2988 sin
1306 2952 1432 2991 vero
1475 2954 1630 2991 nemo
1661 2939 1710 2992 id
1741 2942 1943 3006 scierit,
1981 2961 2111 3010 prae

530 3033 611 3074 ter
634 3037 756 3074 eum
793 3037 950 3090 quem
981 3025 1151 3077 solum
1184 3025 1297 3078 luce
1334 3040 1491 3079 nosse
1520 3038 1746 3095 orortel.
1781 3031 1830 3083 iu
1880 3042 1993 3103 tntq
2033 3037 2114 3085 illa

546 3113 726 3158 erunt.
764 3102 841 3157 Ne
897 3109 1074 3174 itaque
1112 3109 1198 3160 illa
1263 3112 1571 3177 frequenter
1623 3129 1825 3172 verses,
1878 3131 1942 3167 ne
1979 3102 2110 3182 quis

549 3189 637 3242 illa
683 3191 900 3259 diripiat
931 3213 945 3259 ;
983 3195 1033 3247 id
1052 3196 1197 3263 quod
1222 3196 1499 3250 Phariszeo
1555 3201 1770 3260 accidit,
1800 3201 1890 3268 qui
1929 3203 2018 3254 illa
2056 3204 2108 3255 in

527 3281 626 3322 ore
656 3269 855 3324 ferebat
884 3289 897 3323 :
928 3286 1251 3344 quapropter
1287 3294 1350 3332 ea
1393 3281 1507 3347 ipsa
1549 3282 1792 3336 diabolus
1836 3286 2104 3352 abripuit;

528 3357 738 3411 etiamsi
764 3375 884 3413 cum
921 3366 1210 3429 gratiarum
1250 3368 1492 3422 actione'
1525 3370 1615 3423 illa
1644 3385 2108 3439 commemoraret,

529 3449 810 3517 omniaque
840 3451 1064 3506 referret
1093 3454 1222 3508 Deo.
1249 3455 1443 3511 Verum
1476 3460 1576 3513 hoc
1603 3477 1706 3514 non
1735 3467 1864 3516 satis
1893 3465 1966 3516 illi
1994 3466 2107 3518 fuit.

523 3544 640 3598 Non
690 3549 830 3602 enim
875 3555 1160 3618 gratiarum
1209 3555 1435 3607 actionis
1476 3566 1557 3609 est
1603 3559 1735 3609 alios
1784 3561 2106 3628 vituperare,

523 3636 622 3687 sibi
656 3653 717 3689 ex
753 3640 989 3704 plurimis
1018 3643 1240 3709 gloriam
1279 3658 1540 3711 quwrcrc,
1590 3655 1641 3697 ct
1671 3659 1853 3700 contra
1884 3664 2109 3716 peccan-

524 3732 607 3778 tes
653 3727 850 3782 chcrri.
897 3729 953 3783 Si
1002 3732 1142 3784 enim
1173 3733 1370 3800 gratias
1416 3733 1526 3786 Deo
1574 3738 1706 3803 agis,
1748 3736 1846 3790 hac
1889 3741 1999 3790 sola
2053 3755 2109 3793 re

522 3823 803 3870 contentus
848 3829 981 3883 esto,
1032 3832 1084 3875 et
1124 3837 1190 3877 ne
1222 3823 1272 3876 id
1322 3823 1525 3877 rell-ras
1568 3825 1890 3890 hominibus,
1938 3845 2107 3896 neque

517 3907 776 3974 judicium
824 3911 962 3965 feras
989 3914 1055 3966 de
1083 3916 1326 3981 proximo
1356 3933 1367 3967 :
1403 3919 1453 3970 id
1493 3919 1632 3970 enim
1662 3937 1766 3971 non
1797 3932 1878 3973 est
1905 3927 2102 3988 gratia-

521 4012 636 4049 rum
664 4002 903 4054 actionis.
939 4003 992 4056 Si
1038 4006 1328 4074 gratiarum
1374 4010 1599 4060 actionis
1631 4012 1844 4065 modum
1882 4015 1958 4066 vis
1989 4016 2102 4068 etii-

519 4100 690 4148 scerc,
721 4090 841 4142 audi
868 4101 976 4145 tres
1002 4111 1195 4161 pueros
1221 4078 1460 4148 dicentes
1491 4115 1502 4148 :
1541 4098 1885 4162 Peccavimus,
1917 4105 2103 4169 injuste

519 4180 709 4245 egimus
748 4195 764 4231 :
786 4183 957 4247 justus
1001 4199 1073 4247 es,
1125 4180 1370 4246 Domine,
1417 4188 1469 4238 in
1509 4190 1736 4242 omnibus
1789 4209 1900 4258 qua:
1939 4195 2102 4260 fecisti

518 4269 680 4326 nobis,
712 4269 829 4337 quia
868 4271 918 4322 in
968 4289 1079 4324 vero
1113 4275 1313 4342 judicio
1363 4279 1532 4328 omnia
1581 4279 1826 4333 induxisti
1853 4283 2012 4352 (Dan.
2043 4287 2096 4340 5.

517 4355 603 4409 9.9.
636 4356 724 4411 ‘27.
755 4360 867 4427 51).
895 4361 1115 4434 Propria
1143 4365 1282 4416 enim
1313 4377 1522 4432 peccata
1565 4368 1828 4434 confiteri,
1863 4374 1985 4427 illud
2016 4387 2098 4430 est

514 4445 708 4509 gratias
739 4463 892 4515 agere
926 4450 1030 4502 Deo
1072 4453 1435 4518 confitentem,
1466 4457 1555 4524 qui
1582 4458 1815 4513 declarat
1847 4478 1904 4517 se
1938 4466 2095 4518 innu-

514 4537 676 4587 meris
720 4538 1004 4592 obnoxium
1051 4557 1169 4595 esse
1219 4547 1468 4611 peccatis,
1521 4564 1620 4601 nec
1662 4553 1839 4605 subire
1882 4571 2090 4622 pmnam

513 4638 797 4678 recusare:
831 4629 916 4680 hic
955 4633 1188 4686 onmitttu
1221 4637 1448 4690 maxime
1490 4642 1686 4706 gratias
1731 4644 1854 4711 agit.
1888 4647 2088 4700 (lat-ca-

511 4732 629 4771 mus
663 4719 818 4786 igitur
847 4738 913 4775 ne
942 4724 1008 4776 ad
1037 4725 1243 4778 laudem
1281 4738 1512 4782 nostram
1542 4733 1664 4800 quid
1691 4734 1972 4803 loquamur
2003 4758 2013 4790 :
2041 4742 2088 4793 id

510 4810 651 4861 enim
700 4828 794 4863 nos
823 4822 876 4866 et
920 4814 1225 4869 hominibus
1264 4820 1478 4874 odiosos
1515 4834 1567 4876 et
1599 4825 1707 4878 Deo
1734 4834 2089 4887 exsecrandos

510 4903 696 4953 reddit.
740 4902 940 4958 Idcirco
979 4923 1084 4973 quo
1112 4909 1309 4973 majora
1344 4913 1642 4975 fecerimus,
1690 4934 1755 4971 eo
1787 4922 1989 4974 minora
2022 4927 2087 4977 de

509 4992 658 5043 nobis
683 4993 955 5056 dicamus;
988 4999 1052 5048 ita
1084 5000 1223 5052 cuitu
1263 5017 1503 5070 magnam
1550 5020 1936 5073 consequemur
1967 5014 2085 5080 glo-

507 5081 636 5133 riam
665 5099 783 5136 cum
815 5087 952 5153 apud
998 5087 1260 5155 homines,
1293 5102 1398 5145 tum
1442 5097 1577 5161 apud
1611 5097 1794 5162 Deum,
1831 5104 1936 5155 imo
1977 5122 2081 5160 non

509 5178 705 5222 tantum
736 5174 953 5239 gloriam
978 5177 1114 5242 apud
1141 5179 1326 5244 Dotttn,
1360 5184 1450 5235 sed
1484 5202 1724 5253 magnam
1759 5197 2078 5251 mercedem.

507 5257 580 5352 Ilio
621 5261 775 5352 igitur
806 5265 1103 5319 mercedem
1143 5269 1341 5337 exigas,
1391 5282 1447 5326 ut
1488 5276 1790 5331 mercedem
1832 5284 2078 5352 recipias.

501 5334 772 5388 tiotttitcrc
794 5348 844 5390 te
863 5356 959 5406 per
975 5347 1202 5410 gratiam
1227 5334 1455 5406 salutem
1475 5361 1754 5426 cons-equi,
1781 5373 1836 5414 ut
1851 5334 2068 5423 tibiille

572 5544 588 5575 ³
620 5545 767 5593 .‘dorct
801 5584 812 5604 ,
840 5561 946 5597 eum
971 5551 1163 5613 gaudio.

2228 438 2288 477 se
2323 421 2618 478 debitorem
2668 438 2787 479 esse
2825 425 3161 488 conﬁteatur,
3203 440 3306 480 non
3348 426 3421 480 ob
3447 425 3618 496 probe
3663 442 3818 499 gesta

2229 525 2455 577 tantum,
2502 513 2597 568 sed
2643 513 2712 568 ob
2747 523 2954 584 gratum
2996 499 3234 568 animum
3274 523 3442 570 tuum.
3483 516 3621 571 Cum
3669 521 3819 574 enim

2229 616 2375 660 recte
2422 621 2726 675 operantur,
2771 605 3022 674 operibus
3052 615 3251 659 tantum
3293 605 3589 661 debitorem
3637 609 3816 678 ipsum

2230 695 2488 750 habemus
2513 712 2526 754 ;
2549 711 2668 747 cum
2697 711 2801 749 non
2823 705 3072 765 putamus
3093 709 3189 748 nos
3208 696 3401 765 aliquid
3423 707 3568 753 recte
3592 699 3814 767 fecisSc,

2231 799 2326 854 pro
2364 785 2455 836 illo
2485 784 2600 850 ipso
2623 782 2816 837 aiIectu
2848 785 3014 853 magis
3044 799 3202 852 quam
3245 800 3343 853 pro
3369 787 3630 855 operibus
3657 788 3814 843 debi-

2230 881 2396 930 torem
2428 873 2684 926 habemus
2709 891 2721 926 :
2747 874 2817 926 ita
2861 883 2917 926 ut
2956 873 3007 926 id
3043 875 3173 942 ipsis
3199 875 3268 928 sit
3291 875 3546 944 operibus
3569 879 3818 948 aequipa-

2226 965 2471 1019 randum.
2519 965 2576 1020 Si
2628 965 2726 1019 hoc
2767 965 2909 1018 enim
2959 981 3064 1018 non
3115 966 3291 1032 adsit,
3341 966 3428 1021 illa
3477 982 3645 1038 opera
3709 986 3820 1024 non

2228 1071 2417 1125 magna
2466 1056 2804 1111 videbuntur.
2859 1056 3131 1126 Siquidem
3174 1067 3229 1112 et
3285 1073 3383 1112 nos
3425 1075 3642 1130 quoque
3695 1072 3823 1117 tunc

2229 1148 2458 1200 maxime
2492 1146 2716 1200 fanmlos
2760 1159 2970 1201 nostros
3015 1157 3260 1216 acceptos
3287 1148 3566 1215 habemus,
3595 1153 3823 1220 quando

2225 1237 2400 1288 omnia
2429 1252 2546 1289 cum
2574 1237 2942 1292 benevolentia
2969 1248 3204 1306 agentes,
3229 1238 3360 1294 nihil
3385 1254 3446 1294 se
3467 1241 3656 1311 magni,
3685 1256 3827 1312 pnn-

2224 1326 2423 1381 stitisse
2451 1336 2656 1396 putant.

2297 1489 2347 1543 Η
2354 1492 2578 1545 umiiitas
2601 1494 2978 1548 commendatur
3003 1506 3055 1548 ut
3076 1499 3237 1551 omnis
3259 1499 3596 1570 philosophice
3619 1505 3824 1572 princi-

2223 1582 2382 1651 pium.
2407 1613 2480 1623 —
2508 1584 2687 1653 Itaque
2715 1586 2760 1638 si
2787 1587 2865 1640 vis
2891 1604 3050 1655 opera
3079 1598 3163 1642 tua
3187 1590 3321 1645 bona
3351 1608 3539 1662 magna
3568 1611 3720 1663 esse,
3752 1613 3822 1653 ue

2223 1688 2411 1741 magna
2440 1688 2558 1728 esse
2584 1685 2752 1743 putes,
2783 1688 3010 1746 tuanue
3035 1695 3220 1748 magna
3247 1692 3422 1735 erunt.
3452 1684 3538 1738 Sic
3565 1692 3823 1742 centurio

2221 1763 2431 1817 dicebat
2453 1805 2466 1827 ,
2504 1764 2621 1818 Non
2649 1781 2761 1818 sum
2791 1767 2974 1836 dignus
3010 1779 3063 1820 ut
3099 1771 3252 1823 intres
3285 1773 3377 1825 sub
3417 1784 3603 1827 tectum
3644 1795 3824 1831 memn

2227 1852 2432 1921 (Matth.
2461 1855 2512 1907 8.
2543 1853 2633 1923 8);
2673 1855 2892 1924 ideoque
2931 1856 3119 1924 dignus
3157 1857 3255 1912 fuit
3277 1901 3291 1922 ,
3323 1876 3482 1929 supra
3507 1881 3590 1931 pte
3619 1882 3821 1923 omnes

2220 1942 2433 1996 Iudaeos
2461 1945 2735 1998 mirabilis.
2769 1948 2839 1998 lta
2867 1956 2921 2000 et
2946 1947 3138 2002 Paulus
3165 1953 3236 2004 ait
3265 1970 3277 2004 :
3309 1950 3429 2006 Non
3470 1972 3583 2008 sum
3623 1959 3821 2027 dignus

2222 2036 2388 2087 vocari
2411 2037 2670 2104 apostolus
2697 2039 2771 2108 (l.
2806 2039 2923 2092 Cor.
2955 2041 3038 2093 15.
3073 2040 3162 2112 9).
3197 2041 3426 2112 Ideoque
3456 2049 3661 2114 primus
3688 2067 3816 2104 om-

2217 2124 2364 2178 nium
2403 2125 2624 2178 etTectus
2661 2137 2759 2180 est.
2803 2127 2890 2180 Sic
2921 2138 2971 2182 et
2995 2127 3227 2184 Joannes
3257 2150 3269 2184 :
3305 2132 3424 2186 Non
3462 2153 3574 2190 sum
3624 2141 3819 2208 dignus

2216 2217 2407 2268 solvere
2454 2217 2718 2286 corrigiam
2764 2219 3084 2273 calceamenti
3134 2224 3243 2291 ejus
3292 2222 3498 2295 (Marc.
3549 2230 3601 2282 l.
3656 2232 3711 2283 7.
3766 2242 3814 2285 et

2225 2305 2410 2359 Matth.
2444 2307 2496 2358 5.
2533 2307 2641 2374 ll).
2667 2308 2789 2361 Ideo
2815 2319 2866 2362 et
2893 2309 3095 2364 amicus
3119 2315 3300 2380 sponsi
3325 2326 3440 2369 erat
3461 2356 3474 2380 ,
3507 2327 3560 2371 et
3587 2335 3813 2377 manum

2220 2396 2386 2458 illam,
2413 2411 2568 2464 quam
2603 2397 2866 2466 indignam
2893 2399 3264 2455 calceamentis
3294 2405 3530 2472 putabat,
3557 2407 3814 2465 Christus

2218 2501 2374 2556 supra
2397 2498 2734 2556 caput'suum
2764 2492 2994 2544 attraxit.
3026 2491 3113 2546 Sic
3142 2505 3194 2546 et
3223 2495 3413 2549 Petrus
3431 2497 3641 2552 dicebat
3666 2522 3680 2554 ε
3712 2502 3816 2557 Exi

2217 2593 2250 2629 a
2288 2575 2367 2632 me
2389 2619 2403 2642 ,
2444 2580 2563 2646 quia
2601 2581 2750 2632 homo
2790 2592 3020 2647 peccator
3051 2599 3160 2636 sum
3189 2583 3355 2652 (Luc.
3379 2587 3432 2640 5.
3467 2587 3552 2656 8).
3603 2591 3815 2648 Idcirco

2221 2686 2621 2739 fundamentum
2656 2684 2906 2737 Ecclesia:
2935 2685 3100 2736 factus
3121 2693 3220 2737 cst.
3253 2683 3391 2737 Nihil
3416 2684 3558 2739 enim
3588 2685 3659 2737 ita
3695 2686 3812 2740 Deo

2219 2785 2426 2844 gratum
2455 2785 2556 2838 est,
2589 2789 2743 2841 quam
2770 2774 2814 2828 si
2846 2774 2962 2840 quis
2990 2788 3046 2826 se
3067 2789 3184 2825 cum
3211 2773 3409 2826 ultimis
3433 2775 3812 2841 peccatoribus

2223 2873 2482 2918 numeret.
2519 2865 2628 2917 IIoc
2655 2863 2826 2917 omnis
2852 2861 3202 2931 philosophim
3232 2862 3546 2931 principium
3574 2872 3675 2919 est.
3703 2864 3808 2931 Qui

2218 2961 2359 3011 cnim
2388 2958 2601 3011 humilis
2630 2967 2682 3010 et
2708 2957 2965 3010 contritus
2987 2967 3090 3018 est,
3118 2971 3219 3007 non
3251 2955 3390 3008 inani
3417 2955 3584 3023 gloria
3613 2956 3809 3028 ci'l'ere-

2220 3059 2322 3112 tur,
2351 3065 2454 3101 non
2486 3050 2758 3109 irascetur,
2791 3062 2896 3099 non
2931 3046 3170 3113 proximo
3197 3046 3484 3110 invidebit,
3517 3060 3624 3098 non
3655 3046 3804 3100 aliud

2213 3140 2480 3207 quidpiam
2525 3139 2635 3190 vitii
2675 3139 2935 3191 admittet.
2982 3137 3162 3205 Neque
3198 3136 3340 3189 enim
3370 3137 3652 3189 contritam
3684 3153 3804 3189 ma-

2212 3245 2358 3290 num,
2390 3230 2726 3297 quantumvis
2769 3228 3152 3282 contendamus
3177 3269 3190 3292 ,
3239 3243 3521 3296 possumus
3549 3230 3598 3281 in
3631 3230 3802 3295 altum

2211 3321 2421 3374 efferre.
2468 3320 2521 3375 Si
2568 3320 2744 3389 itaque
2785 3322 2860 3374 sic
2903 3309 3543 3384 animam‘eonteratnus,
3585 3312 3801 3377 etiamsi

2210 3413 2385 3467 cordis
2409 3413 2629 3466 affectus
2659 3414 2919 3465 innumeri
2949 3414 3092 3468 illam
3119 3413 3302 3467 innare
3322 3425 3373 3468 ct
3395 3418 3660 3472 extollere
3681 3427 3801 3470 ten-

2209 3514 2340 3569 tent,
2362 3521 2427 3556 ne
2445 3506 2525 3557 vel
2554 3505 2830 3556 mininmm
2861 3506 3227 3578 poteritprigi.
3256 3507 3310 3560 Si
3338 3508 3478 3560 enim
3508 3511 3596 3577 qui
3625 3525 3798 3564 sarcu-

2207 3595 2332 3647 laria
2377 3595 2568 3648 damna
2587 3595 2851 3664 .dcpiorat
2877 3635 2891 3657 ,
2919 3611 3105 3651 omnes
3134 3613 3164 3650 a
3197 3613 3254 3650 se
3285 3599 3429 3666 fugat
3456 3603 3648 3652 animm
3681 3602 3799 3655 lan-

2205 3701 2400 3754 guores
2429 3704 2441 3738 :
2474 3687 2830 3755 multomagis
2857 3687 2945 3742 ille
2965 3688 3051 3755 qui
3075 3703 3172 3757 pro
3198 3691 3425 3756 peccatis
3451 3690 3500 3743 id
3525 3693 3654 3760 agit,
3677 3681 3800 3760 phi-

2207 3775 2445 3842 Iosophia
2490 3777 2737 3843 potietur.
2787 3777 2853 3830 Et
2897 3781 3014 3846 quis
3056 3780 3122 3833 ita
3169 3780 3392 3847 poterit,
3427 3781 3664 3850 inquies.
3697 3801 3797 3839 cur

2204 3881 2357 3921 suum
2385 3871 2701 3923 conterere?
2739 3869 2875 3923 Audi
2922 3871 3205 3934 Davidem,
3248 3874 3335 3940 qni
3379 3875 3475 3926 hac
3520 3875 3586 3928 de
3626 3892 3794 3930 causa

2203 3960 2431 4012 maxime
2461 3960 2766 4026 splendidus
2797 3961 2910 4025 fuit,
2941 3971 2993 4014 et
3019 3961 3138 4015 vide
3164 3963 3277 4031 ejus
3309 3965 3467 4018 animi
3499 3967 3788 4021 enutritio-

2203 4066 2343 4102 nem.
2375 4051 2501 4104 Post
2532 4052 2804 4104 innumera
2839 4054 3093 4120 pra‘clare
3119 4065 3263 4122 gesta
3286 4098 3299 4120 ,
3330 4071 3450 4109 cum
3484 4061 3789 4125 proximum

2204 4149 2342 4189 esset
2369 4147 2422 4190 ut
2448 4140 2637 4205 patria,
2667 4139 2826 4192 domo
2855 4151 2908 4192 et
2939 4143 3046 4210 ipsa
3080 4144 3181 4194 vita
3211 4145 3513 4209 excideret,
3549 4147 3664 4214 ipso
3691 4165 3790 4203 ca-

2201 4225 2446 4279 lamitatis
2473 4237 2728 4296 tempore,
2757 4230 2912 4283 vilem
2945 4221 3314 4302 abiectumque
3345 4237 3563 4289 militem
3597 4240 3790 4295 videns

2198 4316 2534 4370 insultantem
2571 4319 2668 4371 sibi
2697 4330 2751 4373 et
2779 4321 3162 4377 conviciantem
3189 4366 3204 4388 ,
3253 4341 3354 4377 non
3394 4329 3564 4380 solum
3609 4332 3785 4388 viet-m

2198 4420 2300 4457 non
2333 4407 2561 4459 reddidit
2584 4449 2596 4468 ,
2641 4409 2730 4462 sed
2759 4411 2917 4462 etiam
2949 4413 3135 4466 ducem
3167 4417 3464 4484 quempiam
3499 4419 3672 4486 ipsum
3701 4425 3788 4477 in-

2129 4541 2134 4545 .
2197 4497 2442 4550 terimere
2464 4499 2722 4554 volentem
2752 4503 3040 4571 impedivit,
3071 4507 3251 4561 dicens
3279 4527 3290 4561 :
3323 4507 3571 4564 Dimittite
3596 4513 3781 4582 illum,

2191 4586 2310 4652 quia
2338 4586 2582 4641 Dominus
2611 4591 2865 4644 mandavit
2902 4595 2946 4644 ei
2973 4597 2987 4659 (
3011 4595 3063 4646 ἓ.
3096 4596 3216 4665 licg.
3252 4599 3338 4650 l6.
3365 4600 3420 4651 ll
3454 4603 3493 4668 ).
3542 4601 3780 4665 Rursum

2191 4675 2552 4730 sacrrdotibus
2581 4683 2903 4749 rogantibus.
2938 4683 3117 4737 liceret
3160 4686 3257 4739 sibi
3300 4704 3418 4741 cum
3467 4672 3564 4743 illud
3593 4711 3777 4750 arcani

2190 4766 2534 4822 circumferre
2556 4812 2569 4830 ,
2603 4772 2648 4822 id
2680 4789 2782 4825 non
2817 4790 3004 4842 passus
3033 4789 3112 4829 cst
3144 4777 3272 4830 :scd
3300 4781 3422 4847 quid
3447 4783 3559 4835 ait?
3603 4785 3781 4841 Iletluc

2186 4873 2354 4907 arcam
2381 4856 2584 4910 Domini
2609 4861 2657 4912 in
2686 4865 2955 4926 civitatem,
2989 4874 3032 4916 et
3058 4876 3147 4916 stet
3173 4868 3222 4917 in
3253 4869 3362 4920 loro
3397 4888 3506 4923 suo.
3542 4874 3601 4927 Si
3630 4878 3774 4928 inre-

2187 4964 2303 5000 ncro
2324 4952 2540 5018 gratiam
2563 4954 2610 5003 in
2627 4969 2893 5023 conspectu
2919 4956 3140 5019 Domini,
3158 4971 3200 5010 ct
3225 4961 3503 5018 liberaverit
3527 4987 3604 5021 me
3635 4970 3776 5026 Deus

2184 5039 2244 5089 de
2268 5039 2567 5094 instantibus
2601 5045 2742 5098 malis
2766 5050 2800 5111 ',
2832 5048 3004 5099 videbo
3038 5049 3266 5103 decorem
3293 5056 3432 5121 ejus;
3475 5060 3552 5110 sin
3585 5061 3771 5116 dixerit

2243 5258 2251 5285 |
2283 5240 2370 5330 lic
2399 5257 2655 5330 admodum
2682 5261 2863 5309 variant
2886 5266 3202 5330 exemplaria.
3228 5269 3356 5317 Sovil
3403 5280 3453 5320 ct
3477 5274 3753 5330 Morelma-

2175 5316 2297 5391 bent
2324 5325 2372 5383 ut
2401 5332 2447 5363 ιιι
2472 5326 2608 5391 textu
2640 5337 2646 5365 :
2673 5316 3129 5391 nratntscrtptivero
3156 5334 3294 5391 multi
3324 5316 3750 5391 (adibis

2175 5375 2308 5451 stabo
2331 5375 2379 5424 in
2401 5381 2591 5451 templo,
2614 5381 2720 5451 ειρὶ
2745 5375 3030 5451 liberaret-it
3060 5401 3133 5435 me
3170 5375 3232 5436 de
3275 5375 3741 5451 {manlia"iam:

2180 5439 2440 5518 Illacc‘e‘sr
2472 5439 2619 5487 lertio
2658 5443 2833 5518 GI‘J‘CIIJ
2857 5447 2943 5518 ed.-
2980 5445 3124 5515 lfiehl.
3169 5464 3312 5517 quam

2182 5499 2294 5544 liorr
2323 5499 2570 5572 Maiarum
2592 5516 2725 5572 vero,
2743 5504 2833 5569 sed
2857 5513 2963 5572 stet,
2993 5505 3162 5571 inquit,
3186 5499 3234 5558 in
3261 5499 3436 5571 tempto
3458 5499 3750 5572 f—citr'si

2175 5563 2349 5624 raw-it
2375 5574 2448 5608 me
2489 5563 2606 5638 liras
2631 5566 2688 5612 (te
2735 5563 3013 5618 instantibus
3036 5563 3199 5632 titulis,
3228 5563 3395 5622 t'ittefio
3420 5563 3748 5638 puict'n'itnil'i-

2177 5632 2279 5668 ngat
2305 5634 2424 5682 ejus,
2457 5629 2552 5669 ctu.
