4040 6420
233 500 363 555 tttt'lti
381 541 397 566 ,
426 501 564 557 Nolo
594 513 643 558 te
671 518 690 557 :
719 518 832 558 ecce
855 519 967 574 ego,
995 504 1147 573 faciat
1177 505 1301 557 nti/ti
1329 506 1466 566 quod
1489 514 1562 557 est
1592 505 1834 570 placitum

233 592 292 646 in
316 602 583 662 conspectu
606 610 722 663 ejus
750 594 823 663 (2.
852 592 981 665 Reg.
1006 594 1091 649 15.
1116 595 1207 649 25.
1234 594 1344 663 26).
1377 592 1509 647 lllud
1536 609 1665 649 vero
1692 595 1833 665 quod

232 697 361 754 erga
390 684 603 739 Saulem
630 693 686 739 et
708 686 872 741 semel
899 696 954 740 et
980 687 1063 741 bis
1086 697 1143 740 et
1169 685 1366 754 pluries
1393 685 1539 752 fecit,
1570 697 1826 756 quantum

232 790 343 830 non
370 774 723 845 philosophiae
748 779 968 833 culmerr
980 778 1240 833 ostendit!
1266 777 1321 831 ω
1347 780 1489 833 enim
1518 788 1571 833 et
1596 790 1830 833 veterem

231 866 407 937 legem
437 869 763 936 superabat,
796 878 847 925 et
874 869 939 923 ad
970 870 1263 938 apostolica
1295 869 1557 940 pra‘cep'ta
1590 874 1832 939 proxime

229 954 543 1011 accedebat.
594 958 719 1012 Ideo
756 961 1098 1035 omniaquae
1132 975 1161 1013 a
1204 961 1314 1015 Deo
1354 961 1830 1030 proﬁciscebantur

226 1045 693 1115 amplectebatur,
736 1063 835 1103 nec
877 1052 1138 1105 rationem
1181 1051 1429 1121 exigebat
1479 1068 1664 1107 eorum
1710 1069 1830 1123 quae

226 1136 566 1201 accidebant,
591 1138 685 1193 sed
706 1155 868 1194 unum
890 1141 1156 1207 studebat,
1181 1154 1238 1196 ut
1259 1143 1457 1211 ubique
1482 1144 1597 1212 ejus
1625 1144 1827 1213 legibus

226 1225 636 1297 obsequeretur.
664 1229 732 1282 Et
754 1238 876 1299 post
907 1238 983 1284 tot
1009 1239 1260 1301 tantaque
1288 1232 1542 1301 prmelara
1568 1233 1824 1302 facinora,

224 1318 420 1376 videns
451 1331 766 1391 tyrannum,
799 1323 1139 1391 parricidam,
1170 1325 1518 1393 fratricidam,
1546 1334 1824 1382 contume-

228 1410 446 1476 liosum,
468 1414 747 1478 furiosum,
766 1415 852 1483 qui
871 1430 1093 1483 regnum
1117 1430 1270 1470 suum
1291 1417 1578 1481 invaserat,
1610 1433 1675 1472 ne
1697 1420 1823 1473 illud

220 1502 444 1572 quidem
488 1503 589 1571 ipsi
632 1504 954 1559 olieudiculo
984 1506 1115 1560 fuit:
1148 1507 1241 1562 sed
1269 1509 1311 1561 si
1344 1504 1415 1562 ita
1449 1509 1555 1563 Deo
1583 1509 1823 1577 placeat,

221 1591 421 1663 inquit,
452 1594 576 1662 pelli
602 1610 709 1660 me,
741 1610 924 1650 errare
950 1605 1005 1651 et
1033 1596 1236 1667 fugere,
1269 1599 1416 1652 illum
1441 1611 1618 1657 autent
1653 1602 1703 1654 in
1730 1582 1825 1655 lm-

224 1698 360 1738 nore
395 1699 539 1750 esse,
570 1687 622 1741 id
650 1687 944 1756 amplector
987 1698 1147 1758 atque
1188 1691 1422 1760 suscipio
1446 1733 1460 1755 ,
1508 1702 1562 1746 et
1600 1696 1837 1762 gratiam

222 1774 403 1831 habeo
431 1791 526 1846 pro
548 1780 703 1834 malis
733 1779 1049 1835 innumeris.
1075 1780 1188 1835 Non
1220 1782 1451 1836 utmulti
1485 1783 1822 1852 impudentes

218 1880 287 1920 ac
307 1867 628 1937 petulantes,
658 1869 748 1938 qui
776 1885 844 1925 ne
874 1870 1144 1924 minimam
1173 1871 1387 1940 quidem
1421 1884 1623 1939 partem
1655 1875 1822 1942 probe

217 1968 494 2027 gestorum
522 1960 639 2028 ejus
663 1961 945 2029 exsequuti
974 1970 1120 2027 sunt,
1146 1963 1343 2031 quique
1368 1963 1413 2016 si
1440 1979 1575 2033 quos
1603 1965 1819 2019 videant

219 2061 481 2118 prospere
498 2064 681 2119 agere,
702 2064 763 2105 se
777 2064 907 2105 vero
927 2064 1146 2120 parvam
1167 2049 1466 2106 molestiam
1487 2055 1821 2110 mwstitiam-

1432 384 1505 442 ΙΝ
1542 384 1963 445 ΙΑἸἽἪΕΠΜ
2014 385 2251 447 H031"...
2275 389 2369 450 iV.

3469 406 3543 465 ω

1935 525 2040 580 que
2067 512 2270 577 subire,
2298 513 2594 567 innumeris
2622 514 2827 567 animas
2855 527 2977 568 snas
3007 513 3355 585 blasphemiis
3375 516 3531 573 labo-

1934 598 2154 654 l‘actant.
2202 602 2273 655 At
2314 616 2418 655 non
2451 601 2514 655 iis
2539 602 2730 657 similis
2762 603 2923 656 David
2959 612 3108 669 erat,
3138 606 3226 673 qui
3258 606 3354 659 fuit
3383 608 3531 661 οηιηὶ

1939 690 2199 746 modestia
2228 692 2501 761 prmtlitus.
2540 692 2664 748 ldeo
2692 693 2905 748 dicebat
2940 694 3115 749 Deus.
3160 694 3335 749 Inveni
3365 696 3534 751 David

1934 782 2098 850 filium
2123 781 2307 847 Jessrt',
2338 784 2500 837 cirum
2523 787 2802 838 secundum
2828 799 2916 837 cor
2942 800 3104 838 meum
3129 798 3149 853 κ
3179 783 3320 839 Psal.
3358 786 3447 841 88.
3477 788 3531 842 4.

1931 872 1994 928 2|
2019 876 2060 943 ).
2089 874 2273 930 Talem
2300 884 2354 930 ct
2380 891 2479 931 nos
2506 875 2874 946 possideanms
2898 876 3130 930 animam
3149 918 3164 941 ,
3194 886 3248 931 et
3276 878 3535 948 quidquid

1934 966 2199 1034 patimur,
2230 967 2422 1023 leniter
2446 968 2680 1024 feramus
2698 1009 2715 1035 ,
2742 976 2798 1023 et
2820 976 2943 1022 ante
2969 984 3227 1038 regnum,
3260 970 3345 1024 hic
3376 972 3535 1025 nobis

1935 1056 2203 1124 pariamus
2246 1056 2556 1112 humilitatis
2587 1067 2924 1127 proventum.
2958 1058 3089 1112 Nam
3131 1060 3202 1113 ait
3230 1077 3244 1112 ε
3282 1059 3475 1115 Discite
3498 1078 3532 1114 a

1932 1162 2032 1209 tne,
2055 1148 2174 1213 quia
2197 1149 2329 1201 mitis
2349 1164 2459 1201 sunt
2478 1160 2523 1201 et
2545 1147 2754 1202 humilis
2772 1150 2941 1213 corde,
2961 1158 3007 1202 et
3027 1148 3288 1204 invenietis
3307 1152 3533 1220 requiem

1933 1246 2191 1299 animabus
2230 1244 2406 1299 vestris
2446 1244 2681 1313 (Matth.
2713 1245 2934 1316 11.29)
2999 1245 3066 1301 Ut
3094 1246 3247 1314 igitur
3276 1254 3332 1299 et
3358 1245 3445 1299 hic
3470 1253 3526 1300 et

1932 1335 2040 1390 illic
2068 1335 2251 1404 requie
2279 1334 2538 1400 fruamur,
2564 1350 2771 1390 summa
2794 1352 2921 1392 cura
2950 1339 3188 1391 omnium
3216 1338 3477 1393 bonorum
3504 1338 3522 1370 ⁸

1926 1436 2153 1483 matrem
2193 1429 2544 1482 humilitatem
2577 1429 2628 1481 in
2654 1429 2934 1484 animabus
2973 1431 3168 1483 nostris
3199 1429 3518 1485 inseramus.

1928 1523 2019 1579 Sic
2042 1523 2185 1578 enim
2212 1536 2266 1578 et
2288 1523 2445 1593 lmjns
2471 1526 2591 1577 vitae
2620 1524 2834 1591 pelagus
2860 1525 2978 1578 sine
3001 1524 3251 1577 ﬂuctibus
3278 1527 3527 1593 trajicere

1930 1614 2248 1683 poterimus,
2279 1624 2332 1668 et
2358 1613 2423 1667 ad
2453 1613 2792 1683 tranquillum
2825 1614 2975 1667 illum
3007 1623 3219 1681 portum
3249 1617 3518 1684 navigare,

1927 1708 2096 1777 gratia
2134 1715 2189 1761 et
2226 1706 2552 1775 benignitate
2577 1706 2785 1759 Domini
2812 1706 2981 1758 nostri
3009 1704 3136 1759 Jesu
3162 1705 3357 1760 Christi
3383 1745 3399 1773 ,
3431 1712 3521 1765 cui

1928 1799 2096 1869 gloria
2121 1810 2176 1855 et
2198 1798 2480 1869 imperium
2507 1798 2559 1857 in
2585 1798 2776 1853 sarcula
2807 1796 3147 1851 saeculorum.
3183 1796 3374 1851 Amen.

1988 1989 2346 2064 flatanttscripti
2380 2003 2477 2064 non
2508 1992 2668 2064 pauci,
2702 1992 2949 2064 virtttttan,
2973 1994 3189 2064 Dlegunt,
3224 2012 3337 2064 quae
3370 2000 3521 2054 lectio

1925 2048 2107 2111 optime
2133 2048 2422 2113 quadraret;
2447 2048 2537 2102 sed
2559 2052 2778 2104 Attianus
2800 2048 2943 2117 legit.
2965 2048 3215 2108 bonorum.

248 2296 3518 2332 Mm...“

1626 2450 1981 2513 HOMILIA
2006 2470 2009 2471 '
2027 2449 2133 2517 IV.

260 2722 389 2776 Car.
424 2717 462 2772 Ι.
488 2734 538 2772 ν.
564 2719 651 2773 l7.
692 2717 878 2772 Omnes
911 2718 1065 2786 igitur
1104 2716 1446 2785 generationes
1488 2714 1548 2768 ab
1592 2713 1850 2766 Abraham

330 2825 487 2879 usque
511 2810 575 2862 ad
606 2790 789 2873 Dauid,
812 2808 1155 2878 generationes
1181 2806 1601 2876 quatuordecim;
1629 2814 1675 2857 et
1695 2820 1727 2855 a
1749 2802 1851 2855 Da-

328 2898 413 2952 tvt'd
438 2915 594 2968 usque
621 2899 689 2951 ad
709 2898 1203 2964 transmigrationem
1230 2895 1528 2965 Babylonis,
1556 2893 1843 2964 generatio-

328 3007 418 3045 nes
455 2990 878 3058 quatuordecim;
918 2998 964 3041 et
1006 3004 1038 3040 a
1083 2986 1526 3056 transntigratione
1569 2983 1847 3053 Babylonis

325 3098 483 3152 usque
503 3081 571 3134 ad
599 3081 872 3146 Christum,
900 3081 1242 3150 generationes
1270 3077 1671 3149 quatuordecim.

326 3215 379 3267 l.
404 3212 605 3267 Omnes
628 3210 999 3281 generationes
1021 3210 1071 3262 in
1103 3217 1210 3262 tres
1236 3218 1419 3276 partes
1435 3207 1636 3271 divisit,
1661 3216 1845 3260 osten-

253 3305 389 3360 dens
420 3305 538 3359 illos
568 3304 730 3358 etiam
758 3309 878 3373 post
906 3300 1211 3370 reipublicae
1237 3297 1464 3352 formam
1494 3298 1693 3367 pluries
1722 3313 1842 3350 mu-

251 3404 419 3449 tatam
448 3410 552 3448 non
583 3396 815 3448 evasisse
852 3392 1100 3445 meliores
1123 3429 1140 3456 ,
1174 3389 1269 3443 sed
1306 3388 1419 3443 sive
1457 3389 1803 3442 aristocratia:
1827 3428 1844 3453 ,

249 3484 365 3539 sive
392 3497 577 3551 regno,
606 3483 717 3536 sive
740 3480 1043 3552 oligarchia:
1074 3488 1342 3548 parerent,
1367 3481 1420 3532 in
1454 3477 1641 3532 iisdem
1666 3492 1845 3532 versa-

250 3585 336 3629 tos
364 3574 520 3627 malis
546 3588 665 3627 esse
696 3590 709 3626 :
738 3588 799 3626 ac
826 3586 1001 3641 neque
1044 3570 1267 3624 ducibus
1291 3610 1307 3635 ,
1348 3583 1523 3637 neque
1553 3567 1846 3622 sacerdoti-

250 3665 370 3725 bus,
402 3677 574 3733 neque
616 3662 829 3732 regibus
872 3676 987 3717 rem
1029 3661 1291 3729 publicam
1322 3656 1842 3725 administrantibus,

248 3755 507 3824 majorem
539 3770 703 3823 penes
728 3754 845 3807 illos
873 3752 1082 3806 virtutis
1105 3751 1367 3804 rationem
1397 3748 1581 3803 fuisse.
1616 3747 1723 3802 Cur
1745 3762 1844 3801 au-

248 3859 357 3902 tem
381 3848 431 3900 in
456 3847 629 3901 media
654 3855 800 3914 parte
825 3855 935 3898 tres
951 3843 1291 3911 prmtcrmisit
1310 3854 1481 3909 reges,
1504 3840 1555 3892 in
1577 3848 1844 3907 postrema

248 3949 428 3993 autem
456 3946 605 4007 parte
624 3934 1056 4005 generationibus
1082 3932 1362 3987 duodecim
1397 3939 1598 3983 tantum
1633 3930 1837 3998 positis,

247 4027 651 4099 quatuordecim
695 4028 836 4096 ipsas
865 4040 983 4079 esse
1013 4023 1175 4077 dicit?
1220 4022 1454 4076 Primam
1487 4020 1841 4087 quaestionem

249 4118 400 4172 vobis
426 4116 739 4170 solvendam
772 4117 1046 4183 relinquo;
1074 4127 1199 4183 non
1237 4112 1381 4164 enim
1416 4110 1594 4162 omnia
1633 4107 1844 4162 solvere

248 4212 400 4264 Vultis
428 4204 647 4263 necesse
676 4217 775 4268 est.
811 4222 878 4259 ne
904 4206 1056 4270 vobis
1086 4202 1354 4258 fastidium
1378 4213 1698 4271 generemus
1723 4215 1736 4252 :
1758 4211 1844 4253 se-

248 4302 475 4357 cundam
501 4313 675 4355 autem
704 4298 1112 4367 explanabunus
1135 4298 1173 4349 ι.
1202 4294 1326 4349 Mihi
1355 4302 1501 4348 certe
1526 4291 1734 4346 videtur
1752 4302 1845 4345 ea-

249 4385 509 4456 ptivitatis
540 4393 749 4451 tempus
776 4380 861 4433 bic
892 4394 988 4449 pro
1018 4392 1118 4431 una
1146 4378 1492 4446 generatione
1527 4372 1799 4428 numerari
1820 4410 1841 4442 ,

250 4478 346 4533 sed
374 4485 429 4531 et
457 4478 629 4545 ipsum
654 4474 925 4528 Christum
956 4470 1195 4543 [alteram
1226 4467 1505 4539 implere],
1535 4482 1694 4537 quem
1724 4467 1843 4523 ubi-

248 4582 356 4637 que
398 4566 549 4621 nobis
577 4562 871 4632 ceiijungit.
912 4562 954 4615 Ε
992 4576 1051 4615 re
1084 4568 1260 4612 autem
1297 4558 1652 4626 captivitatem
1694 4559 1838 4613 illam

248 4665 638 4714 commemorat
660 4696 676 4721 ,
705 4652 996 4709 ostendens
1025 4651 1151 4703 illuc
1176 4649 1431 4704 deducms
1456 4692 1470 4716 ,
1502 4665 1604 4703 non
1635 4658 1841 4717 tempe-

250 4749 513 4802 mulieres
531 4746 794 4809 evasisse;
826 4744 896 4797 ita
919 4752 973 4796 ut
994 4756 1209 4811 prorsus
1236 4741 1571 4795 necessarius
1598 4742 1842 4796 videatur

253 4830 414 4894 luisse
429 4836 626 4893 Christi
643 4836 921 4890 adventus.
944 4832 1079 4900 Quid
1102 4846 1231 4900 ergo
1252 4832 1456 4885 Marcus
1480 4846 1583 4885 non
1607 4832 1836 4901 idipsum

252 4934 380 5000 agit.
406 4948 575 5001 neque
597 4930 720 4985 Jesu
744 4926 1103 4997 genealogiam
1126 4933 1386 4987 recenset,
1403 4922 1498 4977 sed
1521 4923 1839 4992 compendio

252 5025 431 5080 omnia
478 5023 675 5077 refert?
718 5019 842 5075 Mihi
888 5018 1102 5087 quidem
1149 5015 1356 5070 videtur
1396 5013 1673 5069 Matthtcus
1714 5025 1839 5071 ante

252 5130 441 5171 omnes
465 5088 679 5167 manum
709 5109 858 5179 operi
885 5106 1188 5163 admovisse
1212 5124 1227 5161 :
1248 5112 1572 5175 quaprOpter
1589 5106 1841 5176 genealo-

317 5344 335 5376 ¹
376 5352 497 5395 Tres
517 5352 621 5393 Mss.
658 5356 726 5391 διε
750 5350 1031 5399 ιιειυυιιιμ...
1075 5341 1338 5391 secundum
1381 5348 1540 5391 autent
1571 5337 1853 5399 explanabi-

259 5420 384 5465 ntus,
404 5405 502 5457 into
524 5413 567 5454 ct
592 5403 801 5465 primaut
823 5416 1027 5513 quoque,
1055 5411 1149 5452 etc.
1175 5400 1248 5452 Ibi
1275 5401 1379 5453 tr'es
1402 5404 1591 5464 paginae
1613 5401 1848 5461 adjiciun-

260 5477 358 5513 tur.
384 5466 761 5513 ntexnltcentur
797 5464 827 5512 il
851 5478 891 5513 te
929 5465 1296 5513 quatuordecim
1329 5464 1700 5513 aenerationes.
1737 5474 1848 5513 uuzc

260 5464 761 5528 tur,’tttexpltt:entur
797 5464 891 5513 illic
929 5465 1296 5525 quatuordecim
1328 5464 1700 5528 generationes,
1737 5474 1849 5528 qua:

261 5525 373 5580 ante
399 5525 723 5590 captivitatem
760 5535 1096 5590 numerantur,
1121 5540 1308 5590 necnon
1330 5525 1695 5590 Quatuordecim
1720 5525 1848 5581 alite,

260 5604 369 5653 quae
396 5587 502 5652 post
518 5587 867 5653 Captivitatem.
893 5589 1005 5653 Quia
1034 5601 1150 5636 vero
1168 5588 1271 5653 haec
1292 5587 1576 5653 AabﬂAmano
1600 5587 1725 5634 lecta
1751 5599 1847 5633 non

262 5648 510 5709 suntfnec
535 5648 761 5712 videntur
788 5661 901 5712 esse
918 5648 1262 5712 Chrysostomi,
1290 5651 1339 5701 in
1372 5649 1518 5699 linem
1542 5648 1848 5698 Commenta-

259 5706 444 5763 riorum
468 5713 513 5762 in
532 5711 800 5762 ttattltatum
816 5706 1044 5771 ablegata
1066 5718 1195 5761 sunt.

1943 2718 2085 2788 giam
2128 2724 2378 2771 accurate
2422 2715 2605 2784 ponit,
2642 2721 2699 2769 et
2723 2714 2778 2769 in
2805 2714 2869 2769 iis
2894 2728 3015 2784 quae
3045 2719 3345 2769 necessaria
3382 2714 3536 2768 erant

1942 2807 2172 2874 insistit;
2219 2805 2427 2860 Marcus
2472 2818 2605 2859 vero
2645 2812 2766 2872 post
2809 2804 2983 2873 ipsum
3029 2804 3261 2873 scripsit,
3310 2803 3538 2869 ideoque

1940 2896 2260 2967 compendio
2282 2894 2480 2959 Studet,
2507 2905 2692 2963 utpote
2711 2894 2805 2963 qui
2820 2893 2930 2962 jam
2957 2893 3097 2947 dicta
3120 2904 3174 2946 et
3200 2903 3321 2945 nota
3350 2907 3539 2967 recen-

1940 2964 2077 3044 seat;
2124 2987 2231 3039 Cur
2268 3000 2395 3053 ergo
2440 2986 2611 3038 Lucas
2649 2986 2809 3039 etiam
2839 2984 3203 3053 genealogiam
3232 2992 3287 3037 et
3315 2964 3532 3053 quidem

1940 3079 2181 3149 pluribus
2231 3076 2452 3131 scribit?
2508 3076 2639 3141 Quia
2694 3076 2975 3129 Matthtcus
3017 3076 3126 3144 jam
3189 3073 3537 3144 prmccsserat

1934 3144 2188 3238 viamque
2230 3174 2546 3237 paraverat,
2585 3165 2750 3218 voluit
2799 3165 2887 3218 ille
2930 3165 3127 3233 aliquid
3170 3167 3398 3234 amplius
3438 3181 3543 3221 nos

1939 3260 2187 3313 educere.
2231 3257 2469 3323 Quisque
2512 3254 2894 3320 discipulorum
2927 3256 3237 3323 magistrum
3270 3272 3425 3309 suum
3452 3265 3537 3311 est

1938 3349 2207 3411 imitatus;
2246 3349 2329 3399 hic
2359 3346 2603 3409 Paulum,
2628 3345 2872 3423 ubertate
2898 3346 3119 3405 ﬂumina
3148 3357 3489 3415 superantem
3516 3363 3531 3413 ;

1938 3441 2028 3495 ille
2052 3441 2290 3504 Petrum,
2320 3435 2564 3493 brevitati
2587 3430 2910 3491 studentem.
2940 3435 3048 3490 Cur
3068 3451 3231 3504 porro
3256 3438 3536 3494 Matthrcus

1937 3533 1991 3588 in
2020 3531 2241 3586 exordio
2271 3544 2376 3583 non
2407 3528 2577 3594 dixit,
2610 3527 2749 3582 sicut
2773 3538 2825 3581 et
2854 3526 3127 3596 prophetae
3148 3568 3163 3594 ,
3206 3527 3344 3581 Visio
3380 3546 3533 3595 quant

1935 3622 2059 3684 vidi,
2089 3621 2194 3685 vel,
2228 3618 2410 3674 Sermo
2447 3617 2535 3687 qui
2574 3622 2739 3688 [actus
2779 3624 2851 3671 est
2888 3617 2956 3669 ad
2996 3617 3113 3670 me?
3157 3617 3419 3683 Quoniam
3462 3618 3529 3671 ad

1937 3712 2073 3781 frugi
2119 3711 2363 3765 homines
2398 3708 2700 3773 scribebat,
2731 3708 2819 3775 qui
2850 3706 3140 3760 admodum
3173 3708 3328 3761 dictis
3356 3718 3533 3763 attcu-

1936 3806 2146 3859 dercnt.
2193 3803 2406 3857 Etenim
2444 3804 2554 3869 jam
2594 3809 2797 3869 patrata
2829 3800 3081 3853 miracula
3108 3798 3409 3855 clamabant
3435 3842 3448 3866 ,
3480 3811 3536 3858 et

1936 3897 2025 3965 qui
2053 3895 2388 3963 evangelium
2419 3893 2774 3961 accipiebant,
2808 3892 2961 3960 plane
2988 3891 3180 3947 ﬁdeles
3204 3902 3378 3947 erant.
3405 3894 3531 3955 Pro.

1934 3990 2215 4056 phetarum
2240 4002 2369 4039 vero
2396 3996 2637 4049 tempore
2666 3998 2772 4037 non
2801 3992 2879 4037 tot
2902 3994 3057 4036 erant
3087 3982 3339 4036 miracula
3363 4026 3379 4048 ,
3412 4001 3532 4053 qum

1940 4074 2315 4128 auctoritatem
2340 4075 2471 4143 ipsis
2493 4075 2765 4143 inderent,
2786 4087 2847 4133 et
2862 4095 3053 4149 magna
3076 4089 3205 4136 tunc
3226 4083 3545 4151 erumpebat

1942 4163 2530 4233 pseudoprophetarum
2560 4168 2746 4233 turba,
2776 4169 2971 4237 quibus
2999 4172 3167 4239 magis
3194 4174 3546 4228 attendebant

1938 4256 2129 4310 Judaei.
2154 4254 2514 4321 Quamobrem
2539 4257 2624 4313 hic
2641 4262 3025 4335 premmiorum
3048 4262 3240 4316 modus
3258 4264 3397 4331 apud
3420 4265 3542 4322 illos

1940 4347 2278 4411 necessarius
2311 4356 2451 4415 erat.
2498 4347 2553 4401 Si
2600 4363 2727 4403 vero
2774 4350 2926 4419 signa
2964 4350 3283 4419 quandoque
3326 4352 3544 4423 ﬁerent,

1941 4437 2292 4491 barbarorum
2314 4452 2496 4502 causa,
2522 4446 2579 4491 ut
2598 4439 2748 4492 multi
2768 4439 3021 4510 proselyti
3047 4443 3384 4511 accederent,
3413 4445 3544 4495 ede-

1941 4527 2157 4581 Lantur.
2193 4528 2417 4582 Fiebant
2446 4544 2657 4599 quoque
2680 4530 2827 4599 signa
2853 4531 2920 4583 ad
2952 4532 3041 4586 Dei
3078 4535 3367 4601 potentiam
3395 4535 3547 4590 exhi-

1938 4619 2189 4682 bendam,
2224 4619 2439 4689 quando
2467 4620 2757 4675 adversarii
2786 4623 3021 4676 subactis
3058 4623 3280 4690 Judazis,
3318 4626 3545 4682 deorum

1938 4722 2159 4763 suorum
2190 4708 2238 4762 vi
2270 4720 2324 4763 et
2351 4711 2552 4764 auxilio
2580 4724 2639 4763 se
2666 4712 2859 4766 vicisse
2890 4714 3169 4780 putabant,
3204 4726 3257 4768 ut
3287 4715 3338 4768 iu
3372 4716 3545 4788 {Egy-

1942 4808 2033 4871 pto
2058 4800 2315 4869 contigit,
2347 4800 2487 4854 unde
2528 4802 2825 4870 promiscua
2870 4804 3021 4855 turba
3071 4805 3301 4873 profecta
3332 4817 3415 4860 est
3448 4825 3460 4859 :
3496 4818 3548 4863 et

1939 4899 2125 4959 postea
2157 4892 2209 4943 in
2240 4890 2534 4959 Babylone,
2566 4908 2684 4960 qum
2710 4892 2777 4946 ad
2804 4892 3078 4947 fornacem
3109 4904 3165 4948 et
3189 4897 3394 4950 somnia
3426 4912 3552 4967 Spe-

1937 4991 2105 5036 ctant.
2153 4980 2284 5035 Erat
2319 4982 2480 5035 etiam
2522 4997 2645 5037 cum
2684 4984 2835 5053 signa
2874 4984 3168 5039 ederentur
3213 4986 3264 5039 in
3307 4986 3546 5051 deserto,

1938 5072 2153 5143 quando
2183 5073 2264 5126 sui
2291 5073 2429 5141 juris
2454 5083 2629 5140 erant,
2663 5075 3115 5144 quemadmodum
3146 5086 3201 5131 et
3228 5078 3368 5146 apud
3400 5094 3497 5131 nos
3534 5095 3547 5132 :

1939 5168 2137 5222 etenim
2166 5166 2306 5234 apud
2341 5181 2439 5220 nos
2468 5183 2590 5221 cum
2622 5169 2689 5222 ab
2716 5184 2901 5225 errore
2927 5186 3351 5241 enmrgeremus,
3387 5176 3539 5243 signa

1940 5259 2104 5313 multa
2130 5258 2367 5311 exhibita
2395 5269 2551 5323 sunt;
2581 5268 2701 5327 post
2726 5259 2842 5315 huic
2871 5270 3074 5329 autem,
3104 5279 3225 5318 cum
3260 5281 3383 5319 vera
3414 5267 3541 5321 reli-

1940 5348 2030 5418 gio
2058 5348 2258 5417 ubique
2283 5348 2627 5403 disseminata
2658 5360 2801 5404 esset
2824 5393 2837 5413 ,
2870 5352 2957 5405 illa
2988 5365 3358 5410 cessaverunt.
3389 5356 3542 5421 Quod

1942 5441 1986 5494 si
2010 5448 2129 5509 post
2155 5442 2355 5493 exitum
2386 5456 2451 5495 ex
2486 5441 2699 5495 deserto
2721 5444 2870 5513 signa
2902 5445 3039 5498 facta
3066 5455 3192 5500 sunt
3214 5488 3228 5511 ,
3262 5449 3351 5501 ilia
3377 5464 3543 5518 pauca

1942 5541 1997 5586 ct
2021 5533 2221 5586 rariora
2249 5532 2497 5596 fuerunt;
2538 5543 2593 5587 ut
2620 5549 2741 5589 cum
2770 5537 2847 5589 sol
2878 5538 3153 5604 substitit,
3188 5541 3269 5595 vel
3301 5557 3422 5595 cum
3452 5559 3543 5599 rc-

1946 5638 2179 5680 trorsum
2210 5625 2396 5681 abivit.
2441 5624 2605 5693 Signa
2649 5642 2861 5697 quoque
2888 5630 3027 5697 apud
3061 5645 3161 5684 nos
3193 5630 3325 5686 facta
3363 5635 3543 5691 videre

1945 5717 2091 5772 licuit
2118 5734 2131 5770 :
2161 5734 2282 5773 nam
2312 5728 2467 5774 aetate
2497 5728 2675 5773 nostra
2708 5718 2807 5775 sub
2832 5718 3065 5791 Juliano,
3089 5722 3179 5791 qui
3208 5734 3395 5777 omnes
3431 5721 3536 5775 im-
