4040 6416
537 398 598 450 ιι

539 499 734 560 pietate
761 486 1052 554 superavit,
1073 484 1234 538 multa
1260 481 1621 549 mirabilisque
1649 481 1782 534 facta
1803 487 1945 533 sunt.
1974 478 2102 528 Cum

539 581 680 633 enim
735 578 903 632 Judwi
950 574 1199 644 templum
1242 570 1740 640 Jerosolymitanum
1785 569 2105 625 retedilicare

539 677 823 729 tentarent,
854 665 990 734 ignis
1029 679 1061 717 e
1095 660 1448 716 fundamentis
1485 673 1770 728 erumpens
1798 673 1984 714 omnes
2008 658 2104 712 de-

541 757 764 820 terruit;
793 764 843 808 et
870 768 990 808 cum
1020 751 1262 806 Julianus
1290 751 1519 804 furorem
1550 764 1700 803 suum
1733 749 1784 803 iu
1814 762 1934 802 vasa
1957 763 2105 802 sacra

541 854 850 908 exerceret,
880 854 1113 912 quiestor
1137 851 1191 896 ct
1218 840 1410 896 Juliani
1448 840 1737 894 avunculus
1774 839 1872 908 ipsi
1908 853 2104 908 cogno—

541 936 700 990 minis
745 933 885 1004 plexi
929 942 1055 986 sunt
1080 949 1095 986 :
1125 931 1269 1002 prior
1305 930 1451 984 enim
1487 945 1519 982 a
1553 931 1821 985 vermibus
1857 943 2121 984 corrosus.

544 1027 744 1080 interiit
769 1068 783 1091 ,
813 1026 947 1083 alter
973 1038 1100 1078 vero
1126 1021 1328 1075 medius
1357 1021 1600 1090 diruptus
1624 1031 1736 1085 est;
1781 1021 2111 1088 peractisque

545 1119 739 1172 ibidem
768 1115 1040 1171 sacrificiis
1061 1114 1233 1168 fontes
1254 1113 1580 1177 defecerunt,
1607 1125 1661 1168 et
1686 1113 1850 1167 iantes
1878 1126 1995 1180 quae
2019 1125 2106 1164 eo-

544 1206 667 1264 dem
708 1209 998 1276 imperante
1033 1205 1274 1261 civitates
1301 1205 1528 1269 invasit,
1563 1205 1848 1260 maximum
1877 1210 1993 1258 erat
2016 1201 2114 1254 mi-

547 1299 805 1352 raculum.

596 1498 654 1552 2.
679 1498 826 1554 Solet
861 1497 1001 1552 enim
1039 1496 1177 1550 Deus
1223 1495 1340 1548 inec
1386 1490 1637 1548 exhibere
1664 1508 1676 1545 :
1704 1489 1916 1562 quando
1957 1489 2098 1544 mala

529 1607 686 1659 supra
710 1587 922 1642 modum
947 1596 1223 1656 augentur,
1247 1598 1366 1639 cum
1397 1597 1522 1636 suos
1545 1583 1594 1634 in
1611 1583 1862 1634 aerumnis
1876 1579 2098 1641 versari,

531 1681 970 1746 adversariosque
1013 1676 1283 1747 tyrannica
1327 1675 1374 1729 vi
1422 1673 1734 1728 debaccharl
1768 1672 1947 1734 videt,
1980 1683 2104 1725 tunc

531 1783 682 1822 suam
697 1767 926 1821 ostendit
942 1765 1247 1833 potentiam.
1264 1761 1317 1815 Id
1331 1761 1469 1831 quod
1487 1761 1645 1816 etiam
1665 1762 1715 1812 in
1733 1758 1949 1813 Perside
1965 1758 2104 1810 circa

533 1858 744 1915 Judaeos
773 1857 1036 1926 praestitit.
1065 1854 1213 1919 Quod
1244 1867 1368 1921 ergo
1396 1867 1501 1905 non
1553 1851 1666 1904 sine
1705 1863 1864 1903 causa
1908 1845 2104 1900 Christi

537 1949 898 2016 progenitores
944 1946 995 1998 iu
1041 1953 1151 1997 tres
1197 1951 1374 2011 partes
1409 1939 1774 2000 distribuerit.
1821 1953 1886 1991 ex
1935 1949 2097 2002 supra

537 2035 691 2088 dictis
726 2035 896 2102 palam
921 2042 1023 2087 est.
1056 2031 1456 2086 Animadvertas
1487 2029 1645 2084 velim
1693 2027 1786 2080 ubi
1813 2027 2027 2090 incipiat
2058 2032 2107 2073 et

543 2142 649 2197 quo
673 2126 884 2181 desinat
913 2143 928 2180 :
969 2123 1037 2179 ab
1067 2123 1329 2177 Abraham
1362 2123 1413 2177 in
1452 2122 1735 2186 Davidem;
1766 2135 1796 2173 a
1828 2119 2024 2173 Davide
2051 2133 2104 2172 in

538 2218 891 2286 captivitatem
917 2215 1227 2286 Babylonis;
1278 2217 1344 2268 ab
1392 2213 1491 2267 hac
1520 2214 1574 2266 in
1608 2213 1781 2280 ipsum
1812 2209 2103 2266 Christum.

537 2308 667 2361 Nam
692 2306 841 2360 initio
861 2304 1047 2359 ambos
1076 2319 1177 2358 una
1207 2303 1346 2359 serie
1368 2303 1560 2370 posuit,
1583 2300 1831 2355 Davidcm
1862 2310 1914 2353 et
1939 2300 2107 2354 Abra-

539 2400 549 2448 Ι
572 2409 750 2452 alnum
789 2414 804 2451 :
830 2396 1022 2451 deinde
1041 2403 1320 2462 resumpta
1350 2394 1658 2463 genealogia
1685 2403 1970 2459 utrumque
1991 2405 2106 2442 me-

537 2489 778 2541 moravit.
810 2487 960 2549 Nam,
989 2495 1048 2539 ut
1069 2485 1179 2554 jam
1207 2484 1314 2538 dixi
1334 2526 1348 2547 ,
1381 2485 1484 2538 illis
1515 2483 1666 2536 facta:
1721 2483 1932 2535 fuerant
1979 2497 2107 2548 pro-

537 2577 832 2630 missioues.
860 2575 968 2629 Cur
1011 2590 1202 2643 porro,
1258 2583 1314 2627 ut
1343 2573 1714 2640 Babylonicam
1764 2571 2108 2636 transmigra-

535 2669 733 2722 tionem
767 2668 1101 2730 memoravit,
1134 2681 1236 2719 non
1275 2664 1494 2734 perinde
1519 2665 1808 2717 descensus
1841 2661 1891 2713 in
1939 2659 2108 2729 tEgy-

535 2768 682 2825 ptum
700 2757 1024 2812 mentionem
1051 2755 1172 2811 fecit
1194 2755 1217 2808 ?
1242 2753 1373 2821 Quia
1403 2752 1682 2823 Egyptios
1712 2767 1815 2803 non
1835 2751 1968 2803 ultra
1993 2764 2107 2802 me-

536 2850 782 2913 tuebant,
834 2848 1154 2919 Babylonios
1199 2861 1326 2899 vero
1355 2845 1527 2898 adhuc
1580 2842 1874 2897 tremebant
1929 2841 2103 2895 :illud

531 2940 671 2992 enim
699 2941 928 3007 priscum
959 2949 1106 2999 erat.
1132 2938 1232 2992 hoc
1261 2951 1386 2990 vero
1428 2951 1613 2990 recens
1637 2975 1652 3000 ,
1699 2944 1752 2988 et
1781 2935 1938 3002 paulo
1979 2941 2106 2986 ante

530 3041 775 3098 gestum;
807 3039 964 3097 atque
995 3027 1120 3082 illuc
1149 3041 1254 3081 non
1301 3026 1369 3080 ob
1399 3036 1615 3095 peccata
1662 3023 1876 3080 deducti
1906 3031 2100 3088 erant,

531 3120 665 3172 istuc
705 3134 832 3172 vero
874 3119 1136 3173 scelerum
1159 3131 1318 3170 causa
1350 3116 1591 3170 translati
1619 3115 1847 3169 fuerant.
1889 3114 1945 3169 Si
1974 3114 2094 3182 quis

531 3224 662 3263 vero
692 3211 964 3264 nominum
988 3210 1477 3276 interpretationem
1499 3205 1716 3275 aggredi
1759 3205 1924 3268 velit,
1958 3206 2099 3258 mul-

528 3307 634 3352 tam
667 3299 735 3354 ibi
765 3300 993 3369 reperiet
1017 3296 1324 3366 speculandi
1368 3298 1642 3349 materiam
1671 3335 1687 3359 ,
1720 3309 1839 3362 quae
1864 3294 1928 3347 ad
1969 3293 2100 3347 Novi

528 3388 852 3442 'i‘estamenti
876 3387 1275 3453 intelligentiam
1303 3385 1531 3437 maxime
1565 3382 1840 3446 conferat;
1872 3382 2102 3450 exempli

527 3492 680 3530 euulsa
707 3494 774 3530 ex
809 3476 1112 3530 nominibus
1152 3474 1436 3527 Abrahami
1469 3513 1483 3536 ,
1510 3473 1714 3534 Jacobi,
1750 3471 2056 3527 Salomonis
2081 3512 2096 3536 ,

526 3567 862 3621 Zorobabelis
893 3585 906 3619 :
941 3582 1044 3619 non
1077 3565 1218 3620 enim
1248 3557 1446 3617 temere
1475 3563 1587 3616 lucc
1626 3563 1728 3615 illis
1772 3562 1984 3615 nomina
2011 3563 2092 3615 in.

523 3658 629 3712 dita
662 3666 800 3710 sunt.
827 3657 931 3712 Sed
962 3672 1028 3710 ne
1068 3656 1274 3724 longius
1300 3662 1642 3707 excurrentes
1686 3652 1983 3707 molestiam
2011 3653 2095 3706 in-

525 3747 776 3811 feramus,
809 3748 986 3800 missis
1016 3746 1140 3809 illis,
1169 3745 1233 3797 ad
1262 3744 1426 3811 magis
1455 3743 1755 3796 necessaria
1796 3742 2093 3795 veniamus.

523 3839 652 3890 Cum
688 3839 863 3905 itaque
916 3835 1279 3904 progenitores
1305 3848 1490 3886 omnes
1519 3840 1922 3895 enumerasset,
1947 3839 2002 3884 et
2045 3831 2097 3884 in

521 3926 810 3993 Jusephum
833 3926 1098 3985 desiisset,
1125 3940 1228 3976 non
1258 3923 1343 3976 hic
1362 3922 1528 3987 stetit,
1553 3922 1644 3975 sed
1665 3920 1886 3985 addidit,
1902 3920 2095 3988 Ioseph

521 4018 686 4068 virum
707 4015 888 4067 Maria
913 4031 932 4068 :
958 4015 1243 4068 ostendens
1273 4027 1330 4066 se
1356 4019 1570 4081 propter
1593 4011 1732 4063 illam
1755 4011 1871 4078 ejus
1895 4025 2092 4079 genea-

522 4107 711 4173 logiam
757 4105 991 4158 duxisse.
1027 4103 1224 4156 Deinde
1269 4117 1336 4155 ne
1367 4102 1587 4154 audiens
1611 4141 1625 4164 ,
1669 4099 1844 4152 Virum
1868 4099 2052 4153 Maria:
2074 4141 2090 4167 ,

521 4205 736 4262 putares
761 4193 1027 4248 communi
1060 4203 1258 4245 natura:
1288 4193 1403 4259 lege
1431 4190 1703 4242 Christum
1735 4197 1915 4242 natum
1945 4206 2086 4244 esse:

518 4285 880 4337 animadverte
901 4281 1166 4350 quomodo
1191 4295 1252 4334 ea
1275 4279 1430 4332 addat
1455 4295 1572 4348 quae
1599 4279 1904 4346 Opinionem
1935 4280 2088 4334 istam

517 4378 804 4442 corrigunt.
843 4369 1068 4438 Audisti,
1105 4373 1310 4440 inquit,
1344 4373 1512 4424 virum
1538 4411 1552 4433 ,
1595 4370 1786 4423 audisti
1818 4381 2040 4424 matrem
2071 4412 2088 4437 ,

515 4464 706 4518 audisti
735 4478 927 4517 nomen
961 4478 1123 4531 puero
1153 4461 1242 4515 dat
1262 4476 1357 4524 Im;
1390 4459 1510 4514 audi
1544 4459 1702 4514 etiam
1728 4462 2087 4528 generationis

517 4553 754 4607 modum.
798 4552 882 4605 18.
930 4551 1055 4604 Iesu
1099 4549 1284 4603 Christi
1332 4560 1498 4603 autem
1546 4549 1802 4619 generatio
1847 4550 1918 4602 sic
1956 4560 2083 4602 erat.

515 4645 681 4708 Quam
711 4643 859 4703 mihi.
899 4656 1100 4710 quaeso,
1133 4640 1527 4708 generationem
1560 4641 1772 4693 narras?
1803 4655 1922 4691 nam
1954 4657 2079 4706 pro-

512 4740 780 4806 genitores
806 4734 921 4819 ejus
941 4733 1048 4799 jam
1081 4732 1282 4786 dixisti.
1307 4733 1375 4785 At
1399 4732 1519 4784 volo
1541 4731 1697 4783 etiam
1719 4732 2080 4799 generationis

512 4827 727 4878 modum
776 4839 1060 4891 exponere.
1097 4821 1277 4876 Viclen’
1315 4819 1582 4887 quomodo
1608 4820 1901 4874 auditorem
1929 4822 2078 4875 exci-

507 4905 720 4957 taverit?
736 4902 865 4958 Nam
892 4909 1038 4971 quasi
1058 4907 1180 4959 novi
1197 4907 1465 4975 quidpiam
1487 4907 1746 4974 dicturus,
1773 4924 1831 4963 se
1855 4910 2068 4963 modum

501 5009 715 5063 quoque
763 4996 1144 5063 explicaturum
1191 4998 1468 5066 promittit.
1500 4999 1562 5052 Et
1590 5000 1712 5053 vide
1752 4999 1880 5053 mihi
1927 5000 2073 5070 opti-

504 5100 643 5138 tuam
667 5085 929 5140 dictorum
978 5088 1575 5158 c0nsequentiam.Non
1620 5091 1762 5144 enim
1803 5091 1977 5143 statim
2007 5091 2072 5144 ad

501 5177 902 5243 generationem
928 5179 1075 5234 venit
1108 5197 1120 5231 :
1152 5179 1242 5233 sed
1276 5194 1372 5233 nos
1393 5181 1618 5248 primum
1649 5181 1852 5244 edocet,
1881 5193 2074 5251 quotus

500 5276 644 5320 esset
667 5269 733 5321 ab
762 5269 1062 5322 Abrahamo
1088 5310 1101 5332 ,
1131 5279 1324 5337 quotus
1368 5285 1397 5331 a
1430 5270 1625 5325 Davide
1653 5281 1705 5325 et
1749 5288 1777 5323 a
1812 5271 2062 5326 transmi-

501 5358 742 5422 gratione
772 5356 1072 5426 Babylonis,
1099 5368 1151 5411 ct
1173 5357 1479 5428 diligentem
1507 5360 1802 5414 auditorem
1829 5374 1927 5429 per
1955 5359 2068 5417 ha'c

502 5444 565 5496 ad
594 5457 885 5512 temporum
904 5451 1352 5513 computationem
1385 5450 1587 5507 invitat.
1619 5450 1910 5504 ostendens
1934 5451 2071 5505 hunc

499 5548 620 5588 esse
647 5534 913 5588 Christum
945 5551 973 5588 a
1019 5523 1292 5605 prophetis
1340 5538 1700 5607 praedicatum.
1753 5537 1882 5592 Cum
1929 5547 2070 5594 enim

501 5629 868 5692 generationes
899 5631 1258 5684 numeraveris
1278 5673 1292 5694 ,
1323 5639 1482 5698 atque
1529 5646 1589 5685 ex
1638 5632 1890 5702 temporis
1923 5646 2068 5686 com-

1264 381 1323 440 Β.
1360 379 1645 439 ιοΔΝΜδ
1683 376 2094 434 ειιειγεοδτο

2202 377 2514 435 ABCIIIEP.
2553 380 3095 440 CONSTANTINOP.

3709 387 3776 444 42

2233 486 2502 552 putatione
2529 485 2780 541 didiceris
2803 487 3054 542 eumdem
3088 487 3260 557 ipsum
3282 501 3406 543 esse
3430 527 3446 553 ,
3480 484 3641 540 facile
3660 486 3810 540 exci-

2225 577 2340 642 pies
2383 576 2696 630 miraculum
2744 576 2794 630 in
2824 577 2940 645 ejus
2985 587 3108 630 ortu
3147 586 3433 646 patratum.
3480 576 3617 643 Quia
3668 575 3807 628 enim

2225 681 2473 734 magnum
2503 665 2772 734 quidpiam
2803 667 3119 735 loquuturus
3148 676 3281 732 erat,
3324 667 3466 736 quod
3494 683 3560 720 ex
3585 664 3808 733 Virgine

2225 766 2380 808 natus
2400 763 2558 816 esset,
2586 755 2891 823 priusquam
2917 765 3129 826 tempus
3149 765 3423 824 computet
3442 796 3455 818 ,
3477 755 3810 809 subobscure

2224 843 2477 913 loquitur,
2513 842 2689 896 Virum
2717 843 2898 898 Maria:
2925 845 3109 900 dicens
3134 886 3152 911 ,
3182 846 3308 915 quin
3351 855 3406 899 et
3432 845 3802 914 generationis

2223 936 2415 989 seriem
2443 935 2730 989 intersecat
2762 953 2775 988 :
2811 937 3132 1006 insuperque
3159 951 3327 990 annos
3355 944 3644 990 enumerat
3668 978 3684 1000 ,
3711 935 3805 988 ad-

2222 1039 2444 1081 monens
2481 1023 2808 1090 auditorem,
2833 1024 2972 1079 hunc
2993 1025 3167 1094 ipsum
3197 1040 3318 1080 esse
3343 1066 3357 1088 ,
3385 1040 3544 1093 quem
3579 1027 3812 1093 patriar-

2217 1113 2315 1167 cba
2332 1113 2496 1168 Jacob
2513 1112 2666 1181 (Gen.
2689 1114 2777 1169 49.
2809 1114 2920 1184 10),
2945 1113 3314 1169 deﬁcientibus
3337 1115 3552 1169 demum
3571 1114 3814 1169 Judaicis

2219 1203 2563 1272 principibus,
2599 1203 2902 1259 adfuturum
2937 1204 3070 1259 dixit
3095 1222 3108 1256 :
3131 1220 3291 1274 quem
3335 1206 3590 1276 propheta
3621 1206 3810 1259 Daniel

2218 1293 2384 1362 (Cap.
2415 1293 2469 1349 9.
2502 1311 2550 1348 υ.
2581 1295 2651 1350 25
2673 1325 2699 1336 -
2724 1295 2834 1368 27)
2873 1305 2992 1366 post
3021 1296 3212 1349 multas
3268 1297 3384 1349 illas
3434 1297 3807 1350 hebdomadas

2215 1391 2494 1438 venturum
2557 1401 2677 1440 esse
2740 1387 3004 1455 praedixit.
3072 1385 3128 1440 Si
3177 1387 3298 1453 quis
3347 1393 3526 1440 autem
3578 1387 3815 1441 voluerit

2214 1488 2382 1528 annos
2411 1475 2530 1528 illos
2567 1491 2666 1544 per
2703 1475 3157 1530 hebdomadarum
3195 1490 3475 1529 numerum
3507 1476 3575 1528 ab
3604 1476 3806 1545 angelo

2216 1566 2415 1620 Danieli
2447 1567 2617 1621 dictos
2640 1609 2654 1631 ,
2699 1568 2766 1621 ab
2789 1567 3142 1622 aedificatione
3169 1567 3313 1622 urbis
3339 1582 3668 1621 enumerans
3691 1607 3707 1628 .
3743 1568 3795 1620 in

2215 1655 2382 1722 ipsius
2407 1666 2581 1709 ortum
2612 1655 2942 1712 descendere
2967 1697 2983 1722 ,
3032 1657 3145 1711 base
3193 1671 3316 1710 cum
3349 1657 3453 1710 illis
3477 1658 3796 1711 consentire

2212 1745 2595 1813 deprehendet.
2629 1746 2722 1801 Dic
2746 1761 2875 1816 ergo
2899 1748 3170 1816 quomodo
3198 1755 3354 1801 natus
3377 1749 3447 1802 sit
3475 1765 3487 1800 :
3511 1745 3643 1802 Cum
3666 1755 3801 1800 esset

2211 1838 2520 1904 desponsata
2549 1845 2710 1889 mater
2729 1838 2838 1906 ejus
2866 1836 3056 1890 Maria.
3092 1837 3205 1892 Non
3235 1837 3402 1901 dixit,
3449 1837 3612 1906 Virgo
3637 1877 3655 1902 ,
3701 1839 3799 1891 sed

2211 1927 2524 1994 simpliciter
2547 1967 2563 1992 ,
2620 1925 2809 1994 Mater,
2839 1937 2896 1982 ut
2922 1943 3102 1982 sermo
3141 1928 3292 1982 facile
3318 1938 3623 1996 caperetur.
3663 1927 3794 1981 Ideo

2208 2030 2327 2068 cum
2361 2017 2506 2085 prius
2531 2029 2878 2086 prrparasset
2905 2019 3199 2074 auditorem
3230 2019 3296 2073 ad
3325 2020 3522 2089 aliquid
3555 2022 3790 2086 eorum,

2207 2124 2325 2174 qua:
2353 2123 2415 2162 ex
2447 2122 2598 2182 more
2640 2110 2889 2174 veniunt,
2917 2111 3240 2165 audiendum
3265 2151 3281 2173 .
3326 2120 3382 2165 et
3425 2113 3476 2164 in
3518 2112 3621 2166 hac
3648 2111 3802 2181 cogi-

2208 2198 2405 2249 tatione
2433 2197 2746 2251 retinuisset
2769 2239 2784 2259 .
2817 2210 2940 2253 tunc
2967 2200 3222 2268 percellit.
3269 2214 3384 2254 rem
3416 2199 3792 2256 admirandam

2204 2284 2532 2354 subjungens
2564 2285 2646 2339 his
2674 2287 2850 2340 verbis
2879 2305 2892 2339 :
2926 2289 3204 2357 Antequam
3225 2290 3565 2355 convenirent,
3590 2291 3800 2344 uiuam

2204 2386 2275 2427 est
2300 2378 2351 2428 in
2371 2386 2510 2429 utero
2535 2377 2725 2431 habens
2751 2380 2813 2431 de
2851 2378 3050 2445 Spiritu
3073 2389 3266 2434 sancto.
3295 2379 3410 2435 Non
3441 2381 3593 2446 dixit,
3626 2384 3800 2437 Ante-

2210 2490 2367 2543 quam
2390 2474 2673 2531 duceretur
2706 2475 2758 2528 itt
2804 2475 3020 2529 domum
3050 2477 3230 2546 sponsi
3263 2495 3275 2530 :
3319 2479 3460 2531 intus
3495 2479 3638 2532 enim
3682 2479 3799 2546 jam

2207 2577 2342 2621 erat.
2361 2566 2496 2620 Nam
2522 2581 2638 2620 mos
2671 2566 2856 2633 priscis
2883 2576 2996 2620 erat
3025 2582 3249 2636 sponsas
3277 2577 3328 2621 ut
3361 2569 3646 2636 plurimum
3674 2569 3780 2622 do—

2207 2657 2275 2710 mi
2308 2667 2487 2710 tenere
2511 2696 2524 2720 ,
2573 2657 2681 2710 imo
2707 2657 2866 2709 etiam
2895 2671 3035 2709 nunc
3072 2656 3122 2709 id
3159 2657 3339 2710 videre
3379 2667 3464 2712 est
3507 2675 3521 2712 :
3567 2669 3621 2712 et
3669 2658 3792 2712 Lnti

2203 2745 2384 2815 generi
2415 2761 2534 2800 cum
2580 2745 2696 2814 ipso
2727 2745 3054 2802 habitabant.
3083 2746 3364 2801 llabitabat
3415 2762 3546 2817 ergo
3573 2757 3629 2802 et
3676 2748 3794 2818 ipsa

2205 2853 2322 2892 cum
2351 2836 2606 2907 Josepho.

2281 3004 2336 3058 5.
2383 3003 2488 3057 Cur
2515 3001 2685 3056 Maria
2727 3017 2826 3055 non
2852 3009 2968 3056 ante
2990 3001 3250 3071 sponsalia
3287 3000 3588 3068 conceperit.
3617 2998 3797 3067 Spiri-

2207 3103 2284 3146 tus
2310 3093 2534 3160 operatio
2561 3094 2611 3145 in
2643 3089 2847 3162 Virgine
2867 3108 2965 3144 non
2993 3091 3321 3158 exploranda.
3345 3120 3415 3130 —
3431 3091 3535 3145 Sed
3557 3105 3655 3144 cur
3684 3105 3792 3146 non

2203 3192 2326 3235 ante
2379 3181 2645 3250 sponsalia
2695 3180 3102 3249 coneepit?Ut,
3146 3180 3591 3247 quemadmodum
3636 3180 3773 3244 dixi,

2204 3286 2291 3323 res
2319 3272 2696 3333 occultaretur,
2726 3279 2780 3324 et
2810 3281 2868 3324 ut
2899 3269 3060 3339 Virgo
3099 3285 3315 3339 pravam
3361 3284 3574 3323 omnem
3603 3272 3792 3339 suSpi-

2202 3364 2408 3416 cionem
2436 3363 2712 3432 effugeret.
2752 3362 2975 3428 Quando
3016 3363 3157 3416 enim
3203 3364 3309 3422 ille.
3355 3364 3444 3429 qui
3473 3362 3598 3431 plus
3624 3376 3788 3431 quam

2202 3466 2386 3504 omnes
2429 3453 2686 3521 zelotypia
2720 3453 2914 3520 corripi
2943 3460 3171 3520 poterat,
3218 3452 3500 3506 videbatur
3527 3466 3644 3506 eam
3680 3469 3788 3507 non

2205 3542 2363 3595 modo
2394 3557 2498 3594 non
2532 3541 2812 3595 traducere
2837 3583 2851 3606 ,
2884 3557 2982 3595 nec
3026 3543 3347 3596 iuhonorare
3371 3583 3387 3607 ,
3415 3542 3510 3598 sed
3538 3545 3703 3598 etiam
3735 3547 3787 3598 in

2199 3633 2525 3685 consortium
2572 3632 2834 3699 accipere,
2883 3632 3086 3700 ipsique
3117 3633 3418 3686 ministrare
3462 3636 3784 3702 praegnanti,

2201 3721 2371 3786 palam
2404 3731 2484 3772 est
2513 3736 2632 3772 eum
2665 3735 2771 3772 non
2800 3721 2876 3773 sic
2908 3721 3188 3786 facturum,
3224 3721 3322 3773 nisi
3347 3735 3655 3789 persuasum
3692 3724 3786 3775 ha-

2197 3810 2398 3862 buisset
2443 3825 2558 3863 eam
2606 3825 2669 3863 ex
2699 3811 2895 3878 Spiritu
2940 3821 3124 3864 sancto
3161 3811 3469 3880 concepisse
3499 3827 3513 3876 ;
3544 3813 3783 3880 alioquin

2198 3899 2336 3951 illam
2387 3916 2482 3954 nec
2528 3901 2666 3968 apud
2710 3915 2768 3954 se
2815 3901 3142 3966 retinuisset,
3175 3916 3272 3956 nec
3303 3902 3354 3955 in
3383 3903 3502 3956 aliis
3543 3919 3642 3958 suo
3673 3906 3781 3958 mi-

2195 3989 2414 4041 nisterio
2444 3989 2689 4058 dignatus
2716 4001 2879 4044 esset.
2912 3991 3168 4060 Apposite
3208 4001 3383 4045 autem
3425 4002 3478 4046 et
3521 3993 3647 4046 illud
3691 3995 3782 4047 ad-

2191 4079 2346 4144 jecit,
2381 4078 2594 4131 Inuenta
2624 4091 2694 4132 est
2726 4083 2777 4134 in
2817 4089 2959 4134 utero
2989 4083 3181 4137 habens
3200 4102 3217 4147 ;
3251 4083 3302 4136 id
3333 4083 3474 4150 quod
3503 4084 3606 4136 dici
3639 4088 3781 4138 solet

2195 4166 2245 4217 in
2290 4167 2448 4218 rebus
2476 4169 2771 4235 stupendis,
2822 4185 2940 4238 qua:
2984 4181 3181 4239 prmter
3222 4186 3372 4240 spem
3417 4183 3470 4224 et
3499 4185 3780 4241 exspecta-

2194 4257 2390 4310 tionem
2440 4273 2651 4311 omnem
2697 4262 2963 4315 accidunt.
3010 4262 3087 4317 Nc
3131 4265 3289 4335 igitur
3316 4266 3449 4319 ultra
3491 4268 3778 4336 procedas,

2193 4365 2257 4401 ne
2288 4349 2412 4417 quid
2441 4366 2646 4418 quaeras
2679 4354 2810 4406 ultra
2840 4369 2900 4407 ea
2931 4371 3049 4423 qua:
3074 4357 3210 4411 dicta
3241 4367 3384 4417 sunt.
3416 4373 3591 4428 neque
3619 4360 3778 4415 dixe-

2189 4442 2283 4504 ris,
2313 4444 2587 4508 Quomodo
2609 4445 2838 4512 Spiritus
2860 4457 3075 4501 sanctus
3102 4449 3151 4502 id
3178 4466 3240 4504 ex
3271 4449 3487 4520 Virgine
3516 4462 3775 4519 operatus

2178 4535 2306 4588 est?
2336 4536 2389 4588 Si
2428 4537 2568 4589 enim
2597 4547 2778 4592 natura
2809 4551 3064 4608 operante
3090 4557 3248 4597 nemo
3280 4552 3453 4612 potest
3484 4544 3759 4598 formatio-

2181 4627 2262 4677 nis
2301 4626 2515 4680 modum
2561 4628 2824 4696 explicare
2849 4671 2864 4691 ,
2897 4634 3165 4699 quomodo
3195 4634 3395 4700 Spiritu
3446 4633 3768 4689 mirabiliter

2179 4727 2365 4785 agente
2389 4760 2404 4783 ,
2453 4720 2741 4786 poterimus
2785 4723 2898 4777 haec
2942 4724 3274 4792 explanare?
3307 4725 3382 4779 Ne
3412 4726 3552 4779 enim
3597 4742 3764 4781 evan-

2178 4810 2418 4875 gelistam
2449 4825 2670 4864 vexares
2699 4820 2751 4866 et
2778 4812 3095 4881 importunis
3122 4817 3506 4885 quzestiouibus
3527 4817 3764 4883 exagi'a-

2179 4915 2284 4962 res,
2313 4901 2424 4965 ipse
2441 4903 2717 4955 enuntiato
2740 4903 2976 4958 miraculi
3008 4916 3227 4962 auctore
3253 4923 3373 4961 sese
3404 4909 3484 4960 his
3511 4910 3764 4978 omnibus

2179 4991 2437 5045 liberavit.
2473 4991 2610 5044 Nihil
2660 4994 2790 5046 ultra
2821 4997 2952 5060 scio,
2989 4997 3185 5065 inquit.
3221 4999 3320 5051 uisi
3353 4999 3452 5052 hoc
3489 5015 3517 5052 a
3549 4999 3755 5067 Spiritu

2177 5078 2370 5134 factum
2403 5096 2547 5136 esse.
2585 5082 2911 5138 Erubescaut
2942 5086 2974 5139 ii
3020 5089 3108 5154 qui
3142 5102 3425 5157 supernam
3454 5091 3759 5157 generatio-

2176 5185 2297 5224 nem
2328 5172 2594 5226 curiosius
2619 5175 2917 5243 explorant.
2945 5177 2997 5232 Si
3027 5179 3169 5231 enim
3204 5180 3337 5234 hanc
3364 5196 3484 5248 quin
3510 5181 3755 5235 innume-

2176 5261 2248 5314 ris
2267 5263 2488 5317 testibus
2515 5265 2830 5329 celebratur,
2858 5278 2910 5322 et
2931 5279 3054 5322 ante
3079 5280 3154 5323 tot
3183 5272 3375 5324 sa‘cula
3405 5273 3756 5340 praenuntiata

2175 5352 2342 5407 fuerat
2372 5370 2490 5422 qum
2515 5365 2569 5408 et
2589 5358 2755 5413 oculis
2780 5370 2834 5413 et
2863 5362 3026 5413 tactui
3077 5363 3257 5430 pervia
3298 5361 3416 5425 fuit,
3467 5377 3626 5415 nemo
3655 5379 3752 5433 po-

2175 5455 2276 5499 test
2299 5447 2567 5516 explicare
2599 5465 2612 5503 :
2646 5451 2699 5504 in
2747 5467 2907 5520 quem
2940 5471 3042 5506 nnn
3089 5455 3307 5508 insania:
3347 5457 3614 5509 cumulum
3655 5458 3753 5510 dc-

2165 5538 2390 5591 .veniunt
2423 5539 2478 5603 ii,
2519 5540 2612 5607 qui
2655 5557 2901 5597 arcanam
2948 5545 3086 5597 illam
3137 5561 3347 5601 curiose
3373 5557 3672 5601 scrutantur
3700 5559 3751 5603 et

2171 5629 2499 5699 explorant?
2544 5631 2728 5704 Neque
2772 5638 2914 5692 enim
2962 5636 3212 5706 Gabriel,
3261 5654 3432 5710 neque
3472 5641 3750 5697 Manlia-os
