4040 6420
271 355 338 407 03
1417 353 1482 407 ΙΝ
1526 349 1945 409 ΜΛΤΤΙΙΕΗΜ
1992 355 2187 413 "0le
2269 362 2355 416 ιν.

251 480 399 537 aliud
444 481 716 551 quidpiam
764 480 944 535 dicere
974 489 1260 548 potuerunt
1281 521 1295 543 ,
1338 481 1437 533 nisi
1466 479 1607 548 quod
1637 495 1700 533 ex
1732 479 1855 547 Spia

250 575 362 628 ritu
395 585 549 628 natus
575 575 644 628 sit
672 589 686 635 ;
716 575 986 641 quomodo
1007 582 1183 626 autem
1214 583 1268 626 et
1293 587 1396 641 qua
1427 573 1632 626 ratione
1647 589 1711 626 ex
1738 573 1851 642 Spi-

251 666 362 718 ritu
390 675 544 719 natus
575 665 666 727 sit,
699 664 875 717 nullus
902 679 1088 717 eorum
1118 666 1500 730 interpretatus
1526 671 1609 717 est
1634 679 1647 727 ;
1683 678 1854 731 neque

251 759 399 810 enim
429 757 478 810 id
501 756 617 810 ﬁeri
650 765 875 824 poterat.
904 757 1084 825 Neque
1109 756 1386 810 arbitreris
1413 766 1464 810 tc
1494 764 1660 809 totum
1683 755 1852 808 edidi-

248 847 392 898 cisse
410 859 531 898 cum
549 846 722 906 audis,
748 845 1070 914 ExSpiritu:
1092 859 1214 897 nam
1237 854 1514 913 postquam
1531 845 1632 898 hoc
1643 843 1856 899 edidici—

249 949 392 995 mus,
411 934 574 986 multa
595 934 769 988 adhuc
789 936 1114 1004 ignoramus;
1138 934 1367 1002 exempli
1386 948 1567 1000 causa,
1585 933 1854 1002 quomodo

249 1041 297 1079 IS
326 1026 414 1094 qui
448 1026 736 1080 immensus
772 1037 871 1086 est.
901 1027 950 1078 in
991 1026 1144 1079 vulva
1184 1027 1528 1088 continetur;
1583 1025 1854 1092 quomodo

251 1115 297 1168 is
339 1117 425 1182 qui
457 1116 638 1168 omnia
687 1115 961 1178 continet,
995 1114 1047 1166 in
1095 1124 1246 1167 utero
1284 1115 1524 1168 mulieris
1569 1123 1849 1183 gestatur;

247 1206 522 1274 quomodo
553 1205 718 1273 Virgo
749 1206 959 1273 pariat,
988 1215 1042 1260 et
1081 1205 1240 1274 Virgo
1277 1213 1509 1259 maneat.
1539 1204 1843 1272 Quomodo,

253 1317 443 1371 quasso
473 1312 548 1367 te,
572 1301 806 1371 Spiritus
832 1302 1082 1369 templum
1105 1301 1233 1354 illud
1255 1300 1557 1353 ell'ormavit
1577 1300 1600 1351 ’ἔ
1621 1314 1847 1367 quomo-

252 1391 326 1446 do
353 1406 459 1446 non
491 1400 656 1446 totam
697 1407 912 1446 carnem
954 1407 1018 1446 ex
1051 1402 1220 1447 matre
1249 1393 1496 1460 sumpsit,
1517 1390 1612 1445 sed
1645 1401 1848 1459 partem

251 1482 391 1550 ejus,
421 1497 579 1549 quam
612 1482 761 1534 auxit
790 1492 843 1536 et
884 1481 1172 1535 formavit?
1211 1481 1343 1534 Nam
1389 1481 1531 1549 quod
1585 1497 1651 1534 ex
1686 1496 1849 1536 carne

253 1570 491 1640 Virginis
517 1571 805 1638 prodierit,
832 1571 1123 1624 declaravit
1150 1571 1232 1625 liis
1280 1571 1460 1625 verbis
1495 1588 1506 1624 :
1537 1571 1687 1636 Quod
1713 1572 1846 1623 enim

251 1662 304 1714 iu
335 1677 394 1714 ea
421 1671 596 1714 natum
623 1672 695 1714 est
719 1676 738 1714 :
763 1671 817 1716 et
849 1662 1043 1715 l’aulus
1065 1701 1078 1722 ,
1113 1660 1325 1714 Factum
1351 1677 1414 1715 ea:
1450 1662 1660 1714 muliere
1700 1660 1841 1731 (Gal.

251 1753 305 1808 4.
337 1753 396 1821 4)
429 1770 441 1804 :
481 1754 565 1806 Ea:
591 1753 820 1817 muliere,
853 1753 1040 1821 inquit,
1073 1767 1164 1807 ora
1193 1754 1477 1808 obstruens
1526 1768 1713 1807 eorum
1754 1752 1846 1821 qui

247 1841 514 1907 dicerent,
539 1843 691 1911 quasi
719 1857 814 1911 per
834 1842 1116 1910 quemdam
1146 1843 1384 1896 canalem
1410 1858 1504 1911 per
1525 1859 1642 1896 eam
1667 1853 1842 1897 trans-

250 1934 378 1986 iisse
434 1933 704 1987 Christum
750 1933 850 2002 (a).
900 1933 1033 1990 Nam
1063 1927 1120 1986 si'
1162 1933 1267 1988 hoc
1306 1944 1464 1999 esset,
1515 1936 1642 2004 quid
1691 1946 1847 1990 utero

247 2038 386 2090 opus
417 2022 641 2077 fuisset?
680 2024 735 2078 Si
766 2022 868 2078 hoc
899 2032 1043 2078 esset
1068 2062 1080 2084 .
1123 2023 1254 2077 nihil
1302 2024 1524 2078 haberet
1563 2025 1841 2079 nobiscum

247 2127 538 2167 commune
564 2129 578 2176 ;
613 2113 706 2168 sed
735 2115 839 2168 alia
867 2124 1012 2169 esset
1031 2114 1116 2168 illa
1145 2129 1294 2176 caro,
1323 2130 1429 2167 non
1455 2130 1520 2167 ex
1540 2130 1712 2170 massa
1741 2131 1842 2169 no-

245 2209 380 2252 stra.
405 2202 686 2266 Quomodo
705 2217 834 2272 ergo
853 2218 915 2257 ex
944 2204 1120 2258 radice
1146 2203 1313 2258 Jessae
1335 2205 1356 2257 l
1377 2205 1648 2272 quomodo
1673 2207 1839 2275 virga,

248 2291 333 2343 vel
378 2291 540 2343 Filius
580 2293 851 2347 hominis?
893 2294 1162 2362 quomodo
1185 2294 1283 2348 llos
1306 2296 1322 2326 ¹
1345 2295 1368 2346 ?
1392 2296 1662 2362 quomodo
1680 2296 1840 2350 Maria

248 2390 425 2435 mater
445 2383 630 2436 esset?
662 2399 768 2452 quo
798 2395 953 2452 pacto
997 2399 1063 2438 ex
1097 2386 1302 2439 semine
1346 2385 1549 2438 David?
1573 2389 1842 2455 quomodo

247 2472 477 2525 formam
508 2473 649 2526 servi
677 2474 987 2542 acceperit?
1029 2476 1300 2544 quomodo
1344 2475 1555 2528 Verbum
1600 2493 1720 2530 caro
1756 2481 1841 2547 fa-

245 2573 388 2616 ctum
408 2573 482 2616 est
509 2563 688 2632 (Joan.
719 2566 771 2618 1.
801 2565 890 2633 14)
915 2564 938 2617 ?
966 2580 1069 2634 qua
1114 2565 1323 2620 ratione
1363 2566 1555 2620 Paulus
1586 2567 1841 2622 Romanis

245 2652 420 2706 dixit:
453 2652 534 2706 Ea:
572 2652 748 2718 quibus
772 2653 999 2707 Christus
1044 2655 1324 2708 secundum
1379 2671 1602 2718 carnem,
1634 2658 1719 2722 qui
1763 2667 1837 2710 est

243 2759 401 2811 super
428 2745 599 2797 onmia
629 2743 764 2798 Deus
797 2743 972 2816 (Rom.
1003 2745 1056 2799 9.
1086 2745 1182 2813 5)?
1211 2745 1364 2810 Quod
1385 2745 1545 2815 igitur
1574 2760 1642 2800 ex
1664 2748 1837 2812 nobis,

245 2849 310 2888 ex
341 2849 516 2887 massa
545 2845 724 2888 nostra
749 2843 800 2889 et
821 2849 886 2889 ex
915 2844 1070 2888 utero
1101 2833 1330 2902 Virginis
1365 2834 1643 2903 prodierit,
1665 2838 1838 2905 palam

247 2935 332 2982 est
359 2941 423 2979 ex
454 2925 612 2980 dictis
649 2940 822 2995 exque
864 2925 981 2980 aliis
1031 2924 1274 2994 plurimis
1303 2941 1318 2978 :
1346 2925 1616 2994 quomodo
1661 2937 1839 2982 autem

246 3028 357 3067 non
390 3013 539 3068 item.
569 3013 648 3068 Ne
675 3014 835 3083 igitur
860 3014 913 3068 id
941 3022 995 3067 tu
1021 3027 1234 3083 quaeras
1257 3054 1273 3080 ,
1301 3014 1396 3068 sed
1419 3015 1602 3083 accipe
1620 3015 1672 3068 id
1699 3016 1842 3084 quod

246 3104 540 3168 revelatur,
565 3112 619 3159 et
643 3119 713 3159 ne
735 3103 949 3158 curiose
977 3113 1222 3157 scrutare
1243 3103 1296 3158 id
1322 3103 1464 3172 quod
1491 3113 1716 3159 tacetur.
1748 3107 1837 3160 19.

245 3192 448 3260 Joseph
469 3204 636 3247 autem
666 3195 741 3246 vir
770 3195 900 3263 ejus,
927 3209 1043 3246 cum
1064 3202 1193 3246 esset
1212 3193 1406 3260 justus,
1439 3194 1626 3262 inquit,
1649 3203 1696 3246 et
1723 3194 1840 3246 uol-

249 3283 318 3334 lct
348 3299 462 3335 eam
489 3282 756 3334 traducere
776 3323 790 3348 ,
819 3280 977 3334 uoluit
1029 3281 1223 3334 occulte
1254 3281 1505 3334 dimittere
1550 3298 1680 3334 eam.
1708 3284 1840 3338 Cum

235 3367 500 3430 dixisset,
535 3367 618 3422 Ex
667 3368 869 3436 Spiritu
900 3377 1106 3434 sancto,
1138 3377 1194 3422 et
1221 3367 1339 3422 sine
1373 3369 1482 3424 ullo
1515 3385 1829 3442 congressu,

234 3470 542 3510 sermonem
593 3469 749 3510 suum
789 3456 950 3511 etiam
989 3456 1205 3512 aliunde
1244 3457 1545 3513 confirmat.
1591 3459 1671 3515 Ne
1713 3463 1832 3531 quis

234 3547 384 3600 enim
415 3547 638 3614 diceret,
665 3546 818 3602 Unde
847 3547 950 3602 hoc
976 3547 1316 3602 manifestum
1352 3549 1481 3603 est?
1508 3550 1630 3618 quis
1660 3552 1830 3617 novit,

234 3639 358 3706 quis
379 3637 582 3691 audivit
610 3638 714 3693 tale
747 3639 1022 3708 quidpiam
1061 3638 1259 3693 factum
1289 3641 1450 3695 esse?
1489 3657 1556 3695 ne
1595 3638 1832 3711 suspica—

236 3728 376 3782 reris
412 3726 729 3796 discipulum
776 3729 830 3782 in
867 3729 1096 3797 gratiam
1137 3731 1377 3798 magistri
1429 3729 1533 3786 hoc
1556 3746 1834 3787 commen-

236 3827 354 3872 tum
385 3832 506 3873 esse
533 3834 548 3870 :
580 3818 782 3872 inducit
821 3818 1144 3888 Josephum,
1179 3835 1272 3887 per
1299 3834 1360 3874 ea
1391 3835 1511 3888 quae
1541 3836 1728 3890 passus
1750 3833 1836 3878 est

237 3907 324 3962 his
351 3908 509 3962 fidem
531 3907 832 3973 facientem,
860 3923 924 3962 ac
951 3909 995 3962 si
1023 3908 1224 3964 diceret
1257 3927 1270 3962 :
1300 3909 1355 3964 Si
1381 3910 1510 3964 mihi
1543 3911 1703 3967 ﬁdem
1729 3928 1834 3966 non

235 3997 427 4060 babes,
451 3997 494 4050 si
529 3998 888 4051 testimonium
928 4014 1102 4051 meum
1131 4000 1222 4052 tibi
1252 4011 1557 4067 suspectum
1585 4011 1687 4063 est,
1720 4017 1837 4056 cre-

237 4087 309 4140 de
343 4087 460 4140 viro
507 4086 670 4140 illius.
713 4086 907 4154 Ioseph
954 4089 1096 4141 enim
1119 4129 1132 4151 ,
1164 4089 1239 4141 ait
1265 4128 1278 4152 ,
1311 4090 1388 4142 uir
1409 4091 1538 4159 ejus,
1568 4107 1682 4143 cum
1711 4101 1838 4146 esset

229 4178 423 4246 justus.
464 4176 671 4232 Iustum
703 4177 788 4231 hic
832 4180 974 4231 omni
1015 4179 1210 4232 virtute
1245 4179 1525 4247 prazditum
1567 4180 1736 4235 dicit:
1768 4181 1835 4236 ad

232 4268 495 4336 justitiam
525 4270 666 4322 enim
710 4269 939 4337 pertinet
969 4284 1072 4322 non
1100 4284 1220 4324 esse
1249 4285 1490 4332 avarum,
1523 4280 1711 4340 estque
1743 4271 1833 4338 ju-

236 4361 381 4414 stitia
410 4362 585 4414 omnis
613 4361 780 4414 virtus
817 4379 831 4415 :
859 4371 916 4415 et
951 4361 1048 4414 hoc
1098 4363 1328 4415 maxime
1375 4376 1537 4415 sensu
1561 4362 1836 4430 Scriptura

233 4454 460 4522 iustitia:
501 4468 631 4508 voce
671 4456 854 4517 utitur,
887 4463 944 4507 ut
985 4456 1203 4523 quando
1234 4455 1363 4507 dicit
1396 4473 1408 4505 :
1449 4453 1615 4508 Homo
1637 4457 1832 4525 justus,

239 4559 394 4597 vero:
415 4543 536 4616 (Job
566 4544 616 4597 1.
653 4545 709 4614 1)
736 4560 750 4608 ;
776 4559 839 4598 ac
869 4559 1116 4608 rursum,
1149 4543 1314 4597 Erunt
1339 4546 1484 4598 ambo
1520 4546 1642 4609 iusti
1681 4545 1831 4616 (Luc.

241 4635 294 4688 t.
323 4632 401 4703 6).

300 4793 354 4846 4.
393 4792 608 4862 Iosephi
659 4791 842 4845 Maria:
871 4794 965 4846 viri
1019 4795 1212 4849 laudes.
1238 4826 1308 4835 —
1332 4797 1513 4853 Justus
1557 4817 1685 4870 ergo
1709 4818 1822 4856 cum

228 4890 377 4943 esset,
407 4882 458 4936 id
496 4894 610 4949 est,
655 4884 936 4952 benignus,
971 4885 1300 4952 moderatus,
1329 4890 1485 4942 voluit
1515 4893 1709 4947 occulte
1737 4895 1820 4946 dt-

230 4973 429 5025 mittere
469 4989 599 5026 eam.
635 4975 759 5030 ideo
789 4975 840 5028 id
880 4976 1019 5043 quod
1060 4977 1282 5047 contigit
1319 4992 1535 5036 enarrat
1576 4993 1698 5037 ante
1728 5001 1820 5040 no-

233 5065 402 5117 titiam
429 5063 629 5129 datam,
665 5075 722 5119 ut
748 5082 815 5120 ne
843 5065 1006 5121 fidem
1037 5067 1262 5132 deroges
1285 5071 1348 5124 iis
1379 5088 1500 5140 quae
1528 5089 1586 5128 re
1611 5079 1819 5144 cognita

283 5314 354 5384 (ς)
389 5314 442 5364 Id
461 5314 788 5384 Valentiniani
803 5313 1044 5384 dicebant,
1068 5320 1124 5362 ut
1139 5312 1294 5384 habet
1313 5313 1602 5384 Epiphanius
1618 5326 1668 5373 p.
1696 5315 1802 5372 172,

220 5385 302 5483 fxb
312 5374 500 5426 [reum
521 5391 568 5440 p.
598 5377 708 5436 189,
725 5388 811 5438 per
829 5374 1032 5426 Mariam
1053 5374 1368 5435 pertransisse
1384 5374 1507 5425 uelut
1525 5388 1704 5440 aquam
1719 5389 1808 5439 per

239 5447 269 5482 α
305 5448 402 5482 um.

239 5447 384 5482 unum
391 5470 402 5481 .

287 5509 456 5574 iinec,
482 5517 714 5574 quomodo
733 5511 860 5573 ﬂos?
882 5524 977 5561 non
995 5508 1224 5574 leguntur
1248 5508 1370 5574 apud
1394 5507 1556 5574 Savil.,
1583 5513 1633 5553 et
1657 5519 1683 5552 a
1703 5503 1810 5574 plu-

221 5571 356 5677 ijs
377 5567 698 5633 Mss.'absunt,
724 5567 810 5624 sed
835 5567 1072 5624 habentur
1103 5575 1152 5622 iu
1175 5567 1338 5622 Morel.
1378 5578 1430 5621 et
1461 5569 1585 5620 lecta
1605 5579 1721 5617 sunt
1748 5567 1810 5616 ab

269 5643 430 5677 niano.

269 5643 430 5680 ntano.

3465 373 3539 430 Μ

1949 475 2095 534 gesta
2130 475 2270 520 sunt.
2301 467 2462 522 Certe
2487 469 2532 522 si
2565 469 2687 524 talis
2719 471 2803 524 illa
2839 472 3051 543 fuisset,
3073 489 3177 528 non
3201 475 3362 530 modo
3387 476 3547 546 digna

1951 567 2066 608 erat
2098 573 2216 624 qua:
2245 557 2638 624 traduceretur,
2659 561 2753 614 sed
2776 563 2937 614 etiam
2963 564 3104 617 illam
3127 566 3388 634 supplicio
3408 568 3547 622 aflici

1952 647 2037 699 lex
2066 646 2309 713 jubebat.
2335 647 2527 701 Verum
2552 649 2750 719 Josepb
2780 667 2884 704 nun
2913 653 3074 705 modo
3102 655 3150 707 ei
3183 656 3322 722 quod
3353 672 3545 725 majus,

1952 737 2046 790 sed
2073 737 2233 791 etiam
2266 738 2312 792 ei
2345 739 2489 806 quod
2531 741 2707 794 minus
2733 751 2852 795 erat
2890 744 3176 808 consuluit,
3207 761 3402 815 nempe
3447 765 3546 817 pu-

1951 827 2088 881 dori.
2118 826 2234 881 Non
2267 828 2430 882 modo
2452 831 2593 883 enim
2637 831 2829 898 punire
2857 833 3092 896 nolebat,
3124 835 3217 888 sed
3261 851 3328 889 ne
3369 838 3546 890 tradu-

1953 930 2077 970 cere
2104 917 2340 984 quidem.
2377 917 2622 974 Vidistin’
2649 920 3024 990 philosophum
3056 926 3249 987 virum,
3282 936 3334 978 et
3361 937 3547 996 tyran-

1952 1006 2073 1060 nico
2095 1008 2186 1059 illo
2204 1007 2401 1062 affectu
2427 1013 2690 1065 vacuum?
2711 1013 2894 1066 Nostis
2915 1017 3056 1068 enim
3074 1026 3306 1085 quantus
3329 1021 3546 1073 morbus

1951 1095 2021 1146 sit
2069 1095 2353 1165 zelotypia.
2388 1098 2746 1164 Quamobrem
2776 1102 2822 1155 is
2866 1104 2955 1171 qui
3009 1103 3058 1157 id
3115 1106 3279 1173 probe
3321 1107 3544 1171 sciebat,

1951 1185 2083 1238 dixit
2111 1201 2126 1242 :
2161 1185 2352 1242 Plenus
2381 1191 2490 1242 zelo
2537 1202 2611 1245 est
2644 1192 2791 1260 furor
2829 1195 2925 1247 uiri
2971 1196 3122 1264 ejus;
3165 1213 3266 1250 non
3296 1207 3466 1266 parcet
3492 1199 3544 1251 in

1949 1268 2032 1324 die
2071 1272 2304 1326 vindicta:
2333 1273 2515 1346 (Prov.
2565 1282 2600 1331 i.
2639 1279 2771 1346 54);
2823 1291 2898 1347 et,
2949 1280 3094 1334 Dura
3139 1284 3270 1336 sicut
3319 1285 3550 1353 infernus

1946 1362 2202 1416 (emutatio
2253 1365 2426 1431 (Cant.
2475 1368 2505 1421 9
2575 1370 2655 1433 6).
2698 1370 2855 1424 Certe
2901 1371 3098 1424 multos
3142 1375 3412 1438 novimus,
3455 1377 3547 1443 qui

1946 1451 2133 1504 malint
2162 1455 2394 1509 animam
2424 1465 2692 1526 amittere,
2736 1475 2896 1528 quam
2943 1463 2992 1515 in
3040 1464 3318 1533 zelotypize
3363 1466 3544 1533 suspi-

1948 1541 2156 1596 cionem
2191 1546 2446 1601 incidere.
2474 1548 2569 1603 llic
2600 1566 2762 1620 porro
2809 1567 2914 1606 non
2965 1569 3112 1607 mera
3142 1557 3377 1624 suspicio
3405 1568 3543 1619 erat,

1944 1646 2062 1683 cum
2097 1637 2236 1689 uteri
2270 1647 2445 1692 tumor
2473 1656 2584 1694 rem
2609 1643 2782 1709 palam
2815 1644 3031 1699 faceret.
3056 1647 3304 1700 Attamen
3334 1649 3402 1702 ita
3429 1659 3547 1703 erat

1940 1725 2010 1777 ab
2037 1727 2137 1780 hoc
2168 1731 2551 1787 animi‘morbo
2580 1735 2733 1798 liber,
2763 1746 2822 1788 ut
2861 1753 2930 1790 ne
2970 1737 3022 1790 in
3057 1739 3293 1794 minimis
3327 1740 3544 1808 quidem

1943 1815 2101 1868 vellet
2136 1817 2337 1888 Virgini
2383 1825 2690 1877 mmstiliam
2721 1824 2940 1880 inferre.
2973 1827 3106 1892 Quia
3137 1843 3266 1898 ergo
3291 1829 3434 1884 illam
3464 1833 3544 1884 in-

1943 1911 2025 1956 tus
2047 1906 2186 1974 apud
2212 1923 2271 1963 se
2298 1911 2531 1965 retinere
2574 1928 2668 1981 per
2701 1913 2874 1982 legent
2905 1931 3010 1969 non
3043 1917 3206 1970 licere
3235 1918 3536 1984 videbatur,

1943 1995 2225 2051 traducere
2264 2011 2442 2054 autem
2470 2002 2612 2054 illam
2640 2012 2696 2057 et
2725 2004 2776 2058 in
2801 2005 3064 2071 judicium
3094 2008 3331 2072 trahere,
3366 2009 3418 2062 id
3447 2023 3543 2063 ne-

1941 2088 2181 2140 cessario
2209 2100 2326 2144 erat
2353 2092 2418 2145 ad
2448 2104 2678 2148 mortem
2710 2095 2920 2151 tradere
2955 2115 2967 2150 :
3002 2107 3248 2152 neutrum
3277 2099 3418 2166 fecit,
3445 2102 3541 2156 sed

1938 2189 2100 2244 supra
2155 2180 2325 2249 legem
2349 2183 2461 2250 jam
2514 2199 2573 2239 se
2615 2201 2805 2256 gerere
2845 2189 3029 2257 cmpit.
3058 2189 3351 2258 Oportebat
3394 2193 3538 2246 enim

1936 2265 2044 2330 jam
2099 2269 2418 2328 adveniente
2446 2275 2637 2340 gratia,
2672 2278 2838 2332 multa
2866 2279 3014 2347 signa
3047 2280 3243 2336 adesse
3293 2283 3540 2336 sublimis

1942 2353 2165 2425 hujusce
2196 2359 2446 2416 insnituti.
2495 2365 2959 2431 Quemadmodum
2991 2370 3137 2422 enim
3169 2371 3268 2434 sol,
3299 2372 3536 2426 nondum

1937 2447 2118 2501 radios
2156 2452 2471 2519 ostendens,
2502 2457 2715 2510 eminus
2756 2466 2932 2511 tamen
2987 2470 3194 2528 partem
3247 2464 3537 2517 maximam

1936 2536 2082 2590 orbis
2127 2538 2359 2594 illustrat
2401 2545 2537 2598 :sic
2582 2561 2796 2616 quoque
2843 2546 3088 2602 Christus
3134 2565 3198 2604 ex
3243 2561 3398 2605 utero
3444 2553 3539 2608 illo

1940 2628 2263 2694 cxoriturus,
2293 2643 2579 2701 antequam
2623 2638 2992 2704 egrederetur,
3037 2640 3223 2694 orbem
3273 2650 3442 2694 totum
3476 2642 3541 2695 il-

1937 2714 2232 2773 luminavit.
2265 2719 2468 2775 Idcirco
2511 2725 2591 2777 vel
2640 2735 2767 2779 ante
2813 2737 3022 2794 partum
3053 2729 3330 2798 propheta:
3359 2731 3542 2786 exsul-

1937 2805 2135 2868 tabant,
2169 2818 2226 2860 et
2268 2809 2524 2865 mulieres
2574 2812 2753 2867 futura
2786 2816 3170 2883 praedicebant.
3202 2829 3274 2886 et,
3298 2818 3538 2875 Joannes

1934 2897 2168 2950 nondum
2213 2914 2244 2952 e
2273 2901 2425 2954 vulva
2471 2918 2745 2971 egressus,
2775 2907 2841 2959 ab
2882 2916 3035 2961 utero
3076 2910 3405 2967 exsultabat.
3439 2912 3539 2966 llic

1935 2989 2112 3056 itaque
2133 2990 2354 3043 multam
2385 2991 2587 3061 Joscph
2611 2996 2851 3048 ostendit
2878 2995 3270 3066 philosophiam
3303 3017 3316 3052 :
3361 3015 3538 3069 neque

1932 3077 2074 3129 enim
2123 3080 2396 3133 accusavit
2445 3081 2610 3144 illam,
2660 3098 2843 3152 neque
2885 3087 3233 3152 exprobravit
3271 3088 3385 3153 illi,
3436 3089 3536 3143 sed

1930 3166 2202 3224 dimittere
2246 3181 2451 3226 tantum
2483 3175 2771 3242 cogitabat.
2805 3176 2863 3231 in
2915 3176 3019 3231 hoc
3066 3193 3248 3233 rerum
3290 3189 3452 3248 statu,
3481 3187 3538 3235 et

1932 3256 1984 3309 in
2030 3257 2129 3312 hac
2164 3263 2507 3328 negotiorum
2549 3263 2883 3326 difficultate,
2915 3267 3135 3321 advenit
3171 3270 3397 3337 angelus
3439 3272 3532 3340 qui

1929 3349 2252 3402 anxietatem
2284 3364 2499 3405 omnem
2528 3354 2702 3408 tollat.
2733 3353 3094 3420 Quaerendum
3119 3368 3299 3412 autem
3329 3369 3414 3414 est
3431 3376 3531 3415 cur

1930 3439 2152 3507 angelus
2189 3456 2296 3494 non
2325 3451 2450 3498 ante
2477 3444 2702 3508 venerit,
2723 3460 2882 3514 quam
2910 3447 2992 3499 vir
3014 3448 3103 3501 ille
3128 3447 3245 3503 hzec
3270 3449 3321 3500 in
3349 3449 3530 3503 animo

1928 3539 2188 3595 versaret,
2220 3531 2312 3585 sed
2361 3548 2480 3586 cum
2516 3534 2631 3589 haec
2678 3535 2768 3590 ille
2797 3537 3076 3606 cogitaret.
3109 3546 3234 3591 tunc
3284 3540 3524 3594 venerit:

1929 3634 2050 3671 nam
2077 3621 2184 3673 ait:
2206 3620 2296 3674 20.
2325 3619 2452 3674 Herc
2473 3621 2564 3675 illo
2598 3621 3109 3692 cogitanteongelus
3137 3635 3308 3692 venit,
3345 3640 3530 3695 1uam-

1927 3723 2087 3778 quam
2115 3713 2271 3764 etiam
2303 3719 2591 3780 antequam
2619 3713 2704 3766 illa
2733 3719 3064 3782 conciperet,
3095 3717 3315 3769 nuntius
3339 3729 3528 3770 acces-

1927 3800 2078 3865 serit,
2110 3801 2254 3854 nnde
2281 3801 2441 3855 etiam
2475 3803 2580 3856 alia
2620 3803 2850 3870 qurestio
2887 3806 3083 3858 oritur.
3114 3803 3250 3858 Nam
3295 3806 3394 3858 etsi
3425 3820 3528 3858 an-

1927 3888 2217 3957 gclus_viro
2245 3904 2351 3943 non
2371 3890 2600 3957 dixerat,
2620 3907 2716 3945 cur
2735 3891 2898 3961 Virgo
2923 3891 3088 3947 tacuit
3110 3892 3224 3947 bare
3245 3893 3314 3946 ab
3337 3894 3528 3964 angelo

1930 3980 2136 4041 audita,
2169 3990 2218 4031 et
2249 3995 2369 4032 cum
2412 3996 2670 4048 sponsum
2715 3997 2869 4036 suum
2903 3984 3120 4037 anxium
3165 3983 3390 4048 videret,
3421 4000 3529 4038 non

1929 4069 2046 4137 ejus
2075 4070 2397 4122 anxietatem
2425 4070 2676 4124 sustulit?
2704 4085 2800 4124 cur
2827 4087 2957 4140 ergo
2983 4081 3273 4140 antequam
3303 4073 3389 4127 ille
3420 4083 3532 4127 tur-

1932 4158 2170 4222 baretur,
2204 4159 2425 4226 angelus
2472 4175 2579 4212 nam
2628 4176 2741 4213 rem
2787 4161 2860 4214 illi
2899 4163 3148 4230 aperuit?
3179 4179 3302 4217 nam
3351 4179 3531 4233 opem

1931 4250 2159 4317 pretium
2219 4259 2301 4302 est
2363 4251 2596 4318 priorem
2655 4253 3008 4320 qumstioncm
3067 4254 3240 4321 primo
3297 4257 3530 4310 solvere.

1930 4343 2108 4407 Quare
2137 4357 2248 4396 rem
2285 4343 2357 4395 illi
2389 4358 2493 4396 non
2526 4345 2775 4410 aperuit?
2818 4345 2895 4399 Ne
2920 4347 3068 4400 dicto
3098 4348 3255 4401 tidem
3287 4361 3530 4418 negaret,

1931 4443 1985 4484 et
2015 4433 2246 4500 idipsum
2275 4433 2544 4489 accideret
2571 4436 2646 4488 illi
2670 4435 2810 4502 quod
2834 4436 3131 4491 Zachariae.
3157 4438 3378 4494 Nam're
3403 4456 3535 4494 ocu-

1931 4523 1998 4575 lis
2028 4533 2300 4593 perccpta,
2338 4523 2493 4580 facile
2539 4537 2656 4580 erat
2687 4534 2812 4580 tunc
2859 4527 3085 4583 credere
3118 4545 3134 4582 :
3175 4543 3298 4583 cum
3353 4541 3534 4586 autem

1933 4617 2180 4670 nondum
2219 4617 2500 4685 coepisset,
2551 4633 2663 4672 non
2709 4618 2871 4672 facile
2921 4620 3071 4672 credi
3116 4627 3358 4686 poterat.
3407 4621 3539 4675 Ideo

1933 4708 1989 4761 id
2045 4709 2275 4777 angelus
2323 4709 2483 4762 initio
2524 4725 2634 4763 non
2689 4709 2849 4772 dixit,
2902 4719 2958 4763 et
3011 4710 3178 4778 Virgo
3230 4710 3424 4765 eadem
3468 4712 3539 4766 de

1933 4814 2098 4854 causa
2148 4799 2342 4853 tacuit.
2389 4799 2582 4870 Neque
2632 4800 2781 4856 enim
2834 4809 3083 4870 putasset
3130 4804 3233 4856 sibi
3287 4820 3404 4859 rem
3455 4806 3530 4861 iro

1932 4889 2254 4944 credibilem
2296 4893 2574 4946 nuntianti
2626 4909 2656 4946 a
2706 4908 2910 4962 sponso
2957 4893 3121 4949 (idem
3163 4910 3287 4949 esse
3329 4896 3540 4952 haben-

1931 4982 2088 5047 dam;
2143 4982 2256 5036 imo
2310 4983 2592 5039 timuisset
2643 4999 2702 5038 se
2762 4985 2918 5040 illum
2978 4988 3033 5041 in
3090 4987 3231 5041 iram
3285 4989 3538 5044 cuncita~

1932 5080 2114 5126 turam
2157 5087 2300 5136 esse,
2341 5075 2500 5143 quasi
2548 5074 2852 5129 admissum
2895 5086 3188 5145 peccatum
3235 5087 3533 5148 tegentem.

1931 5162 1989 5217 Si
2041 5165 2188 5218 enim
2237 5167 2404 5219 etiam
2451 5167 2570 5234 ipsa
2615 5183 2739 5236 quze
2796 5175 3003 5222 tantam
3053 5169 3287 5239 gratiam
3340 5186 3540 5237 perce-

1930 5264 2091 5324 ptura
2143 5265 2282 5319 erat,
2335 5256 2641 5311 humanum
2694 5259 2830 5328 quid
2885 5275 3045 5328 passa
3098 5269 3182 5314 est
3238 5271 3294 5314 et
3345 5262 3537 5317 dixit:

1932 5343 2206 5408 Quomodo
2243 5345 2336 5412 [iet
2381 5347 2557 5413 istud,
2617 5352 2873 5418 quoniam
2913 5353 3087 5405 virum
3132 5369 3238 5404 non
3282 5367 3541 5422 cognosco

1935 5434 2103 5504 (Luc.
2173 5437 2221 5489 l.
2288 5437 2446 5508 54)?
2515 5441 2691 5495 multo
2767 5444 2940 5511 magis
3011 5444 3103 5498 ille
3169 5444 3536 5500 dubitasset:

1933 5540 2059 5582 cum
2094 5528 2329 5584 maxime
2379 5529 2435 5585 id
2479 5531 2728 5588 audisset
2770 5549 2801 5589 a
2853 5534 3090 5589 muliere
3123 5535 3255 5590 hinc
3288 5535 3394 5591 sibi
3441 5551 3542 5591 su-

1935 5625 2144 5682 specta.
