4040 6420
585 345 652 399 4:.
799 313 808 317 ’
977 377 981 381 .
1280 343 1337 399 s.
1375 342 1659 398 JOANNIS
1690 335 3104 400 CIIBYSOSTOMIAHCIIIEP.CONSTANTINOP.
3757 328 3822 381 ιη

646 465 701 517 5.
731 462 855 515 Ideo
887 458 1041 522 Virgo
1063 455 1272 523 quidem
1306 452 1432 502 nihil
1463 450 1560 512 ipsi
1584 449 1712 500 dicit
1737 466 1747 497 :
1777 446 2147 512 angelusveto

576 565 818 619 tempore
837 545 1147 615 Congruenti
1179 542 1409 597 advenit.
1437 543 1632 603 Quare,
1667 537 1893 602 inquies,
1924 533 2148 599 idipsmu

575 655 702 708 erga
731 637 1003 706 Virginem
1029 649 1132 685 non
1165 630 1310 686 fecit.
1344 643 1441 682 nec
1475 625 2014 694 postennccptiouetn
2046 621 2148 689 ipsi

576 744 691 784 rem
716 724 994 779 nuntiavit.
1025 719 1103 775 Ne
1127 720 1177 772 iu
1201 715 1596 786 perturbatione
1623 727 1810 779 magna
1839 709 1991 763 foret.
2019 709 2148 762 Nam

585 814 878 870 timendum
903 823 1017 867 erat
1042 828 1110 867 ne
1131 813 1216 866 illa
1247 811 1319 864 rei
1353 809 1624 862 veritatem
1655 821 1757 859 nou
1787 806 1932 858 clare
1956 805 2149 867 sciens,

581 906 648 960 de
690 920 748 959 so
777 903 903 972 quid
950 901 1203 956 acerbum
1252 903 1584 959 decerneret,
1619 912 1720 948 neu
1767 895 2000 947 dedecus
2050 897 2151 945 utin

583 995 758 1048 ferens
783 991 849 1044 ad
874 992 1116 1058 laqueum
1145 987 1227 1042 vel
1254 987 1320 1040 ad
1346 985 1578 1054 gladium
1619 991 1942 1052 properaret.
1973 982 2152 1034 Adtui-

583 1082 742 1135 randa
780 1081 972 1148 quippe
999 1078 1158 1147 Virgo
1199 1086 1335 1140 erat,
1367 1077 1588 1144 ejusque
1629 1073 1876 1126 virtutem
1917 1073 2152 1125 declarat

582 1171 750 1224 Lucas
793 1185 912 1222 cunt
955 1169 1053 1234 ait,
1093 1183 1207 1220 eam
1253 1166 1464 1234 quando
1508 1165 1880 1216 salutationem
1926 1163 2146 1229 accepit,

579 1279 682 1315 non
712 1263 889 1314 statim
921 1264 1118 1330 gaudio
1167 1260 1430 1328 perfusam
1463 1257 1646 1317 fuisse,
1676 1270 1773 1308 nec
1799 1256 1937 1308 dicta
1968 1269 2150 1307 susce-

579 1356 756 1420 pisse;
789 1353 882 1407 sed
911 1354 1173 1407 turbatam
1209 1351 1516 1420 qutesivissc
1546 1350 1719 1417 qualis
1761 1356 1901 1401 esset
1935 1348 2030 1399 ista
2062 1360 2150 1398 sa-

578 1445 783 1498 lutatio.
813 1445 938 1509 Quan
959 1455 1134 1496 autem
1163 1444 1240 1496 sic
1263 1454 1567 1510 comparata
1591 1450 1725 1504 erat,
1761 1454 1995 1492 mmrore
2024 1453 2152 1490 eon-

578 1535 712 1588 t'ecta
765 1533 990 1599 fuisset,
1039 1534 1115 1586 rei
1169 1533 1437 1586 infamiam
1487 1547 1667 1585 secum
1721 1538 2009 1598 reputans,
2054 1543 2153 1582 nec

576 1639 798 1691 sperans
830 1637 986 1691 posse
1031 1638 1089 1676 se
1116 1622 1417 1691 quempiam
1461 1622 1786 1674 audientium
1815 1620 1880 1673 ad
1923 1619 2150 1673 creden-

582 1715 708 1766 dum
738 1714 1010 1774 inducere,
1037 1713 1175 1780 quod
1203 1712 1254 1765 id
1286 1727 1389 1765 non
1440 1726 1505 1764 ex
1556 1709 1821 1763 adulterio
1852 1707 2146 1776 profectum

578 1813 742 1856 esset.
767 1803 840 1856 Ne
869 1805 1042 1872 itaque
1073 1803 1121 1855 id
1147 1804 1405 1857 eveniret.
1426 1811 1548 1854 ante
1577 1799 1974 1868 conceptionem
2003 1797 2148 1850 venit

582 1893 820 1961 angelus.
849 1892 1054 1946 Etenim
1085 1880 1366 1958 oportebat
1391 1889 1827 1958 imperturbatum
1868 1902 1988 1941 esse
2029 1895 2149 1938 ute-

571 1999 690 2036 rum
734 1983 916 2045 illum,
960 1982 1012 2034 in
1058 1995 1217 2048 quem
1264 1981 1500 2033 omnium
1544 1979 1765 2034 Creator
1813 1977 2147 2044 ingressurus

569 2081 704 2134 crat,
738 2080 792 2122 et
821 2070 961 2122 omni
1017 2069 1242 2121 tumultu
1277 2083 1499 2120 vacuam
1546 2067 1778 2118 animam
1829 2064 1995 2126 illam,
2029 2077 2146 2130 qum

575 2159 949 2228 mysteriorum
1004 2165 1269 2210 tantorum
1317 2157 1558 2209 ministra
1604 2155 1781 2207 futura
1825 2160 1958 2205 erat.
2013 2151 2144 2203 l‘ro-

570 2260 750 2317 pterea
801 2247 995 2317 Virgini
1037 2259 1162 2300 ante
1190 2248 1622 2314 conceptionem,
1670 2245 1904 2311 Josepho
1943 2252 2141 2306 autem,

568 2354 687 2392 eum
710 2348 939 2405 gestaret
965 2347 1174 2389 uterum
1201 2336 1382 2403 Virgo,
1403 2336 1654 2402 loquutus
1695 2344 1796 2387 est.
1822 2330 1973 2396 Quod
1997 2328 2146 2395 multi

569 2429 947 2496 simpliciorum
971 2441 1094 2479 non-
1111 2425 1489 2494 iutelligentes,
1525 2424 2004 2477 bicdissonantiam
2028 2435 2145 2475 esse

567 2519 816 2571 dixerunt
853 2535 865 2569 :
909 2516 1156 2583 quoniam
1188 2515 1361 2568 Lucas
1388 2516 1526 2567 dixit
1561 2513 1739 2566 Mariae
1770 2514 2016 2565 nuntium
2050 2525 2142 2564 ve—

567 2609 730 2672 nisse,
777 2605 1052 2659 Matthzeus
1099 2614 1278 2657 autem
1321 2603 1602 2670 Josepbo:
1649 2616 1753 2654 non
1800 2599 2142 2653 advertentcs

565 2709 846 2767 utrumque
871 2706 1078 2765 gestum
1112 2696 1296 2748 fuisse.
1333 2694 1386 2747 ld
1415 2693 1556 2761 quod
1585 2694 1748 2745 etiam
1794 2693 1846 2743 in
1895 2691 2142 2744 omnibus

565 2791 800 2844 historiis
827 2787 1218 2842 observandum
1267 2794 1348 2838 est
1377 2801 1389 2836 :
1423 2785 1500 2836 sic
1547 2784 1689 2835 enim
1740 2783 1932 2836 multas
1970 2782 2141 2835 disso-

564 2882 794 2943 nantias,
819 2889 872 2931 ut
896 2878 1110 2946 quidem
1149 2883 1421 2944 putantur,
1455 2873 1819 2941 expediemus.
1854 2871 2012 2925 Venit
2040 2874 2140 2923 ita-

562 2985 665 3033 que
694 2969 935 3035 angelus,
965 2966 1276 3035 perturbato
1302 2964 1556 3033 Joscplto.
1583 2962 1716 3016 Nam
1747 2971 1799 3015 et
1829 2971 2052 3030 propter
2078 2975 2138 3014 ea

561 3073 675 3127 quae
713 3072 868 3125 supra
907 3057 1048 3110 dicta
1079 3064 1224 3111 sunt.
1259 3063 1312 3108 et
1343 3061 1400 3108 ut
1446 3053 1564 3120 ejus
1607 3051 1943 3119 pbiIOSOphia
1969 3059 2146 3121 appa-‘

560 3155 720 3210 reret,
739 3146 1022 3198 adventurm
1045 3159 1202 3216 suum
1226 3142 1426 3196 differt.
1447 3141 1579 3195 Cum
1609 3155 1736 3195 vero
1757 3155 1844 3195 res
1865 3139 1975 3209 jam
1995 3149 2137 3195 esset

561 3236 842 3303 implenda,
882 3236 1097 3289 advenit
1126 3235 1363 3288 demum.
1408 3230 1536 3284 Haec
1579 3242 1744 3283 autem
1781 3247 1838 3283 eo
1865 3231 2136 3299 cogitante,

560 3327 767 3396 augt-fus
795 3328 846 3378 in
873 3328 1058 3380 somnis
1085 3325 1327 3394 apparuit
1353 3323 1563 3389 Joseph.
1596 3321 1784 3375 Viden’
1814 3321 1911 3375 viri
1958 3320 2141 3376 mode-

561 3416 864 3469 rationem?
902 3414 1014 3467 Non
1046 3415 1204 3466 modo
1235 3427 1336 3463 non
1368 3410 1589 3478 punivit,
1624 3409 1717 3461 sed
1744 3409 1944 3462 nemini
1973 3407 2127 3474 dixit,

560 3521 622 3559 ac
657 3519 722 3559 ne
751 3504 823 3557 illi
853 3504 1068 3573 quidem
1091 3516 1210 3570 qua:
1237 3501 1288 3555 in
1317 3498 1673 3567 suspicionem
1702 3497 1982 3561 veniebat;
2036 3497 2129 3552 sed

561 3612 676 3651 rem
703 3611 884 3650 secum
916 3595 1283 3663 cogitabat,et
1312 3606 1558 3646 secessus
1586 3590 2010 3659 causamVirgiui
2041 3591 2138 3644 ob-

559 3697 738 3755 tegere
785 3685 1052 3738 studebat.
1102 3683 1288 3751 Neque
1333 3682 1475 3735 enim
1504 3681 1638 3734 dixit
1690 3682 1861 3747 ipsum
1909 3677 2139 3730 voluisse

561 3777 702 3830 illam
729 3775 944 3842 ejicere,
971 3772 1064 3826 sed
1091 3772 1359 3825 dimittere
1393 3793 1404 3824 :
1435 3785 1602 3839 usque
1631 3768 1768 3822 adeo
1796 3769 2056 3836 benignus
2082 3774 2139 3817 et

563 3864 875 3917 moderatus
914 3864 995 3915 vir
1024 3871 1157 3915 erat.
1188 3861 1312 3914 Harc
1350 3869 1525 3912 autem
1556 3859 1807 3926 cogitanti
1851 3857 1901 3910 in
1934 3854 2139 3907 somnis

558 3963 778 4022 apparet
809 3954 1048 4020 angelus.
1082 3951 1148 4003 Et
1175 3965 1273 4003 cur
1297 3963 1404 4002 non
1433 3958 1637 4016 aperte,
1671 3956 1728 4000 ttt
1755 3944 2055 4015 pastoribus
2081 3952 2138 3999 et

560 4043 834 4096 Zacitarize
878 4042 1024 4094 visus
1063 4023 1168 4102 est,
1206 4052 1412 4092 necnon
1442 4040 1602 4090 etiam
1646 4035 1888 4102 Virgini?
1933 4034 2136 4086 Admo-

558 4132 684 4184 dum
716 4129 886 4182 fidelis
913 4130 993 4180 vir
1031 4137 1166 4190 erat,
1199 4141 1372 4193 neque
1415 4125 1604 4190 egebat
1635 4123 1722 4175 tali
1752 4123 1972 4176 visione.
2009 4120 2138 4173 Nam

560 4219 740 4289 Virgo,
775 4220 858 4272 cui
902 4217 1320 4270 annuntiabatur
1365 4230 1450 4267 res
1481 4223 1645 4276 tanta,
1672 4221 1726 4267 et
1769 4213 1926 4280 longe
1975 4211 2137 4280 major

559 4325 716 4376 quam
749 4309 1036 4370 Zachariae,
1068 4308 1229 4361 etiam
1261 4316 1384 4359 ante
1412 4322 1526 4360 rem
1555 4306 1721 4373 ipsam
1765 4306 1954 4373 egebat
1981 4305 2139 4357 mira-

557 4399 653 4452 bili
704 4399 930 4464 quadam
989 4397 1239 4450 visione:
1294 4407 1537 4463 pastores
1599 4410 1763 4460 vero,
1816 4404 1995 4461 utpote
2048 4394 2136 4459 qui

559 4486 883 4555 agrestiores
914 4494 1114 4549 essent,
1143 4486 1404 4551 :tperliure
1438 4484 1640 4536 visione
1675 4496 1809 4550 opus
1851 4481 2136 4535 habebant.

561 4576 659 4630 ilic
680 4585 853 4627 autem
883 4583 1004 4641 post
1037 4587 1264 4641 partum,
1297 4588 1414 4625 cum
1447 4588 1604 4640 prava
1635 4574 1936 4638 suSpicionc
1977 4573 2136 4624 animi

563 4673 852 4720 teneretur.
883 4673 934 4715 et
981 4673 1197 4732 paratus
1247 4675 1423 4715 tamen
1456 4672 1599 4715 esset
1643 4662 1709 4714 ad
1754 4664 1944 4714 bonam
1988 4675 2138 4729 spem

562 4754 716 4808 facile
769 4755 972 4815 reduci,
1003 4754 1045 4805 si
1076 4753 1197 4819 quis
1239 4754 1335 4805 hac
1383 4753 1433 4805 in
1465 4768 1521 4806 re
1547 4751 1656 4806 dux
1709 4753 1783 4806 iili
1831 4760 2136 4820 appareret,

562 4845 941 4897 revelatiunem
974 4842 1184 4909 accipit.
1241 4840 1363 4896 Ideo
1414 4851 1534 4911 post
1587 4843 1946 4910 suspicionem
1989 4853 2138 4895 aues;

565 4935 731 4984 lamus
765 4933 1001 4994 nuntius,
1038 4939 1092 4983 ut
1121 4930 1221 4984 hoc
1253 4932 1420 4998 ipsum
1452 4931 1526 4984 illi
1559 4932 1699 4985 foret
1728 4943 1849 4984 vera
1875 4929 2137 4984 dictorum

559 5025 964 5077 demonstratio.
996 5023 1127 5076 (lum
1166 5023 1310 5076 enim
1341 5024 1534 5076 nemini
1564 5023 1804 5084 dixisset,
1835 5021 1924 5073 sed
1959 5023 2133 5074 animo

561 5116 734 5168 solum
769 5115 880 5167 hinc
900 5113 1209 5182 cogitasset,
1236 5121 1290 5166 ct
1319 5114 1414 5166 hac
1443 5114 1510 5167 de
1552 5129 1609 5166 re
1642 5115 1948 5180 loquentem
1976 5126 2136 5178 ange—

563 5208 672 5259 lum
703 5204 931 5268 audiret,
968 5203 1318 5256 iudubitatum
1357 5203 1453 5270 ipsi
1480 5203 1689 5271 signum
1714 5210 1860 5265 erat,
1891 5201 2136 5267 angelum

567 5309 597 5346 λ
620 5293 729 5346 Deo
770 5290 993 5358 iussum,
1024 5286 1141 5342 htec
1167 5288 1364 5343 dictum
1403 5288 1648 5340 venisse:
1680 5286 1842 5354 ipsius
1883 5284 2027 5338 enim
2055 5296 2141 5336 so-

571 5385 674 5435 lius
699 5389 780 5433 est
806 5378 985 5433 cordis
1013 5393 1204 5431 arcana
1235 5378 1392 5432 scire.
1427 5376 1560 5430 Vide
1587 5377 1764 5444 itaque
1801 5385 1998 5442 Quanta
2028 5373 2142 5428 effi-

568 5472 818 5530 ciantur;
859 5467 956 5520 viri
986 5467 1314 5536 philosophia
1341 5466 1656 5527 ostenditur,
1690 5473 1743 5518 et
1785 5463 1910 5518 illud
1941 5478 2139 5532 oppor-

572 5571 698 5614 tune
736 5557 802 5611 ab
832 5557 1021 5627 angelo
1061 5558 1319 5627 prolatum
1361 5556 1426 5611 ad
1467 5554 1623 5609 fidem
1671 5553 1785 5624 ejus
1830 5553 2140 5607 firmandam

2254 435 2484 496 confert,
2500 435 2804 500 dictumque
2827 448 2999 499 ipsum
3020 449 3131 483 sine
3149 429 3453 498 suspicione
3474 435 3683 488 manet,
3699 426 3830 492 quod

2258 527 2496 578 ostendit
2538 526 2710 590 ipsum
2739 538 2801 578 ea
2831 538 3041 592 passum
3085 538 3222 588 esse,
3255 537 3372 591 qua:
3401 522 3483 575 vir
3510 519 3690 588 quivis
3721 517 3836 586 jure

2258 615 2367 685 pati
2401 624 2625 682 poterat.

2322 785 2376 838 6.
2426 776 2701 846 Quomodo
2739 787 2915 830 autem
2947 775 3104 829 fidem
3135 773 3230 842 ipsi
3261 773 3386 827 facit
3413 771 3676 841 angelus?
3711 771 3837 825 Audi

2252 883 2304 926 et
2327 872 2520 924 mirare
2544 870 2803 923 dictorum
2829 869 3163 934 sapientiam.
3191 865 3461 919 Accedens
3486 865 3557 916 ait
3585 884 3596 915 :
3623 864 3838 930 Joseph,

2253 962 2330 1028 ﬁli
2355 961 2520 1013 David
2540 1001 2553 1022 ,
2578 961 2680 1012 noli
2701 960 2872 1011 timere
2892 960 3117 1026 accipere
3139 956 3362 1009 Mariam
3388 957 3660 1025 conjugem
3680 965 3836 1005 tuam.

2250 1053 2436 1106 Statim
2474 1051 2717 1103 Davidem
2751 1051 2803 1101 in
2849 1047 3160 1101 memoriam
3197 1056 3442 1109 revocat,
3477 1047 3620 1098 unde
3669 1046 3842 1098 nasci-

2253 1151 2403 1195 turus
2431 1151 2541 1192 erat
2584 1139 2865 1200 Christus;
2899 1151 3071 1203 neque
3108 1137 3234 1192 sinit
3260 1136 3405 1188 illum
3443 1135 3686 1195 turbari,
3718 1133 3841 1186 dum

2253 1245 2345 1298 per
2365 1232 2621 1294 tmjurtun
2647 1244 2839 1281 nomen
2867 1227 3270 1294 promiSsiouem
3291 1225 3538 1278 universo
3558 1226 3752 1292 generi
3773 1222 3844 1274 fa-

2250 1331 2386 1374 ctam
2415 1321 2464 1372 iu
2485 1319 2796 1372 memoriam
2827 1326 3059 1369 revocat.
3082 1315 3186 1371 Sed
3203 1316 3355 1380 cujus
3379 1315 3452 1369 rei
3479 1316 3651 1382 gratia
3679 1314 3842 1365 tilium

2256 1411 2414 1464 David
2473 1417 2644 1479 ipsum
2695 1407 2957 1476 appellat?
2991 1406 3071 1459 Ne
3114 1409 3330 1458 timens:
3362 1420 3686 1473 quamquam
3722 1405 3842 1456 alibi

2256 1501 2394 1554 Deus
2423 1514 2526 1552 non
2558 1499 2626 1550 ita
2655 1497 2808 1560 fecit;
2830 1496 2923 1550 sed
2949 1496 3175 1564 quodam
3203 1496 3268 1548 de
3293 1509 3457 1548 uxore
3487 1495 3728 1548 Ahralne
3755 1510 3841 1548 se-

2253 1607 2346 1644 cus
2374 1606 2532 1659 quam
2561 1598 2867 1658 oportuerat
2895 1591 3158 1658 cogitante
3182 1629 3198 1654 ,
3243 1590 3537 1644 terroribus
3568 1589 3843 1659 minisque

2253 1684 2302 1734 iu
2353 1682 2616 1751 loquendo
2661 1695 2786 1734 usus
2834 1681 2974 1735 Deus
3016 1691 3135 1745 est;
3167 1683 3373 1735 etiamsi
3407 1681 3476 1735 ibi
3504 1697 3726 1751 quoque
3758 1698 3842 1737 res

2252 1787 2344 1839 per
2371 1771 2717 1840 ignorantiam
2741 1771 2893 1824 fieret
2920 1788 2934 1822 :
2967 1786 3136 1840 neque
3159 1772 3301 1826 euin‘.
3324 1786 3502 1825 rerum
3527 1787 3732 1841 gnarus
3757 1773 3844 1825 ille

2253 1860 2437 1913 Saram
2461 1869 2739 1929 acceperat
2765 1877 2776 1912 :
2803 1869 3034 1914 attamen
3069 1861 3425 1928 perterrefecit
3450 1877 3570 1916 eum
3594 1879 3609 1926 ;
3637 1861 3727 1916 hic
3751 1877 3844 1917 au-

2255 1960 2358 2002 tent
2387 1951 2566 2002 mitius
2590 1950 2780 2017 agitur.
2812 1949 3004 2020 lugens
3032 1951 3171 2004 enim
3202 1961 3318 2005 erat
3348 1967 3525 2006 rerum
3556 1967 3682 2021 qua:
3714 1969 3842 2021 age-

2254 2039 2444 2091 bantur
2465 2039 2790 2106 magnitudo,
2821 2054 3173 2107 maguumque
3197 2043 3336 2096 inler
3359 2044 3524 2094 virum
3550 2051 3843 2110 utrumque

2251 2130 2536 2183 discrimen
2565 2147 2578 2182 :
2612 2139 2933 2199 quapropter
2959 2145 3060 2183 neu
3093 2139 3207 2185 erat
3239 2131 3604 2200 increpatione
3633 2147 3794 2200 opus.
3826 2135 3837 2162 '

2250 2215 2380 2270 Cum
2409 2229 2586 2289 autem
2611 2219 2776 2284 dixit,
2812 2219 2894 2272 Ne
2924 2210 3100 2273 timeas
3121 2261 3135 2284 ,
3165 2221 3402 2274 declarat
3427 2223 3599 2290 ipsum
3630 2232 3843 2277 metue-

2255 2321 2313 2361 re
2345 2324 2410 2360 ne
2440 2309 2602 2360 Deum
2643 2309 2874 2361 offendat
2894 2349 2908 2370 ,
2936 2310 2978 2362 si
3007 2310 3298 2363 adulteram
3343 2325 3561 2366 uxorem
3595 2312 3795 2366 habeat
3824 2329 3838 2369 :

2254 2404 2321 2449 tta
2354 2399 2451 2450 nisi
2480 2398 2577 2450 hoc
2603 2399 2822 2463 fuisset,
2857 2399 2999 2450 illam
3023 2399 3290 2454 dimittere
3312 2416 3377 2454 ne
3401 2401 3696 2470 cogitasset
3721 2407 3841 2472 qui-

2253 2487 2394 2541 dem.
2443 2488 2532 2541 llis
2579 2489 2735 2554 igitur
2777 2491 3021 2542 omnibus
3058 2491 3356 2545 declaratur
3379 2533 3392 2554 ,
3423 2507 3452 2546 a
3487 2494 3595 2547 Deo
3622 2497 3838 2549 venisse

2250 2578 2526 2644 angelum,
2563 2580 2648 2646 qui
2692 2581 2865 2632 omnia
2907 2594 3025 2646 qua:
3063 2581 3315 2649 cogitavit
3342 2590 3397 2636 ct
3433 2583 3614 2637 auitno
3644 2601 3837 2653 passus

2248 2669 2567 2739 estJosepb,
2596 2670 2646 2723 in
2671 2671 2904 2725 medium
2935 2674 3111 2726 attulit
3129 2683 3183 2727 et
3197 2677 3463 2744 exposuit.
3493 2677 3728 2746 Virginis
3748 2692 3843 2728 au-

2253 2769 2355 2810 teut
2384 2761 2722 2826 pronuntiato
2746 2763 2977 2825 nomine,
3013 2777 3118 2818 non
3148 2762 3234 2818 hic
3261 2766 3442 2830 stetit,
3472 2764 3568 2819 sed
3597 2764 3839 2826 addidit.

2250 2847 2523 2919 Coniuge»:
2570 2860 2739 2912 tuam,
2784 2867 2944 2919 quam
2992 2868 3098 2906 non
3151 2854 3220 2906 ita
3266 2865 3531 2922 vocasset,
3573 2856 3620 2910 8i
3653 2856 3839 2911 vitiata

2255 2940 2456 2994 fuisset.
2485 2941 2774 3010 Coujngem
2799 2956 2929 2995 vero
2958 2943 3044 2998 hic
3070 2960 3318 3012 sponsam
3350 2957 3502 3000 vocat
3527 2964 3542 3001 :
3571 2947 3840 3016 quemad-

2255 3029 2467 3082 modum
2501 3038 2549 3084 et
2579 3045 2804 3099 generos
2843 3047 3037 3087 vocare
3081 3034 3216 3088 solet
3261 3035 3529 3104 Scriptura
3571 3053 3836 3108 sponsus.

2250 3129 2370 3174 ante
2397 3122 2623 3189 nuptias.
2643 3121 2779 3186 Quid
2795 3138 2922 3177 vero
2938 3124 3201 3194 significat
3217 3125 3364 3190 illud,
3382 3129 3622 3198 Accipere
3636 3131 3662 3184 2
3685 3131 3838 3185 Domi

2251 3210 2478 3264 retinere
2506 3229 2519 3264 :
2549 3211 2658 3278 jam
2687 3213 2830 3266 enim
2861 3213 3005 3268 illam
3032 3215 3213 3270 animo
3241 3216 3534 3272 dimiserat.
3571 3219 3734 3274 Hanc
3759 3221 3841 3274 di-

2252 3303 2465 3353 missam
2487 3302 2658 3357 retiue
2679 3342 2692 3364 ,
2717 3318 2873 3371 quam
2900 3305 2995 3357 tibi
3021 3306 3157 3360 Deus
3183 3308 3373 3373 tradit,
3407 3325 3512 3364 non
3543 3323 3836 3377 parentes:

2253 3390 2410 3442 tradit
2439 3399 2615 3445 autem
2643 3407 2748 3446 non
2774 3393 2839 3446 ad
2869 3396 3114 3464 nuptias,
3143 3395 3235 3450 sed
3260 3408 3315 3450 ut
3336 3413 3453 3452 cum
3480 3399 3568 3453 illa
3597 3400 3838 3468 habites;

2250 3478 2409 3532 tradit
2435 3494 2595 3547 porro
2625 3495 2721 3548 per
2748 3495 2934 3536 vocem
2965 3499 3157 3537 meam.
3192 3484 3259 3540 Ut
3284 3487 3427 3540 illam
3462 3498 3647 3556 postea
3675 3490 3838 3546 Chri-

2247 3577 2360 3621 Stus
2387 3569 2601 3623 tradidit
2624 3571 2920 3640 discipulo,
2953 3574 3024 3628 ita
3053 3583 3107 3629 ct
3139 3589 3281 3632 nunc
3308 3577 3546 3647 .loscpho
3576 3582 3829 3637 traditur.

2249 3656 2449 3711 Deinde
2478 3675 2591 3714 rem
2639 3662 2865 3715 obscure
2909 3663 3147 3718 indicans
3169 3706 3183 3725 ,
3213 3679 3434 3734 pravam
3465 3672 3833 3739 suspicionem

2251 3764 2354 3802 non
2408 3753 2764 3814 memoravit,
2805 3753 2899 3807 sed
2951 3753 3259 3812 honestiore
3315 3764 3838 3834 congruenliorequu

2247 3837 2404 3891 modo
2431 3842 2797 3907 conceptionis
2823 3844 3060 3909 exposita
3091 3860 3282 3911 causa,
3314 3847 3453 3901 illam
3480 3852 3721 3918 sustulit,
3747 3867 3838 3908 os-

2247 3926 2466 3982 tendens
2503 3945 2623 3982 eum
2645 3970 2661 3994 ,
2696 3942 2912 3999 propter
2951 3936 3192 3989 eamdem
3237 3937 3404 4004 ipsam
3437 3955 3656 3994 causam
3683 3983 3702 4009 ,
3733 3960 3838 4015 qua

2248 4016 2466 4068 timebat
2490 4027 2543 4070 et
2567 4020 2709 4072 illam
2731 4021 3000 4077 dimittere
3023 4026 3253 4085 volebat.
3275 4028 3393 4092 jttre
3421 4029 3565 4083 illam
3594 4034 3839 4102 recipere

2245 4113 2297 4155 et
2327 4105 2557 4159 retinere
2585 4107 2779 4163 debere
2807 4128 2819 4161 :
2849 4113 3030 4181 sicque
3060 4129 3126 4167 ex
3154 4115 3443 4171 abundanti
3471 4119 3586 4190 ejus
3615 4125 3832 4178 maesti-

2247 4194 2372 4246 tiam
2401 4195 2635 4249 resolvit.
2670 4197 2784 4250 Non
2829 4202 3025 4262 modo,
3071 4203 3272 4271 inquit,
3308 4206 3494 4261 illicito
3536 4223 3835 4279 congressu

2244 4297 2371 4348 pura
2400 4291 2514 4343 est.
2544 4285 2634 4337 sed
2659 4288 2818 4340 etiam
2842 4304 2999 4357 supra
3027 4283 3266 4348 naturam
3293 4304 3501 4350 uterum
3522 4309 3715 4367 gestat.
3749 4302 3830 4358 Ne

2244 4371 2401 4439 igitur
2427 4383 2625 4427 metum
2660 4392 2825 4443 ponas
2858 4387 3058 4433 tantum
3079 4423 3092 4442 ,
3126 4382 3219 4437 sed
3252 4385 3303 4436 in
3331 4401 3575 4454 magnam
3606 4405 3834 4462 erumpe

2242 4459 2479 4514 la-titiam
2512 4479 2523 4512 :
2559 4464 2706 4529 Quod
2732 4469 2863 4519 enim
2890 4471 2940 4521 in
2968 4486 3026 4522 ea
3052 4483 3227 4524 natum
3256 4483 3326 4525 est
3348 4515 3361 4537 ,
3393 4476 3456 4528 de
3486 4477 3684 4544 Spiritu
3715 4459 3832 4536 sett-

2240 4561 2316 4601 cto
2343 4561 2436 4604 est.
2483 4551 2812 4620 Stupeudum
2845 4557 3086 4624 dictum,
3122 4560 3409 4616 humanam
3442 4559 3826 4633 cogiiationcm

2237 4651 2530 4704 superans.
2565 4641 2811 4712 legesque
2854 4655 3057 4699 natura:
3098 4655 3499 4705 transcenderis.
3541 4654 3829 4722 Quomodo

2238 4730 2391 4796 igitur
2413 4731 2591 4785 credet
2611 4736 2684 4787 vir
2709 4738 2835 4789 tales
2860 4751 2966 4789 non
2983 4750 3234 4806 expertus
3253 4747 3580 4800 narrationes
3597 4746 3619 4798 ?
3636 4749 3675 4800 Α
3698 4765 3827 4816 μτω.

2237 4819 2530 4881 teritorum,
2560 4823 2746 4891 inquit,
2775 4827 3119 4883 scvelatione.
3150 4830 3271 4886 ldeo
3293 4835 3468 4888 omnia
3492 4851 3609 4904 qua:
3632 4848 3818 4894 mente

2237 4911 2522 4996 cogitabat,
2551 4914 2819 4980 revelavit,
2846 4931 2964 4983 qua:
2990 4931 3177 4985 passus
3198 4932 3300 4987 est,
3325 4940 3440 4991 qtae
3470 4926 3664 4989 timuit,
3693 4943 3816 4996 qua:

2235 4995 2408 5052 facere
2431 4999 2803 5068 meditabatur,
2831 5017 2884 5058 ut
2909 5007 3010 5060 illis
3033 5009 3082 5061 iu
3109 5011 3337 5065 medium
3361 5014 3626 5081 adductis,
3649 4995 3816 5072 etiam

2238 5091 2318 5144 his
2344 5091 2501 5146 fidem
2525 5092 2771 5160 haberet;
2803 5099 2908 5151 imo
2932 5115 3036 5154 non
3060 5117 3122 5156 ex
3151 5107 3434 5172 praeteritis
3456 5117 3656 5160 tantum
3675 5148 3692 5174 ,
3714 5109 3812 5164 sed

2236 5180 2392 5232 etiam
2417 5198 2478 5234 ex
2511 5181 2695 5236 futuris
2718 5187 2782 5240 ad
2807 5189 3124 5244 credendum
3157 5194 3302 5247 illum
3351 5195 3572 5250 inducit.
3597 5197 3687 5251 2|.
3719 5198 3824 5253 Pa-

2239 5263 2332 5315 n'ct
2354 5275 2540 5321 autem.
2571 5265 2754 5334 inquit,
2781 5271 2962 5337 ﬁlium,
2992 5285 3036 5324 ct
3059 5278 3254 5329 vacabis
3277 5294 3457 5332 nomen
3483 5281 3592 5347 ejus
3611 5282 3809 5340 letum.

2237 5348 2312 5403 Ne
2335 5363 2482 5421 putes
2503 5355 2639 5408 enim
2667 5359 2788 5425 quia
2809 5374 2873 5413 ex
2897 5359 3094 5429 Spiritu
3119 5375 3303 5419 sancto
3328 5380 3428 5424 ρει.
3455 5379 3503 5422 te
3532 5370 3651 5424 ideo
3671 5372 3808 5428 alie-

2328 5559 2344 5587 ι
2379 5559 2489 5616 Alii,
2517 5571 2602 5606 non
2628 5558 2886 5624 increpavit
2908 5574 2954 5614 ut
2977 5572 3234 5631 oportcbd.
