4040 6420
177 442 245 498 ιτ
1335 418 1401 475 ΙΝ
1440 417 1849 474 MATTII/EUM
1915 414 2141 472 "OMIL.
2188 414 2277 467 IV.

179 555 306 597 num
327 554 452 597 esse
474 553 504 595 a
531 536 829 594 ministerio
854 532 1168 589 oeconomia:
1197 531 1360 586 illius.
1387 529 1605 585 Etiamsi
1629 531 1771 583 enim

180 631 312 687 nihil
340 631 407 684 ad
450 631 851 700 generationem
894 621 1177 684 conferas,
1227 619 1323 675 sed
1370 619 1565 673 intacta
1613 617 1771 687 Virgo

177 731 431 786 maneat;
472 730 707 774 attamen
737 715 877 786 quod
904 723 985 770 est
1010 712 1146 783 patri
1178 713 1452 781 proprium
1474 752 1487 774 ,
1522 711 1621 765 etsi
1656 710 1765 763 vir-

174 813 414 883 ginitatis
439 811 751 881 dignitatem
782 822 888 861 non
914 806 1228 869 labefactet,
1263 805 1363 857 hoc
1394 803 1487 857 tibi
1514 800 1766 864 confero,

176 912 231 956 nt
261 914 389 957 nato
417 916 611 956 nomen
641 901 902 968 imponas.
926 898 1005 952 Tu
1033 898 1176 950 enim
1208 895 1424 950 vocabis
1454 895 1621 949 illum.
1656 894 1767 947 Etsi

174 1008 407 1062 namque
453 992 592 1048 ﬁlius
639 1000 761 1045 tuus
792 1004 897 1043 non
924 989 1027 1052 sit,
1059 997 1113 1040 tu
1147 996 1421 1056 paternam
1452 1000 1577 1053 erga
1618 985 1766 1038 illutn

172 1097 327 1155 geres
370 1098 577 1137 curam.
611 1082 734 1136 Ideo
758 1080 841 1133 vel
867 1079 936 1132 ab
962 1079 1073 1146 ipsa
1102 1078 1334 1130 nominis
1383 1076 1724 1143 impositione
1751 1115 1767 1138 ,

175 1184 301 1230 nato
328 1185 384 1231 te
428 1174 667 1243 parentis
710 1172 828 1225 loco
868 1170 1119 1239 adjungo.
1156 1168 1358 1222 Deinde
1388 1181 1456 1222 ne
1500 1167 1619 1235 quis
1648 1165 1770 1220 ideo

173 1280 295 1321 eum
337 1274 546 1334 patrem
573 1276 694 1317 esse
734 1254 1099 1330 suspicaretur
1119 1299 1134 1322 ,
1167 1259 1287 1311 audi
1318 1272 1479 1326 quam
1519 1265 1770 1309 accurate

173 1354 453 1423 sequentia
486 1361 687 1423 ponat:
727 1350 933 1413 Poriet,
964 1349 1171 1415 inquit,
1212 1348 1420 1417 ﬁlium;
1452 1361 1558 1400 non
1596 1345 1765 1409 dicit,

176 1443 356 1498 Parict
382 1443 475 1497 tibi
501 1462 515 1504 ;
544 1440 638 1495 sed
662 1440 1071 1494 indeterminate
1096 1438 1273 1508 posuit
1298 1454 1311 1490 :
1337 1451 1442 1491 non
1459 1435 1601 1491 enim
1625 1435 1641 1466 ¹
1669 1435 1766 1503 ipsi

175 1524 418 1602 peperit,
440 1532 538 1586 sed
569 1531 815 1585 universo
840 1527 980 1583 orbi.

242 1716 297 1767 7.
350 1717 587 1783 Ideoque
629 1728 823 1769 nomen
853 1714 968 1784 ejus
998 1727 1066 1768 ex
1107 1713 1240 1768 ctelo
1285 1714 1474 1769 detulit
1513 1714 1765 1785 angelus,

175 1801 299 1858 hinc
341 1805 634 1858 ostendens
676 1805 972 1858 mirabilem
1002 1818 1124 1859 esse
1150 1814 1362 1874 partum
1387 1846 1402 1871 ,
1435 1805 1579 1873 quod
1626 1806 1768 1859 Deus

174 1893 287 1962 ipse
318 1909 515 1949 nomen
547 1894 661 1963 ejus
697 1893 765 1949 de
795 1895 927 1947 cado
958 1909 1051 1963 per
1078 1894 1322 1963 angelum
1347 1894 1582 1963 Josepho
1609 1896 1767 1950 mise-

172 1982 260 2036 rit.
284 1981 478 2053 Neque
504 1984 645 2038 enim
673 1999 842 2053 ipsum
866 1998 993 2037 casu
1020 1992 1074 2037 et
1103 1984 1219 2037 sine
1240 1998 1397 2038 cauSa
1426 1984 1608 2039 datum
1632 1984 1765 2047 fuit,

171 2071 264 2127 sed
306 2083 391 2127 est
422 2072 568 2126 mille
600 2072 858 2126 bonorum
889 2073 1196 2126 thesaurus.
1230 2071 1432 2126 Idcirco
1465 2073 1638 2142 ipsum
1665 2090 1765 2127 au-

170 2161 322 2231 gelus
350 2162 762 2231 interpretatur,
790 2162 1153 2231 optimamque
1182 2176 1330 2230 spem
1360 2162 1516 2217 offert
1538 2203 1554 2228 ,
1582 2172 1637 2218 et
1666 2162 1767 2218 hac

170 2251 380 2306 ratione
411 2251 567 2305 ﬁdem
595 2252 692 2319 Ipsi
719 2251 969 2306 conciliat
994 2269 1007 2304 :
1043 2266 1163 2305 nam
1188 2253 1506 2320 pr0pensius
1533 2253 1763 2307 inclina-

170 2356 292 2395 tnur
318 2341 387 2395 ad
422 2356 507 2395 res
535 2340 936 2408 hujuscemodi;
968 2339 1197 2409 ideoque
1228 2340 1330 2394 illis
1357 2340 1561 2395 facilius
1583 2342 1762 2396 credi-

170 2446 308 2485 mus.
335 2432 474 2485 Cum
509 2430 667 2498 igitur
695 2446 762 2484 ex
805 2430 1051 2484 omnibus
1079 2431 1145 2483 ad
1180 2430 1338 2485 ﬁdem
1368 2431 1418 2485 ei
1462 2430 1761 2486 habendam

170 2530 528 2589 prmparassct
546 2560 561 2583 ,
594 2534 659 2574 ex
689 2520 975 2589 praeteritis
993 2560 1010 2586 ,
1043 2535 1105 2574 ex
1134 2519 1327 2576 futuris
1351 2530 1406 2575 et
1430 2536 1495 2576 ex
1525 2537 1760 2592 prtesen-

169 2610 338 2674 tibus,
367 2624 578 2665 necnon
605 2611 673 2664 ab
695 2610 897 2665 honore
919 2611 1018 2680 ipsi
1043 2611 1227 2666 debito
1248 2652 1263 2676 ,
1297 2613 1499 2667 inducit
1529 2615 1763 2683 prophe-

169 2707 275 2753 tam
294 2740 312 2766 ,
337 2709 639 2769 opportune
657 2700 741 2755 his
762 2701 1010 2755 omnibus
1030 2702 1293 2756 calculum
1316 2703 1554 2759 dantem.
1580 2706 1762 2760 Prius-

166 2804 326 2859 quam
374 2805 505 2846 vero
530 2791 702 2859 ipsum
733 2791 981 2857 inducat,
1010 2793 1145 2847 bona
1176 2808 1272 2862 per
1293 2795 1464 2863 ipsum
1487 2797 1602 2850 orbi
1625 2813 1757 2852 con-

167 2880 388 2936 ferenda
438 2882 780 2950 prtenuntiat.
830 2882 1085 2948 Qumnam
1133 2882 1221 2936 illa
1271 2886 1430 2938 sunt?
1483 2886 1757 2955 Ercptioa

169 2972 402 3039 peccatis
427 2986 443 3028 :
471 2970 498 3023 Ι
508 2988 593 3038 pse
619 2973 753 3025 enim
773 3012 788 3035 ,
821 2972 1027 3041 inquit,
1067 2972 1264 3025 salvum
1314 2975 1464 3041 faciet
1513 2978 1759 3045 populum

157 3077 304 3116 suam
343 3080 377 3117 a
407 3065 624 3132 peccatis
645 3080 838 3118 eorum.
872 3064 971 3119 Hic
998 3078 1210 3133 quoque
1242 3063 1565 3131 stupendum
1595 3066 1745 3133 quid-

158 3156 299 3223 piam
329 3155 615 3209 iudicatur.
639 3154 755 3209 Non
787 3156 929 3209 enim
952 3170 981 3208 a
1006 3154 1159 3208 bellis
1174 3153 1279 3207 sub
1308 3168 1525 3207 sensum
1553 3156 1747 3209 caden-

158 3244 328 3307 tibus,
360 3259 465 3298 non
495 3260 522 3296 a
551 3244 792 3298 barbaris
813 3285 827 3307 ,
860 3244 953 3298 sed
982 3244 1123 3312 quod
1158 3245 1313 3313 longe
1342 3245 1514 3312 majus
1538 3258 1646 3299 erat
1671 3286 1685 3311 ,
1719 3262 1747 3301 a

158 3334 390 3401 peccatis
437 3333 771 3387 liberandum
825 3333 1081 3402 populum
1123 3331 1288 3399 ipsius
1328 3334 1649 3386 annuntiat:
1696 3336 1746 3388 id

155 3422 296 3489 quod
338 3437 497 3476 nemo
533 3430 656 3476 ante
699 3423 878 3476 facere
914 3429 1183 3488 potuerat.
1218 3421 1285 3473 Et
1314 3437 1416 3489 qua
1447 3421 1514 3475 de
1544 3436 1745 3486 causa,

157 3512 365 3582 inquies
390 3554 405 3578 ,
438 3512 697 3582 Populum
716 3522 876 3567 suum
904 3512 1077 3580 dixit,
1107 3527 1280 3581 neque
1310 3522 1495 3582 gentes
1521 3515 1751 3582 adjecit”!

156 3601 233 3657 Ne
257 3604 441 3658 statim
466 3602 765 3657 auditorem
795 3603 1133 3671 percelleret.
1159 3602 1409 3671 Alioquin
1434 3618 1562 3655 vero
1590 3604 1751 3657 intel-

156 3690 369 3763 ligentia
410 3692 663 3761 praeditus
692 3691 904 3745 auditor
934 3692 1018 3745 hic
1048 3701 1235 3761 gentes
1263 3706 1476 3760 quoque
1502 3692 1745 3746 subindi—

156 3783 260 3836 cari
289 3781 562 3851 perspicit.
588 3781 821 3849 Populus
842 3781 983 3833 enim
1005 3780 1124 3847 ejus
1149 3790 1273 3834 sunt
1295 3795 1401 3834 non
1427 3779 1595 3834 Judaei
1629 3789 1751 3835 tan-

158 3883 265 3929 tum
284 3914 302 3940 ,
332 3874 427 3929 sed
452 3888 641 3927 omnes
666 3874 754 3942 qui
783 3872 1080 3938 accedunt,
1109 3880 1163 3926 et
1189 3873 1304 3939 ejus
1325 3872 1630 3926 doctrinam
1651 3887 1746 3926 co-

156 3965 550 4034 gnitionemque
607 3964 923 4032 suscipiunt.
970 3963 1348 4018 Animadverte
1386 3972 1563 4017 autem
1610 3979 1745 4032 quo-

158 4054 314 4110 modo
336 4055 453 4123 ejus
476 4053 786 4122 dignitatem
812 4053 966 4107 nobis
992 4055 1281 4121 aperuerit,
1313 4053 1569 4120 populum
1592 4066 1744 4104 suum

158 4146 434 4217 appellans
479 4146 730 4213 populum
782 4143 1086 4199 Iudaicum.
1122 4143 1231 4197 Hoc
1264 4143 1415 4196 enim
1448 4142 1575 4194 nihil
1608 4141 1776 4199 aliud

158 4238 446 4308 signiﬁcat,
467 4252 625 4304 quam
655 4250 775 4289 eum
797 4275 811 4298 ,
835 4235 923 4303 qui
948 4244 1104 4287 natus
1125 4242 1208 4287 est
1229 4275 1241 4291 .
1266 4246 1387 4287 esse
1413 4230 1603 4285 Filium
1630 4232 1740 4285 Dei.

160 4342 219 4382 ac
243 4327 311 4382 de
351 4342 476 4395 rege
500 4341 733 4394 superno
776 4338 957 4380 sermo
987 4324 1085 4393 ipsi
1117 4333 1216 4377 est.
1248 4322 1429 4392 Neque
1461 4322 1601 4375 enim
1643 4322 1744 4373 alia

159 4426 395 4486 potestas
421 4425 636 4485 peccata
666 4415 938 4468 remittere
962 4413 1122 4475 valet,
1150 4412 1251 4465 nisi
1279 4426 1339 4465 ea
1369 4426 1487 4479 qua:
1510 4408 1576 4461 ad
1606 4410 1746 4462 illam

162 4510 513 4563 substantiam
543 4506 794 4575 pertinet.
826 4504 1087 4569 Quoniam
1119 4503 1277 4570 igitur
1306 4510 1509 4553 tantum
1538 4500 1746 4567 accepi-

164 4614 278 4653 mus
302 4600 502 4652 donum
524 4637 539 4661 ,
570 4595 700 4649 nihil
731 4609 835 4647 non
869 4607 1089 4661 agamus
1114 4608 1180 4645 ne
1207 4600 1409 4643 tantum
1434 4589 1747 4644 beneﬁcium

165 4687 593 4742 dchonestemus.
624 4681 680 4736 Si
726 4682 868 4735 enim
898 4695 959 4733 ea
988 4695 1107 4748 quae
1143 4688 1268 4732 ante
1308 4678 1449 4731 hunc
1493 4679 1749 4731 honorem

165 4788 306 4848 gesta
327 4785 473 4843 sunt,
499 4776 657 4844 digna
676 4775 877 4829 ultione
898 4784 1070 4839 erant,
1097 4772 1263 4826 multo
1283 4772 1452 4839 magis
1475 4779 1591 4838 post
1614 4767 1737 4822 inef-

169 4868 318 4922 fabilc
348 4866 475 4921 illud
508 4865 848 4921 beneﬁcium.

228 5044 419 5098 Fidelis
463 5058 525 5096 ex
551 5042 665 5094 vitae
693 5041 921 5092 instituto
951 5034 1542 5107 dignoscendus.——Il.rc
1586 5050 1744 5099 poi-ro

164 5150 262 5189 non
292 5136 407 5191 sine
454 5147 612 5188 causa
661 5145 801 5184 nunc
830 5129 985 5188 dico;
1038 5125 1130 5179 sed
1178 5127 1299 5190 quia
1346 5124 1544 5177 multos
1590 5124 1743 5175 video

168 5236 282 5295 post
308 5226 567 5293 baptiSma
605 5222 878 5292 segniores
902 5260 916 5283 ,
965 5232 1124 5287 quam
1168 5216 1203 5267 ii
1256 5216 1345 5283 qui
1379 5215 1611 5269 nondum
1664 5216 1715 5267 in

165 5316 288 5371 itiati
315 5325 459 5383 sunt,
492 5328 663 5383 neque
687 5312 844 5365 ullam
873 5309 1129 5362 habentes
1155 5306 1377 5360 instituti
1406 5308 1573 5359 nostri
1595 5306 1734 5358 noti-

225 5542 241 5571 ¹
275 5539 413 5589 savil.
450 5548 503 5589 et
524 5547 632 5587 Mss.
658 5537 823 5601 Morel.
851 5539 920 5586 sic
944 5538 1125 5601 habent
1151 5549 1161 5581 :
1206 5532 1323 5601 andi
1347 5545 1490 5601 quam
1513 5535 1739 5577 (tecm-ate

164 5601 405 5710 mgna:
432 5608 572 5663 ponat
602 5614 618 5650 :
660 5618 682 5646 α
709 5598 886 5658 μηνίει,
913 5616 935 5643 υ
974 5594 1337 5649 iudcterntimtte
1376 5592 1605 5653 loquens;
1642 5602 1735 5638 non

288 5696 301 5720 ,
330 5695 422 5710 νυνι

3380 407 3450 460 48

1870 525 2020 579 tiam.
2053 524 2285 594 Ideoque
2308 536 2407 577 nec
2432 521 2482 577 iu
2514 520 2649 585 foro,
2682 522 2782 574 nec
2811 520 2861 573 in
2889 517 3113 574 ecclesia
3139 523 3317 585 potest
3344 516 3461 569 dis-

1870 615 2033 684 tingui
2085 614 2261 671 ﬁdelis
2299 628 2329 668 a
2370 628 2478 667 non
2524 611 2705 675 ﬁdeli,
2752 608 2853 663 nisi
2899 609 3018 678 quis
3046 606 3187 662 adsit
3222 615 3465 675 tempore

1867 706 2285 775 mysteriorum,
2329 713 2384 759 et
2429 702 2606 757 videat
2651 701 2741 771 qui
2770 701 3086 769 ejiciantur,
3134 706 3191 753 et
3226 699 3316 767 qui
3343 712 3461 750 ma-

1867 804 2046 849 neant.
2074 794 2361 864 Oporteret
2386 802 2562 847 autem
2591 806 2687 845 eos
2728 806 2833 843 non
2862 804 2889 841 a
2918 790 3037 843 loco
3065 829 3080 854 ,
3115 787 3209 842 sed
3238 803 3267 840 a
3296 790 3463 841 mori—

1866 885 1964 938 bus
2005 884 2280 953 distingui.
2329 882 2459 937 Nam
2498 890 2737 935 externae
2771 878 2991 948 quidem
3034 877 3343 947 dignitates,
3392 875 3463 929 ab

1863 974 2100 1027 externis
2130 974 2272 1025 notis
2299 980 2354 1025 et
2376 970 2703 1023 ornamentis
2722 969 2843 1035 jure
2867 968 3252 1036 dignoscantur
3307 982 3319 1016 :
3361 980 3460 1017 no-

1863 1072 1972 1115 stra
2017 1076 2143 1115 vero
2168 1062 2237 1116 ab
2273 1062 2404 1131 ipsis
2442 1060 2633 1113 animis
2662 1068 2786 1111 nota
2825 1072 2944 1109 esse
2973 1064 3203 1124 oportet.
3227 1054 3467 1109 Fidelem

1863 1163 2095 1218 namque
2118 1164 2225 1201 non
2274 1164 2299 1202 ι
2325 1148 2471 1202 dono
2505 1156 2709 1203 tantum
2732 1190 2747 1211 ,
2792 1149 2888 1203 sed
2915 1149 3079 1204 etiam
3118 1163 3149 1202 a
3177 1163 3317 1202 novo
3345 1150 3468 1203 vita:

1857 1240 2100 1295 instituto
2128 1241 2346 1309 agnosci
2380 1255 2475 1309 par
2500 1250 2663 1295 esset.
2706 1240 2904 1296 Fideiis
2934 1232 3276 1296 eﬁuminare
3304 1252 3360 1296 et
3385 1242 3464 1296 sal

1862 1328 2045 1382 mandi
2087 1343 2209 1382 esse
2235 1327 2415 1382 debet.
2449 1328 2582 1383 Cum
2630 1338 2809 1384 autem
2838 1342 2937 1383 nec
2970 1329 3066 1383 tibi
3097 1329 3313 1398 quidem
3364 1330 3463 1397 ipsi

1860 1415 2040 1471 luccas
2062 1456 2079 1482 ,
2114 1432 2213 1471 nec
2244 1406 2512 1486 propriam
2544 1418 2881 1488 putredinem
2912 1419 3250 1488 constringas
3272 1460 3286 1483 ,
3325 1419 3465 1474 unde

1861 1506 2073 1562 tandem
2104 1517 2155 1564 te
2180 1523 2339 1562 nosse
2365 1508 2696 1577 poterimus?
2732 1524 2801 1563 an
2828 1509 2950 1579 quia
2978 1509 3030 1563 in
3058 1509 3227 1563 sacris
3247 1508 3463 1563 fluentis

1862 1599 2133 1668 ingressus
2162 1600 2266 1655 es?
2293 1599 2399 1657 Sed
2427 1601 2529 1657 hoc
2557 1610 2611 1657 te
2632 1601 2697 1657 ad
2729 1602 3050 1672 supplicium
3081 1602 3319 1657 deducit.
3352 1602 3464 1656 Ma-

1858 1687 2081 1757 gnitudo
2124 1689 2270 1743 enim
2310 1689 2530 1744 honoris
2554 1731 2568 1756 ,
2619 1691 2683 1745 iis
2708 1692 2798 1760 qui
2830 1691 2991 1745 vitam
3037 1690 3340 1760 hujusmodi
3372 1692 3467 1744 ho-

1864 1794 1995 1833 nore
2020 1779 2234 1849 dignam
2264 1794 2371 1835 non
2409 1790 2603 1850 agunt,
2629 1774 3052 1837 additamentum
3085 1782 3329 1851 supplicii
3360 1792 3463 1839 est.

1864 1868 2099 1923 Fidelem
2128 1872 2272 1923 enim
2305 1886 2410 1926 non
2443 1871 2511 1925 ab
2538 1872 2603 1925 iis
2634 1880 2838 1926 tantum
2865 1888 2986 1941 qua:
3013 1888 3044 1926 a
3076 1872 3185 1927 Deo
3213 1875 3461 1943 accepit,

1859 1959 1953 2013 sed
1987 1960 2149 2014 etiam
2176 1961 2244 2015 ab
2285 1962 2350 2013 iis
2376 1977 2495 2030 quae
2526 1962 2640 2030 ipse
2664 1961 2844 2016 intulit
2884 1962 3086 2032 fulgere
3118 1978 3212 2031 par
3239 1974 3322 2016 cst
3346 2002 3361 2025 .
3411 1975 3467 2019 et

1859 2050 2094 2119 undique
2123 2066 2183 2105 se
2212 2062 2395 2106 notum
2427 2061 2705 2122 praestare,
2730 2052 2799 2106 ab
2820 2052 3032 2108 incessu
3061 2094 3076 2117 ,
3109 2054 3177 2107 ab
3200 2064 3420 2123 aspectu
3446 2095 3461 2118 ,

1858 2139 1928 2191 ab
1959 2138 2162 2202 habitu,
2190 2154 2219 2192 a
2248 2155 2400 2195 voce.
2430 2140 2554 2195 Hmc
2579 2150 2757 2196 autem
2786 2142 2919 2208 dixi,
2954 2158 3060 2196 non
3090 2152 3148 2196 ut
3167 2143 3233 2198 ad
3276 2155 3464 2200 osten-

1861 2230 2119 2285 tationem
2144 2271 2158 2295 ,
2188 2231 2283 2286 sed
2306 2241 2366 2287 ut
2383 2230 2450 2286 ad
2478 2232 2763 2288 utilitatem
2794 2233 3089 2288 videntium
3119 2248 3217 2287 nos
3240 2249 3466 2303 compo—

1860 2334 2072 2375 namus.
2113 2321 2273 2376 Nunc
2294 2334 2471 2378 autem
2504 2323 2881 2393 undecumque
2925 2333 2976 2378 te
3019 2325 3243 2378 voluero
3271 2324 3463 2394 digno-

1860 2426 2036 2476 scere,
2080 2415 2315 2484 undique
2343 2424 2396 2470 te
2428 2406 2643 2472 invenio
2672 2432 2701 2469 a
2730 2418 3016 2471 contrariis
3041 2417 3304 2487 dignosci.
3349 2417 3406 2473 Si
3433 2434 3464 2472 a

1858 2499 1981 2556 loco
2005 2504 2094 2571 qui
2126 2505 2201 2557 sis
2230 2506 2389 2569 velim
2430 2506 2672 2562 ediscere
2691 2548 2705 2571 ,
2740 2507 2794 2560 in
2820 2507 2967 2561 circo
2993 2517 3045 2561 te
3069 2547 3084 2571 ,
3117 2507 3168 2560 in
3198 2509 3422 2562 theatris
3448 2548 3464 2566 .

1859 2598 1915 2643 et
1959 2591 2153 2661 iniquis
2194 2596 2634 2664 occupationibus
2680 2596 2837 2650 video
2879 2596 2995 2650 dies
3025 2596 3359 2665 transigere,
3412 2597 3465 2650 in

1864 2678 1963 2734 fori
1992 2683 2222 2741 ctetibus
2248 2684 2615 2755 improborum
2640 2727 2654 2751 ,
2684 2686 2736 2741 in
2767 2696 3142 2756 corruptorum
3186 2686 3465 2742 hominum

1856 2773 2168 2838 consortio;
2196 2774 2241 2827 si
2266 2788 2297 2829 a
2325 2775 2505 2829 vultus
2541 2778 2953 2845 compositione,
2981 2775 3197 2832 assidue
3224 2785 3277 2833 te
3299 2792 3467 2833 cerno

1872 2867 2159 2921 cachinnis
2187 2867 2431 2921 deditum
2460 2881 2525 2921 ac
2552 2867 2902 2933 dissolutum,
2937 2870 3080 2925 haud
3109 2886 3271 2927 secus
3299 2885 3465 2941 quam

1876 2955 2213 3009 meretricem
2254 2955 2559 3024 procaciter
2612 2956 2851 3011 hiantem
2898 2967 2954 3012 et
3010 2958 3338 3013 dissolutam
3368 2975 3384 3023 ;
3414 2958 3466 3014 si

1874 3056 1905 3095 a
1932 3044 2195 3106 vestibus,
2227 3045 2452 3113 perinde
2492 3047 2820 3102 teamictutn
2854 3047 3010 3101 video
3044 3057 3208 3117 atque
3240 3048 3435 3103 histrio
3457 3074 3471 3088 -

1876 3147 2037 3195 nem;
2098 3134 2143 3184 si
2189 3148 2217 3186 a
2260 3134 2586 3195 clientibus,
2642 3136 2916 3203 parasitos
2984 3136 3357 3192 circumducis
3411 3146 3469 3192 et

1877 3222 2188 3288 adultores;
2220 3222 2265 3277 si
2300 3238 2329 3274 a
2364 3224 2569 3287 verbis,
2596 3220 2729 3276 nihil
2780 3237 2975 3278 sanum
2997 3264 3012 3289 ,
3046 3225 3183 3279 nihil
3215 3242 3469 3281 necessa-

1879 3311 2042 3373 rium,
2074 3312 2207 3362 nihil
2248 3312 2313 3363 ad
2352 3312 2663 3365 institutum
2698 3313 2823 3364 vita;
2867 3322 3118 3366 no.~trum
3151 3317 3471 3371 concudens

1878 3398 2191 3466 loquentem
2225 3399 2425 3457 audio:
2459 3402 2505 3454 si
2539 3416 2569 3453 a
2610 3415 2818 3464 mensa,
2868 3402 3043 3471 major
3086 3404 3213 3457 uinc
3242 3420 3472 3459 accusa-

1882 3488 2049 3542 tionis
2084 3490 2311 3543 materia
2338 3491 2570 3545 orietur.

1930 3647 1983 3700 8.
2041 3647 2320 3704 Undenam
2373 3651 2576 3721 igitur,
2626 3670 2855 3723 quaeso,
2911 3666 3099 3727 potero
3148 3672 3198 3716 te
3250 3663 3460 3718 ﬁdelem

1855 3750 2189 3806 agnoscere,
2243 3754 2363 3795 cum
2410 3756 2568 3812 supra
2616 3745 2756 3800 dicta
2786 3750 2967 3803 omnia
3013 3755 3341 3807 ccutrarium
3373 3773 3462 3810 ar-

1854 3828 2058 3893 guant?
2087 3828 2153 3881 Et
2196 3830 2322 3897 quid
2370 3830 2495 3886 dico
2539 3832 2795 3891 ﬁdelem?
2832 3838 3016 3909 Neque
3054 3843 3198 3896 enim
3226 3844 3270 3898 si
3303 3845 3465 3901 homo

1853 3918 1928 3971 sis
1958 3933 2173 3986 possum
2212 3921 2491 3995 evidenter
2526 3940 2840 3997 agnoscere.
2873 3931 3006 3987 Nam
3038 3950 3159 3989 cum
3188 3938 3335 3991 calce
3364 3940 3466 3990 im-

1856 4018 2005 4076 petas
2034 4020 2090 4063 ut
2119 4013 2303 4067 asinus
2326 4053 2341 4079 ,
2370 4016 2589 4072 exsilias
2620 4028 2679 4073 ut
2704 4030 2891 4076 taurus
2910 4063 2925 4086 ,
2958 4025 3024 4077 ad
3058 4027 3313 4081 mulieres
3343 4028 3462 4083 hin-

1857 4099 1974 4150 nias
2003 4094 2059 4150 ut
2085 4115 2257 4167 equus
2277 4141 2291 4161 ,
2324 4106 2590 4159 voraciter
2620 4108 2748 4161 edas
2778 4121 2835 4163 ut
2865 4127 3023 4167 ursus
3048 4156 3062 4177 ,
3103 4131 3320 4171 carnem
3357 4121 3460 4172 im-

1853 4188 2111 4255 pinguare
2134 4190 2353 4245 studeas
2394 4205 2451 4247 ut
2474 4197 2651 4251 mulus
2678 4240 2691 4260 ,
2725 4200 3038 4269 injuriarum
3067 4222 3275 4263 memor
3302 4210 3376 4263 sis
3406 4222 3462 4265 ut

1852 4279 2110 4344 camelus,
2141 4281 2324 4349 rapias
2354 4292 2410 4336 ut
2432 4284 2588 4355 lupus
2612 4329 2626 4350 ,
2656 4288 2905 4346 irascaris
2937 4304 2991 4346 nt
3017 4311 3265 4365 serpens,
3300 4299 3461 4356 ferias

1855 4377 1912 4420 ut
1942 4371 2175 4439 scorpio,
2208 4373 2507 4443 vcrsipellis
2535 4376 2610 4431 sis
2641 4388 2698 4433 ιιι
2728 4381 2935 4451 vulpes,
2965 4386 3115 4440 virus
3163 4388 3459 4458 iniquitatis

1853 4471 2035 4513 serves
2064 4468 2121 4513 ut
2162 4462 2306 4531 aspis
2345 4473 2401 4517 et
2446 4467 2662 4534 vipera,
2708 4470 2967 4529 adversus
3016 4477 3211 4532 fratres
3258 4480 3458 4537 bellum

1849 4564 2027 4618 geras,
2086 4559 2143 4604 ut
2183 4553 2417 4610 crudelis
2437 4556 2527 4611 ille
2557 4558 2768 4614 daemon
2810 4580 2823 4615 :
2871 4567 3142 4632 quomodo
3187 4577 3238 4621 te
3271 4580 3459 4638 potero

1862 4644 2002 4688 inter
2043 4638 2289 4693 ltnttiittes
2333 4655 2733 4711 annumerare,
2782 4662 2905 4701 cum
2959 4649 3207 4706 humana:
3254 4665 3462 4711 natura:

1857 4724 2194 4783 characteres
2243 4731 2294 4783 in
2339 4740 2390 4785 te
2421 4749 2526 4788 non
2566 4736 2817 4792 videam?
2857 4739 3173 4805 Quaerebam
3205 4745 3463 4802 differen-

1860 4814 1983 4867 tiam
2034 4818 2481 4875 catechumenum
2522 4825 2663 4879 inter
2694 4834 2750 4880 et
2792 4827 3005 4883 ﬁdelem
3032 4871 3046 4893 ,
3079 4840 3133 4885 et
3163 4834 3457 4900 periculum

1853 4916 1933 4958 est
1978 4923 2044 4961 ne
2089 4907 2331 4965 invenire
2368 4929 2629 4982 nequeam
2670 4918 2843 4971 virum
2877 4920 3016 4974 inter
3044 4932 3093 4975 et
3139 4923 3305 4977 feram
3338 4926 3451 4981 dis-

1850 4995 2073 5049 crimen.
2117 5000 2321 5068 Ecquid
2363 5012 2431 5069 te_
2463 5004 2635 5059 dicam
2667 5008 2823 5062 esse?
2851 5008 3075 5063 Feram?
3103 5012 3171 5064 At
3195 5011 3324 5067 fera!
3350 5030 3458 5069 uno

1851 5093 2056 5140 tantum
2088 5090 2217 5143 vitio
2248 5100 2542 5149 tenentur:
2591 5106 2645 5151 tu
2701 5114 2831 5154 vero
2874 5102 3181 5169 qui-omnia
3226 5104 3460 5161 circum.

1843 5185 1954 5228 tcrs
1986 5176 2109 5229 vitia
2142 5220 2156 5244 ,
2185 5181 2341 5252 longe
2368 5187 2539 5253 magis
2569 5202 2728 5256 quam
2758 5191 2860 5244 illa:
2890 5192 3113 5246 rationis
3138 5208 3197 5247 es
3236 5210 3451 5263 expers.

1848 5262 1954 5318 Sed
1980 5264 2277 5324 dmmonem
2330 5282 2378 5326 te
2409 5275 2651 5331 voeabo?
2678 5280 2836 5348 Atqui
2863 5279 3076 5336 dzemon
3118 5299 3289 5353 neque
3314 5262 3452 5341 rven-

1850 5354 1945 5407 tris
1974 5360 2241 5425 tyrannidi
2268 5363 2513 5419 subditus
2543 5376 2646 5433 est,
2674 5384 2847 5437 neque
2870 5370 3082 5427 divitias
3116 5386 3280 5429 amat.
3315 5378 3449 5434 Cum

1848 5460 1975 5514 ergo
1995 5449 2141 5515 plura
2168 5451 2316 5518 vitia,
2342 5470 2499 5523 quam
2530 5456 2657 5512 ferte
2687 5468 2739 5513 et
2768 5460 3040 5517 daemones
3066 5464 3287 5533 habeas,
3312 5485 3449 5537 quo-

1851 5537 2030 5604 modo,
2073 5554 2277 5607 quteso,
2326 5553 2378 5597 te
2420 5546 2690 5601 hominem
2736 5552 3087 5606 vocabimus?
3136 5558 3179 5609 si
3214 5573 3339 5611 vero
3398 5572 3449 5615 te

1851 5625 2119 5684 hominem
2149 5648 2343 5690 vocare
2372 5651 2475 5691 non
2526 5638 2650 5694 licet
2675 5683 2689 5707 ,
2719 5644 2988 5711 quomodo
3018 5647 3227 5703 ﬁdelem
3262 5653 3446 5720 appel-
