4040 6462
579 425 642 478 ιε
1293 428 1351 482 S.
1393 427 1680 485 JOANNIS
1712 429 2196 486 CIIRYSO'SNIII
2233 428 2550 484 ARCHIEP.
2592 423 3136 482 CONSTANTINOP.
3760 429 3827 485 50

582 529 841 585 lablmus?
867 532 1018 600 Quod
1045 541 1220 588 autem
1257 532 1492 590 deterius
1521 543 1642 600 est,
1672 549 1795 589 cum
1821 535 1890 588 ita
1917 534 2054 588 male
2078 548 2150 586 si.

581 633 700 672 mus
725 620 918 687 affecti,
950 638 1016 676 ne
1040 623 1334 691 cogitamus
1361 623 1576 692 quidem
1603 625 1796 678 anima:
1825 635 2020 679 nostra:
2056 625 2154 677 de-

579 707 942 776 formitatem,
991 725 1166 780 neque
1217 713 1333 781 ejus
1388 714 1679 768 foeditatem
1728 716 1992 770 novimus.
2049 714 2153 770 Sed

491 823 494 826 ~
577 796 716 865 apud
749 806 1018 854 tonsorem
1056 800 1252 855 sedens
1277 843 1294 866 ,
1335 816 1541 855 comam
1566 802 1861 858 detondens
1882 843 1898 870 ,
1945 816 2156 874 arrepto

582 888 801 954 speculo
831 890 1105 943 uesariem
1133 892 1460 956 consideras,
1493 903 1546 946 et
1574 894 1847 949 adstantes
1868 896 2156 965 ipsumque

578 984 848 1030 tonsorem
879 977 1200 1047 interrogas,
1243 995 1366 1032 num
1396 991 1585 1035 ornate
1610 983 1835 1037 frontem
1863 986 2155 1038 concinna-

576 1065 712 1117 verit
744 1082 755 1117 :
788 1080 852 1117 ac
876 1080 1019 1132 saepe
1039 1106 1056 1131 ,
1085 1082 1249 1121 senex
1276 1082 1396 1122 cum
1439 1071 1514 1123 sis
1536 1111 1551 1134 ,
1585 1086 1688 1124 non
1721 1073 1919 1127 vereris
1941 1073 2155 1141 juveni-

575 1152 715 1207 libus
754 1155 940 1207 studiis
970 1156 1201 1210 insanire
1238 1175 1252 1209 :
1296 1159 1525 1213 animam
1569 1176 1696 1215 vero
1738 1174 1974 1217 nostram
1998 1203 2013 1227 ,
2047 1179 2151 1218 non

578 1244 737 1297 modo
762 1243 1076 1309 deformem,
1103 1246 1196 1299 sed
1227 1249 1384 1301 etiam
1409 1249 1588 1303 ferina
1619 1250 1800 1306 formae
1821 1267 1963 1317 esse,
1987 1254 2155 1308 instar

575 1331 764 1401 Scylla:
791 1342 845 1387 et
873 1333 1154 1390 Chimazras
1182 1379 1199 1402 ,
1223 1354 1340 1406 quae
1372 1341 1422 1394 in
1455 1341 1628 1396 fabula
1655 1346 1916 1411 feruntur,
1958 1362 2025 1401 ne
2054 1347 2156 1400 mi-

575 1422 776 1476 nimum
806 1424 1022 1491 quidem
1045 1429 1302 1483 sentimus
1328 1449 1340 1483 :
1375 1448 1688 1501 quamquam
1728 1445 1902 1489 tamen
1933 1438 2017 1490 hic
2041 1437 2151 1504 spi-

573 1509 762 1566 rituale
801 1513 1072 1580 speculum
1117 1515 1406 1574 habeamus
1446 1521 1602 1590 longe
1641 1524 1830 1579 melius
1873 1534 1926 1580 et
1973 1525 2152 1580 utilius

573 1600 686 1655 illo.
731 1602 843 1656 Non
888 1604 1048 1658 modo
1094 1609 1235 1661 enim
1279 1608 1668 1668 deformitatem
1716 1624 2011 1680 monstrat,
2053 1615 2148 1670 sed

571 1692 731 1746 etiam
759 1703 926 1747 mutat
951 1695 1094 1750 illam
1122 1697 1177 1751 in
1213 1699 1659 1768 pulchritudinem
1705 1701 2016 1762 immensam
2039 1745 2056 1772 ,
2100 1705 2149 1761 si

568 1781 782 1850 quidem
811 1785 1056 1842 velimus.

649 1974 757 2029 Vita
785 1984 1070 2027 sanctorum
1091 1973 1557 2042 speculam.——Hoc
1579 1987 1739 2044 porro
1762 1974 2035 2044 speculum
2054 1986 2133 2031 est

564 2065 848 2135 proborum
875 2065 1114 2117 virorum
1144 2065 1422 2130 memoria,
1454 2078 1662 2118 necnon
1685 2066 1854 2120 beatae
1906 2066 2138 2135 ipsorum

565 2155 686 2207 vita:
713 2153 929 2207 historia
953 2193 968 2218 ,
997 2152 1385 2221 Scripturarum
1413 2154 1569 2209 lectio
1585 2191 1599 2216 .
1625 2155 1767 2224 leges
1791 2169 1819 2207 a
1846 2156 1955 2210 Deo
1981 2157 2136 2209 datae.

567 2241 623 2296 Si
671 2242 751 2296 vel
775 2241 940 2296 semel
971 2240 1204 2295 volueris
1245 2241 1561 2296 Sanctorum
1610 2243 1862 2311 imagines
1899 2254 2140 2298 eontem-

569 2332 699 2400 plari
725 2370 742 2394 ,
783 2330 1176 2386 deformitatem
1201 2331 1392 2384 anima:
1427 2340 1530 2384 tute
1571 2330 1774 2386 videbis
1801 2347 1816 2385 :
1848 2343 1948 2400 qua
1976 2333 2142 2387 semel

566 2429 871 2489 conspecta,
905 2420 1048 2473 nullo
1074 2420 1179 2473 alio
1205 2420 1382 2488 egebis
1409 2427 1466 2472 ut
1492 2421 1561 2472 ab
1585 2421 1683 2474 hac
1708 2421 2028 2489 turpitudine
2074 2423 2143 2475 lio

569 2511 794 2565 bereris.
842 2509 922 2563 Ad
954 2509 1055 2563 hoc
1096 2509 1237 2574 enim
1265 2509 1395 2562 utile
1437 2508 1590 2561 nobis
1617 2517 1698 2561 est
1726 2509 1824 2562 hoc
1851 2510 2144 2577 speculum,

568 2602 882 2670 facilemque
905 2600 1058 2654 nobis
1089 2598 1258 2654 reddit
1287 2599 1422 2652 hanc
1460 2599 1829 2652 mutationem.
1856 2599 2022 2653 Nemo
2051 2599 2148 2652 ita-

570 2707 673 2761 que
703 2693 752 2744 in
803 2693 1078 2745 brutorum
1125 2689 1290 2743 forma
1323 2697 1550 2742 maneat.
1595 2689 1651 2743 Si
1691 2691 1834 2743 enim
1863 2703 2046 2744 servus
2091 2694 2145 2745 in

570 2782 786 2834 domum
821 2781 983 2848 patris
1011 2794 1114 2833 non
1145 2779 1340 2843 intrat,
1371 2793 1493 2832 cum
1521 2780 1645 2832 lem:
1671 2779 1891 2833 formam
1925 2781 2144 2846 habeas,

569 2869 838 2938 quomodo
869 2878 921 2921 tu
951 2870 1003 2922 in
1031 2870 1208 2921 limina
1238 2868 1326 2921 illa
1355 2869 1557 2935 ingredi
1587 2869 1817 2935 poteris?
1844 2868 2044 2938 Ecquid
2079 2871 2145 2924 fe-

573 2974 682 3012 ram
714 2958 871 3013 dico?
903 2959 1032 3013 Fera
1063 2957 1481 3012 enim-deterior
1505 2970 1589 3012 est
1620 2958 1920 3026 huiusmodi
1964 2960 2143 3013 homo.

573 3049 721 3104 Ferae
748 3050 889 3104 enim
918 3049 1016 3101 etsi
1065 3057 1247 3101 natura
1276 3063 1369 3101 sua
1402 3049 1606 3102 feroces
1637 3048 1763 3114 sint,
1792 3048 2019 3103 humana
2068 3059 2148 3103 ta-

573 3153 692 3196 men
719 3149 832 3193 arte
871 3153 1012 3207 saepe
1055 3147 1433 3191 mansucscunt
1475 3155 1487 3189 :
1538 3148 1590 3191 tu
1640 3154 1765 3192 vero
1808 3141 1896 3206 qui
1937 3139 2145 3195 illarum

573 3231 866 3285 naturalem
898 3230 1157 3283 feritatem
1199 3228 1249 3280 in
1278 3228 1756 3290 mansuetudinem,
1800 3243 1917 3294 qua:
1965 3240 2148 3284 eontra

573 3328 814 3374 naturam
837 3332 1019 3371 earum
1049 3325 1151 3382 est,
1174 3323 1521 3381 transmutas,
1552 3331 1708 3384 quam
1741 3316 1960 3374 habebis
1985 3334 2144 3372 excuo

573 3409 850 3470 sationem,
879 3405 969 3474 qui
991 3405 1468 3468 mansuetudinem,
1496 3421 1651 3473 quant
1670 3420 1736 3462 ex
1755 3420 1938 3461 natura
1966 3407 2149 3472 habeS,

577 3500 627 3552 in
650 3499 938 3559 feritatem,
970 3511 1090 3564 quae
1119 3505 1302 3549 contra
1334 3504 1577 3548 naturam
1603 3505 1718 3563 est,
1764 3498 2029 3551 convertis
2055 3536 2070 3560 ,
2099 3509 2150 3551 et

573 3589 662 3656 qui
704 3587 841 3656 quod
887 3587 1056 3640 ferqu
1100 3595 1214 3638 erat
1241 3585 1367 3637 mite
1406 3586 1656 3648 reddens,
1689 3589 1933 3655 teipsum,
1969 3597 2150 3641 natura

576 3681 755 3734 mitem
781 3719 796 3742 ,
823 3685 1007 3731 contra
1039 3685 1278 3730 naturam
1310 3674 1540 3732 ferocem
1571 3676 1889 3731 constituisti
1919 3695 1932 3730 :
1961 3692 2022 3730 ac
2060 3677 2147 3746 qui

575 3771 782 3823 lennem
808 3769 1013 3823 cicuras
1035 3777 1474 3835 mansuetumque
1503 3768 1700 3833 reddis,
1730 3769 1964 3822 animum
1999 3778 2144 3822 tuum

576 3858 730 3911 leone
773 3858 1086 3912 ferociorem
1129 3856 1333 3911 efficis?
1386 3858 1592 3911 etiamsi
1632 3857 1737 3910 duo
1784 3859 1890 3911 illic
1933 3858 2154 3920 impedi-

577 3955 762 4001 menta
793 3943 996 4004 adsint,
1037 3952 1092 3994 et
1122 3940 1266 4009 quod
1302 3938 1416 3991 l'era
1447 3939 1533 3990 illa
1566 3938 1637 3989 sit
1668 3937 1892 3990 rationis
1923 3953 2136 4006 expers,

569 4042 626 4086 et
651 4028 798 4100 quod
822 4028 1072 4082 omnium
1102 4028 1172 4079 sit
1197 4023 1553 4079 ferocissima.
1587 4022 1837 4075 Attamen
1865 4022 1916 4074 vi
1953 4022 2138 4076 inditae

569 4121 670 4174 tibi
714 4135 744 4172 a
790 4117 902 4170 Deo
945 4114 1246 4184 sapientiae,
1298 4122 1549 4166 naturam
1597 4111 1767 4180 ipsam
1813 4111 2009 4165 vincis.
2055 4112 2134 4163 'l'u

570 4210 738 4279 igitur
775 4208 869 4276 qui
908 4207 1147 4260 ferarum
1189 4213 1438 4255 naturam
1480 4203 1676 4264 vincis,
1725 4217 1824 4254 cur
1864 4202 1918 4253 in
1964 4201 2138 4267 teipse

569 4309 625 4353 et
657 4305 866 4351 natura
897 4305 953 4348 et
993 4291 1293 4346 voluntatis
1334 4290 1536 4342 bonum
1575 4288 1797 4356 prodis?
1825 4289 1901 4340 Ac
1937 4287 1981 4340 si
2017 4286 2138 4354 qui-

571 4389 695 4442 dem
738 4395 790 4439 te
830 4386 998 4438 alium
1044 4382 1325 4439 hominem
1369 4379 1554 4432 mitem
1601 4377 1832 4431 reddere
1865 4376 2136 4446 iuberem,

571 4492 638 4532 ne
676 4476 757 4531 sic
789 4473 1012 4544 quidem
1057 4470 1156 4525 tibi
1193 4485 1258 4524 ea
1293 4467 1553 4523 mandare
1589 4467 1830 4530 viderer,
1865 4481 1987 4534 qua:
2022 4465 2140 4519 fieri

570 4565 866 4634 nequirent
898 4579 912 4614 :
945 4575 1136 4630 posses
1167 4569 1348 4613 tamen
1384 4567 1444 4612 tu
1462 4557 1712 4627 obiicere
1742 4565 1794 4610 te
1825 4571 1934 4608 non
1960 4555 2140 4608 domi-

575 4671 707 4711 num
734 4668 852 4709 esse
880 4651 1176 4706 voluntatis
1202 4649 1447 4712 alterius,
1479 4661 1582 4703 nec
1608 4661 1777 4718 penes
1807 4655 1858 4700 te
1883 4644 1936 4699 id
1965 4653 2141 4698 totum

579 4760 720 4801 esse.
753 4743 909 4798 Nunc
944 4751 1128 4796 autem
1161 4741 1341 4795 bellua
1376 4749 1465 4793 tua
1494 4747 1597 4796 est.
1630 4739 1684 4789 in
1719 4745 1810 4790 tuo
1846 4735 2023 4804 posita
2054 4749 2142 4787 ar-

571 4836 758 4891 bitrio.

643 5019 696 5072 9.
739 5018 804 5071 In
831 5019 957 5070 iram
988 5015 1254 5068 inuehitur.
1294 5012 1515 5083 Sanguis
1540 5010 1726 5066 Christi
1765 5011 1959 5063 morbos
1986 5011 2142 5061 animi

570 5109 858 5178 exstinguit.
906 5105 1125 5171 Affectus
1163 5121 1279 5174 erga
1313 5113 1565 5156 creaturas
1599 5117 1816 5154 antorem
1838 5099 2019 5154 Christi
2045 5100 2142 5150 mi-

575 5201 779 5252 nuit.-—
798 5196 964 5263 Quam
988 5209 1114 5263 ergo
1143 5193 1305 5247 habes
1330 5191 1716 5252 defensionem,
1745 5191 1866 5244 dum
1900 5197 2140 5243 naturam

574 5301 716 5343 tuam
735 5303 837 5342 non
866 5284 1094 5353 subigis?
1117 5299 1272 5352 quem
1290 5284 1643 5336 excusationis
1659 5284 1889 5337 colorem
1908 5281 2144 5350 proferre

578 5376 797 5446 poteris,
829 5376 953 5427 dum
985 5374 1192 5427 leonem
1217 5371 1268 5424 in
1301 5370 1567 5425 hominem
1592 5371 1874 5433 convertis,
1906 5382 2057 5440 teque
2077 5384 2138 5421 ex

583 5466 793 5519 homine
823 5465 1028 5517 leonem
1053 5463 1248 5516 factum
1278 5460 1490 5524 videns,
1524 5459 1574 5514 id
1604 5476 1706 5515 non
1733 5476 1906 5524 curas,
1940 5475 2002 5513 ac
2019 5460 2141 5511 dum

579 5555 654 5608 illi
684 5569 777 5618 ea,
807 5543 926 5622 qua:
958 5567 1113 5620 supra
1145 5560 1383 5605 naturam
1417 5552 1533 5620 ejus
1572 5560 1728 5615 sunt,
1769 5551 2002 5619 largiris,
2049 5549 2140 5602 tibi

581 5658 646 5697 ne
673 5658 735 5695 ea
765 5643 971 5712 quidem
1001 5657 1201 5704 servas,
1229 5656 1348 5710 quae
1375 5656 1440 5693 ex
1471 5651 1654 5693 natura
1682 5640 1865 5704 habes,
1896 5639 1989 5693 sed
2017 5639 2141 5692 dum

2260 546 2399 598 teras
2423 549 2659 611 agrestes
2694 539 2761 591 ad
2790 537 3118 591 nobiiitatem
3148 540 3380 589 nostram
3409 531 3678 587 deducere
3701 546 3825 586 con-

2261 633 2437 688 tendis
2457 673 2474 698 ,
2509 631 2736 698 teipsum
2764 642 2828 680 ex
2872 627 3008 680 solio
3029 625 3178 694 regni
3198 622 3460 682 detrudis.
3480 624 3610 675 etin
3634 619 3829 674 bellua-

2259 741 2376 780 rum
2422 724 2656 778 furorem
2697 716 2957 787 depellis?
2991 717 3174 785 Cogita
3216 728 3478 782 namque,
3529 712 3573 765 si
3622 711 3830 780 placet,

2259 814 2392 867 iram
2433 827 2554 867 esse
2577 810 2738 863 feram
2764 825 2776 859 :
2806 817 2859 861 et
2882 814 3134 874 quantam
3164 803 3250 855 alii
3275 804 3415 856 circa
3440 803 3624 857 leones
3654 814 3833 852 curam

2264 899 2609 968 impendunt,
2657 905 2853 951 tantam
2899 902 2953 947 et
2993 903 3048 946 tu
3095 890 3342 958 impende
3379 892 3518 944 circa
3565 890 3832 957 teipsum,

2256 998 2416 1056 atque
2453 989 2689 1039 animum
2733 993 2877 1037 tuum
2917 980 3097 1034 mitem
3143 987 3584 1046 mansuetumque
3631 975 3836 1030 redde:

2257 1092 2378 1131 nam
2407 1084 2462 1130 et
2505 1075 2594 1129 ille
2623 1074 2781 1128 smvis
2814 1069 3061 1126 dentibus
3086 1077 3137 1121 et
3165 1065 3375 1134 ungulis
3404 1065 3695 1119 instructus
3720 1071 3836 1127 est,

2254 1181 2318 1221 ac
2349 1167 2446 1220 nisi
2472 1166 2678 1218 cicures
2707 1162 2900 1228 ipsum,
2940 1157 3116 1210 omnia
3147 1154 3351 1224 perdet.
3375 1153 3556 1222 Neque
3585 1156 3733 1208 enim
3762 1154 3843 1206 leo

2260 1266 2315 1310 et
2343 1257 2522 1324 vipera
2551 1253 2630 1306 sic
2666 1252 2871 1304 viscera
2905 1248 3140 1300 lacerare
3176 1251 3430 1312 possunt,
3473 1251 3529 1295 ut
3563 1243 3639 1295 ira
3661 1280 3678 1305 ,
3729 1255 3844 1308 qua:

2259 1346 2465 1414 ungulis
2510 1343 2694 1398 ferreis
2748 1338 2962 1394 assidue
3011 1337 3195 1391 laniat.
3239 1333 3422 1402 Neque
3470 1348 3612 1418 νει-(ξ
3643 1347 3846 1400 corpus

2258 1445 2460 1487 tantum
2501 1431 2810 1494 labefactat,
2841 1426 2936 1482 sed
2971 1435 3024 1481 et
3047 1426 3237 1479 animat
3274 1424 3554 1477 sanitatem
3593 1437 3844 1476 corrumo

2256 1524 2348 1592 pit,
2369 1524 2474 1576 vim
2495 1521 2614 1590 ejus
2627 1534 2839 1572 onmem
2861 1517 3173 1577 corrodens,
3192 1514 3472 1576 dilaniatis,
3503 1514 3842 1582 discerpens,

2256 1625 2310 1668 et
2337 1614 2402 1667 ad
2430 1613 2606 1666 omnia
2647 1609 2889 1664 inutilem
2919 1607 3169 1662 reddens.
3198 1606 3329 1661 Nam
3361 1606 3406 1659 si
3433 1606 3479 1659 is
3503 1606 3593 1674 qui
3625 1620 3846 1659 vermes

2257 1707 2309 1760 in
2345 1705 2634 1760 visceribus
2679 1703 2882 1764 nutrit,
2932 1715 3000 1755 ne
3041 1699 3310 1768 respirare
3349 1697 3564 1767 quidem
3609 1697 3846 1766 poterit,

2250 1796 2460 1852 cunctis
2501 1795 2642 1848 intus
2679 1790 2945 1859 corruptis
2981 1830 2996 1854 ,
3036 1785 3301 1857 quomodo
3337 1787 3495 1840 talem
3532 1795 3847 1855 serpentem

2255 1886 2539 1948 habentes,
2565 1883 2767 1936 viscera
2795 1879 2972 1934 omnia
2996 1869 3392 1940 corrodentem,
3425 1876 3556 1928 iram
3579 1875 3728 1939 dico,
3757 1891 3846 1944 ge-

2256 1991 2508 2032 nerosum
2553 1975 2746 2045 aliquid
2796 1991 2985 2044 parere
3030 1979 3360 2044 poterimus?
3396 1978 3678 2045 Quomodo
3707 1992 3841 2046 ergo

2254 2067 2545 2137 poterimus
2585 2065 2652 2118 ab
2690 2064 2789 2118 hac
2828 2075 2974 2132 peste
3005 2065 3262 2119 liberari?
3294 2066 3349 2120 Si
3391 2067 3534 2120 illam
3559 2066 3839 2134 potionem

2250 2156 2515 2219 bibamus,
2543 2168 2659 2221 qua:
2687 2154 2854 2222 possit
2880 2157 3021 2206 intus
3052 2155 3253 2222 positos
3280 2163 3574 2225 vermeset
3609 2169 3842 2223 serpen-

2253 2255 2331 2301 tes
2375 2248 2734 2313 exstinguere.
2782 2244 2960 2311 Eequa
3011 2246 3156 2312 potio
3200 2245 3289 2298 illa
3334 2255 3435 2309 est,
3479 2245 3680 2312 inquis,
3715 2261 3840 2315 qua:

2251 2342 2450 2388 tantam
2501 2333 2604 2385 vim
2655 2332 2886 2386 habeat?
2934 2332 3206 2387 Pretiosos
3252 2334 3467 2401 sanguis
3507 2332 3738 2398 Christi,
3792 2334 3840 2388 si

2251 2437 2371 2478 cum
2402 2421 2592 2476 lidueia
2618 2432 2858 2475 sumatur
2890 2440 2902 2474 :
2939 2422 3152 2476 morbos
3182 2423 3376 2491 quippe
3404 2437 3590 2477 omnes
3625 2424 3840 2477 exstin-

2251 2510 2428 2581 guere
2459 2511 2697 2579 poterit;
2754 2511 2875 2564 huic
2920 2509 3057 2564 adde
3099 2509 3396 2566 divinarum
3435 2512 3838 2581 Scripturarum

2252 2603 2463 2657 lectioni
2491 2603 2835 2655 attentionem
2855 2643 2871 2664 ,
2902 2601 3128 2670 huicque
3158 2601 3374 2670 adiicias
3399 2603 3837 2672 eleemosynam:

2251 2706 2348 2760 per
2392 2692 2507 2745 haec
2561 2692 2757 2758 quippe
2800 2691 2979 2743 omnia
3033 2691 3303 2759 exstingui
3356 2701 3604 2760 poterunt
3657 2692 3840 2746 morbi

2250 2782 2482 2834 animam
2512 2778 2914 2833 labefactantes.
2943 2779 3197 2848 Tuncque
3219 2781 3390 2833 solum
3421 2782 3686 2846 vivemus,
3711 2795 3838 2836 cum

2246 2870 2357 2938 jam
2404 2883 2511 2922 non
2565 2869 2785 2921 meliore
2828 2867 3136 2921 conditione
3177 2869 3362 2933 simus,
3407 2885 3562 2937 quam
3589 2869 3838 2924 mortui:

2253 2974 2372 3012 nam
2420 2960 2524 3012 illis
2566 2958 2864 3011 viventibus
2885 2999 2900 3021 ,
2936 2972 3034 3010 nos
3061 2957 3238 3010 vivere
3265 2960 3574 3028 nequimus,
3611 2961 3709 3013 sed
3739 2975 3838 3014 nec

2252 3047 2486 3101 cessario
2527 3047 2783 3116 perimus.
2829 3046 2939 3099 Nisi
2976 3047 3117 3099 enim
3155 3047 3240 3100 hic
3285 3049 3402 3102 illos
3445 3048 3837 3114 occiderimus,

2253 3137 2363 3189 illic
2395 3151 2492 3189 nos
2529 3136 2749 3188 omnino
2779 3134 3096 3189 interficient
3124 3153 3137 3189 :
3167 3136 3277 3189 imo
3300 3145 3353 3190 et
3378 3147 3500 3190 ante
3530 3146 3837 3192 extremum

2249 3225 2453 3277 obitum
2489 3223 2554 3277 de
2582 3224 2735 3277 nobis
2763 3223 2848 3276 hic
2877 3224 3131 3278 ultionem
3161 3235 3391 3279 sument.
3429 3227 3638 3281 Etenim
3666 3244 3841 3283 unus-

2246 3316 2469 3385 quisque
2503 3313 2718 3368 morbus
2762 3313 3157 3382 hujuscemodi,
3204 3315 3432 3369 crudelis
3464 3356 3479 3380 ,
3527 3319 3841 3386 tyrannicus

2249 3414 2303 3458 et
2329 3403 2641 3457 insatiabilis
2661 3411 2773 3466 est,
2806 3417 2904 3456 nec
2933 3418 3029 3456 nos
3067 3403 3302 3471 quotidie
3325 3405 3641 3460 corradendi
3670 3406 3840 3462 linem

2251 3491 2378 3546 facit
2403 3509 2417 3545 :
2448 3507 2568 3545 nam
2599 3491 2790 3544 dentes
2816 3490 3026 3544 leonum
3051 3500 3175 3544 sunt
3209 3492 3398 3546 dentes
3429 3495 3662 3562 ipsorum
3683 3536 3695 3555 ,
3725 3496 3836 3548 imo

2251 3585 2409 3636 etiam
2463 3583 2621 3650 longe
2669 3581 2942 3634 sazviores.
2992 3579 3101 3633 Leo
3152 3581 3350 3650 quippe
3396 3581 3485 3634 ubi
3539 3584 3841 3637 exsatiatus

2247 3673 2438 3734 fuerit,
2485 3687 2513 3723 a
2563 3671 2821 3725 cadavere
2862 3670 3091 3725 discedit
3130 3687 3141 3721 :
3177 3670 3231 3724 hi
3269 3686 3400 3724 vero
3452 3673 3625 3726 morbi
3669 3677 3839 3728 animi

2251 3777 2539 3829 numquam
2579 3753 2859 3821 satiantur,
2907 3767 3081 3828 neque
3125 3769 3358 3823 cessant,
3405 3760 3575 3816 donec
3617 3775 3840 3831 captum

2250 3852 2519 3903 hominem
2561 3850 2775 3902 diabolo
2820 3851 3116 3917 proximum
3155 3853 3460 3904 statuerint.
3486 3852 3653 3906 Tanta
3681 3857 3833 3910 enim

2251 3941 2460 3992 illorum
2487 3939 2565 3991 vis
2595 3947 2676 3991 est
2698 3979 2713 4003 ,
2765 3948 2823 3991 ut
2862 3954 3021 4007 quam
3061 3939 3371 3993 servitutem
3397 3937 3610 3996 Christo
3639 3943 3839 3999 Paulus

2248 4028 2506 4090 cxhihuit,
2539 4027 2609 4079 ita
2631 4036 2688 4080 ut
2715 4035 2930 4093 prepter
2956 4027 3103 4080 illum
3131 4028 3182 4082 et
3201 4028 3502 4097 gehennam
3529 4039 3582 4084 et
3607 4047 3837 4100 regnum

2249 4116 2589 4184 despiceret,
2635 4115 2878 4170 eamdem
2919 4115 3087 4185 ipsam
3128 4131 3158 4169 a
3188 4116 3419 4185 captivis
3453 4119 3565 4172 suis
3590 4121 3836 4189 exigant.

2249 4204 2380 4255 Nam
2411 4204 2523 4255 sive
2556 4202 2610 4254 in
2649 4217 2934 4271 corporum
2957 4245 2971 4267 ,
3012 4206 3126 4258 sive
3164 4205 3218 4258 in
3258 4198 3556 4260 divitiarum
3578 4247 3612 4271 ,,
3633 4209 3756 4264 sive
3784 4211 3837 4264 in

2249 4290 2429 4359 gloria:
2466 4303 2701 4344 amorem
2745 4293 2862 4358 quis
2893 4292 3165 4355 inciderit,
3192 4301 3246 4346 et
3272 4293 3566 4362 gehennam
3597 4296 3835 4362 deridet,

2251 4387 2305 4432 et
2333 4392 2550 4446 regnum
2577 4381 2890 4440 contemnit,
2916 4391 2972 4433 ut
2999 4391 3172 4434 amata
3201 4397 3258 4434 re
3289 4383 3535 4450 potiatur.
3566 4383 3644 4438 Ne
3670 4386 3841 4455 igitur

2249 4467 2414 4521 Paulo
2441 4467 2598 4520 ﬁdem
2621 4479 2876 4536 negemus
2899 4471 3120 4532 dicenti,
3139 4485 3197 4524 sc
3212 4469 3479 4526 Christum
3501 4473 3570 4526 ita
3592 4489 3834 4531 amasse.

2258 4555 2382 4610 Cum
2412 4559 2548 4610 enim
2585 4557 2916 4612 inveniantur
2961 4560 3175 4627 quidam
3221 4559 3384 4613 animi
3428 4559 3705 4615 affectibus
3759 4566 3835 4618 ita

2255 4647 2573 4711 servientes,
2605 4661 2701 4699 cur
2729 4647 2850 4699 illud
2880 4647 3185 4701 incredibile
3217 4649 3370 4700 nobis
3411 4649 3688 4702 videatur?
3737 4653 3838 4705 Et-

2254 4737 2394 4789 enim
2424 4736 2538 4789 ideo
2561 4752 2710 4790 amor
2729 4751 2850 4805 erga
2872 4738 3139 4791 Christum
3172 4737 3433 4790 infirmior
3451 4748 3552 4804 est,
3575 4739 3695 4806 quia
3719 4749 3835 4795 tota

2255 4827 2330 4879 vis
2357 4835 2536 4879 nostra
2560 4827 2609 4879 in
2632 4827 2880 4880 vitiorum
2905 4829 3087 4878 amore
3108 4827 3439 4880 consumitur
3464 4846 3475 4880 :
3495 4838 3546 4881 et
3567 4829 3832 4895 rapimus,

2251 4923 2304 4967 et
2335 4915 2570 4968 avaritia:
2604 4915 2766 4970 dediti
2797 4928 3015 4978 sumus,
3048 4925 3101 4968 et
3137 4931 3288 4968 vanae
3314 4917 3495 4984 gloriae
3522 4921 3789 4972 servimus
3811 4961 3829 4986 ,

2249 5019 2352 5074 qua
2383 5004 2508 5072 quid
2550 5005 2700 5058 vilius
2745 5004 2942 5058 fuerit?
2973 5005 3188 5057 Etiamsi
3229 5007 3367 5059 enim
3415 5008 3699 5061 admodum
3751 5012 3830 5064 sis

2248 5096 2596 5163 coaspicuus,
2637 5094 2804 5149 nihilo
2847 5095 3034 5148 melior
3061 5097 3166 5149 eris
3209 5096 3274 5150 iis
3320 5100 3408 5166 qui
3439 5099 3632 5151 infimae
3663 5102 3830 5153 sortis

2249 5195 2405 5247 sunt;
2452 5184 2559 5236 imo
2603 5185 2671 5238 ob
2711 5185 2813 5238 hoc
2854 5184 3024 5252 ipsum
3069 5186 3171 5239 illis
3199 5185 3418 5240 inferior
3444 5189 3568 5241 eris.
3598 5188 3830 5254 Quando

2247 5275 2388 5328 enim
2417 5273 2573 5326 iidem
2602 5274 2717 5342 ipsi,
2751 5274 2839 5342 qui
2869 5283 2919 5327 te
2938 5275 3223 5343 gloriosum
3252 5291 3314 5329 ac
3339 5277 3671 5344 splendidum
3695 5281 3823 5333 red-

2248 5363 2373 5416 dere
2415 5361 2660 5427 student,
2707 5363 2776 5415 oh
2808 5363 2910 5415 hoc
2936 5364 3106 5431 ipsum
3140 5375 3190 5416 te
3219 5363 3464 5419 derident
3485 5405 3500 5428 ,
3531 5367 3673 5434 quod
3702 5369 3824 5436 glo-

2247 5451 2378 5504 riam
2408 5450 2476 5504 ab
2502 5451 2627 5520 ipsis
2662 5452 2900 5519 requiras
2922 5492 2936 5516 ,
2976 5453 3244 5520 quomodo
3274 5469 3376 5506 non
3408 5454 3520 5508 hsce
3547 5456 3816 5524 cupiditas

2249 5542 2338 5594 tibi
2366 5542 2419 5594 in
2440 5542 2758 5594 contrarium
2786 5543 3061 5598 vertetur?
3087 5541 3217 5597 Nam
3240 5544 3337 5611 illi,
3356 5545 3607 5614 quidquid
3626 5557 3811 5617 agant,

2247 5640 2579 5684 accusatores
2602 5631 2673 5684 tui
2697 5641 2839 5684 sunt.
