4040 6444
565 341 636 400 53
1244 347 1302 405 S.
1339 342 1621 402 JOANNIS
1657 342 2135 400 CHRYSOSTOIII
2173 345 2494 408 ARCHIEP.
2532 349 3072 406 CONSTANTINOP.
3731 356 3799 412 54

554 447 590 499 it
614 449 702 515 qui
725 447 778 498 in
810 438 1074 500 fornacem
1108 444 1407 511 inciderunt
1435 444 1753 500 illustriores
1785 445 1957 501 effecti
1988 461 2002 499 :
2029 449 2116 516 qui

553 546 727 589 autem
773 544 998 604 statuam
1036 534 1407 597 adoraverunt,
1449 534 1609 589 occisi
1655 542 1796 590 sunt.
1843 535 1948 589 Sed
1995 543 2119 588 tunc

551 628 728 682 omnia
769 627 924 682 simul
953 626 1089 682 facta
1117 635 1275 691 sunt;
1309 641 1448 682 nunc
1477 615 1604 681 vero
1641 627 1742 682 alia
1789 627 1894 691 hic,
1934 628 2036 682 alia
2066 629 2118 683 in

549 719 728 773 futuro
756 718 969 783 saeculo,
1000 718 1100 772 alia
1124 726 1178 772 et
1214 716 1302 771 hic
1341 725 1398 772 et
1438 717 1490 770 in
1525 716 1703 771 futuro
1727 717 1945 772 saeculo.
1988 717 2118 772 Nam

550 809 664 877 qtti,
691 823 760 863 ne
787 822 1084 862 mamonam
1110 806 1410 870 adorarent,
1441 815 1802 875 paupertatem
1823 807 2118 877 elegerunt,

550 907 606 952 et
633 897 719 950 hic
741 906 796 951 et
819 896 926 950 illic
949 895 1337 972 splendidiores
1357 903 1514 950 erunt
1541 913 1555 948 :
1585 897 1673 966 qui
1715 911 1842 951 vero
1878 898 1963 951 hic
1986 896 2121 965 injuo

552 996 636 1041 ste
659 986 869 1041 divitias
898 985 1266 1055 possederunt,
1297 993 1421 1040 tunc
1443 996 1709 1040 extremas
1736 986 1884 1041 luent
1909 999 2117 1053 pmoas.

552 1077 636 1131 Ex
659 1076 757 1130 hac
786 1075 1001 1131 fornace
1019 1074 1253 1129 Lazarus
1278 1075 1430 1140 exiit,
1460 1089 1568 1128 non
1601 1075 1776 1130 minus
1801 1075 2120 1144 conspicuus

551 1183 706 1238 quam
751 1177 860 1222 tres
897 1166 974 1220 illi
1013 1165 1201 1235 pueri;
1230 1165 1378 1218 dives
1424 1172 1627 1231 autem,
1668 1164 1758 1234 qui
1783 1163 2120 1219 adorantium

551 1269 779 1315 statuam
811 1257 974 1313 instar
1001 1256 1121 1322 fuit,
1149 1256 1214 1310 ad
1241 1256 1538 1326 gehennam
1562 1255 1844 1310 damnatus
1866 1264 1970 1311 est.
1988 1255 2122 1312 Nam

548 1364 668 1418 qua:
697 1348 834 1402 dicta
865 1356 1007 1408 sunt,
1035 1348 1199 1415 figura
1227 1345 1441 1400 illorum
1468 1353 1638 1398 erant.
1671 1344 1739 1400 Ut
1768 1345 1928 1415 igitur
1954 1347 1989 1400 ii
2030 1348 2121 1416 qui

551 1439 605 1492 in
632 1438 902 1490 fornacem
938 1436 1268 1500 inciderunt,
1305 1434 1436 1488 nihil
1479 1435 1621 1502 passi
1659 1443 1816 1500 sunt;
1862 1438 1950 1506 qui
1993 1452 2122 1493 vero

551 1529 680 1583 foris
704 1537 873 1594 erant,
902 1541 1088 1596 magna
1107 1541 1227 1581 cum
1255 1524 1585 1579 vehementia
1622 1534 1745 1579 sunt
1766 1527 1968 1596 abrepti
1999 1545 2013 1582 :
2045 1529 2122 1585 sic

548 1627 604 1674 et
629 1628 754 1672 tunc
778 1619 912 1681 erit;
943 1615 1109 1681 sancti
1135 1617 1220 1683 qui
1249 1628 1344 1683 per
1367 1614 1584 1668 ﬂuvium
1611 1617 1820 1685 igneum
1848 1616 2123 1688 incedunt,

550 1711 682 1765 nihil
710 1711 973 1778 ingratum
1021 1707 1309 1776 patientur,
1348 1705 1442 1761 sed
1489 1707 1595 1761 laeti
1637 1709 2005 1776 apparebunt;
2033 1713 2121 1780 qui

549 1799 726 1854 autem
767 1799 1046 1866 imaginem
1110 1797 1500 1862 adoraverunt,
1548 1796 1723 1864 ignem
1770 1796 2027 1853 videbunt
2065 1801 2119 1854 iu

548 1905 609 1946 se
631 1890 815 1958 quavis
837 1889 943 1942 fera
967 1887 1163 1941 suavius
1180 1886 1492 1950 irruentem,
1514 1894 1568 1939 et
1587 1885 1727 1940 intus
1743 1885 2118 1943 attralientem.

550 1973 729 2050 Itaque
755 1981 799 2036 si
819 1981 937 2050 quis
963 1977 1260 2048 gehennam
1283 1991 1388 2032 non
1414 1975 1605 2043 credit,
1627 1976 1766 2032 hanc
1791 1978 1976 2034 videns
2010 1979 2118 2034 for-

547 2075 756 2126 nacem,
782 2075 810 2113 a
843 2063 1187 2130 praesentibus
1217 2063 1391 2116 futura
1427 2062 1651 2118 credere
1675 2062 1914 2128 ediscat,
1955 2077 2019 2136 ac
2046 2077 2116 2118 ne

545 2151 729 2205 timeat
763 2152 1088 2219 paupertatis
1139 2151 1428 2213 fornacem.
1477 2151 1570 2207 sed
1621 2153 1797 2219 potius
1839 2150 2114 2206 fornacem

544 2240 767 2309 pecmti.
803 2239 925 2293 llaec
951 2240 1094 2294 enim
1135 2250 1190 2295 et
1213 2240 1425 2295 ﬂamma
1454 2248 1509 2295 et
1539 2240 1694 2296 dolor
1719 2254 1833 2305 est;
1858 2239 1945 2295 illa
1986 2254 2114 2296 vero

544 2338 710 2384 rosct
727 2330 957 2399 requies.
1006 2330 1062 2385 In
1096 2330 1185 2386 illa
1215 2331 1431 2387 fornace
1471 2340 1578 2387 stat
1604 2332 1876 2395 diabolus;
1921 2333 1975 2387 in
2015 2332 2114 2388 hac

540 2419 712 2487 angeli
742 2421 1071 2475 excutientes
1093 2419 1388 2476 flammam.

613 2507 703 2564 12.
742 2507 865 2562 llaec
889 2509 1110 2563 audiant
1129 2510 1341 2576 divites,
1368 2511 1457 2580 qui
1486 2511 1811 2579 paupertatis
1846 2510 2110 2566 ﬂammam

543 2596 859 2650 accendunt.
917 2597 1245 2666 Pauperibus
1293 2600 1434 2651 enim
1475 2599 1606 2653 nihil
1650 2600 1935 2659 nocebunt,
1990 2614 2113 2653 rore

542 2692 672 2757 ipsis
703 2692 1144 2758 supervéniente;
1175 2705 1234 2745 se
1261 2704 1389 2745 vero
1415 2691 1558 2759 ipsos
1600 2690 1824 2753 ﬂammis
1865 2691 2106 2754 tradent,

537 2795 669 2849 quas
691 2781 787 2850 ipsi
812 2783 1043 2851 propriis
1085 2781 1329 2835 manibus
1361 2782 1742 2836 accenderunt.
1777 2781 1926 2834 Tunc
1950 2797 2110 2850 ange-

537 2871 620 2926 lus
639 2872 913 2927 descendit
938 2873 1003 2927 ad
1031 2887 1223 2941 pueros
1243 2888 1258 2936 ;
1279 2872 1391 2941 jam
1419 2888 1544 2926 vero
1571 2888 1668 2926 nos
1699 2873 1765 2926 ad
1801 2888 1916 2936 eos,
1939 2875 2027 2942 qtti
2055 2877 2107 2927 in

537 2962 752 3016 fornace
777 2961 1108 3030 paupertatis
1126 2971 1246 3015 sunt
1264 3002 1279 3025 ,
1310 2962 1725 3028 descendamus,
1753 2972 1806 3016 et
1845 2978 1940 3032 per
1962 2964 2107 3019 elec-

427 3076 437 3084 -
535 3064 810 3120 mosynam
839 3066 1016 3105 rorem
1043 3053 1329 3118 pariamus,
1358 3052 1730 3122 ﬂammamque
1755 3055 2103 3124 excutiamus,

446 3157 450 3161 ί
536 3148 732 3195 utcum
768 3141 872 3196 illis
900 3155 1215 3195 coronarum
1257 3142 1421 3196 simus
1463 3152 1778 3206 consortes;
1811 3154 1970 3213 utque
2010 3161 2105 3214 ge-

532 3229 719 3283 hennae
761 3229 1025 3282 ﬂammam
1075 3229 1268 3283 Christi
1301 3245 1397 3285 vox
1425 3232 1656 3285 excutiat
1687 3232 1870 3286 dicens
1899 3274 1914 3295 ,
1963 3233 2098 3288 Esu-

530 3321 738 3372 rientem
764 3335 843 3372 me
867 3319 1081 3385 vidistis,
1109 3330 1156 3372 et
1192 3323 1394 3389 peristis
1423 3327 1442 3389 ί
1470 3321 1658 3374 Matth.
1689 3321 1783 3374 25.
1811 3323 1880 3376 '55
1907 3322 1950 3392 ).
1980 3324 2104 3378 "me

529 3409 670 3461 enim
698 3423 801 3462 vox
856 3409 1165 3464 tuncnobis
1212 3424 1309 3479 pro
1350 3426 1472 3465 rore
1514 3411 1685 3464 aderit
1733 3425 1828 3479 per
1875 3412 2101 3467 mediam

527 3500 790 3553 ﬂammam
815 3499 1055 3554 sibilans.
1090 3501 1479 3555 Descendamus
1522 3504 1698 3570 itaque
1719 3516 1837 3556 cum
1869 3503 2103 3558 eleemo-

526 3602 654 3658 syua
706 3590 758 3643 in
813 3589 1079 3644 fornacem
1140 3592 1462 3658 paupertatis
1506 3589 1820 3646 :videamus
1870 3591 2102 3661 philoso-

527 3679 748 3746 phantes
786 3679 902 3733 illos
928 3681 1015 3749 qui
1047 3679 1099 3734 in
1128 3681 1241 3747 ipsa
1285 3680 1556 3734 ambulant
1579 3720 1593 3744 ,
1625 3690 1679 3734 et
1706 3682 1967 3736 carbones
1992 3683 2101 3738 cal-

521 3777 662 3849 cant.
694 3772 760 3820 ιε
808 3770 1084 3824 videamus
1133 3786 1243 3824 rem
1289 3785 1478 3824 novam
1532 3780 1692 3840 atque
1746 3773 2096 3842 stupendam,

523 3858 789 3912 hominem
841 3859 892 3912 in
947 3859 1158 3914 fornace
1203 3861 1536 3928 psallentem,
1569 3860 1838 3915 hominem
1883 3862 1936 3916 in
1977 3863 2099 3931 igne

519 3942 713 4016 gratias
738 3958 1007 4016 agentem,
1031 3959 1264 4005 extrema
1295 3951 1465 4018 inopia
1494 3948 2096 4019 colligatum,etmultas

516 4039 728 4092 Christo
758 4040 944 4095 laudes
980 4039 1320 4095 referentem.
1349 4039 1556 4095 Etenim
1583 4043 1763 4109 pueris
1803 4041 1907 4099 illis
1937 4056 2094 4111 pares

518 4137 636 4182 sunt
655 4129 688 4182 ii
715 4129 804 4200 qui
822 4139 1184 4200 paupertatem
1210 4144 1332 4183 cum
1358 4131 1643 4197 gratiarum
1662 4130 1872 4185 actione
1893 4131 2088 4185 ferunt.

583 4280 602 4312 ι
636 4278 751 4340 Alii,
773 4286 818 4330 et
838 4280 1064 4344 superbos
1074 4280 1430 4344 rafcmu._lnﬂ'a
1444 4281 1658 4344 quidam,
1676 4279 1854 4332 multa:
1881 4279 2092 4333 υωιαι-

517 4338 622 4391 αδδ.
646 4338 748 4403 pro,
775 4338 947 4392 nudius
968 4342 1155 4393 (‘Im'sto
1176 4340 1357 4391 laudes.

2231 450 2362 506 Nam
2391 452 2512 525 igne
2540 452 2826 507 terribilior
2851 461 2934 508 est
2958 451 3284 519 mendicitas,
3321 454 3607 522 magisque
3629 450 3811 506 incen-

2228 539 2357 594 dere
2378 542 2532 595 solet.
2569 541 2673 595 Sed
2717 541 2928 596 ﬂamma
2978 554 3170 610 pueros
3216 540 3338 596 illos
3383 554 3490 594 non
3543 539 3810 606 incendit,

2228 645 2412 685 verum
2464 632 2583 701 quia
2636 632 2833 700 gratias
2886 632 3111 686 Domino
3155 632 3544 698 reddiderunt,
3598 633 3812 688 vincula

2228 735 2462 790 ipsorum
2488 721 2664 776 subito
2681 721 2851 776 soluta
2874 731 3018 776 sunt.
3046 720 3118 774 lta
3147 731 3199 775 et
3226 737 3388 788 nunc,
3417 723 3459 777 si
3502 724 3558 776 in
3585 736 3816 792 pauper-

2227 817 2388 865 tatem
2415 812 2459 863 la
2467 825 2590 878 psus
2617 812 2812 878 gratias
2826 806 2978 880 agas,
2995 809 3200 865 vincula
3217 811 3494 864 solvuntur
3512 821 3570 866 et
3595 810 3814 865 ﬂamma

2226 900 2605 968 exstinguitur;
2637 899 2680 954 si
2712 914 2818 954 non
2845 900 3206 968 extinguatur,
3253 899 3304 952 id
3329 899 3469 968 quod
3502 899 3816 954 mirabilius

2225 995 2328 1053 est,
2358 1003 2452 1057 pro
2473 987 2680 1042 ﬂamma
2707 987 2826 1043 fons
2846 988 3076 1044 efficitur
3093 988 3113 1016 ’
3135 1005 3151 1053 ;
3173 988 3312 1058 quod
3341 997 3466 1043 tunc
3485 990 3658 1043 etiam
3680 1003 3817 1044 eoa-

2227 1076 2340 1144 tigit
2371 1093 2386 1130 :
2419 1092 2538 1132 nam
2569 1078 2620 1130 in
2668 1077 2842 1132 media
2871 1077 3087 1133 fornace
3129 1093 3252 1134 rore
3289 1092 3425 1147 puro
3467 1078 3817 1133 fruebantur.

2224 1163 2401 1235 Ignem
2427 1165 2639 1235 quidem
2687 1181 2794 1221 non
2837 1167 3112 1232 exstinxit,
3141 1167 3236 1223 sed
3266 1183 3334 1224 ne
3361 1168 3819 1223 comburerentur

2223 1257 2312 1324 qui
2338 1271 2404 1310 eo
2429 1256 2605 1324 injecti
2638 1255 2845 1310 fuerant
2875 1256 3168 1326 impedivit.
3209 1256 3321 1312 Hoc
3349 1258 3509 1312 etiam
3546 1258 3603 1310 in
3634 1255 3819 1326 philo-

2222 1344 2568 1412 s0phantibos
2596 1343 2777 1400 videre
2801 1353 2883 1400 est
2907 1364 2921 1401 :
2947 1346 3145 1401 etenim
3201 1345 3254 1398 in
3289 1354 3606 1414 paupertate
3658 1346 3821 1399 timo-

2221 1437 2297 1492 ris
2347 1436 2512 1506 magis
2549 1446 2795 1506 expertes
2835 1446 2994 1503 sunt,
3051 1450 3208 1506 quam
3243 1434 3454 1491 divites.
3507 1435 3588 1491 Ne
3631 1437 3820 1506 itaque

2221 1533 2370 1579 extra
2399 1525 2664 1578 caminum
2682 1524 3140 1588 sedeamushnulla
3168 1538 3291 1593 erga
3309 1538 3575 1594 pauperes
3592 1525 3819 1579 miseri-

2221 1613 2400 1667 cordia
2431 1611 2628 1677 aﬂ’ecti,
2661 1629 2728 1667 ne
2754 1613 3020 1682 patiamur
3048 1612 3190 1682 quod
3218 1621 3344 1666 tunc
3373 1613 3446 1667 illi
3475 1614 3620 1682 passi
3662 1622 3815 1666 sunt.

2221 1701 2278 1758 Si
2302 1703 2441 1757 enim
2469 1702 2802 1757 descendens
2819 1701 2888 1756 ad
2919 1717 3113 1771 pueros
3138 1717 3259 1756 cum
3283 1702 3391 1755 illis
3409 1702 3653 1768 steteris,
3680 1702 3817 1757 nihil

2219 1791 2342 1846 mali
2387 1791 2479 1846 tibi
2523 1789 2718 1846 inferet
2766 1792 2902 1862 ignis
2942 1792 3032 1846 :si
3086 1799 3262 1845 autem
3309 1805 3541 1859 superne
3584 1791 3816 1857 sedens,

2189 1881 2527 1954 despexeris
2577 1881 2700 1936 illos
2748 1882 2804 1953 in
2849 1881 3060 1935 ﬂamma
3093 1882 3442 1951 paupertatis,
3491 1892 3547 1936 te
3589 1881 3815 1935 flamma

2217 1970 2510 2026 comburet.
2544 1970 2818 2025 Descende
2846 1970 3004 2040 igitur
3023 1971 3073 2023 in
3097 1970 3292 2039 ignem,
3315 1985 3384 2024 ne
3407 1969 3724 2024 incendaris
3748 1971 3817 2025 ab

2219 2061 2339 2129 igne
2367 2078 2379 2114 :
2413 2075 2482 2115 ne
2510 2060 2698 2115 sedeas
2717 2069 2866 2114 extra
2899 2061 3096 2129 ignem,
3125 2073 3193 2114 ne
3220 2069 3271 2113 te
3301 2059 3511 2114 flamma
3549 2061 3814 2130 abripiat.

2217 2149 2274 2205 Si
2301 2150 2440 2204 enim
2467 2158 2520 2205 te
2543 2149 2736 2204 viderit
2757 2165 2878 2204 cum
2907 2149 3246 2218 pauperibus,
3276 2163 3306 2201 a
3336 2157 3387 2202 te
3406 2149 3698 2212 abscedet;
3729 2149 3815 2205 sin

2216 2239 2285 2294 ab
2305 2238 2412 2294 illis
2437 2251 2759 2309 separatum,
2785 2241 2962 2294 statim
2989 2240 3042 2294 in
3068 2249 3120 2294 te
3144 2239 3358 2303 iusiliet,
3374 2251 3531 2309 teque
3551 2241 3812 2310 abripiet.

2214 2325 2292 2382 Ne
2333 2327 2494 2397 igitur
2543 2326 2799 2381 abscedas
2852 2325 2922 2379 ab
2975 2326 3078 2379 illis
3111 2339 3176 2380 eo
3221 2325 3516 2393 conjectis:
3545 2324 3642 2379 sed
3675 2339 3808 2379 cum

2212 2419 2452 2474 diabolus
2476 2419 2696 2487 jusserit
2720 2432 2815 2472 eos
2829 2417 2918 2487 qui
2935 2431 3123 2469 aurum
3151 2431 3256 2469 non
3278 2415 3499 2470 adorent
3520 2415 3722 2483 conjici
3749 2415 3805 2469 in

2213 2508 2480 2564 fornacem
2508 2507 2858 2580 paupertatis,
2887 2522 2955 2561 ne
2973 2505 3136 2561 fueris
3161 2522 3225 2560 ex
3277 2505 3629 2574 injicientium
3652 2546 3672 2572 ,
3703 2504 3802 2560 sed

2208 2611 2274 2652 ex
2305 2597 2617 2664 injectorum
2640 2611 2864 2650 numero
2881 2636 2897 2660 ,
2931 2604 2990 2649 ut
3015 2597 3089 2648 sis
3113 2610 3179 2648 ex
3207 2593 3600 2650 servandorum
3624 2633 3642 2658 ,
3691 2609 3804 2648 non

2207 2702 2275 2742 ex
2300 2686 2624 2744 urendorum
2652 2701 2894 2741 numero.
2935 2685 3066 2739 Nam
3095 2701 3220 2740 vere
3254 2699 3345 2739 ros
3382 2694 3467 2740 est
3501 2684 3762 2754 copiosus
3783 2725 3803 2750 ,

2212 2791 2318 2832 non
2341 2779 2567 2832 detineri
2607 2777 3034 2846 concupiscentia
3055 2776 3357 2830 divitiarum
3379 2815 3393 2839 ,
3425 2785 3479 2829 et
3507 2790 3630 2828 cum
3661 2788 3798 2843 pau-

2208 2865 2425 2932 peribus
2453 2870 2674 2919 versari.
2701 2865 2765 2918 Hi
2791 2866 3028 2919 omnium
3072 2875 3194 2918 sunt
3244 2864 3660 2933 opulentissimi,
3709 2862 3802 2933 qui

2205 2956 2544 3025 cupiditatem
2558 2958 2854 3011 divitiarum
2871 2958 3332 3011 conculcaveruut.
3349 2954 3803 3024 Quandoquidem

2209 3047 2283 3100 illi
2310 3049 2398 3116 qui
2430 3057 2553 3100 tunc
2579 3035 2754 3117 regem
2779 3046 3364 3114 contempserunt,ipso
3387 3059 3510 3113 rege
3538 3044 3805 3098 clariores

2211 3140 2546 3194 sttnteﬂ'ecti.
2572 3140 2638 3194 Et
2667 3150 2721 3193 tu
2753 3141 2912 3209 igitur
2931 3140 2976 3194 si
3000 3155 3090 3197 res
3113 3141 3266 3210 hujus
3298 3142 3482 3196 mundi
3507 3142 3810 3213 despicias,

2211 3237 2324 3283 toto
2352 3228 2551 3283 mundo
2577 3231 2860 3298 pretiosior
2899 3231 3008 3284 eris
3033 3270 3049 3296 ,
3076 3239 3134 3284 ut
3169 3241 3224 3285 et
3258 3233 3426 3286 sancti
3466 3233 3574 3295 illi,
3607 3234 3806 3301 om

2211 3319 2395 3387 dignus
2424 3315 2523 3371 n'on
2553 3329 2660 3371 erat
2684 3319 2903 3372 mundus
2926 3317 3112 3388 (Hebr.
3141 3320 3230 3374 H.
3406 3320 3474 3376 Ut
3515 3322 3700 3392 itaque
3725 3325 3807 3378 di-

2212 3420 2347 3473 gnus
2377 3405 2474 3460 ﬂas
2504 3407 2812 3461 cteleStibus
2836 3409 2875 3473 ‘,
2904 3407 3088 3462 deride
3117 3410 3420 3478 praesentia.
3456 3409 3533 3464 lta
3571 3412 3722 3466 enim
3749 3423 3804 3469 et

2213 3491 2298 3545 hic
2321 3493 2650 3562 splendidior
2678 3496 2820 3559 eris,
2847 3504 2904 3550 et
2927 3495 3122 3550 futuris
3165 3495 3320 3551 bonis
3363 3497 3576 3565 frueris,
3625 3503 3801 3571 gratia

2212 3589 2268 3635 et
2292 3580 2614 3652 benignitate
2639 3581 2848 3638 Domini
2876 3585 3045 3639 nosui
3074 3584 3202 3639 Jesu
3227 3585 3450 3652 Christi,
3491 3590 3576 3643 cui
3621 3591 3800 3647 gloria

2213 3682 2268 3724 et
2294 3672 2653 3741 imperiumin
2682 3676 2876 3729 sanctila
2905 3677 3243 3731 saeculorum.
3275 3679 3468 3732 Amen.

2279 3854 2436 3928 ’"t’ost
2457 3859 2555 3928 has.
2575 3869 2735 3928 voces,
2760 3871 2849 3928 pro
2874 3856 3449 3928 ﬂammafonseqict’tur,
3483 3867 3801 3928 manum-ipa

2215 3917 2413 3982 Codices
2436 3919 2622 3982 plurimi
2634 3927 2694 3982 et
2716 3917 2855 3982 savii.
2871 3917 2928 3982 in
2944 3917 3160 3982 margine
3179 3917 3482 3982 sic'habent:
3503 3925 3636 3980 Quod
3648 3917 3800 3975 cutim

2211 3979 2378 4052 videre
2399 3977 2468 4052 est
2491 3977 2541 4028 in
2558 3977 2999 4052 philosophantium
3026 3977 3069 4028 .·’
3078 3979 3261 4052 {etenim
3277 3981 3329 4052 in
3346 3977 3628 4052 paupertate
3650 3985 3800 4036 timo-

2210 4040 2280 4089 ris
2301 4040 2454 4101 magis
2475 4046 2700 4104 expertes
2730 4047 2857 4099 sum,
2883 4053 3029 4104 quam
3060 4040 3247 4104 divites,
3270 4050 3317 4091 et
3341 4040 3392 4091 in
3414 4040 3574 4092 medio
3597 4045 3801 4104 fonmcs

2211 4111 2331 4169 rore.
2350 4100 2477 4160 puro
2499 4100 2812 4169 perfrtttmtur
2833 4115 2850 4158 ;
2882 4103 3009 4169 quod
3032 4107 3157 4169 tum;
3183 4103 3330 4151 etiam
3360 4104 3556 4169 contigit
3583 4100 3606 4153 Ξ
3635 4104 3800 4169 ἐπιθείη

2427 4158 2520 4228 non
2939 4174 2999 4210 ne
3032 4161 3424 4232 continuaretur
3448 4158 3532 4226 αὖε
3554 4177 3611 4215 co
3631 4158 3803 4229 titjcct!

2235 4221 2426 4281 iterant,
2437 4221 2702 4282 unpedirt't.
2738 4230 2834 4273 Nec
2847 4222 3028 4287 itaque,
3051 4228 3149 4273 etc.
3462 4221 3473 4226 ’
3671 4221 3689 4229 ⁷

2240 4279 2407 4354 “*“s‘lc
2425 4293 2597 4354 omnes
2617 4288 2941 4354 Πειραεύς-ἱρῇ,
2969 4295 3021 4334 ct
3050 4289 3123 4339 sic
3146 4287 3268 4352 legit
3299 4287 3537 4342 Aulanus.
3563 4291 3706 4340 sarit.
3743 4299 3800 4341 et

2218 4339 2398 4398 March,
2415 4340 2567 4399 etatis,
2591 4355 2697 4404 pro,
2731 4339 3014 4396 caries-tibus.
