4040 6426
1546 375 1614 432 IN
1645 373 2061 432 MATTHJEUM
2103 375 2344 433 "Olli...
2385 377 2451 434 γ.

377 516 690 536 —

1755 654 2108 717 HOMILIA
2149 657 2228 717 V.

346 819 478 878 Cn.
511 822 554 886 l,
583 837 638 876 v.
669 821 760 875 22.
794 819 906 875 Hoc
947 828 1126 874 autem
1170 827 1340 874 totum
1375 821 1576 890 factum
1616 826 1714 882 est,
1753 829 1812 872 ut
1843 821 1944 872 ad-
2039 836 2150 876 non
2176 797 2473 892 possumus
2495 821 2681 875 omnia
2713 837 2826 876 uno
2859 822 2949 877 die
2981 823 3298 892 complecti,
3325 825 3373 880 si
3393 839 3479 890 ea,
3505 841 3629 896 quae

421 911 737 982 impleretur
767 912 925 980 quod.
949 910 1149 963 dictum
1195 919 1273 964 est
1309 928 1341 964 a
1391 910 1620 964 Domino
1672 926 1766 979 per
1811 926 1943 980 pro-
2038 912 2275 993 singulis
2326 912 2487 968 vobis
2539 912 2740 967 diebus
2789 914 3184 983 proponimus,
3239 914 3296 968 in
3348 917 3634 972 memoria:

421 1005 633 1073 phetam
653 1003 915 1055 dicentem
946 1017 966 1055 :
990 1000 1082 1055 εδ.
1108 1000 1245 1054 Ecce
1273 1000 1427 1070 Virgo
1454 1002 1509 1054 in
1532 1010 1682 1054 utero
1711 1000 1940 1067 habebit,
2036 1004 2278 1073 quadam
2308 1002 2455 1059 serie
2486 1003 2642 1072 quasi
2671 1012 2926 1058 catenam
2965 1005 3220 1070 teneatis,
3252 1005 3333 1060 sic
3363 1006 3418 1058 in
3444 1016 3632 1061 mento

421 1101 472 1147 et
516 1095 692 1162 pariet
736 1092 936 1161 ﬁlium,
976 1098 1025 1145 et
1059 1091 1318 1146 uocabunt
1353 1109 1538 1146 nomen
1574 1093 1687 1161 ejus
1721 1091 1942 1146 Emma—

422 1181 548 1236 nuel
592 1181 737 1251 (lea.
772 1182 825 1234 7.
866 1181 990 1251 14).

2034 1093 2289 1161 reponite
2313 1132 2329 1156 ,
2372 1100 2442 1146 ut
2476 1098 2651 1146 totum
2693 1092 2993 1161 Scriptura:
3024 1107 3227 1161 corpus
3270 1093 3432 1148 simul
3467 1109 3632 1164 appa-

2009 1189 2171 1251 reat.
2224 1181 2518 1237 Revocatis
2566 1182 2735 1252 igitur
2781 1183 2836 1236 iu
2885 1189 3126 1235 mentem
3168 1182 3238 1237 iis
3281 1197 3404 1251 qua:
3454 1197 3631 1252 nuper

2028 1269 2176 1324 dicta
2205 1279 2364 1335 sunt,
2399 1274 2479 1327 sic
2511 1271 2677 1326 hodie
2711 1272 2780 1327 ad
2824 1286 2891 1326 ea
2921 1285 3046 1340 quae
3094 1271 3456 1341 proponenda
3499 1276 3631 1328 sunt

403 1366 457 1419 1.
500 1363 842 1419 Ezternarum
865 1380 1034 1418 rerum
1062 1364 1303 1417 tumultus
1320 1368 1536 1433 fructum
1556 1365 1811 1419 contionis
1828 1384 1922 1421 au-

325 1456 450 1525 fert.
479 1485 548 1496 —
576 1455 768 1511 Multos
782 1455 942 1508 audio
983 1455 1257 1522 dicentes,
1301 1456 1433 1508 Dum
1475 1466 1763 1523 praesentes
1792 1473 1920 1512 con-

320 1544 466 1599 cioni
492 1559 697 1611 sumus,
728 1553 783 1598 et
804 1543 1046 1599 doctrina
1073 1539 1220 1598 verbi
1269 1542 1513 1608 fruimur,
1543 1544 1610 1598 ad
1642 1545 1917 1600 meliorem

319 1632 527 1703 frugem
551 1633 884 1705 reducimur;
913 1635 1116 1703 egressi
1141 1647 1287 1697 vero,
1308 1633 1393 1686 alii
1415 1632 1697 1698 efficimur,
1721 1649 1783 1688 ac
1802 1634 1911 1689 fer-

317 1725 468 1780 voris
497 1725 669 1794 ignem
690 1724 1099 1794 exstinguimus.
1132 1722 1269 1790 Quid
1292 1737 1422 1792 ergo
1450 1723 1738 1793 agendum,
1768 1739 1836 1779 ne
1861 1723 1913 1778 id

313 1815 564 1868 eveniat?
609 1814 1006 1884 Explorandum
1037 1813 1178 1868 unde
1213 1814 1436 1869 accidat.
1466 1813 1596 1881 Quae
1623 1829 1782 1868 causa
1812 1815 1912 1885 igi-

315 1911 406 1957 tur
433 1903 587 1957 nobis
615 1913 696 1958 est
728 1903 847 1958 talis
885 1904 1226 1959 mutationis?
1267 1904 1418 1971 Quod
1448 1905 1558 1958 loca
1601 1904 1909 1974 frequente-

311 2007 434 2047 mus
462 2008 566 2046 non
591 1993 985 2057 convenientia,
1003 2002 1059 2048 et
1081 1993 1222 2063 quod
1248 2008 1368 2047 cum
1401 1993 1657 2062 improbis
1683 2009 1906 2050 consor-

316 2082 451 2136 tium
469 2080 779 2136 habeamus.
798 2082 914 2136 Non
943 2083 1085 2138 enim
1109 2084 1390 2152 oportebat
1405 2098 1433 2136 a
1451 2085 1710 2140 concione
1726 2100 1910 2155 egres-

309 2186 427 2235 sos,
448 2173 500 2226 in
524 2174 732 2242 negotia
753 2187 852 2226 nos
869 2175 1112 2242 ingerere
1127 2174 1371 2228 concioni
1395 2189 1500 2229 non
1518 2176 1864 2245 congruentia
1883 2193 1900 2229 :

306 2260 402 2315 sed
449 2262 627 2315 statim
651 2261 867 2316 domum
899 2273 1138 2331 petentes
1186 2263 1379 2318 librum
1424 2264 1686 2334 accipere,
1736 2276 1898 2335 atque

305 2365 528 2404 uxorem
577 2361 628 2404 et
655 2351 790 2405 ﬁlios
814 2351 880 2406 ad
904 2367 1092 2406 eorum
1130 2367 1251 2421 qua:
1291 2352 1432 2406 dicta
1484 2353 1690 2409 fuerant
1729 2356 1894 2410 colle-

301 2439 537 2494 ctionem
559 2455 804 2506 evocare,
833 2457 894 2495 ac
919 2452 1043 2495 tunc
1065 2441 1132 2495 ad
1163 2443 1282 2496 vita:
1308 2445 1606 2498 necessaria
1637 2460 1736 2498 nos
1765 2460 1895 2500 con-

289 2532 453 2587 ferre.
501 2532 557 2586 Si
598 2532 738 2585 enim
766 2545 831 2585 ex
861 2530 1052 2585 balneo
1091 2531 1229 2585 nolis
1256 2533 1308 2585 in
1333 2531 1508 2588 forum
1541 2545 1592 2590 te
1620 2538 1884 2592 conferre.

289 2639 361 2678 ne
384 2638 452 2678 ex
498 2622 599 2676 fori
641 2622 870 2691 negotiis
913 2621 1085 2676 balnei
1131 2623 1518 2679 recreationem
1560 2633 1616 2680 et
1659 2627 1886 2682 fructum

288 2713 576 2772 labefactes
601 2729 614 2765 :
639 2713 806 2765 multo
836 2714 1003 2782 magis
1022 2727 1051 2765 a
1069 2713 1327 2767 concione
1346 2729 1620 2783 egressum
1638 2716 1687 2769 id
1713 2717 1887 2773 face-re

285 2803 590 2875 oportebat.
608 2802 725 2857 Jam
750 2816 875 2856 vero
889 2803 1216 2857 contrarium
1238 2801 1462 2857 facimus
1481 2846 1496 2868 ,
1520 2805 1744 2875 ideoque
1768 2821 1884 2861 om-

285 2893 374 2947 nia
413 2892 706 2962 perdimus.
745 2891 876 2944 Nam
917 2891 1162 2945 lectionis
1196 2890 1428 2946 fructum
1458 2893 1509 2947 in
1541 2904 1722 2949 mente
1741 2911 1880 2950 non-

282 2983 413 3038 dum
454 2982 618 3051 probe
646 2981 900 3046 defixum,
929 2991 1270 3036 externarum
1301 2998 1478 3036 rerum
1509 2987 1762 3040 tumultus
1795 2988 1878 3041 in-

283 3071 471 3128 cidens
519 3079 686 3126 totum
733 3071 906 3125 aufert
935 3079 989 3125 et
1015 3071 1229 3139 abripit.
1277 3070 1354 3126 Ne
1394 3072 1570 3142 itaque
1600 3073 1651 3128 id
1678 3075 1786 3140 fiat,
1811 3091 1876 3131 ex

276 3162 542 3216 concione
562 3174 832 3230 egressus,
872 3160 1001 3213 nihil
1030 3161 1198 3228 magis
1222 3165 1584 3215 necessarium
1611 3172 1763 3231 putes
1790 3165 1877 3219 illa

282 3252 542 3306 doctrinae
587 3249 923 3304 collectione.
967 3248 1174 3303 Etenim
1213 3259 1468 3304 extrema:
1515 3251 1732 3306 desidia:
1760 3252 1875 3309 fue-

283 3344 372 3409 rit,
403 3343 637 3413 quinque
663 3355 824 3396 sexve
847 3339 964 3411 dies
1005 3339 1350 3393 sa-cularibus
1396 3341 1623 3409 negotiis
1667 3342 1877 3412 impen-

280 3433 430 3496 dere,
463 3430 825 3501 spiritualihus
859 3443 990 3483 vero
1020 3444 1087 3481 ne
1117 3442 1274 3481 unam
1314 3428 1532 3497 quidem
1562 3429 1736 3495 diem,
1769 3431 1877 3486 imo

282 3542 351 3582 ne
372 3526 648 3580 minimam
688 3522 902 3592 quidem
943 3521 1047 3574 diei
1092 3531 1294 3588 partem
1343 3520 1633 3587 insumere.
1682 3522 1873 3578 Annon

280 3617 474 3673 videtis
499 3614 733 3685 quotidie
767 3627 962 3683 pueros
993 3619 1202 3665 nostros
1229 3611 1538 3680 disciplinas
1566 3628 1698 3681 quas
1723 3629 1877 3670 acco-

280 3718 473 3780 perunt
499 3723 596 3777 per
641 3715 804 3760 totam
851 3703 994 3758 diem
1041 3703 1392 3757 meditantes’?
1437 3703 1665 3772 ldipsum
1698 3714 1752 3758 et
1776 3721 1876 3760 nos

281 3800 574 3860 faciamus;
603 3796 837 3864 alioquin
879 3793 1011 3848 nihil
1041 3791 1195 3845 nobis
1221 3792 1492 3859 supererit
1517 3807 1581 3846 ex
1615 3792 1698 3846 his
1739 3807 1872 3846 con-

280 3891 550 3953 ventibus,
575 3888 618 3942 si
647 3886 791 3940 dolio
822 3892 1036 3951 pertuso
1063 3881 1296 3951 quotidie
1337 3879 1673 3945 hauriamus,
1703 3896 1876 3952 neque

281 3995 481 4040 tantam
520 3976 881 4033 custouieuda:
907 3973 1160 4028 doctrina:
1180 3973 1588 4025 sollicitudinem
1618 3972 1841 4027 adhibes
1861 4001 1874 4015 -

290 4087 428 4136 mus,
458 4082 711 4140 quantam
753 4071 892 4124 circa
930 4085 1120 4122 aurum
1147 4081 1197 4123 et
1223 4080 1501 4138 argentum
1545 4070 1879 4125 exhibemus.

293 4163 350 4219 Si
391 4165 512 4234 quis
551 4163 695 4217 enim
737 4163 990 4216 denarios
1017 4178 1210 4230 paucos
1255 4164 1542 4231 acceperit,
1583 4174 1637 4216 et
1665 4164 1715 4216 in
1760 4180 1884 4218 cru-

289 4272 446 4312 mena
493 4265 704 4324 reponit
725 4263 781 4308 et
820 4255 996 4318 suillo
1037 4257 1237 4318 munit;
1288 4270 1385 4308 nos
1427 4264 1605 4309 autem
1647 4258 1886 4326 acceptis

285 4348 517 4418 eloquiis
553 4356 609 4402 et
627 4361 761 4400 auro
782 4355 836 4399 et
873 4348 1097 4415 gemmis
1136 4347 1563 4416 pretiosioribus,
1592 4352 1885 4419 perceptis-

289 4453 398 4508 que
427 4435 658 4504 Spiritus
685 4435 855 4488 sancti
903 4435 1186 4502 thesauris,
1208 4453 1313 4491 non
1336 4453 1399 4490 ea
1430 4437 1479 4490 in
1501 4439 1696 4492 animae
1741 4455 1881 4509 penu

284 4528 649 4592 recondimus,
668 4526 762 4582 sed
785 4528 1113 4598 negligenter
1133 4533 1349 4582 omnino
1370 4529 1594 4584 sinimus
1616 4547 1678 4584 ex
1703 4542 1883 4588 mente

287 4633 468 4678 nostra
493 4621 733 4678 effluere.
759 4621 890 4688 Quis
935 4621 1092 4690 igitur
1133 4620 1266 4674 ultra
1297 4622 1466 4674 nostri
1515 4621 1877 4688 miserebitur,

285 4731 408 4771 cum
438 4714 590 4768 nobis
612 4709 740 4781 ipsis
770 4713 988 4768 insidias
1013 4726 1279 4781 paremus,
1305 4721 1358 4777 et
1380 4713 1429 4765 in
1461 4720 1657 4766 tantam
1687 4723 1899 4790 sponte

288 4806 585 4862 incidamus
617 4806 1025 4874 paupertatem?
1049 4804 1126 4859 Ne
1152 4805 1309 4873 igitur
1329 4804 1378 4857 id
1408 4804 1638 4869 eveniat,
1673 4805 1879 4860 scriba-

289 4913 410 4953 mus
452 4898 608 4950 nobis
659 4897 930 4951 immotam
972 4895 1143 4963 legem
1174 4904 1228 4949 et
1257 4894 1513 4948 uxoribus
1542 4904 1592 4947 et
1625 4896 1748 4948 filiis
1779 4912 1878 4950 no-

285 4987 433 5052 stris,
460 4995 519 5040 ut
559 4985 696 5040 hanc
735 5001 894 5038 unam
933 4983 1281 5039 hebdomadas
1325 4983 1465 5038 diem
1501 4999 1880 5042 consecremus

285 5093 407 5132 cum
449 5075 727 5130 autlicndzc
751 5076 1031 5140 doctrinae,
1053 5084 1163 5129 tum
1203 5074 1515 5142 colligendis
1546 5075 1610 5128 iis
1635 5092 1752 5145 qute
1779 5091 1874 5131 au-

283 5171 390 5224 dita
419 5178 560 5223 sunt.
587 5168 662 5222 ita
692 5169 833 5222 enim
854 5168 1023 5223 multo
1042 5166 1323 5222 dociliores
1341 5167 1408 5221 ad
1437 5183 1498 5222 ea
1516 5183 1635 5237 quin
1649 5167 1876 5223 dicenda

282 5268 804 5319 suntoccurrcmus;
847 5259 1104 5328 nobisque
1124 5257 1275 5312 labor
1295 5258 1470 5313 minor
1488 5299 1500 5319 ,
1515 5273 1579 5312 ac
1601 5260 1749 5314 vobis
1767 5275 1881 5313 ma-

278 5349 365 5419 jus
387 5350 593 5402 lucrum
616 5350 851 5409 accedet,
887 5362 1006 5402 cum
1032 5363 1093 5402 ea
1117 5363 1236 5417 qua:
1263 5362 1432 5416 nuper
1450 5347 1589 5401 dicta
1615 5358 1739 5402 sunt
1765 5363 1879 5401 me-

285 5441 452 5493 moria
476 5440 788 5505 retinentes,
821 5438 897 5491 sic
924 5438 1200 5507 sequentia
1225 5437 1472 5491 audietis.
1506 5438 1621 5492 Non
1650 5438 1796 5493 enim
1823 5439 1875 5494 id

285 5545 469 5598 parum
504 5530 709 5583 confert
741 5527 807 5581 ad
835 5528 1094 5582 dictorum
1140 5527 1540 5597 intelligentiam
1561 5569 1576 5594 ,
1606 5530 1649 5582 si
1681 5530 1874 5584 seriem

283 5619 666 5675 sententiarum
693 5625 992 5673 nostrarum
1014 5627 1260 5674 accurate
1287 5619 1534 5674 teneatis.
1571 5618 1703 5687 Quia
1731 5620 1872 5674 enim

2027 1361 2386 1418 accedamus.

2068 1536 2120 1588 2.
2155 1535 2283 1600 Qui:
2320 1538 2385 1587 sit
2428 1535 2497 1588 vis
2537 1539 2716 1588 horum
2759 1544 3019 1590 verborum
3084 1536 3257 1610 Isaia,
3284 1541 3402 1597 lloc
3437 1550 3604 1598 totum

2000 1622 2194 1678 factum
2238 1635 2340 1679 est.
2373 1624 2477 1678 Cur
2495 1624 2688 1694 Joseplt
2709 1626 2778 1678 ad
2795 1625 2990 1680 Isaiam
3017 1630 3313 1683 remittitur.
3339 1631 3442 1685 Cur
3457 1632 3607 1687 Clari-

1998 1725 2104 1769 stus
2130 1731 2234 1769 non
2265 1714 2569 1770 Emmanuel
2594 1718 2742 1785 vulgo
2780 1719 3089 1788 appellatus.
3116 1750 3184 1762 —
3210 1721 3468 1790 Qutcnam
3509 1726 3609 1795 igi-

1997 1815 2083 1860 tur
2111 1807 2267 1862 nobis
2309 1807 2469 1863 hodie
2509 1809 2854 1878 proponenda
2878 1811 3038 1864 sunt?
3075 1810 3188 1866 Hoc
3229 1823 3400 1867 autem
3439 1825 3605 1873 totum

1993 1902 2188 1967 factum
2211 1909 2285 1953 est
2315 1909 2369 1952 ut
2390 1900 2685 1969 impleretur
2710 1902 2846 1971 quod
2865 1901 3058 1954 dictum
3083 1913 3158 1956 est
3182 1921 3212 1956 α
3241 1903 3469 1958 Domino
3514 1923 3605 1975 per

1993 1993 2290 2061 prophetam
2320 1991 2585 2045 dicentem.
2621 1992 2788 2061 Digna
2815 1993 3074 2048 miraculo
3101 2010 3234 2050 voce
3272 2011 3371 2066 pro
3396 1997 3604 2053 viribus

1991 2081 2239 2136 clamavit
2280 2082 2470 2136 dicens
2505 2101 2518 2136 :
2555 2081 2669 2136 Hoc
2711 2093 2878 2136 autem
2906 2093 3067 2137 totum
3111 2088 3305 2155 factum
3341 2097 3432 2141 est.
3467 2088 3601 2154 Quia

1991 2171 2133 2223 enim
2173 2171 2307 2225 vidit
2329 2171 2545 2240 pelagus
2573 2181 2627 2225 et
2655 2171 2908 2240 abyssum
2942 2172 3288 2243 benignitatis
3323 2175 3442 2242 Dei,
3472 2187 3525 2230 et
3548 2176 3601 2236 id

1991 2261 2132 2329 quod
2151 2244 2441 2329 numquam
2465 2268 2734 2329 speratum
2761 2262 2932 2314 fuerat
2951 2261 3218 2326 evenisse,
3235 2274 3441 2317 natura:
3456 2265 3605 2318 solu-

1993 2361 2073 2404 tas
2093 2353 2280 2421 leges,
2301 2345 2793 2406 reconciliationem
2820 2350 3036 2415 factam,
3067 2363 3119 2407 et
3147 2355 3386 2408 omnium
3415 2372 3603 2426 supre-

1993 2456 2136 2494 mum
2151 2441 2217 2494 ad
2235 2441 2473 2494 omnium
2493 2441 2733 2494 infimum
2747 2440 3371 2506 descendissermedium
3389 2459 3600 2499 murum

1990 2530 2277 2596 sublatum,
2311 2541 2364 2586 et
2390 2531 2773 2601 impedimenta
2794 2531 3000 2602 abacta,
3036 2535 3314 2602 multoque
3343 2534 3492 2602 plura
3518 2534 3602 2590 his

1989 2632 2137 2692 gesta
2150 2622 2276 2686 alia,
2297 2637 2404 2676 uno
2416 2623 2583 2677 verbo
2597 2621 2911 2676 miraculum
2928 2621 3222 2676 declaravit
3246 2624 3430 2679 dicens
3453 2642 3467 2679 :
3495 2624 3602 2679 Hoc

1987 2725 2157 2767 auum
2184 2722 2340 2766 totum
2361 2717 2550 2783 factum
2579 2721 2672 2777 est,
2689 2723 2742 2765 ut
2761 2711 3060 2782 impleretur
3095 2713 3231 2782 quod
3253 2714 3443 2768 dictum
3474 2723 3546 2768 est
3569 2731 3603 2768 α

1991 2802 2231 2856 Domino.
2249 2801 2328 2856 Ne
2343 2802 2639 2867 existimes,
2655 2802 2844 2870 inquit,
2875 2802 2928 2855 id
2951 2801 3111 2855 modo
3126 2801 3406 2857 decretum
3438 2817 3563 2857 esse
3584 2824 3599 2866 ;

1984 2892 2095 2963 jam
2124 2891 2251 2947 olim
2283 2891 2677 2961 prmﬁguratum
2720 2889 2915 2946 fuerat.
2938 2889 2992 2944 Id
3018 2890 3159 2960 quod
3201 2892 3362 2946 etiam
3406 2892 3604 2948 Paulus

1989 2984 2189 3053 ubique
2233 2983 2606 3038 demonstrare
2636 2982 2860 3036 studuit.
2902 2981 3020 3036 Jam
3049 2996 3179 3036 vero
3208 2982 3502 3051 .losepbnm
3535 2985 3603 3039 ad

1992 3073 2185 3128 Isaiam
2231 3074 2480 3141 remittit,
2509 3084 2568 3126 ut
2601 3074 2646 3127 si
2687 3081 3035 3140 experrectus
3079 3073 3363 3127 verborum
3411 3075 3602 3143 ipsius,

2005 3184 2189 3242 utpote
2234 3189 2426 3238 recens
2474 3171 2763 3235 dictorum,
2811 3172 3010 3228 oblitus
3051 3183 3224 3234 esset,
3267 3176 3608 3244 prophetico-

2005 3280 2144 3318 rum.
2177 3280 2228 3318 In
2254 3279 2481 3332 quorum
2526 3263 2876 3316 meditatione
2905 3264 3137 3316 nutritus
3167 3263 3356 3329 fuerat,
3391 3281 3608 3336 semper

2002 3356 2314 3408 recordatus
2338 3394 2353 3418 ,
2379 3369 2499 3423 qua:
2527 3354 2667 3408 dicta
2693 3355 2793 3407 sibi
2824 3340 2978 3408 erant
3009 3356 3286 3410 retineret.
3320 3355 3485 3410 Uxori
3511 3374 3602 3412 au-

2002 3451 2108 3496 tem
2141 3444 2273 3498 nihil
2305 3444 2410 3498 tale
2459 3443 2610 3508 dixit,
2646 3453 2831 3512 utpote
2859 3460 2977 3513 quae
3019 3447 3189 3513 puclla
3211 3446 3384 3501 adhuc
3413 3449 3603 3505 horum

2000 3534 2242 3589 notitiam
2289 3551 2392 3588 non
2433 3535 2657 3591 haberet
2688 3555 2700 3588 ε
2733 3537 2845 3589 viro
2870 3547 3051 3591 autem
3100 3547 3286 3606 utpote
3317 3540 3485 3607 justo,
3515 3543 3602 3610 qui

1999 3626 2288 3695 prophetas
2324 3625 2692 3688 meditaretur,
2714 3627 2838 3680 hinc
2859 3627 3130 3682 edisserit.
3151 3629 3216 3682 Et
3239 3631 3466 3685 antehac
3486 3633 3606 3701 qni-

1995 3716 2116 3769 dem
2142 3716 2349 3770 dixerat
2384 3733 2396 3768 :
2430 3715 2651 3769 Mariam
2673 3718 2937 3787 conjugcm
2969 3728 3110 3770 tuam
3133 3735 3151 3772 :
3179 3718 3265 3775 hic
3296 3737 3424 3773 vero
3451 3731 3602 3788 post-

1993 3820 2153 3874 quam
2201 3807 2516 3876 pr0phetam
2563 3807 2782 3860 adduxit
2811 3809 2861 3860 in
2893 3807 3151 3871 medium,
3202 3827 3340 3864 nunc
3381 3811 3600 3866 demum

1996 3912 2188 3951 nomen
2239 3898 2556 3966 virginitatis
2607 3899 2681 3950 illi
2733 3899 2960 3952 credidit
2996 3908 3050 3953 ct
3092 3902 3375 3970 patefecit;
3427 3917 3600 3970 neque

1992 3986 2135 4040 enim
2166 3995 2273 4038 tam
2327 3987 2715 4054 imperturhatu
2743 3990 2922 4042 animo
2955 3988 3160 4049 fuisset.
3192 3991 3376 4044 audito
3421 3991 3599 4060 Virgi-

1992 4075 2074 4129 nis
2119 4077 2356 4141 nomine,
2395 4075 2498 4130 nisi
2548 4078 2695 4144 prius
2731 4078 2780 4130 id
2812 4079 2879 4130 ah
2920 4079 3050 4132 lsaia
3099 4081 3411 4135 audivisset.
3456 4082 3597 4137 Nihil

1989 4165 2130 4217 enim
2178 4167 2524 4234 stupendum,
2558 4167 2654 4220 sed
2695 4184 2805 4221 rem
2840 4169 2938 4222 sibi
2993 4169 3108 4224 hrcc
3138 4172 3308 4224 multo
3354 4182 3598 4241 tempore

1989 4255 2269 4309 meditanti
2299 4255 2618 4310 familiarem
2646 4257 2924 4311 auditurus
2948 4268 3067 4312 crat
3094 4275 3123 4312 a
3152 4261 3433 4329 propheta.
3471 4263 3595 4320 Ideo

1987 4345 2208 4414 angelus
2254 4354 2312 4398 ut
2354 4361 2465 4400 rem
2514 4347 2826 4401 credibilem
2871 4349 3155 4413 redderet,
3188 4351 3372 4405 lsainm
3406 4353 3456 4406 in
3484 4370 3586 4408 me

1984 4434 2131 4489 dium
2189 4434 2426 4490 adducit.
2478 4435 2660 4505 Neque
2717 4437 2800 4490 hic
2858 4439 3084 4507 gradum
3136 4442 3315 4505 sistit,
3369 4444 3463 4497 sed
3525 4445 3586 4500 ad

1987 4524 2154 4578 Deum
2183 4525 2295 4578 haec
2320 4525 2624 4594 loquentem
2643 4527 2800 4596 erigit
2823 4542 2982 4592 eum;
3017 4544 3123 4582 non
3155 4532 3296 4584 enim
3317 4533 3587 4601 propheta

1990 4617 2150 4670 verba
2195 4631 2316 4670 esse
2365 4617 2539 4681 dixit,
2585 4617 2678 4671 sed
2718 4633 2746 4671 a
2779 4618 2888 4672 Deo
2933 4621 3303 4675 universorum
3360 4626 3587 4692 prolata.

1983 4705 2109 4760 Ideo
2155 4722 2260 4760 non
2301 4706 2458 4772 dixit,
2507 4716 2562 4762 ut
2593 4708 2910 4777 impleretur
2959 4710 3104 4779 quod
3144 4713 3346 4766 dictum
3389 4724 3470 4770 est
3521 4717 3566 4768 a'

1983 4794 2151 4858 lsaia;
2194 4794 2325 4860 sed,
2384 4796 2533 4862 Quod
2574 4796 2764 4849 dictum
2802 4806 2874 4850 est
2916 4815 2950 4849 u
2987 4797 3206 4852 Domino
3223 4819 3245 4854 ,ο
3276 4817 3338 4855 os
3390 4805 3566 4874 quipp:

1979 4895 2095 4940 erat
2123 4884 2272 4940 Isaia:
2295 4928 2310 4952 ,
2340 4888 2616 4940 oraculum
2655 4904 2782 4941 vero
2809 4903 2840 4943 e
2870 4891 3116 4956 supernis
3161 4893 3417 4949 delatum.
3447 4898 3578 4962 Quid

1977 4985 2157 5032 autem
2188 4978 2261 5032 ait
2285 4977 2388 5031 hoc
2413 4978 2684 5032 oraculum
2712 4996 2726 5032 :
2752 4977 2886 5032 Ecce
2920 4979 3073 5050 Virgo
3103 4984 3154 5036 in
3183 4994 3322 5038 utero
3349 4988 3580 5052 habebit,

1978 5078 2023 5121 et
2045 5069 2208 5138 pariet
2253 5070 2452 5136 ﬁlium,
2498 5080 2543 5123 et
2584 5069 2828 5122 vocabunt
2868 5087 3049 5124 nomen
3095 5075 3206 5143 ejus
3251 5075 3575 5135 Emmanuel.

1978 5158 2129 5228 (leui.
2162 5160 2210 5212 7.
2242 5158 2356 5228 14).
2379 5160 2484 5214 Cur
2502 5175 2652 5230 ergo,
2681 5159 2968 5224 dices,non
2999 5173 3220 5218 vocatus
3244 5175 3324 5220 est
3365 5167 3575 5223 Emma-

1979 5254 2120 5313 nuel,
2149 5251 2242 5304 sed
2285 5249 2442 5304 Jesus
2482 5251 2770 5304 Christus?
2814 5251 2947 5317 Quia
2981 5268 3088 5308 non
3137 5253 3298 5319 dixit,
3324 5255 3576 5326 Vocabis,

1979 5343 2094 5408 sed,
2129 5341 2413 5410 Vocabunt,
2446 5359 2638 5413 nempe
2690 5344 2890 5413 populi,
2915 5353 2970 5399 et
3009 5345 3122 5414 ipse
3165 5362 3344 5401 rerum
3379 5351 3575 5405 exitus.

1981 5434 2071 5487 llic
2096 5434 2171 5488 rei
2198 5449 2318 5503 quae
2353 5435 2577 5502 contigit
2616 5450 2812 5489 nomen
2841 5435 3102 5502 imponit:
3138 5447 3191 5492 et
3221 5437 3308 5492 hic
3337 5453 3417 5492 cs:
3459 5457 3579 5495 mos

1978 5525 2290 5593 Scriptura),
2325 5539 2414 5580 res
2437 5540 2558 5594 quae
2607 5525 2921 5594 contingunt
2951 5541 3046 5593 pro
3086 5527 3304 5583 nomine
3351 5546 3574 5596 ponere.

1977 5613 2114 5670 Nihil
2143 5615 2286 5671 enim
2315 5614 2457 5671 aliud
2480 5625 2565 5672 est
2593 5614 2744 5684 illud,
2763 5615 3016 5672 Vocabunt
3046 5616 3367 5687 Emmanuel,
3392 5636 3572 5691 quam.
