4040 6426
521 361 591 417 57

1207 372 1266 430 8.
1306 370 1583 430 JOANNIS
1615 367 2084 426 CilRYSOS'I'OMI
2123 365 2435 424 ARCHIEP.
2474 363 3006 423 CONSTANTINOP.
3685 364 3751 420 58

520 468 789 526 Videbunt
827 470 992 522 Deum
1023 480 1144 521 cum
1188 467 1518 530 hominibus;
1561 482 1680 520 nam
1718 479 1930 534 semper
1969 481 2090 520 cum
2185 474 2300 512 rum
2320 462 2615 529 acceptioni
2660 464 2940 517 obnoxiam
2963 467 2988 517 Υ
3024 466 3203 538 Neque
3244 483 3384 522 entm
3434 489 3584 526 curuo
3607 476 3757 532 triste

521 559 823 617 hominibus
846 557 974 621 fuit,
1001 556 1096 610 sed
1124 557 1509 624 numquam-ita
1538 555 1838 610 manifeste.
1867 556 2016 625 Quod
2046 556 2090 609 si
2180 548 2448 617 quidpiam
2474 558 2529 604 et
2549 559 2700 617 luuuu
2721 553 3108 623 suspicabatur.
3137 557 3279 613 illam
3310 560 3447 630 apud
3475 577 3534 616 se
3560 567 3758 620 reline-

519 648 852 718 rmpudenter
896 646 1157 701 obsistunt
1196 645 1364 701 ιιιὰωί
1389 687 1406 713 ,
1454 646 1895 716 interrogabimus
1937 661 2033 702 eos
2073 661 2088 699 :

510 746 858 822 Quandonam
896 756 1112 801 vocatus
1147 755 1228 801 est
1249 761 1398 816 puer,
1432 746 1540 801 Cito
1569 746 1818 816 prcedere,
1849 745 2086 801 uelociter

507 835 673 902 spolia
686 835 871 898 aufer!
902 833 1004 890 Sed
1034 834 1163 890 nihil
1184 827 1507 904 respondere
1529 843 1792 901 poterunt.
1816 835 1926 892 Cur
1955 849 2084 904 ergo

508 924 768 991 propheta
794 923 926 976 dixit
949 941 962 974 :
1007 923 1137 976 Voca
1165 939 1343 977 nomen
1370 926 1509 992 ejus,
1537 923 1647 978 Cito
1672 925 1903 995 prcedere
1926 923 2079 994 (lsat'.

509 1010 562 1064 8.
594 1011 676 1076 3)?
714 1011 974 1077 Quoniam
1015 1011 1131 1081 ipso
1177 1021 1301 1066 nato
1339 1011 1675 1080 depopulatio
1711 1021 1765 1067 et
1787 1011 2078 1083 spoliorum

506 1100 732 1168 direptio
759 1099 893 1154 facta
917 1109 1000 1155 est
1030 1119 1042 1153 :
1071 1102 1293 1170 ideoque
1321 1117 1432 1158 rem
1459 1118 1574 1169 qua:
1603 1105 1741 1156 circa
1765 1103 1936 1172 ipsum
1954 1115 2081 1157 con-

507 1189 644 1258 tigit,
665 1189 815 1258 quasi
847 1203 1040 1243 nomen
1066 1190 1172 1257 ipsi’
1193 1190 1432 1258 imponit.
1453 1191 1520 1244 Et
1546 1193 1737 1254 ciuitas,
1775 1191 1963 1261 inquit,
1995 1207 2078 1244 uo-

506 1277 700 1330 cabitur
744 1279 918 1332 civitas
953 1280 1188 1347 justitia,
1230 1282 1520 1347 metropolis
1563 1282 1727 1348 ﬁdelis
1768 1281 1896 1339 Sion
1920 1279 2076 1346 (Isai.

507 1367 559 1420 l.
583 1365 678 1434 26)
707 1383 721 1418 :
749 1376 805 1421 et
824 1381 1080 1435 nusquam
1129 1367 1424 1422 invenimus
1465 1369 1606 1422 illam
1649 1369 1810 1423 fuisse
1839 1379 2076 1424 vocatam

499 1453 760 1522 justitiam
789 1456 828 1520 ³,
857 1455 950 1509 sed
994 1469 1186 1509 nomen
1216 1455 1315 1524 ipsi
1350 1457 1545 1510 mansit
1576 1457 1943 1527 Jerosolyma;
1981 1475 2073 1513 ve-

501 1559 621 1598 rum
659 1544 778 1612 quia
813 1545 924 1613 ipsa
954 1547 1006 1600 in
1027 1544 1218 1598 melius
1242 1554 1562 1600 commutata
1591 1546 1691 1600 hoc
1734 1549 1833 1616 ipsi
1863 1549 2074 1612 accidit,

501 1634 624 1689 ideo
648 1636 814 1704 ipsam
837 1637 906 1688 ita
938 1635 1114 1690 vocari
1139 1634 1292 1690 dixit.
1326 1635 1427 1690 Ubi
1451 1636 1592 1690 enim
1623 1637 1883 1707 contingit
1906 1637 2076 1706 quod-

499 1725 622 1783 dam
658 1725 968 1792 praclarum
1013 1724 1238 1789 facinus,
1287 1724 1426 1794 quod
1469 1725 1663 1780 clarius
1704 1742 1860 1798 quam
1902 1727 2073 1796 ipsum

499 1813 771 1882 proprium
800 1828 993 1869 nomen
1023 1812 1220 1868 indicat
1254 1823 1525 1867 auctorem
1553 1813 1689 1881 ejus,
1715 1825 1811 1870 aut
1835 1829 1956 1868 eum
1983 1814 2073 1884 qui

496 1903 614 1974 ejus
641 1902 862 1960 fructum
886 1903 1140 1972 percepit,
1164 1918 1356 1962 nomen
1376 1905 1492 1974 ejus
1510 1906 1780 1974 Scriptura
1806 1906 1931 1962 dicit
1953 1919 2075 1961 esse

496 1993 574 2047 rei
596 1992 889 2048 veritatem.
923 1991 1074 2058 Quod
1101 1994 1143 2046 si
1176 1991 1301 2048 hinc
1337 1995 1589 2048 coniutati
1627 1994 1766 2048 aliud
1810 2005 2072 2064 quarunt,

496 2095 689 2149 nempe
716 2081 783 2134 de
808 2081 1107 2150 virginitate
1134 2081 1355 2146 dictum,
1385 2090 1440 2136 et
1467 2082 1718 2153 objiciunt
1742 2083 1895 2138 nobis
1938 2085 2074 2138 alios

495 2170 832 2238 interpretes,
860 2169 1138 2225 dicentes:
1163 2169 1224 2225 Hi
1258 2184 1362 2223 non
1391 2170 1638 2226 dixerunt
1662 2172 1951 2242 Virginem.
1973 2173 2069 2228 sed

495 2260 720 2328 puellam
751 2259 847 2328 (a):
875 2259 1043 2328 primo
1083 2259 1299 2328 quidem
1334 2260 1463 2317 illud
1495 2261 1733 2319 dicemus
1754 2303 1770 2323 ,
1797 2263 1917 2331 jure
1937 2261 2061 2332 Sep-

494 2352 728 2420 tuaginta
758 2351 1076 2420 interpretes
1094 2351 1212 2410 aliis
1229 2350 1334 2405 nde
1359 2351 1623 2420 digniores
1642 2351 1845 2408 haberi.
1864 2352 1996 2406 Nam
2017 2353 2068 2407 hi

492 2441 748 2512 postremi
771 2448 892 2510 post
917 2432 1115 2497 Christi
1141 2441 1428 2500 adventum
1450 2442 1774 2511 interpretati
1812 2451 1954 2512 sunt,
1977 2442 2071 2498 .iu-

490 2531 696 2600 dazique
737 2539 1045 2588 manserunt
1070 2571 1085 2597 ,
1117 2530 1254 2589 unde
1283 2531 1335 2587 in
1362 2531 1716 2599 suspicionem
1746 2530 1956 2594 cadant,
1981 2540 2066 2586 ut-

492 2628 618 2690 pote
653 2618 742 2688 qui
769 2633 833 2672 cx
862 2618 1131 2677 inimicitia
1158 2619 1235 2675 sic
1262 2618 1438 2688 potius
1458 2619 1710 2685 dixerint,
1740 2633 1803 2673 ac
1829 2619 2064 2688 prophe-

491 2710 592 2762 tiae
633 2707 700 2763 de
728 2707 983 2762 industria
1013 2707 1240 2762 obscure
1281 2707 1641 2764 converterint
1672 2723 1687 2761 :
1717 2707 2061 2778 Septuaginta

489 2812 618 2852 vero
647 2796 736 2868 qui
772 2805 987 2853 centum
1011 2804 1102 2852 aut
1131 2795 1372 2870 pluribus
1399 2797 1555 2852 annis
1581 2807 1705 2851 ante
1727 2796 1928 2852 Christi
1963 2799 2064 2852 ad-

489 2896 706 2942 ventum
731 2888 855 2942 huic
901 2887 978 2945 rei
1029 2896 1106 2945 tot
1148 2901 1374 2948 numero
1416 2902 1631 2941 manum
1677 2885 2061 2956 admoverunt,

488 2978 556 3032 ab
581 2978 724 3031 omni
748 2976 1048 3046 bujusmodi
1077 2975 1380 3044 suspicione
1401 2975 1553 3034 liberi
1579 2983 1738 3046 sunt,
1767 2989 1830 3028 ac
1857 2983 1966 3029 tum
1991 2975 2062 3031 ob

488 3078 692 3131 tempus
745 3075 852 3118 tum
880 3066 950 3118 ob
979 3066 1396 3129 multitudinem,
1443 3075 1556 3122 tum
1577 3066 1648 3121 ob
1666 3076 1902 3122 mutuum
1921 3082 2053 3122 con-

485 3166 698 3206 sensum
728 3154 830 3212 lide
855 3154 999 3217 digni
1022 3154 1245 3209 trahendi
1274 3165 1416 3210 sunt.

556 3325 612 3380 3.
652 3324 744 3379 Sin
773 3335 950 3380 autem
979 3327 1332 3381 recentiorum
1363 3329 1720 3386 testimonium
1761 3327 2052 3395 proferant,

485 3413 642 3470 etiam
671 3414 770 3468 hoc
799 3414 956 3468 modo
977 3417 1193 3470 victoria
1226 3429 1387 3486 penes
1415 3431 1510 3470 nos
1535 3418 1639 3471 erit
1669 3433 1683 3469 :
1715 3431 1835 3470 nam
1865 3419 2054 3485 puella:

483 3505 698 3559 nomine
733 3506 868 3560 solet
906 3503 1174 3574 Scriptura
1214 3506 1468 3573 virginem
1512 3521 1731 3571 vocare;
1765 3507 1920 3578 idque
1945 3521 2052 3561 non

480 3595 551 3650 de
583 3595 893 3651 mulieribus
930 3605 1163 3663 tantum,
1199 3597 1290 3653 sed
1320 3597 1480 3652 etiam
1528 3597 1596 3654 de
1643 3599 1771 3650 viris
1812 3597 2005 3652 dicitur
2036 3614 2049 3652 :

482 3697 607 3738 nam
649 3685 751 3749 ait,
801 3682 1018 3738 Iuvenes
1060 3695 1105 3738 et
1127 3686 1374 3755 virgines,
1419 3702 1558 3740 senes
1603 3703 1717 3738 cum
1767 3686 2056 3756 junioribus

483 3769 667 3840 (Psal.
701 3771 822 3826 H8.
871 3771 938 3825 l2
957 3771 996 3840 ).
1028 3774 1101 3826 Ac
1128 3788 1336 3826 rursum
1364 3772 1431 3827 de
1458 3774 1624 3842 puella
1658 3774 1880 3842 loquens
1903 3774 2058 3841 cujus

482 3859 755 3932 virginitas
777 3861 1047 3928 impetitur
1070 3862 1197 3915 dicit
1227 3880 1241 3915 :
1272 3861 1333 3916 Si
1363 3861 1648 3917 clamauerit
1676 3864 1848 3928 puella
1880 3865 2052 3932 (Deut.

478 3947 572 4003 22.
627 3949 767 4018 27),
817 3950 868 4004 id
903 3961 983 4003 est
1006 3989 1021 4014 ,
1063 3953 1242 4020 virgo,
1278 3952 1327 4005 id
1357 3967 1482 4005 vero
1509 3953 1858 4006 conﬁrmatur
1893 3969 1961 4008 ex
1990 3954 2056 4008 iis

479 4051 599 4104 qua:
635 4051 791 4106 supra
821 4037 959 4090 dicta
1000 4048 1142 4090 sunt.
1175 4038 1352 4107 Neque
1377 4040 1517 4093 enim
1551 4040 1861 4108 simpliciter
1880 4041 2014 4095 dixit
2035 4081 2051 4106 ,

479 4123 614 4182 Ecce
649 4129 786 4196 virgo
831 4128 883 4179 in
927 4136 1063 4180 utero
1108 4129 1340 4202 habebit,-
1368 4130 1462 4182 sed
1491 4143 1610 4180 cum
1634 4140 1758 4183 ante
1795 4131 2050 4196 dixisset,

479 4214 611 4269 Ecce
638 4217 775 4269 dabit
802 4215 1047 4268 Dominus
1081 4217 1188 4284 ipse
1211 4216 1346 4268 vobis
1371 4217 1567 4285 signum
1589 4257 1602 4279 ,
1637 4225 1760 4270 tunc
1789 4219 2050 4287 subjecit,

477 4300 768 4371 Ecceoirgo
802 4304 852 4355 iu
881 4313 1016 4356 utero
1047 4303 1241 4356 habebit
1279 4304 1306 4372 (
1321 4302 1446 4356 Issi.
1489 4305 1544 4360 8.
1583 4306 1708 4370 Η).
1757 4307 1913 4375 Atqui
1954 4309 2052 4362 nisi

479 4392 628 4459 virgo
648 4389 829 4444 fuisset
855 4391 939 4444 illi
970 4407 1087 4458 qua:
1116 4393 1345 4459 paritura
1380 4406 1490 4446 erat
1517 4435 1529 4458 ,
1562 4402 1616 4448 et
1641 4395 1683 4447 si
1706 4410 1771 4448 ex
1798 4398 2049 4451 connubii

481 4479 597 4546 lege
637 4480 686 4532 id
725 4478 954 4533 futurum
996 4491 1145 4546 crat,
1188 4483 1330 4550 quod
1363 4485 1575 4538 tandem
1606 4484 1654 4538 id
1686 4486 1891 4552 signum
1926 4487 2054 4542 luis.

479 4569 596 4623 set?
626 4569 844 4637 Signum
878 4570 1019 4622 enim
1051 4586 1226 4624 rerum
1255 4587 1588 4626 communem
1620 4574 1861 4628 ordinent
1894 4576 2052 4632 debet

478 4657 772 4718 excedere,
801 4665 958 4726 atque
993 4659 1212 4712 omnino
1252 4661 1666 4729 inexspectatum
1705 4674 1758 4717 et
1783 4666 2052 4721 insolitum

479 4759 630 4809 csse;
654 4745 879 4812 alioquin
909 4748 1176 4814 quomodo
1214 4749 1419 4817 signum
1440 4760 1580 4804 esset
1603 4752 1620 4803 i
1643 4752 1734 4806 2i.
1769 4753 2056 4825 Exsurgens

483 4845 648 4886 autem
673 4831 860 4901 ,ἴοιερή
889 4851 918 4885 a
939 4851 1140 4901 somno,
1181 4839 1296 4906 fecit
1322 4841 1446 4892 sicut
1480 4844 1715 4910 prmcepit
1753 4844 1802 4895 ei
1847 4847 2054 4915 angelus

489 4921 713 4975 Domini.
731 4923 969 4978 Vidistin‘
994 4926 1390 4994 obscquentiam
1417 4940 1468 4982 ct
1505 4932 1737 4985 animum
1780 4934 2054 5004 obtempe-

484 5012 730 5067 rantem?
761 5012 986 5067 vidistin‘
1017 5014 1247 5070 animam
1284 5017 1516 5086 vigilem,
1548 5029 1601 5074 et
1625 5022 1755 5076 nulli
1797 5038 2053 5092 persona.

541 5259 554 5288 ³
591 5256 683 5304 Alii
709 5257 801 5303 non
823 5257 1203 5316 male,jnstitia:.

537 5319 608 5377 (τι)
628 5320 736 5391 ρει).
763 5326 1158 5391 vero-verterunt
1194 5319 1422 5391 puellum,
1468 5333 1577 5391 sunt
1610 5326 1802 5391 Aquila,
1836 5335 2044 5391 Symma-

476 5377 667 5446 trhuset
688 5379 968 5446 Tltcodotio,
987 5386 1040 5425 ut.
1065 5377 1231 5428 videtis
1255 5382 1302 5430 in
1326 5377 1550 5446 ljexaplis
1572 5377 1748 5436 nostris
1769 5377 1882 5437 l'sai'.’
1899 5391 1944 5446 7,
1962 5377 2044 5438 η.

475 5445 567 5485 ttae
587 5439 651 5485 de
676 5450 733 5485 re
764 5438 1245 5509 videittieronymum
1265 5456 1313 5490 lt]
1340 5438 1528 5502 Isaiam,
1563 5449 1643 5507 qui
1683 5452 1853 5509 probat
1875 5438 2044 5500 vocem

474 5521 770 5590 ttcbraicam,
794 5498 953 5578 7112‘)?
973 5562 986 5578 .
1028 5498 1121 5569 non
1144 5524 1300 5586 modo,
1325 5498 1766 5590 rimorum-sedet,
1783 5498 2041 5583 abscondis

475 5597 570 5639 tum
594 5587 841 5652 virginem,
865 5590 1154 5650 signiﬁcare.

2177 652 2238 692 re
2266 639 2453 704 voluit,
2487 655 2658 708 neque
2684 652 2857 696 amota
2883 644 3184 712 suspicione
3203 685 3217 707 ,
3242 648 3382 702 illam
3412 651 3547 703 ultra
3571 650 3756 706 dimit-

2181 737 2291 784 tere
2319 731 2598 793 sustinuit;
2627 731 2733 785 imo
2761 747 2890 786 vero
2921 735 3061 787 illam
3090 738 3338 804 retinuit;
3366 755 3428 794 ac
3455 741 3619 796 totius
3648 741 3760 800 dis-

2180 817 2502 884 pensationis
2541 819 2780 873 minister
2817 820 3036 876 ell'ectus
3063 835 3164 878 est.
3199 824 3264 878 Et
3289 832 3514 897 accepit,
3541 832 3715 902 inquit
3743 873 3760 898 ,

2185 904 2402 957 Mariam
2427 908 2692 976 confugerit
2721 925 2887 963 suam.
2932 911 3120 968 Viden’
3144 930 3302 984 quam
3333 916 3641 989 frequenter
3664 921 3764 975 hoc

2180 1008 2385 1048 nomen
2436 994 2677 1064 proferat
2732 998 3089 1068 evangelista,
3143 1001 3291 1070 quod
3345 1006 3484 1059 nolit
3533 1008 3762 1062 interim

2181 1085 2500 1155 mysterium
2555 1085 2688 1141 illud
2754 1088 3042 1156 revelare,
3094 1090 3224 1146 dum
3285 1093 3484 1148 malam
3539 1106 3767 1153 amovet

2181 1176 2550 1246 suspicionem
2569 1178 2594 1231 ἲ

2243 1335 2414 1391 Πανία
2448 1349 2558 1407 post
2596 1351 2799 1418 partum
2825 1347 2966 1414 uirgo
2993 1349 3195 1402 mansit.
3227 1352 3406 1406 —25.
3440 1352 3564 1408 Cum
3589 1368 3760 1410 autem

2169 1427 2440 1495 accepisset
2488 1444 2633 1488 eam.
2679 1447 2780 1484 non
2824 1437 3059 1503 cognovit
3114 1437 3296 1506 illaut,
3352 1441 3512 1495 donec
3563 1447 3768 1514 peperit

2169 1514 2332 1582 filium
2369 1530 2516 1568 suum
2562 1517 2984 1588 primogenitum;
3028 1523 3152 1578 illud
3193 1525 3362 1581 Donec
3406 1529 3490 1584 hic
3531 1532 3754 1600 posuit,

2170 1620 2276 1660 non
2302 1616 2360 1660 ut
2375 1609 2683 1675 suspiceris.
2713 1610 2854 1666 illam
2883 1623 3066 1682 postea
3096 1620 3411 1685 cognovisse
3431 1620 3752 1692 Josephum,

2167 1695 2259 1748 sed
2309 1705 2366 1749 ut
2413 1697 2551 1750 scias
2599 1697 2866 1768 Virginem
2919 1717 3087 1770 usque
3129 1705 3195 1758 ad
3241 1719 3446 1773 partum
3490 1709 3749 1766 intactam

2169 1782 2347 1838 fuisse.
2379 1785 2488 1840 Cur
2526 1786 2704 1857 itaque
2732 1791 2832 1851 ait,
2866 1790 3035 1845 Donec
3063 1797 3295 1862 peperit!
3339 1797 3436 1850 llic
3493 1815 3612 1855 mos
3661 1802 3750 1855 lo-

2167 1874 2364 1941 quendi
2390 1875 2442 1929 in
2469 1875 2743 1946 Scriptura
2783 1895 2926 1949 saepe
2951 1882 3294 1952 observatur;
3322 1888 3391 1942 ita
3415 1899 3474 1944 ut
3503 1891 3620 1946 haec
3648 1908 3752 1948 vox

2168 1976 2270 2015 non
2315 1978 2411 2031 pro
2448 1965 2668 2022 deﬁnito
2691 1969 2919 2036 quodam
2948 1981 3187 2041 tempore
3229 1988 3478 2045 ponatur.
3508 1979 3642 2036 Nam
3687 1982 3760 2046 de

2165 2065 2286 2104 area
2337 2052 2558 2123 loquens
2604 2057 2678 2110 ait
2722 2076 2736 2111 :
2780 2057 2900 2114 Non
2923 2079 3164 2137 fever-sus
3219 2076 3292 2121 est
3332 2085 3548 2137 coruus,
3592 2073 3765 2128 donee

2167 2143 2437 2197 siccat-etm-
2483 2154 2616 2201 terra
2656 2147 2675 2215 (
2697 2148 2824 2202 Cen.
2866 2135 2929 2204 8)
2967 2153 3072 2222 7),
3123 2157 3222 2210 etsi
3273 2169 3455 2226 postea
3510 2135 3762 2220 reversus

2167 2245 2270 2284 non
2296 2232 2384 2286 sit.
2418 2232 2494 2288 De
2521 2235 2637 2308 ipso
2663 2237 2823 2292 etiam
2853 2239 2963 2294 Deo
2991 2243 3070 2296 sic
3097 2243 3332 2313 loquitur
3364 2266 3378 2301 :
3418 2248 3462 2302 Α
3490 2255 3678 2306 uacula
3704 2264 3754 2308 et

2166 2336 2321 2386 usque
2362 2323 2414 2374 in
2440 2325 2678 2378 sa‘culum
2707 2337 2760 2380 tu
2785 2344 2836 2380 es
2862 2327 3042 2398 (Psal.
3074 2333 3162 2386 89.
3190 2335 3292 2404 2);
3323 2339 3497 2393 nullos
3523 2340 3612 2397 hic
3647 2351 3761 2398 ter—

2171 2409 2345 2464 minos
2384 2426 2622 2480 ponens;
2669 2431 2958 2486 rursusque
3009 2425 3421 2490 prtenuntians:
3463 2429 3671 2485 Orietur
3698 2435 3752 2487 in

2169 2498 2341 2552 diebus
2378 2501 2486 2568 ejus
2519 2501 2726 2569 iustitia
2761 2514 2807 2556 et
2849 2505 3160 2561 abundantia
3188 2513 3363 2580 pacis,
3395 2515 3557 2572 donec
3605 2525 3758 2591 aufe-

2168 2596 2310 2640 ratur
2334 2589 2457 2641 luna
2493 2589 2680 2658 (Psul.
2708 2593 2796 2646 Ἠ.
2821 2595 2922 2664 7);
2957 2597 3158 2651 nullum
3200 2603 3484 2658 terminum
3527 2589 3757 2676 pulchro

2168 2676 2287 2730 huic
2316 2678 2583 2733 elemento
2608 2683 2809 2734 statuit.
2843 2683 2914 2737 ita
2943 2694 2998 2739 et
3026 2685 3128 2741 hoc
3157 2688 3304 2753 loco.
3337 2691 3539 2758 Donec,
3571 2696 3745 2764 dixit,

2170 2775 2218 2818 ut
2248 2782 2364 2833 qum
2391 2777 2600 2834 partum
2626 2771 3012 2827 antecedebant
3039 2775 3303 2843 ﬁrmaret,
3324 2791 3372 2834 et
3404 2798 3523 2852 qum
3553 2801 3755 2856 seque-

2103 2891 2110 2896 -
2171 2863 2362 2912 lnititur
2401 2858 2494 2911 tibi
2535 2861 2918 2915 consideranda
2959 2865 3300 2935 relinqueret.
3329 2871 3481 2935 Quod
3511 2875 3654 2928 enim
3685 2877 3755 2932 ab

2164 2970 2226 3006 eo
2260 2953 2355 3007 tibi
2398 2952 2712 3011 discendum
2743 2966 2891 3026 erat,
2923 2959 3026 3016 hoc
3052 2963 3220 3031 dixit,
3257 2982 3450 3040 nempe
3474 2969 3748 3040 Virginem

2163 3057 2326 3111 usque
2355 3044 2422 3097 ad
2453 3055 2662 3114 partum
2694 3047 2942 3103 intactam
2972 3053 3232 3109 mansisse
3261 3072 3275 3110 :
3305 3059 3445 3127 quod
3475 3074 3653 3117 autem
3679 3080 3746 3122 ex

2159 3130 2314 3183 dictis
2337 3134 2589 3202 consequi
2612 3134 2742 3190 etin
2770 3136 3012 3193 confesso
3039 3153 3159 3195 esse
3186 3144 3482 3214 videbatur,
3504 3150 3607 3206 hoc
3638 3155 3736 3211 tibi

2159 3219 2559 3289 intelligendum
2599 3223 2832 3293 reliquit.
2875 3226 3080 3296 Nempe
3107 3231 3278 3288 virum
3320 3236 3466 3291 illum
3497 3238 3743 3308 justum,

2156 3326 2272 3362 eam
2304 3326 2424 3380 qua:
2465 3313 2543 3366 sic
2571 3322 2741 3369 mater
2767 3316 2989 3383 ellecta,
3034 3334 3097 3374 ac
3138 3330 3243 3376 tam
3275 3339 3411 3381 novo
3437 3336 3494 3382 et
3528 3330 3745 3390 insolito

2162 3402 2443 3469 puerperio
2472 3401 2683 3472 dignata
2710 3406 2912 3470 fuerat,
2941 3415 3157 3478 tangere
3197 3429 3300 3467 non
3326 3430 3512 3472 ausum
3554 3421 3740 3476 fuisse.

2157 3490 2287 3544 Nam
2319 3491 2363 3544 si
2403 3493 2744 3560 cognovisset
2792 3510 2909 3549 eam
2956 3506 3011 3550 et
3055 3502 3235 3555 uxoris
3271 3503 3388 3559 loco
3429 3507 3737 3576 habuisset,

2146 3581 2420 3647 quomodo
2446 3582 2590 3641 illam
2630 3585 2779 3653 quasi
2820 3586 3024 3641 nullum
3066 3589 3345 3648 habentem
3376 3597 3545 3652 virum
3579 3600 3739 3657 disci—

2156 3671 2277 3735 pulo
2326 3674 2794 3737 commendasset,
2839 3676 3033 3744 jubens
3077 3695 3194 3733 eam
3226 3683 3277 3736 in
3315 3698 3408 3739 sua
3444 3689 3738 3756 accipere?

2153 3761 2268 3826 Quo
2296 3771 2448 3830 pacto
2478 3778 2626 3832 ergo,
2659 3764 2865 3832 inquies
2885 3807 2899 3830 ,
2925 3767 3154 3823 Jacobus
3179 3783 3232 3826 et
3252 3775 3340 3828 alii
3360 3817 3375 3840 ,
3405 3778 3522 3848 ejus
3549 3777 3738 3838 fratres

2153 3850 2523 3917 appellantur?
2569 3854 3022 3918 Quemadmodum
3071 3867 3127 3912 et
3166 3859 3362 3932 Joseph
3420 3866 3504 3920 vir
3554 3868 3735 3925 Mariae

2151 3952 2268 3992 csse
2297 3941 2717 3995 existimabatur.
2763 3943 2921 4012 Mqlta
2960 3948 3101 4001 enim
3139 3961 3292 4005 erant
3318 3955 3486 4020 posita
3515 3959 3736 4014 velami-

2151 4043 2215 4080 na
2235 4067 2249 4089 ,
2280 4038 2337 4081 ut
2365 4030 2662 4098 hnjusmodi
2693 4044 2876 4100 partus
2900 4037 3258 4095 occultaretur
3284 4059 3297 4094 :
3331 4042 3558 4113 ideoque
3575 4047 3734 4103 Joan-

2152 4133 2244 4170 nes
2272 4120 2389 4172 illos
2420 4122 2496 4173 sic
2524 4124 2747 4176 vocabat
2790 4125 2873 4178 his
2919 4127 3095 4183 verbis
3117 4169 3132 4193 ,
3190 4130 3363 4200 Neque
3390 4136 3522 4188 enim
3548 4141 3732 4208 fratres

2151 4207 2260 4273 ejus
2293 4207 2554 4260 credebant
2607 4209 2658 4262 in
2708 4227 2820 4265 eum
2875 4213 3068 4281 (Joan.
3111 4218 3162 4271 7.
3227 4220 3327 4286 5).
3379 4223 3624 4281 Attamen
3667 4229 3725 4295 ii,

2149 4295 2234 4361 qui
2286 4296 2430 4362 prius
2475 4314 2578 4352 non
2622 4301 2999 4367 crediderant,
3045 4306 3341 4364 admirandi
3389 4321 3441 4367 et
3491 4319 3728 4383 praeclari

2151 4391 2328 4454 postea
2377 4390 2712 4443 exstiterunt.
2772 4393 2994 4458 Quando
3048 4411 3178 4467 ergo
3216 4392 3521 4470 dogmatum
3568 4422 3724 4463 causa

2149 4477 2344 4531 Paulus
2397 4479 2778 4552 Jerosolymam
2833 4486 3182 4553 ascendebat,
3233 4489 3484 4548 Jacobum
3547 4500 3725 4554 statim

2148 4567 2311 4620 adiit:
2340 4569 2428 4637 qui
2465 4569 2532 4622 ita
2558 4573 2898 4628 adittirandus
2926 4586 3038 4630 erat
3060 4618 3075 4643 ,
3103 4585 3161 4632 ut
3187 4579 3329 4635 illius
3350 4585 3496 4638 urbis
3515 4587 3726 4657 cpiscov

2149 4665 2325 4723 patum
2369 4659 2565 4724 primo;
2609 4667 2889 4730 acciperet.
2945 4665 3175 4720 Narrant
3217 4679 3395 4726 autem
3427 4673 3573 4728 illum
3616 4686 3722 4733 tam

2147 4759 2336 4812 aspere
2371 4750 2529 4799 vitam
2561 4749 2801 4817 duxisse,
2848 4762 2908 4806 ut
2950 4755 3187 4811 membra
3216 4760 3330 4828 ejus
3361 4764 3539 4818 omnia
3571 4769 3720 4835 quasi

2145 4847 2385 4914 emortua
2414 4851 2611 4906 essent,
2643 4853 2799 4912 atque
2838 4861 2901 4899 ex
2941 4850 3190 4916 precandi
3230 4853 3565 4922 assiduitate,
3590 4858 3718 4913 dum

2144 4931 2335 4998 pigiter
2365 4931 2416 4984 in
2463 4932 2759 5000 pavimento
2795 4940 3198 5008 procumberet,
3228 4941 3454 5000 frontem
3496 4948 3615 5016 ejus
3650 4950 3720 5004 ita

2145 5019 2460 5075 obduruisse
2482 5062 2495 5082 ,
2538 5029 2596 5074 ut
2630 5037 2859 5090 genuum
2895 5028 3085 5082 cameli
3115 5029 3362 5086 duritiem
3395 5049 3531 5104 pene
3558 5038 3721 5091 attin-

2143 5118 2288 5174 geret
2316 5107 2391 5179 (a)
2416 5151 2430 5175 ,
2459 5110 2526 5164 ita
2569 5109 2874 5181 frequenter
2916 5115 3058 5170 illam
3098 5119 3212 5174 solo
3237 5123 3579 5191 applicuerat.
3625 5126 3722 5183 llic

2142 5210 2351 5267 quoque
2377 5199 2619 5268 Paulum,
2649 5203 2737 5272 qui
2767 5204 2944 5260 denuo
2965 5205 3349 5280 Jerosolymam
3371 5214 3715 5282 ascenderat,

2178 5461 2186 5470 .
2206 5427 2280 5499 ςρ)
2312 5425 2844 5499 Αυίδηὶιὶῃιεῳτοωιίο
2865 5432 3034 5499 refert,
3058 5437 3216 5486 Jacobi
3240 5451 3402 5499 genua
3424 5443 3716 5495 obduruisse

2146 5487 2284 5556 callo,
2311 5488 2357 5556 id
2380 5488 2508 5550 quod
2532 5490 2579 5538 in
2602 5487 2763 5556 iii-tego
2787 5505 2883 5542 non
2905 5487 3136 5546 habetur:
3151 5487 3719 5556 veruonénﬁéﬁhiai

2693 5553 3080 5616 Chrysostomum
3098 5558 3163 5607 de
3181 5549 3717 5631 εδδοοίιόᾶἰὶἰέεἷῇἆ-
