4040 6418
536 411 602 469 59
1145 412 1147 418 ·
1228 392 1288 448 Β.
1326 392 1602 450 JOANNIS
1636 392 2102 451 CIIBYSOSTOIII
2137 395 2456 455 ARCHIEP.
2495 401 3025 461 CONS'I‘ANTINOP.
3702 414 3770 470 60

535 507 846 572 σντιτυπίας
878 507 1062 561 ἕνεκεν
1087 491 1257 576 αὐτῆς
1285 507 1351 559 ⁸⁸.
1385 497 1551 568 οὗτος
1599 507 1691 559 καὶ
1738 506 1830 559 τὸν
1878 505 2085 560 Παῦλον

538 596 676 666 μετά
707 597 875 650 ταῦτα
899 598 1056 651 πάλιν
1085 599 1164 659 εἰς
1191 580 1259 650 τά
1289 597 1631 667 Ἰεροσόλυμα
1663 595 1952 651 ἀνελθόντα
1994 600 2089 667 ῥυ-

535 682 716 753 θμίζει
769 685 968 754 λέγων)
1022 686 1282 752 Θεωρεῖς,
1315 684 1558 753 ἀδελφὲ,
1590 687 1773 739 πόσαι
1805 685 2090 754 μυριάδες

531 769 643 821 εισι
691 770 810 823 τῶν
845 775 1365 842 συνεληλυθότων.
1421 771 1667 840 Τοσαύτη
1723 769 1790 843 ἦν
1834 772 1998 826 αὑτοῦ
2048 773 2083 842 ἠ

531 854 757 918 σύνεσις,
782 861 874 911 καὶ
898 862 926 912 6
958 859 1118 930 ζῆλος
1139 878 1155 893 ο
1192 861 1390 932 μᾶλλον
1413 862 1470 915 δέ
1508 861 1740 931 τοσαύτη
1769 863 1802 930 ἡ
1829 859 1923 922 106
1950 863 2087 934 Χρι-

529 939 651 998 στοῦ
674 947 916 1018 δύναμις.
944 954 1006 1005 Ol
1027 953 1135 1024 7&9
1157 955 1498 1023 διασύροντες
1525 955 1687 1006 αὑτὸν
1717 952 1914 1016 ζῶντα,
1949 953 2087 1023 μετὰ

529 1033 583 1085 τὸ
619 1036 904 1090 ἀποθανεῖν
939 1041 1108 1105 οὕτως
1140 1043 1184 1074 ⁸³
1221 1041 1616 1111 ἐξεπλάγησαν,
1652 1042 1728 1106 ὡς
1758 1043 1851 1096 καὶ
1883 1043 2087 1095 ἀποθα-

528 1125 633 1173 νεῖν
662 1125 798 1196 ὑπὲρ
827 1129 991 1182 αὐτοῦ
1031 1130 1167 1200 μετὰ
1200 1132 1399 1201 πολλῆς
1438 1132 1538 1200 ¹τῆς
1566 1132 1870 1202 προθυμίας
1892 1146 1906 1160 ⁸
1943 1133 2085 1202 ἅπερ

525 1210 756 1276 μάλιστα
782 1214 1015 1268 δείκνυσι
1041 1219 1138 1285 τῆς
1165 1220 1508 1282 ἀναστάσεως
1529 1222 1626 1288 τὴν
1651 1219 1821 1289 ἰσχύν.
1857 1220 1954 1273 Διά
1977 1221 2084 1292 γάρ

525 1312 602 1349 τοι
626 1299 779 1353 τοῦτο
807 1304 874 1355 τὰ
900 1304 1251 1376 λαμπρότερα
1277 1307 1499 1384 ὕστερον
1519 1310 1784 1378 ἐτηρεῖτο,
1806 1309 1890 1361 ἵνα
1909 1311 2084 1377 ἀναμ-

523 1386 846 1457 φισϐήτητος
868 1392 1002 1463 αὕτη
1028 1397 1058 1463 ἠ
1080 1395 1348 1461 ἀπόδειξις
1371 1399 1611 1466 γένηται.
1645 1400 1705 1450 Εί
1729 1399 1835 1468 7&9
1861 1403 1952 1453 καί¹
1974 1399 2082 1452 τῶν

521 1472 578 1522 ἐν
609 1477 675 1543 τῇ
705 1473 813 1545 ζωῇ
840 1478 1261 1549 θαυμαζομένων
1293 1486 1420 1554 παρ’
1445 1487 1572 1553 ἡμῖν
1601 1485 1936 1538 ἀπελθόντων
1959 1489 2082 1539 ἐπι-

521 1557 905 1630 λανθανόμεθα,
934 1565 1047 1627 πῶς
1073 1569 1123 1618 οί
1146 1568 1194 1599 ⁸⁸
1215 1569 1391 1630 ζῶντα
1410 1570 1846 1638 διαχλευάζοντες
1871 1573 2075 1638 τοῦτον,

520 1646 744 1719 ὕστερον
774 1653 903 1706 Θεὸν
935 1649 1073 1708 εἶναι
1104 1657 1379 1726 ἐνόμισαν,
1417 1661 1465 1711 εί
1488 1661 1593 1711 τῶν
1624 1660 1832 1714 πολλῶν
1860 1658 1938 1725 εἷς
1968 1659 2034 1733 ἦν
2059 1677 2074 1726 ;

517 1737 633 1801 πῶς
654 1741 698 1790 δ’
728 1740 792 1793 ἂν
824 1742 960 1812 ὑπὲρ
989 1745 1148 1798 αὐτοῦ
1184 1749 1274 1798 καὶ
1312 1750 1581 1818 σφαγῆναι
1631 1751 1997 1815 κατεδέξαντο,
2026 1753 2075 1805 εί

518 1829 594 1898 μὴ
626 1831 769 1898 σαφῆ
803 1832 898 1900 τῆς
931 1834 1274 1899 ἀναστάσεως
1315 1836 1503 1890 ἔλαϐον
1539 1842 1638 1907 τὴν
1669 1839 1970 1906 ἀπόδειξιν;

584 1914 648 1967 δ’.
673 1917 716 1947 ⁸⁸
731 1917 914 1970 Ταῦτα
928 1918 985 1970 δὲ
1001 1921 1097 1989 οὐχ
1114 1921 1199 1973 ἴνα
1216 1922 1446 1992 ἀκούητε
1465 1925 1511 1955 ’⁸
1529 1924 1756 1995 λέγομεν
1777 1925 2076 1994 μόνον,ἀλλ’

515 2002 601 2056 ἴνα
625 2005 718 2058 καὶ
753 2008 991 2077 μιμῆσθε
1017 2011 1116 2079 τήν
1144 2028 1202 2063 τε
1233 2013 1276 2043 ’⁷
1309 2013 1592 2082 ἀνδρείαν,
1632 2017 1730 2083 τήν
1755 2032 1812 2067 τε
1861 2019 2075 2086 παρρη-

512 2093 652 2156 σίαν,
685 2097 784 2165 τήν
804 2113 862 2150 τε
887 2099 1230 2171 δικαιοσύνην
1254 2102 1469 2155 ἃπασαν
1494 2121 1508 2134 ·
1535 2104 1621 2156 ἴνα
1657 2105 1844 2176 μηδεὶς
1883 2106 2075 2159 ἑαυτοῦ

511 2185 858 2259 ἀπογινώσκῃ
882 2227 896 2250 ,
957 2191 1058 2242 κᾶν
1091 2192 1196 2261 πρὸ
1224 2193 1413 2246 τούτου
1467 2195 1706 2265 ῥᾴθυμος
1732 2193 1800 2267 ἦν
1824 2213 1838 2227 ⁸
1875 2198 1959 2251 ἵνα
1996 2201 2076 2262 είς

509 2275 673 2344 μηδὲν
709 2276 892 2344 ἕτερον
923 2278 1020 2349 ἔχῃ
1054 2280 1151 2342 τάς
1183 2283 1434 2346 ἐλπίδας,
1487 2284 1625 2352 μετά
1672 2285 1761 2337 τὸν
1789 2287 1936 2339 ἔλεον
1979 2288 2072 2341 τοῦ

507 2363 661 2425 Θεοῦ,
700 2366 812 2418 ἀλλ’
843 2369 923 2431 είς
955 2370 1155 2439 ἀρετὴν
1179 2371 1402 2425 οίκείάν.
1439 2373 1502 2426 El
1529 2374 1638 2446 7&9
1656 2368 1801 2429 οὗτοι
1836 2373 1947 2450 [79]
1971 2377 2072 2447 τῆς

511 2455 755 2526 τοιαύτης
790 2459 941 2512 οὐδὲν
969 2461 1255 2515 ἀπώναντο
1284 2464 1621 2530 συγγενείας,
1666 2466 1759 2518 καὶ
1800 2467 1946 2519 οἴκου
1979 2469 2072 2521 καὶ

506 2549 738 2615 πατριᾶς
764 2548 866 2614 τῆς
895 2550 1066 2619 αὐτῆς
1125 2551 1281 2615 ὄντες
1321 2553 1400 2622 τῷ
1434 2553 1654 2624 Χριστῷ
1678 2595 1693 2619 ,
1738 2554 1842 2618 ἕως
1871 2557 2071 2627 ἀρετὴν

504 2633 861 2700 ἐπεδείξαντο,
883 2637 1026 2700 τίνος
1045 2638 1382 2710 δυνησόμεθα
1415 2641 1717 2696 ἀπολαῦσαι
1743 2643 2068 2716 συγγνώμης

503 2722 680 2790 ἡμεῖς,
710 2729 989 2791 συγγενεῖς
1016 2730 1108 2781 καὶ
1135 2729 1395 2805 ἀδελφοὺς
1425 2729 1665 2794 δικαίους
1699 2733 2067 2803 προϐαλλόμε-

503 2823 599 2870 νοι,
629 2807 694 2859 ἀν
722 2811 796 2878 μὴ
828 2813 1030 2882 σφόδρα
1056 2809 1205 2885 ὦμεν
1248 2817 1508 2881 ἐπιεικεῖς
1549 2821 1646 2882 κα).
1673 2821 1730 2873 ἐν
1769 2822 1937 2891 ἀρετῇ
1974 2821 2065 2890 βε-

500 2894 790 2961 ϐιωκότες;
825 2901 932 2953 Kal
955 2902 1061 2972 7&9
1085 2906 1112 2956 6
1137 2907 1417 2975 προφήτης
1458 2907 1591 2960 αὐτὸ
1632 2909 1790 2962 τοῦτο
1843 2911 2066 2965 αίνιττό-

498 3001 653 3053 μενος
682 2988 867 3056 ἔλεγεν
888 3007 900 3020 ·
947 2992 1223 3062 Ἀδελφός
1239 2997 1310 3048 οὐ
1336 2997 1674 3064 λυτροῦται,
1697 3000 2061 3066 λυτρώσεται

494 3074 832 3143 ἂνθρωποςς
859 3080 961 3134 κᾶν
986 3083 1224 3156 Μωῦσῆς
1253 3082 1310 3158 ᾖ,
1343 3087 1443 3141 κᾶν
1472 3089 1740 3159 Σαμουὴλ,
1758 3093 1868 3144 ’κᾶν
1897 3094 2056 3163 Ἰερε-

495 3166 642 3232 μίας.
675 3170 936 3223 ’Ἄκουσον
965 3173 1094 3239 γοῦν
1122 3174 1174 3226 τί
1198 3191 1328 3242 φησι
1356 3176 1489 3245 πρὸς
1521 3179 1680 3232 αὑτὸν
1702 3181 1729 3231 6
1757 3179 1886 3243 Θεός
1905 3198 1919 3214 ο
1960 3181 2056 3248 Μὴ

495 3258 834 3324 προσεύχου
849 3259 998 3326 ὑπὲρ
1015 3262 1121 3315 τοῦ
1134 3263 1286 3315 λαοῦ
1303 3267 1536 3324 τούτου,
1560 3268 1647 3320 ὅτι
1663 3271 1772 3322 οὐκ
1787 3274 2056 3324 εἰσακού-

494 3347 672 3412 σομαί
689 3362 826 3399 σου.
852 3349 961 3401 Kal
982 3350 1034 3401 τί
1063 3349 1360 3421 θαυμάζεις
1381 3357 1428 3407 εἴ
1454 3354 1546 3408 σοῦ
1575 3359 1674 3411 οὐκ
1701 3359 1912 3426 ἀκούω;
1944 3363 2053 3416 Καὶ

493 3431 600 3500 γὰρ
624 3434 782 3497 αὐτὸς
802 3439 829 3487 6
853 3430 1115 3507 Μωῦσῆς.
1145 3441 1329 3510 φησὶν,
1350 3444 1397 3494 εί
1427 3447 1626 3514 παρῆν,
1659 3449 1752 3498 καὶ
1778 3450 2047 3520 Σαμουὴλ,

492 3527 588 3577 οὐκ
620 3526 684 3578 ἂν
713 3529 892 3581 αὐτῶν
920 3531 1187 3602 ἐδεξάμην
1223 3535 1320 3605 τὴν
1356 3537 1494 3608 ὑπὲρ
1524 3539 1723 3594 τούτων
1747 3546 2046 3618 ἱκετηρίαν.

493 3616 609 3666 Κᾶν
653 3618 903 3689 ἰεζεκιὴλ
999 3623 1026 3673 6
1065 3625 1415 3694 παρακαλῶν,
1445 3629 1757 3696 ἀκούσεται,
1790 3636 1872 3688 ὃτι
1904 3616 2050 3692 Ἐὰν

489 3704 608 3772 στῇ
633 3707 777 3771 Νῶε,
815 3711 912 3763 καὶ
961 3711 1104 3775 Ἰὼϐ,
1134 3717 1226 3768 καὶ
1257 3719 1496 3785 Δανιὴλ,
1522 3723 1689 3789 υἱοὺς
1713 3726 1910 3779 αὐτῶν
1946 3728 2042 3782 καί

488 3797 812 3885 θυγατέρας
837 3804 906 3854 οὐ
949 3802 1028 3868 μὴ
1059 3802 1398 3866 ἐξέλωνται.
1439 3810 1555 3862 Κᾶν
1603 3812 1852 3885 Ἀϐραὰμ
1883 3819 1910 3868 6
1942 3834 2039 3869 πα-

486 3885 749 3955 τριάρχης
876 3891 1014 3960 ὑπὲρ
1057 3893 1164 3944 τῶν
1182 3894 1230 3926 “
1263 3897 1464 3968 σφόδρα
1515 3900 1705 3954 ἀνίατα
1752 3883 2046 3959 νοσούντων

487 3974 580 4024 καὶ
604 3972 678 4041 μὴ
705 3977 1183 4047 μεταϐαλλομένων
1199 3982 1471 4053 δεόμενος,
1486 3989 1844 4044 ἀπελεύσεται
1866 3995 1893 4045 6
1914 3994 2046 4059 Θεὸς

485 4063 646 4114 αὑτὸν
686 4066 1176 4138 ἐγκαταλιμπάνων
1219 4075 1284 4140 ⁵⁸,
1332 4076 1472 4130 ὥστε
1517 4080 1590 4150 μὴ
1638 4081 1889 4145 δέξασθαι
1942 4087 2041 4156 τὴν

483 4150 624 4221 ὑπὲρ
666 4153 867 4208 τούτων
900 4162 1100 4229 φωνήν.
1136 4162 1252 4215 Κάν
1294 4165 1599 4241 Σαμουὴλῇ
1638 4172 1798 4225 πάλιν
1826 4175 1854 4226 6
1885 4150 2042 4230 10610

487 4242 668 4304 ποιῶν,
697 4245 811 4314 ἐρεῖ
831 4249 966 4316 πρὸς
985 4251 1147 4303 αὐτόν
1164 4267 1177 4282 ·
1196 4252 1291 4320 Μὴ
1318 4255 1518 4309 πένθει
1540 4260 1669 4325 περὶ
1692 4262 1797 4314 τοῦ
1822 4267 2036 4318 Σαούλ.

481 4331 600 4382 Κάν
622 4333 761 4402 ὑπὲρ
799 4336 1031 4407 ἀδελφῆς
1073 4357 1156 4402 τις
1196 4345 1485 4415 παρακαλῇ
1524 4349 1595 4416 μὴ
1636 4353 2038 4421 προσηκόντως,

477 4419 763 4474 ἀκούσεται
801 4425 960 4478 πάλιν
1003 4426 1138 4498 ὅπερ
1182 4429 1454 4500 Μωῦσῆς·
1503 4437 1573 4487 Εἰ
1625 4419 1900 4504 ἐμπτῦων
1947 4442 2040 4494 ἐν-

476 4507 737 4562 έπτυσεν
768 4514 802 4563 ὁ
838 4514 1034 4580 πατὴρ
1066 4517 1151 4580 είς
1182 4517 1244 4571 τὸ
1284 4521 1604 4586 πρόσωπον
1627 4525 1833 4590 αὐτῆς.
1859 4528 1948 4598 Μὴ
1974 4530 2036 4600 δὴ

477 4595 609 4664 πρὸς
641 4598 856 4668 ἐτέρους
877 4594 1026 4670 ὦμεν
1047 4605 1353 4675 κεχηνότες.
1384 4609 1602 4678 Ἔχουσι
1629 4613 1725 4680 μὲν
1746 4617 1852 4683 γὰρ
1877 4594 2032 4670 δύ’ναλ

481 4701 569 4751 μιν
598 4687 652 4736 al
681 4689 833 4757 εὐχαὶ
861 4691 968 4743 τῶν
990 4693 1163 4760 ἁγίων
1181 4697 1461 4768 μεγίστην,
1485 4699 1598 4752 ἀλλ’
1612 4702 1737 4755 ὅταν
1761 4706 1854 4757 καὶ
1875 4709 2034 4775 ἡμεῖς

478 4777 825 4846 μετανοῶμεν
855 4780 947 4832 καὶ
968 4783 1243 4852 γινώμεθα
1273 4785 1531 4854 βελτίους.
1573 4791 1722 4842 Ἐπεὶ
1752 4794 1846 4845 καὶ
1879 4797 2032 4848 Μωῦο

476 4865 572 4932 σῆς
595 4867 685 4918 τὸν
712 4867 936 4937 ἀδελφὸν
966 4871 1056 4923 τὸν
1091 4873 1283 4926 ἐαυτοῦ
1329 4879 1421 4929 καὶ
1463 4881 1728 4948 μυριάδας
1770 4883 2032 4952 ἑξήκοντα

472 4955 570 5022 τῆς
603 4956 858 5025 θεηλάτου
894 4961 1013 5013 τότε
1043 4964 1059 4994 ¹
1099 4964 1268 5033 ὀργῆς
1303 4968 1634 5036 ἐξαρπάσας,
1664 4972 1759 5042 τὴν
1801 4975 2031 5046 ἀδελφὴν

470 5045 568 5097 οὐκ
604 5046 815 5115 ἴσχυσεν
852 5050 1153 5114 ἐξελέσθαι·
1188 5056 1427 5124 καίτοιγε
1469 5061 1567 5111 οὐκ
1618 5063 1730 5114 ίσον
1760 5064 1818 5115 τὸ
1846 5045 2027 5137 ἀμάρ-

472 5151 618 5204 τημα
647 5132 744 5206 ἦν’
776 5139 955 5209 ἐκείνη
1000 5142 1096 5209 μὲν
1132 5144 1238 5214 γὰρ
1267 5144 1355 5197 τὸν
1387 5148 1621 5201 Μωῡσέα
1658 5132 1904 5218 ὕϐρισεν·
1946 5132 2027 5209 ἐν·

470 5224 641 5278 ταῦθα
680 5227 735 5279 66
768 5228 987 5281 ἀσέϐεια
1017 5227 1082 5298 ἦν
1114 5233 1174 5284 τὸ
1207 5234 1492 5306 τολμηθέν.
1541 5239 1696 5290 Ἀλλὰ
1731 5241 1883 5294 τοῦτο
1930 5248 2025 5313 μὲν

472 5316 599 5383 ὑμῖν
627 5318 826 5390 ἀφίημι
856 5324 916 5376 τὸ
946 5323 1192 5393 ζήτημαο
1223 5325 1282 5377 τὸ
1310 5327 1363 5378 δὲ
1391 5327 1468 5378 ἔτι
1505 5328 1691 5380 τούτου
1724 5332 2025 5398 χαλεπώτε-

473 5422 563 5476 ρον
613 5409 862 5464 ἐπιλῦσαι
906 5415 1254 5484 πειράσομαι.
1295 5417 1358 5468 Τί
1407 5418 1513 5487 γὰρ
1559 5419 1663 5489 χρὴ
1708 5421 1884 5488 λέγειν
1928 5427 2024 5494 τὴν

468 5495 731 5567 ἀδελφήνς
776 5500 833 5553 '0
881 5503 987 5570 7&9
1030 5505 1280 5558 τοσούτου
1325 5505 1492 5576 δήμου
1537 5510 1797 5578 προστὰς,
1850 5515 2024 5581 ἐαυτῷ

2216 517 2447 584 ἀρκέσαι
2485 519 2584 572 οὐκ
2615 522 2852 591 ἴσχυσεν,
2891 522 3004 594 [80]
3050 522 3184 576 ἀλλά
3216 523 3356 594 μετά
3391 523 3520 585 τοὺς
3551 522 3776 592 μυρίους

2216 607 2411 672 πόνους
2431 609 2636 672 καὶτὰς
2660 611 3052 681 ταλαιπωρίας,
3075 613 3167 664 καὶ
3177 611 3274 683 τὴν
3285 612 3345 674 ἐν
3366 611 3775 681 τεσσαράκοντα

2215 697 2358 752 ἔτεσι
2399 703 2750 773 προσεδρείαν
2799 705 2841 766 ²,
2889 702 3157 756 ἐκωλύετο
3201 705 3301 773 τῆς
3349 706 3451 772 γῆς
3496 702 3778 770 ἑπῑδῆναιο

2215 789 2354 859 ὑπὲρ
2386 787 2452 861 ἦς
2479 792 3073 862 ἐπαγγελίαιτοσαῦται
3105 793 3200 845 καὶ
3231 793 3572 862 ὑποσχέσεις.
3603 792 3670 843 Τί
3691 787 3778 843 οὖν

2208 869 2270 921 16
2292 874 2494 936 αἰτιονς
2531 876 2644 927 Οὐκ
2685 873 2751 942 ἦν
2782 873 3134 927 λυσιτελοῦσα
3174 876 3207 944 ή
3246 877 3404 946 χάρις
3441 876 3608 944 αὕτη,
3639 875 3776 927 ἀλλά

2205 962 2297 1011 καὶ
2334 961 2561 1024 πολὺκτὸ
2608 963 2800 1033 βλάϐος
2825 965 3043 1034 ἔχουσα,
3086 965 3177 1017 καὶ
3218 965 3445 1029 πολλοὺς
3483 966 3595 1018 τῶν
3639 965 3775 1017 Ἰου-

2199 1035 2363 1104 δαίων
2403 1055 2776 1119 ὑποσκελίζειν
2805 1057 3046 1126 ἑμελλεν.
3091 1059 3152 1109 Εί
3181 1058 3289 1128 7&9
3317 1059 3506 1128 ἐπειδὴ
3534 1059 3641 1127 τῆς
3678 1057 3775 1110 Δί-

2198 1141 2405 1203 γύπτου
2437 1146 2602 1216 μόνης
2623 1145 3033 1217 ἀπηλλάγησαν,
3061 1147 3152 1200 τὸν
3171 1147 3304 1199 Θεὸν
3327 1148 3576 1214 ἀφέντες,
3611 1149 3772 1200 Μωῦ-

2199 1236 2294 1286 σέα
2351 1238 2594 1305 ἐζήτουν,
2641 1237 2732 1289 καὶ
2774 1237 2922 1306 αὐτῷ
2967 1239 3027 1291 τὸ
3067 1241 3173 1292 πᾶν
3216 1237 3550 1306 ἐλογίζοντοο
3585 1239 3637 1290 εί
3677 1237 3773 1290 καὶ

2196 1327 2558 1394 εἰσαγαγόντα
2595 1322 2732 1379 εἶδον
2767 1328 2846 1388 εἰς
2874 1319 2971 1396 τὴν]
2998 1328 3099 1396 γῆν
3137 1329 3237 1396 τῆς
3270 1326 3627 1395 ἐπαγγελίας,
3663 1327 3770 1380 ποῦ

2193 1417 2290 1467 οὐκ
2334 1417 2400 1469 ἂν
2441 1416 2728 1480 ἐξώκειλαν
2779 1417 3058 1480 ἀσεϐείαςς
3109 1417 3207 1470 Διά
3238 1436 3318 1470 τοι
3364 1418 3526 1470 τοῦτο
3575 1418 3706 1470 0666
3737 1417 3769 1468 6

2193 1504 2363 1571 τάφος
2391 1505 2556 1557 αὐτοῦ
2587 1506 2886 1574 κατάδηλος
2917 1507 3128 1573 γέγονε.
3169 1507 3281 1558 Kal
3313 1507 3564 1575 Σαμουὴλ
3586 1507 3646 1559 66
3672 1507 3766 1560 τὸν

2193 1594 2289 1661 μὲν
2324 1594 2492 1646 Σαοὺλ
2534 1595 2634 1648 οὐκ
2675 1596 2892 1665 ἴσχυσεν
2928 1595 3233 1660 ἀπαλλάξαι
3281 1596 3382 1664 τῆς
3421 1597 3626 1650 ἀνωθεν
3664 1597 3762 1668 69-

2187 1686 2309 1751 γῆς,
2339 1685 2466 1746 τοὺς
2510 1685 2566 1736 66
2613 1685 2949 1755 Ἰσραηλίτας
2983 1686 3241 1748 πολλάκις
3278 1685 3523 1738 διέσωσε.
3568 1687 3686 1741 Καὶ
3733 1689 3764 1739 6

2199 1772 2468 1840 Ἱερεμίας
2503 1775 2775 1837 Ἰουδαίοις
2803 1775 2902 1844 μὲν
2931 1777 3030 1828 οὐκ
3052 1777 3304 1845 ἤρκεσεν,
3335 1777 3522 1847 ἕτερον
3543 1776 3603 1830 δέ
3632 1793 3760 1830 τινα

2185 1861 2452 1930 ἐκάλυψεν
2481 1865 2538 1915 ἐν
2570 1866 2636 1932 τῇ
2680 1865 3004 1935 προφητείᾳ.
3047 1865 3158 1918 Kal
3193 1867 3222 1918 6
3249 1866 3449 1936 Δανιὴλ
3487 1867 3616 1929 τοὺς
3652 1867 3758 1937 μιν

2183 1951 2488 2021 βαρϐάρους
2511 1951 2742 2017 ἐξείλετο
2773 1953 3190 2022 σφαττομένους,
3214 1956 3340 2018 τοὺς
3372 1954 3428 2007 66
3462 1955 3756 2019 Ἰουδαίους

2179 2040 2279 2094 οὐκ
2309 2040 2539 2107 ἐξείλετο
2556 2041 3140 2112 αίχμαλωτιζομένους.
3155 2045 3264 2098 Kal
3287 2045 3346 2097 ἐν
3368 2047 3476 2108 τοῖς
3505 2046 3756 2115 Εὑαγγε-

2180 2130 2314 2190 λίοις
2334 2130 2392 2183 66
2423 2130 2667 2199 ὀψόμεθα
2690 2130 2790 2183 οὐκ
2819 2131 2904 2200 ἐφ’
2924 2131 3145 2203 ἐτέρων,
3172 2133 3286 2187 ἀλλ’
3309 2135 3403 2187 ἐπὶ
3428 2135 3538 2187 τῶν
3566 2137 3753 2190 αὐτῶν

2178 2219 2460 2290 ἀμφότερα
2497 2218 2671 2273 ταῦτα
2718 2220 2978 2290 γινόμενα
3001 2234 3016 2250 ⁸
3061 2222 3157 2274 καὶ
3191 2222 3284 2275 τὸν
3320 2223 3483 2277 αὐτὸν
3512 2224 3608 2280 νῦν
3643 2225 3751 2296 μὲν

2173 2307 2484 2376 ἀρκέσαντα
2516 2306 2711 2377 ἐαυτῷ,
2749 2306 2845 2360 νῦν
2889 2307 2947 2361 66
2984 2309 3390 2381 προδεδομένον.
3432 2311 3494 2368 '0
3533 2313 3642 2385 7&9
3675 2314 3748 2369 1&

2177 2396 2343 2465 μυρία
2380 2396 2616 2449 τάλαντα
2661 2395 2922 2464 ὀφείλων,
2973 2398 3068 2451 καὶ
3112 2399 3346 2463 ἐξείλετο
3399 2400 3590 2454 ἐαυτὸν
3643 2401 3745 2455 106

2172 2485 2417 2538 κινδύνου
2447 2486 2680 2556 δεηθεὶς,
2715 2489 2808 2540 καὶ
2840 2487 3002 2540 πάλιν
3043 2489 3142 2541 οὐκ
3169 2488 3413 2558 ἴσχυσεν·
3445 2489 3632 2560 ἓτερος
3682 2491 3742 2545 66

2170 2577 2540 2647 ἀντιστρόφως
2570 2578 2833 2648 πρότερον
2881 2579 3070 2632 ἑαυτὸν
3111 2580 3370 2649 προδοὺς,
3411 2578 3635 2650 ὕστερον
3668 2581 3740 2634 τὰ

2171 2666 2406 2734 μέγιστα
2432 2668 2608 2736 ἑαυτῷ
2637 2668 2899 2737 βοηθῆσαι
2931 2671 3138 2738 ἴσχυσε.
3172 2669 3267 2731 Τίς
3301 2669 3358 2722 66
3375 2665 3527 2732 οὗτός
3550 2671 3732 2734 ἐστινς

2176 2748 2236 2802 '0
2267 2749 2366 2820 τὴν
2402 2750 2662 2820 πατρῴαν
2703 2751 3034 2819 καταφαγὼν
3062 2751 3269 2805 οὐσίαν.
3303 2753 3464 2804 Ὥστε
3500 2751 3596 2804 ἐὰν
3633 2753 3736 2822 μὲν

2169 2840 2525 2910 ρᾳθυμῶμεν,
2568 2841 2688 2894 0666
2726 2841 2794 2893 δι’
2823 2842 3024 2912 ἐτέρων
3049 2840 3391 2913 δυνησόμεθα
3419 2841 3690 2905 σώζεσθαι
3714 2859 3728 2875 ·

2163 2929 2256 2982 ἐάν
2282 2929 2338 2982 δέ
2366 2931 2642 2999 νήφωμεν,
2669 2931 2760 2982 καὶ
2785 2930 2852 2982 δι’
2880 2931 3086 2984 ἐαυτῶν
3113 2932 3272 2985 τοῦτο
3294 2931 3604 3003 ίσχύσομεν,
3634 2935 3726 2987 καὶ

2159 3018 2226 3070 δι’
2275 3019 2485 3070 ἑαυτῶν
2520 3018 2738 3086 μᾶλλον,
2774 3018 2808 3088 ἢ
2839 3019 2908 3072 δι’
2935 3021 3155 3092 ἐτέρων.
3207 3021 3316 3075 Kal
3361 3021 3470 3092 7&9
3515 3025 3544 3076 6
3592 3023 3723 3086 Θεὸς

2160 3107 2289 3175 ἡμῖν
2339 3106 2537 3175 μᾶλλον
2569 3107 3028 3176 δοῦναιιβούλεται
3076 3108 3174 3181 τὴν
3214 3111 3392 3180 χάριν,
3433 3111 3467 3181 ἢ
3515 3110 3723 3182 ἑτέροις

2159 3195 2297 3263 ὑπὲρ
2343 3195 2532 3262 ἡμῶν·
2577 3197 2664 3248 ἵνα
2711 3197 2805 3248 καὶ
2859 3198 3170 3269 παρρησίας
3203 3201 3586 3269 ἀπολαύωμεν,
3626 3203 3721 3254 καὶ

2157 3285 2395 3354 βελτίους
2433 3286 2743 3357 γινώμεθα,
2789 3291 3175 3357 σπουδάζοντες
3207 3295 3370 3348 αὑτοῦ
3417 3296 3575 3351 λῦσαι
3619 3299 3721 3369 τὴν

2150 3375 2340 3444 ὀργήν.
2372 3375 2525 3429 Οὕτω
2546 3379 2642 3448 τὴν
2671 3380 2977 3434 Χαναναίαν
3007 3383 3120 3456 [81]
3158 3386 3386 3456 ἠλέησεν
3405 3405 3418 3419 ·
3448 3389 3591 3442 οὕτω
3613 3392 3720 3462 ’τὴν

2151 3469 2356 3538 πόρνην
2383 3469 2604 3535 ἔσωσεν,
2633 3471 2774 3524 οὕτω
2807 3474 2899 3526 τὸν
2934 3475 3154 3547 λῃστὴν,
3179 3479 3391 3543 οὐδενὸς
3421 3483 3715 3551 γενομένου

2153 3557 2373 3628 μεσίτου
2404 3554 2497 3612 καὶ
2523 3563 2846 3631 προστάτου.

2221 3724 2284 3781 ε’.
2322 3725 2425 3780 Kal
2463 3717 2635 3783 1a61'a
2667 3730 2832 3798 λέγω,
2862 3734 2958 3804 οὐχ
2998 3735 3084 3788 ἴνα
3115 3736 3188 3806 μὴ
3225 3738 3556 3810 ίκετεύωμεν
3590 3745 3718 3807 τοὺς

2150 3808 2357 3875 ἀγίους,
2393 3813 2506 3866 ἀλλ’
2535 3816 2622 3868 ἴνα
2659 3818 2733 3886 μὴ
2773 3819 3134 3890 ρᾳθυμῶμεν,
3165 3826 3298 3892 μηδὲ
3323 3808 3719 3895 ἀναπίπτοντες

2150 3898 2304 3951 αὐτοὶ
2331 3903 2422 3954 καὶ
2446 3904 2818 3970 καθεύδοντες,
2846 3910 3048 3980 ἑτέροις
3074 3912 3141 3965 τὰ
3164 3915 3285 3976 καθ’
3317 3918 3463 3986 ἡμᾶς
3491 3921 3717 3992 ἐπιτρέ-

2159 4006 2349 4058 πωμεν
2391 3993 2590 4061 μόνοις.
2631 3998 2740 4050 Καὶ
2779 3999 2886 4069 7&9
2919 4001 2940 4032 ³
2986 4002 3185 4066 εἰπὼν,
3229 4005 3527 4072 Ποιήσατε
3575 4013 3719 4082 ὑμῖν

2147 4079 2385 4144 φίλους,
2429 4084 2530 4136 οὐκ
2563 4084 2689 4155 ἔστη
2723 4088 2882 4157 μέχρι
2921 4091 3108 4145 τούτου
3144 4095 3330 4164 μόνον,
3370 4099 3507 4152 ἀλλά
3549 4079 3717 4171 προσ-

2150 4167 2360 4237 έθηκεν,
2400 4173 2498 4226 Ἐκ
2529 4175 2632 4228 τοῦ
2657 4177 2868 4232 ἀδίκου
2897 4183 3146 4250 μαμωνᾶ
3165 4202 3179 4215 ο
3214 4185 3299 4238 ἵνα
3328 4188 3491 4242 πάλιν
3533 4167 3622 4245 σὸν
3653 4194 3716 4246 τὸ

2149 4259 2478 4329 κατόρθωμα
2497 4263 2720 4333 γένηται
2736 4284 2748 4297 ·
2771 4269 2920 4320 οὐδὲν
2940 4273 3047 4341 γὰρ
3072 4273 3256 4346 ἕτερον
3284 4277 3315 4346 ἢ
3345 4279 3711 4353 ἐλεημοσύνην

2149 4345 2380 4400 ἐνταῦθα
2410 4351 2646 4418 ᾐνίξατο.
2701 4356 2805 4408 Kal
2843 4359 2904 4410 16
2937 4360 3002 4430 δὴ
3042 4361 3372 4434 θαυμαστὸν,
3520 4371 3542 4402 ⁸
3587 4345 3708 4425 οὐδὲ

2151 4434 2581 4505 ἀκριϐολογεῖται
2619 4445 2751 4513 πρὸς
2779 4449 2946 4516 ἡμᾶς,
2976 4451 3069 4504 ἐάν
3094 4455 3419 4527 ἀποστῶμεν
3457 4460 3560 4528 τῆς
3597 4461 3709 4514 ἀδι-

2144 4524 2265 4588 κίας
2315 4530 2377 4580 Ὅ
2412 4529 2519 4600 γὰρ
2555 4531 2699 4600 λέγει
2731 4536 2966 4590 τοιοῦτόν
2995 4543 3139 4594 ἐστιν
3164 4562 3176 4576 ·
3216 4524 3460 4617 Ἐκτήσω
3486 4524 3695 4618 κακῶςς

2145 4617 2417 4670 ἀνάλωσον
2454 4622 2650 4685 καλῶς.
2699 4625 2993 4692 Συνέλεξας
3036 4631 3270 4700 ἀδίκως;
3302 4637 3595 4705 σκόρπισον
3627 4639 3702 4692 δι-

2145 4707 2332 4769 καίως.
2359 4702 2614 4780 Καίτοιγε
2637 4715 2764 4767 ποία
2789 4717 2945 4771 10610
2978 4720 3144 4790 ἀρετὴ
3169 4723 3230 4774 τὸ
3255 4724 3321 4776 ἐκ
3346 4702 3454 4778 τῶν
3487 4727 3508 4758 ⁵
3529 4729 3704 4780 τοιού-

2143 4815 2248 4850 των
2277 4799 2505 4864 διδόναι;
2541 4804 2676 4856 Ἀλλ’
2695 4806 2842 4874 ὅμως
2867 4808 2895 4858 6
2919 4809 3071 4871 Θεὸς,
3097 4811 3476 4882 φιλάνθρωπος
3493 4814 3590 4878 ὢν,
3608 4817 3702 4870 καὶ

2146 4888 2303 4958 μέχρι
2325 4891 2514 4944 τούτου
2540 4894 2853 4949 καταϐαίνει
2876 4897 2923 4928 ⁸·
2960 4897 3060 4950 κᾶν
3075 4899 3217 4952 οὕτω
3243 4901 3502 4973 ποιῶμεν,
3534 4905 3702 4959 πολλά

2143 4980 2270 5048 ἡμῖν
2299 4981 2687 5048 ἐπαγγέλλεται
2719 4987 2918 5054 ἀγαθά.
2961 4988 3100 5040 Ἀλλ’
3134 4993 3294 5060 ἡμεῖς
3330 4995 3408 5056 είς
3451 4995 3700 5049 τοσοῦτον

2143 5071 2498 5140 ἀναισθησίας
2520 5074 2742 5145 ἥκομεν,
2771 5077 2846 5140 ὡς
2871 5079 3004 5148 μηδέ
3029 5080 3093 5132 ἐκ
3122 5082 3214 5133 τοῦ
3253 5083 3438 5136 ἀδίκου
3465 5083 3697 5138 διδόναι·

2145 5157 2271 5209 ἀλλὰ
2303 5159 2472 5229 μυρία
2499 5161 2854 5230 ἁρπάζοντες,
2889 5163 2953 5217 ἂν
2993 5165 3278 5220 πολλοστὸν
3325 5171 3489 5240 μέρος
3530 5188 3699 5223 κατα-

2144 5247 2409 5317 ϐάλωμεν,
2435 5250 2496 5302 τὸ
2521 5253 2625 5304 πᾶν
2641 5252 2934 5323 νομίζομεν
2950 5255 3386 5326 πεπληρωκέναι.
3411 5261 3522 5311 Οὐκ
3537 5261 3698 5329 ἥκου-

2146 5356 2234 5400 σας
2268 5339 2479 5392 Παύλου
2505 5341 2769 5409 λέγοντος,
2803 5345 2883 5396 ὅτι
2926 5345 2987 5397 '0
3017 5347 3282 5413 σπείρων
3313 5348 3695 5415 φειδομένως,

2136 5431 2495 5499 φειδομένως
2512 5435 2605 5486 καί
2634 5437 2874 5502 θερίσει;
2904 5437 3058 5500 Τίνος
3083 5434 3173 5489 οὖν
3202 5434 3384 5489 ἕνεκεν
3410 5438 3558 5507 φείδῃ
3583 5456 3596 5502 ;
3622 5440 3694 5508 μὴ

2139 5521 2245 5589 γὰρ
2295 5522 2558 5590 ἀνάλωμα
2603 5524 2664 5575 16
2719 5527 2948 5595 πρᾶγμά
2987 5529 3136 5593 ὲστι;
3173 5527 3246 5596 μὴ
3298 5527 3404 5596 γὰρ
3454 5527 3689 5597 δαπάνης

542 5606 800 5703 ’ίηςιὺτῆῄ
834 5609 1122 5703 agriag-
1149 5613 1250 5703 λῇς
1278 5614 1468 5702 αιξτῇςε
1499 5685 1512 5703 ι
1544 5615 1591 5703 ⁹ξ
1613 5617 1808 5703 οὕτως]
1835 5621 1957 5703 δρᾶ,ἶ
1982 5624 2140 5703 αςῦτὸν
2177 5625 2252 5703 D_._
2365 5697 2376 5703 Δ
2405 5627 2588 5703 “_1tc6;
2601 5632 2667 5703 Δοί
2690 5629 2833 5703 5.6.]
2859 5631 2975 5693 πῶς
2999 5632 3057 5685 ὸν
3085 5633 3178 5686 καὶ
3202 5631 3377 5697 ζῶντα
3409 5634 3686 5703 διεχλεύαο

471 5673 561 5733 ζον
595 5673 651 5725 F.
739 5673 797 5708 ’³⁸
830 5673 1110 5734 ΙΙΘΙΚΟΝ.
1149 5673 1266 5734 Ὅτι
1294 5684 1354 5734 06
1386 5673 1468 5735 δεῖ
1494 5685 1695 5750 ἐτέρων
1727 5705 1736 5739 ι

471 5742 516 5772 ’⁸
547 5743 898 5820 ἀκούσητεῃῆ
975 5748 1102 5820 ’τ’τε
1140 5765 1248 5802 om.
1281 5753 1435 5806 codd.
1460 5765 1650 5820 prmlcr
1679 5755 1736 5808 F.

472 5826 569 5897 της
595 5811 748 5864 Ειίάζ
781 5816 1169 5897 η²νπροὲδρίαν
1209 5820 1306 5870 An.
1409 5821 1428 5850 ³
1460 5811 1568 5873 Kal
1595 5823 1722 5893 71'9]
1766 5827 1822 5877 '0
1853 5831 1958 5897 γάρ
1995 5811 2051 5882 Γ.

474 5878 496 5908 ⁸
531 5878 949 5944 συγκαταϐαίνει
985 5882 1042 5935 F.

755 5679 797 5708 ου
830 5679 1110 5734 ιιθικυΝ.
1149 5679 1266 5734 Ὅτι
1294 5684 1354 5734 06
1386 5679 1468 5735 δεῖ
1494 5685 1695 5750 ἐτέρων
1727 5679 1895 5758 ἀρετῇ
1932 5691 2173 5762 θαρρεῖν,
2207 5696 2320 5747 ἀλλ’
2354 5697 2499 5764 ἡμᾶς
2527 5679 3051 5768 δροεᾲςᾍζόὒκῖῗέεοῖι
3087 5679 3682 5766 Ξᾶἐέἒὸέἆξὶῖτᾜὶὖᾝ.

755 5762 812 5795 τε
833 5744 898 5817 Ρ.
975 5748 1102 5817 "71s
1140 5765 1248 5802 om.
1281 5753 1435 5806 codd.
1460 5765 1650 5817 praalcr
1679 5755 1736 5808 F.
1815 5760 1859 5789 ’⁸
1893 5761 1999 5811 τῶν
2028 5765 2178 5816 deest
2215 5765 2266 5815 in
2297 5767 2455 5817 codd.
2533 5769 2574 5796 "
2611 5771 3037 5817 καταλιιιπάνωυ
3086 5769 3145 5817 D.
3174 5770 3232 5817 Ρ,
3314 5774 3327 5801 ί
3360 5771 3503 5817 τότε]
3553 5773 3682 5817 ταύ-

2533 5769 2574 5796 ⁹⁹
2611 5771 3037 5836 καταλιμπάνων
3085 5769 3146 5825 D.
3173 5770 3232 5825 Ρ.
3314 5774 3327 5801 ³
3360 5771 3503 5840 τότε]
3553 5773 3687 5826 ταύ-

2562 5837 2712 5889 οὑδὲν
2741 5841 2876 5892 [5th].
2973 5841 2992 5870 ⁸
3025 5843 3086 5892 ἐκ
3121 5840 3248 5909 τῶν]
3281 5842 3387 5892 ἀπό
3414 5843 3476 5896 Α.
3506 5842 3563 5896 Β.
3617 5843 3676 5896 Ε.

2131 5837 2148 5862 ι
2173 5833 2309 5903 οὐδέ]
2343 5836 2438 5886 οὐκ
2472 5833 2528 5887 F.
2562 5837 2712 5889 οὐδέν
2741 5833 2876 5892 mu.
