4040 6420
300 402 371 462 59
1536 406 1602 461 IN
1642 404 1887 461 ΜᾹΤΤΙΙ.

2004 405 2054 461 Μ
2093 407 2324 465 IIOMIL.
2362 407 2430 462 γ.
3538 398 3607 454 ϐο

298 514 470 569 fausta
510 514 765 569 nuntians
806 514 885 568 sic
922 512 1247 583 compellat:
1287 510 1475 574 Vides,
1526 512 1721 577 frater,
1773 523 1889 578 quot
2017 519 2113 571 per
2152 518 2324 557 annos
2348 503 2694 575 quadraginta
2724 505 2920 576 populo
2965 505 3287 576 prmfuetat.
3332 524 3384 562 m
3414 518 3613 564 terram

298 604 462 656 millia
488 606 707 671 suntqui
732 611 1068 656 convenerunt
1097 602 1249 670 (Act.
1282 602 1369 653 21.
1400 598 1546 668 20)?
1578 600 1748 652 Tanta
1774 608 1892 652 erat
2018 593 2175 647 toties
2228 592 2546 661 promissam
2597 594 2799 649 intrare
2856 595 3159 664 prohibitus
3207 599 3331 651 estil
3376 600 3490 666 Qua
3544 600 3615 657 de

287 692 411 752 eius
435 694 713 762 prudentia
735 733 751 756 ,
784 701 960 748 tantus
986 694 1163 756 zelus;
1199 693 1308 745 imo
1332 706 1461 745 vero
1504 700 1647 743 tanta
1680 689 1881 744 Christi

288 784 482 838 virtus.
527 783 659 837 Nam
698 783 789 854 qui
836 783 982 838 illum
1026 783 1404 851 vituperabant
1454 781 1761 847 viventem,
1812 782 1884 834 ita

286 882 415 941 post
438 882 664 928 mortem
693 874 866 941 ipsum
900 873 1146 933 admirati
1177 882 1337 935 sunt,
1369 880 1424 925 ut
1450 886 1574 925 cum
1603 871 1883 925 alacritate

289 976 481 1030 magna
527 962 690 1016 vitam
735 979 833 1031 pro
868 964 985 1031 ipso
1036 953 1450 1031 profunderent';
1483 976 1605 1030 quas
1631 960 1881 1014 virtutem

290 1052 699 1105 resurrectionis
752 1066 875 1105 cum
928 1052 1109 1120 primis
1155 1059 1600 1105 commonstrant.
1656 1048 1886 1117 Ideoque

278 1139 405 1205 illa,
436 1155 556 1211 quae
580 1141 809 1195 clariora
837 1150 1024 1204 erant,
1057 1139 1120 1193 ad
1153 1148 1452 1195 extremum
1476 1148 1685 1206 tempus
1710 1153 1887 1192 rescr-

279 1229 587 1294 vabautur,
634 1238 693 1282 ut
720 1228 837 1284 haec
860 1230 990 1283 nulli
1024 1229 1185 1283 dubio
1213 1229 1443 1284 obnoxia
1482 1236 1627 1284 esset
1661 1227 1883 1282 demon-

284 1319 495 1372 stratio.
527 1317 659 1371 Nam
681 1318 727 1372 si
755 1318 874 1372 illos
902 1318 1061 1372 etiam
1090 1318 1178 1388 qui
1220 1318 1273 1372 in
1301 1320 1406 1373 vita
1452 1332 1546 1372 sua
1575 1317 1877 1371 admirandi

283 1419 478 1473 erant,
522 1407 803 1462 defunctos
847 1408 1241 1474 obliviscimur,
1282 1423 1389 1479 quo
1430 1416 1590 1479 pacto
1627 1408 1737 1471 illi,
1781 1408 1869 1475 qui

286 1497 560 1553 viventem
588 1500 761 1567 ipsum
806 1498 1131 1564 irridebaut,
1166 1500 1331 1555 Deum
1362 1512 1483 1553 esse
1521 1497 1883 1553 existimavis-

285 1597 443 1654 seut,
481 1588 527 1642 si
568 1586 841 1642 hominem
886 1588 1279 1643 credidissent?
1317 1586 1588 1656 quomodo
1625 1600 1724 1655 pro
1766 1584 1885 1653 ipso

288 1688 519 1734 mortem
564 1678 747 1734 subire
776 1679 1101 1743 voluissent,
1136 1679 1234 1733 nisi
1269 1679 1603 1748 perspicuam
1645 1678 1885 1746 accepis-

286 1777 411 1821 sent
439 1768 851 1823 resurrectionis
868 1766 1380 1823 demonstrationem
1401 1768 1425 1821 τ

356 1965 570 2037 Cognati
617 1965 749 2034 justi
798 1964 996 2017 nonnisi
1026 1962 1336 2029 resipiscenti
1368 1960 1616 2029 peccaturi
1644 1966 1878 2025 prosunt.

284 2057 531 2112 Precibus
566 2066 855 2110 sanctorum
894 2072 995 2108 non
1043 2054 1193 2107 nimis
1245 2053 1527 2121 ﬁdentium.
1578 2052 1718 2105 -4.
1755 2050 1881 2104 Haec

285 2162 453 2217 porro
481 2145 729 2210 dicimus,
762 2159 866 2198 non
896 2151 955 2197 ut
981 2143 1207 2197 audiatis
1247 2150 1472 2206 tantum,
1504 2141 1596 2195 sed
1626 2150 1681 2195 ut
1706 2140 1883 2195 imite-

282 2237 415 2292 mini
434 2233 1041 2299 t‘ortitudinem,dieendi
1079 2232 1338 2297 lduciam,
1368 2230 1733 2299 justitiamque
1762 2243 1881 2285 om-

284 2342 451 2389 nem;
476 2335 534 2381 ut
557 2340 717 2381 nemo
740 2325 809 2379 de
833 2339 894 2379 se
921 2324 1190 2392 desperet,
1222 2321 1433 2377 etiamsi
1454 2321 1679 2375 antehac
1707 2319 1886 2388 segnis

282 2415 692 2484 desidiosusque
737 2412 929 2477 fuerit;
980 2390 1141 2481 utqde
1185 2410 1329 2465 nulla
1376 2410 1430 2464 in
1488 2423 1551 2465 re
1603 2408 1709 2463 alia
1734 2422 1885 2475 spem

284 2504 503 2570 habeat,
531 2503 633 2558 nisi
659 2511 778 2572 post
804 2501 896 2556 Dei
924 2500 1345 2555 misericordiam
1371 2500 1424 2553 in
1448 2513 1656 2552 morum
1684 2497 1887 2551 sancti-

284 2593 551 2650 tate.Nam
566 2592 618 2663 ,si
636 2592 767 2646 nihil
783 2592 887 2647 illis
910 2589 1108 2661 profuit
1122 2588 1263 2659 quod
1278 2604 1344 2643 ex
1360 2589 1697 2658 cognatione,
1725 2586 1887 2640 domo

285 2691 345 2739 et
366 2683 534 2754 patria
556 2682 750 2737 Christi
778 2690 960 2736 essent
980 2721 995 2743 ,
1026 2679 1201 2734 donec
1228 2680 1422 2732 virtute
1446 2677 1746 2732 clarerent:
1779 2690 1881 2743 qua

285 2776 447 2832 venia
487 2773 631 2844 digni
671 2774 906 2838 erimus,
934 2772 1060 2826 dum
1102 2780 1356 2839 cOguatos
1394 2778 1449 2823 et
1486 2769 1673 2822 fratres
1711 2768 1880 2835 iustos

288 2865 657 2930 ostendimus,
706 2864 806 2917 nisi
865 2876 985 2915 cum
1042 2874 1233 2930 magna
1272 2859 1524 2928 aequitate
1577 2857 1879 2923 virtuteque

286 2958 453 3010 vitam
511 2954 807 3009 ducamus?
862 2952 997 3007 Illud
1050 2952 1193 3006 enim
1234 2947 1579 3004 subindicans
1621 2946 1885 3016 propheta

288 3045 502 3101 dicebat
533 3061 547 3096 :
578 3042 762 3096 Frater
785 3057 887 3095 non
911 3040 1131 3104 redimit,
1164 3039 1375 3093 redimet
1408 3038 1558 3091 homo
1589 3035 1768 3104 (Psat.
1797 3034 1889 3090 48.

290 3137 395 3207 7);
428 3134 639 3191 etiamsi
670 3133 877 3204 Moyses
909 3131 1106 3197 fuerit,
1140 3130 1346 3185 etiamsi
1384 3126 1638 3193 Samuel,
1682 3124 1892 3180 etiamsi

290 3225 573 3281 Jeremias.
620 3224 755 3277 Audi
787 3224 927 3277 enim
951 3220 1077 3291 quid
1109 3220 1183 3273 ilti
1213 3218 1355 3273 dicat
1384 3219 1525 3271 Deus
1558 3233 1577 3271 :
1613 3216 1737 3268 Noti
1767 3232 1886 3283 pre-

289 3316 401 3371 cari
438 3330 530 3383 pro
560 3314 749 3384 populo
776 3312 890 3377 hoc,
922 3312 1159 3379 quoniam
1202 3325 1302 3361 non
1327 3307 1599 3360 exaudiam
1642 3314 1689 3357 te
1742 3303 1883 3371 (Jer.

293 3406 385 3460 11.
417 3404 535 3474 14).
562 3404 626 3457 Ει
648 3401 775 3472 quid
804 3400 1014 3453 miraris
1041 3399 1085 3452 si
1114 3406 1166 3451 te
1192 3412 1301 3450 non
1330 3394 1527 3450 audio?
1548 3394 1680 3447 Nam
1706 3393 1749 3446 si
1773 3405 1889 3461 ipse

295 3498 507 3567 Moyses
527 3535 543 3559 ,
571 3494 779 3563 inquit,
803 3492 848 3546 si
870 3490 1086 3546 Samuel
1113 3486 1394 3551 adessent,
1426 3500 1611 3539 eorum
1644 3498 1741 3552 pro
1780 3480 1895 3535 istis

292 3589 735 3659 supplicationem
781 3604 887 3642 non
941 3586 1279 3641 admitterem
1327 3583 1477 3643 (Jer.
1515 3583 1597 3638 l5.
1633 3584 1715 3650 1).
1746 3581 1881 3634 Eze-

294 3680 433 3736 chiel
458 3680 665 3731 etiamsi
703 3678 999 3745 supplicet,
1027 3677 1129 3730 hoc
1170 3674 1353 3729 audiet
1385 3691 1398 3727 :
1439 3673 1500 3747 Si
1520 3671 1746 3725 steterint
1774 3667 1889 3721 Noe

294 3782 341 3825 st
368 3771 467 3825 Job
515 3779 559 3823 et
592 3768 805 3831 Daniel,
855 3770 991 3836 filias
1039 3768 1273 3834 ﬁliasque
1313 3781 1433 3818 suas
1468 3780 1571 3815 non
1609 3761 1889 3813 liberabant

294 3859 524 3929 (Eucti.
575 3860 661 3913 14.
696 3859 779 3911 ll.
814 3856 942 3925 16).
995 3856 1219 3910 Etiamsi
1268 3852 1536 3909 Abraham
1585 3849 1887 3920 patriarcha

298 3966 395 4020 pro
416 3952 479 4003 iis
500 3951 589 4019 qui
614 3948 893 4003 iucurabili
920 3948 1107 4001 morbo
1127 3947 1391 4009 laborant,
1418 3958 1515 3997 nec
1547 3941 1885 4010 resipiscunt,

297 4040 591 4108 supplicet,
630 4038 767 4093 Deus
805 4037 1059 4092 abscedet
1099 4045 1153 4090 et
1200 4036 1466 4103 relinquet
1506 4048 1666 4095 eum;
1714 4034 1783 4084 ita
1834 4040 1892 4083 ut

298 4142 482 4183 eorum
525 4129 692 4197 gratia
744 4126 995 4181 emissam
1050 4130 1235 4180 vbcem
1285 4140 1391 4178 non
1431 4122 1631 4177 audiat.
1668 4120 1888 4176 Etiamsi

300 4220 515 4275 Samuel
544 4219 646 4273 hoc
675 4220 847 4287 ipsum
874 4218 1094 4281 fecerit,
1122 4216 1266 4271 dicet
1292 4216 1390 4285 ipsi
1424 4232 1437 4268 :
1471 4212 1555 4268 Ne
1582 4214 1779 4283 ﬂeveris
1801 4227 1892 4281 pro

302 4310 460 4364 Saitte
486 4310 578 4379 (1.
607 4309 734 4379 Reg.
770 4310 857 4363 16.
887 4311 909 4362 1
936 4310 979 4378 ).
1011 4307 1233 4362 Etiamsi
1274 4322 1369 4376 pro
1414 4320 1599 4361 sorore
1629 4303 1890 4373 quispiam

300 4416 407 4455 non
425 4409 725 4468 opportune
746 4400 1000 4461 oraverit,
1025 4399 1254 4467 idipsum
1283 4396 1461 4451 audiet
1481 4395 1621 4465 quod
1652 4396 1889 4464 Moyses:

302 4490 363 4545 Si
423 4505 706 4557 conspuens
756 4490 1065 4559 conspuisset
1106 4499 1248 4559 pater
1290 4488 1399 4555 ejus
1451 4487 1505 4537 in
1562 4486 1743 4554 faciem
1784 4486 1893 4553 ejus

301 4577 500 4649 (Num.
557 4578 644 4632 1‘2.
711 4578 846 4645 M).
898 4577 975 4631 Ne
1027 4579 1203 4641 itaque
1256 4576 1483 4629 aliorum
1541 4574 1893 4643 patrocinium

303 4672 483 4726 hiante
511 4685 605 4725 ore
630 4681 952 4740 spectemus.
981 4669 1108 4723 Nam
1142 4684 1329 4737 preces
1351 4668 1563 4738 quidem
1588 4676 1892 4721 sanctorum

301 4761 408 4815 vim
438 4759 637 4814 habent
666 4760 993 4823 maximam;
1024 4759 1116 4812 sed
1155 4759 1199 4812 si
1233 4774 1330 4811 nos
1371 4758 1737 4826 pmnitentiam
1768 4773 1895 4825 aga-

304 4865 425 4904 mus
474 4858 530 4904 et
588 4850 985 4918 resipiseamus.
1023 4848 1461 4917 Quandoquidem
1515 4849 1759 4919 Moyses,
1805 4848 1895 4917 qui

306 4942 522 4997 fratrem
570 4956 726 4995 suum
753 4953 806 4995 et
830 4950 1081 4995 sexcenta
1108 4942 1269 4995 millia
1301 4941 1578 4995 hominum
1623 4942 1690 4995 ab
1720 4942 1897 4995 immi-

306 5042 465 5087 nente
511 5032 587 5085 ira
637 5032 915 5096 liberavit,
969 5047 1208 5086 sororem
1264 5049 1369 5086 non
1420 5034 1593 5101 potuit
1644 5033 1891 5100 eripere;

306 5120 515 5191 etiamsi
543 5135 647 5173 non
679 5136 773 5189 par
800 5130 1069 5191 peccatum
1100 5130 1242 5175 esset
1274 5139 1287 5175 :
1322 5123 1407 5176 illa
1436 5124 1634 5192 quippe
1656 5122 1893 5193 Moysem

305 5212 626 5267 contumelia
654 5209 938 5276 affecerat;
964 5214 1014 5265 hi
1041 5222 1220 5267 autem
1244 5214 1464 5282 impium
1498 5213 1703 5268 facinus
1726 5215 1899 5269 admi-

306 5309 506 5356 serant.
541 5299 735 5354 Verum
765 5301 901 5355 hanc
934 5316 1033 5370 ego
1059 5304 1207 5358 vobis
1236 5306 1588 5373 quaestionem
1616 5305 1893 5373 relinquo,

309 5390 402 5445 sed
443 5390 531 5444 illa
586 5392 881 5459 graviorem
926 5394 1136 5449 solvere
1175 5395 1429 5450 conabor.
1478 5396 1616 5463 Quid
1656 5398 1796 5450 enim
1830 5399 1897 5452 de

310 5492 499 5533 sorore
525 5480 782 5544 dicamus,
814 5483 1024 5550 quando
1054 5482 1167 5552 ipse
1195 5486 1354 5539 etiam
1399 5487 1526 5539 tanti
1555 5488 1737 5555 populi
1768 5487 1893 5553 dux,

313 5568 364 5622 id
396 5568 536 5637 quod
570 5585 668 5637 pro
695 5572 870 5639 seipso
900 5574 1117 5643 rogabat
1146 5574 1431 5644 impetrare
1461 5591 1565 5629 non
1588 5576 1776 5640 valuit,
1804 5578 1899 5631 sed

312 5668 434 5728 post
474 5670 548 5714 tot
594 5669 874 5734 tantosque
922 5663 1131 5721 labores
1176 5676 1231 5722 ct
1274 5682 1573 5732 aerumnas,
1619 5680 1897 5735 postquam

2008 682 2209 737 causa?
2252 681 2370 736 Non
2420 684 2563 737 utilis
2621 682 2737 737 ha‘c
2778 686 2946 754 gratia
2990 685 3216 752 fuisset,
3269 688 3376 740 imo
3425 691 3603 743 datum

2009 775 2231 827 multant
2260 774 2559 835 intulisset,
2596 774 3015 846 Judazorumque
3056 779 3255 832 multos
3292 780 3606 849 supplanta-

2009 865 2194 919 visset.
2222 866 2277 919 Si
2308 866 2450 919 enim
2490 881 2556 919 ex
2580 865 2816 938 Egypto
2859 878 3062 921 tantum
3087 884 3116 921 a
3141 868 3323 939 Moyse
3352 871 3556 923 liberati
3584 910 3599 936 ,

2000 954 2109 1009 Deo
2140 954 2385 1021 dimisso,
2409 956 2625 1027 Moysen
2655 958 3002 1023 requirebant
3030 959 3236 1029 ipsique
3267 970 3434 1013 totum
3461 960 3596 1014 refe-

2000 1045 2191 1099 rebant
2223 1061 2236 1098 :
2267 1046 2311 1099 si
2344 1061 2405 1100 se
2448 1046 2707 1100 vidissent
2732 1047 2801 1101 ab
2839 1048 2930 1101 illo
2958 1049 3293 1103 introductos
3325 1051 3374 1102 in
3404 1062 3602 1104 terram

1996 1136 2367 1203 promissionis
2390 1174 2405 1198 ,
2438 1150 2545 1205 quo
2567 1152 2671 1190 non
2704 1138 3075 1207 prorupissent
3105 1139 3433 1207 impietatis?
3453 1139 3601 1195 Ideo-

1993 1242 2097 1296 que
2141 1227 2441 1295 sepulcrum
2485 1227 2910 1297 ejusJiccultum
2939 1231 3136 1285 mansit
3161 1230 3352 1300 (Deut.
3387 1233 3475 1286 34.
3508 1231 3602 1302 6).

1996 1318 2214 1373 Samuel
2244 1333 2374 1373 vero
2409 1318 2624 1374 Sablem
2671 1320 2897 1375 liberare
2924 1322 3161 1390 nequivit
3190 1338 3218 1375 a
3256 1322 3435 1376 divina
3486 1324 3561 1376 ira
3587 1363 3602 1385 ,

1994 1411 2083 1476 qui
2127 1418 2303 1463 tamen
2348 1408 2617 1463 lsraelitas
2669 1424 2813 1479 srpe
2855 1412 3088 1465 servavit
3127 1412 3147 1483 (
3162 1415 3212 1465 1.
3243 1413 3369 1482 Reg.
3412 1413 3491 1467 l6.
3532 1414 3603 1483 l).

1995 1500 2255 1555 Jeremias
2283 1499 2500 1555 Iudaeos
2552 1514 2766 1555 servare
2804 1516 2913 1555 non
2971 1504 3179 1570 potuit,
3219 1504 3373 1557 alteri
3428 1516 3605 1558 tamen

1994 1590 2047 1643 in
2104 1589 2378 1659 prophetia
2431 1604 2524 1644 sua
2573 1592 2941 1659 patrocinatus
2996 1604 3099 1647 est.
3172 1594 3359 1648 Daniel
3411 1594 3606 1649 barba-

1995 1696 2085 1736 ros
2130 1682 2221 1752 qui
2269 1682 2647 1752 jugulabantdr
2698 1682 2925 1751 eripuit,
2988 1699 3088 1738 nec
3140 1683 3357 1738 Iudaeos
3413 1700 3480 1738 ne
3550 1686 3605 1738 in

1993 1772 2352 1839 captivitatem
2383 1771 2778 1826 abducerentur
2820 1786 3038 1826 servare
3080 1775 3251 1842 potuit
3278 1776 3295 1841 (
3324 1772 3455 1826 Dan.
3488 1773 3524 1826 2
3550 1775 3593 1843 ).

1994 1862 2051 1917 In
2083 1863 2387 1933 Evangeliis
2412 1878 2625 1932 quoque
2666 1879 2769 1915 non
2804 1864 2853 1915 in
2885 1863 3151 1928 diversis,
3185 1864 3279 1918 sed
3314 1866 3363 1917 in
3408 1863 3605 1918 iisdem

1994 1957 2124 2026 ipsis
2151 1967 2438 2025 utrumque
2486 1956 2849 2023 conspicimus
2894 1973 2905 2007 :
2960 1957 3317 2023 eamdemque
3350 1955 3598 2009 videmus

1993 2049 2221 2102 salutem
2252 2047 2352 2100 sibi
2382 2060 2590 2114 parare,
2616 2057 2670 2099 et
2700 2056 2883 2116 postea
2911 2046 3138 2100 salutem
3167 2060 3320 2099 suam
3343 2044 3594 2114 prodere.

1993 2138 2125 2192 Nam
2164 2136 2253 2206 qui
2285 2136 2476 2190 decem
2511 2136 2676 2189 millia
2712 2135 2908 2189 talenta
2936 2134 3203 2198 debebat,
3254 2134 3606 2204 supplicando

1994 2245 2053 2285 se
2078 2244 2140 2283 ex
2168 2229 2406 2297 periculo
2441 2228 2638 2298 eripuit
2669 2236 2961 2295 posteaque
2992 2226 3227 2296 idipsum
3258 2242 3362 2279 non
3394 2226 3602 2296 potuit;

1992 2320 2130 2374 alius
2158 2328 2342 2373 contra
2369 2360 2381 2380 ,
2415 2319 2503 2386 qui
2550 2316 2697 2386 prius
2740 2318 2975 2385 scipsum
3022 2316 3339 2385 prodiderat
3371 2358 3384 2378 ,
3420 2325 3603 2384 postea

1992 2410 2093 2463 sibi
2122 2409 2219 2474 ipsi
2246 2408 2532 2477 plurimum
2580 2408 2837 2476 prodesse
2880 2408 3075 2477 potuit.
3106 2407 3237 2475 Quis
3267 2407 3357 2460 ille
3381 2416 3462 2460 est
3488 2406 3512 2459 ἲ
3557 2405 3607 2460 ls

1992 2500 2083 2569 qui
2109 2490 2380 2570 paternam
2406 2500 2759 2554 substantiam
2802 2499 3149 2554 devoraverat
3173 2497 3325 2571 (Luc.
3360 2500 3448 2553 15.
3485 2498 3601 2566 30).

1994 2592 2177 2659 Itaque
2215 2592 2257 2644 si
2306 2606 2496 2660 segnes
2521 2599 2574 2645 et
2600 2590 2854 2646 socordes
2883 2590 3139 2646 fuerimus
3160 2632 3175 2658 ,
3224 2599 3322 2646 ne’
3343 2606 3443 2661 per
3467 2591 3606 2645 alios

1994 2683 2209 2753 quidem
2240 2682 2440 2736 servari
2473 2681 2802 2749 poterimus;
2852 2682 2896 2735 si
2939 2690 3117 2737 autem
3146 2682 3429 2751 vigilemus
3450 2722 3466 2747 ,
3508 2695 3605 2749 per

1996 2773 2353 2840 nosmetipsos
2384 2770 2434 2824 id
2474 2772 2773 2825 valebimus
2800 2789 2812 2825 :
2845 2772 2955 2828 imo
2982 2772 3152 2842 magis
3197 2780 3413 2834 nostra,
3441 2786 3603 2841 quam

1993 2864 2221 2917 aliorum
2271 2875 2455 2929 opera.
2500 2860 2696 2913 Mavult
2744 2863 2941 2930 quippe
2988 2862 3128 2918 Deus
3174 2864 3398 2932 gratiam
3434 2861 3601 2927 nobis

1998 2954 2127 3022 ipsis
2148 2951 2308 3015 dare,
2341 2966 2500 3019 quam
2526 2951 2629 3004 alio
2656 2966 2753 3019 pro
2784 2952 2939 3005 nobis
2965 2965 3219 3021 precante
3238 2975 3248 3006 ;
3270 2966 3327 3004 ut
3341 2959 3601 3006 curantes

2014 3045 2190 3113 ipsius
2254 3046 2386 3099 iram
2418 3047 2628 3114 placare
2649 3087 2673 3109 ν
2694 3060 2815 3100 eum
2847 3042 3034 3099 liducia
3062 3060 3279 3111 agamus
3318 3054 3371 3099 et
3417 3043 3603 3113 resipi-

2010 3148 2241 3189 scamus.
2261 3133 2348 3187 Sic
2363 3133 2719 3189 Chananaeam
2740 3137 3022 3189 miseratus
3037 3144 3148 3200 est;
3167 3135 3246 3187 sic
3263 3135 3603 3189 meretricem

2009 3226 2182 3279 salute
2210 3224 2445 3284 donavit,
2470 3224 2548 3279 sic
2574 3225 2835 3279 latronem
2857 3266 2873 3291 ,
2904 3225 3050 3279 nullo
3077 3224 3468 3278 interveniente
3494 3238 3606 3278 me-

2008 3313 2217 3367 diatore
2243 3324 2297 3367 ct
2330 3322 2574 3374 patrooo.

2076 3492 2129 3546 5.
2157 3492 2464 3546 Sanctorum
2486 3490 2751 3545 invocatio.
2777 3486 3127 3559 Eleemosyna:
3146 3488 3364 3556 fructus.
3390 3518 3457 3530 -ρ
3481 3485 3606 3542 llaec

2004 3594 2181 3637 autem
2209 3583 2330 3638 dico
2354 3624 2368 3648 ,
2400 3597 2504 3635 non
2537 3590 2595 3636 ut
2622 3583 2822 3637 sanctis
2851 3598 2956 3635 non
2988 3582 3350 3651 supplicamus
3369 3622 3384 3647 ,
3412 3580 3507 3637 sed
3538 3595 3609 3637 ne

2006 3676 2173 3729 simus
2202 3676 2552 3745 negligentes,
2579 3689 2711 3729 neve
2736 3676 2787 3728 in
2815 3674 3116 3729 socordiam
3140 3686 3496 3745 somnumque
3515 3672 3608 3729 de-

2005 3764 2178 3833 lapsi,
2208 3765 2327 3819 aliis
2375 3766 2608 3834 ipsisque
2647 3766 2776 3819 solis
2819 3781 2903 3818 res
2944 3775 3156 3819 nostras
3185 3766 3606 3819 committamus.

2005 3855 2137 3909 Nam
2165 3870 2287 3909 cum
2309 3856 2551 3919 dixisset,
2584 3855 2762 3910 Facite
2786 3857 2921 3910 vobis
2947 3858 3158 3921 amicos,
3188 3872 3292 3911 non
3326 3856 3410 3911 hic
3438 3856 3608 3925 stetit,

2006 3948 2101 4001 sed
2132 3949 2353 4014 addidit,
2386 3949 2465 4003 Ex
2492 3950 2664 4018 iniquo
2695 3966 2929 4001 mantona
2961 3947 3128 4016 (Luc.
3159 3950 3246 4003 16.
3281 3949 3314 4002 9
3340 3951 3357 4018 )
3392 3967 3405 4001 :
3436 3958 3493 4003 ιιι
3522 3965 3609 4003 rc-

2005 4050 2090 4092 cte
2118 4040 2313 4093 factum
2348 4055 2473 4093 vere
2498 4050 2565 4092 Sll
2595 4051 2762 4092 tuum.
2798 4039 2939 4093 Nihil
2968 4040 3109 4093 enim
3137 4039 3279 4092 aliud
3310 4039 3415 4105 hic,
3448 4056 3608 4111 quam

2008 4130 2403 4197 eleemosynani
2437 4129 2687 4181 indicavit
2721 4147 2732 4181 :
2767 4130 3016 4197 quodque
3045 4130 3441 4196 admirandum,
3477 4132 3608 4186 nihil

2008 4218 2142 4272 ultra
2172 4234 2201 4272 a
2230 4218 2381 4273 nobis
2411 4219 2594 4287 exigit,
2627 4222 2669 4272 si
2698 4219 2765 4271 ab
2793 4220 3069 4287 iniquitate
3097 4220 3467 4275 abscedamus.
3495 4222 3611 4277 Hoc

2007 4310 2149 4363 enim
2188 4308 2299 4361 vult
2337 4308 2636 4378 signiﬁcare
2671 4326 2682 4360 :
2712 4307 2894 4377 Inique
2930 4308 3154 4378 adeptus
3180 4310 3283 4365 es?
3311 4311 3474 4366 Recte
3503 4313 3607 4366 im-

2008 4398 2200 4465 pende.
2247 4396 2444 4466 lujuste
2483 4398 2779 4465 collegisti?
2808 4396 2957 4451 Juste
2989 4400 3257 4469 disperge.
3291 4402 3451 4471 Atqui
3491 4418 3612 4470 quae

2011 4486 2223 4540 tandem
2264 4485 2380 4539 hme
2418 4486 2586 4539 virtus
2612 4495 2727 4551 est,
2756 4486 2823 4539 de
2855 4488 3049 4541 talibus
3086 4488 3329 4543 donare?
3358 4492 3610 4546 Attamen

2011 4578 2171 4641 Deus,
2198 4577 2453 4646 benignus
2483 4592 2604 4630 cum
2630 4578 2719 4641 sit,
2743 4592 2808 4632 eo
2836 4594 3003 4647 usque
3033 4594 3153 4634 sese
3173 4580 3425 4635 demittit.
3455 4582 3508 4637 Si
3538 4583 3610 4639 ita

2011 4664 2283 4729 faciamus,
2312 4667 2447 4719 bona
2479 4667 2634 4721 nobis
2660 4668 2822 4721 multa
2855 4670 3149 4737 pollicetur.
3182 4673 3247 4724 At
3277 4684 3372 4727 nos
3397 4674 3465 4727 ad
3493 4683 3614 4729 tan-

2012 4770 2118 4812 tam
2150 4760 2449 4813 socordiam
2481 4759 2828 4825 devenimus,
2861 4771 2918 4815 ut
2959 4778 3027 4816 ne
3070 4763 3283 4832 quidem
3324 4781 3389 4819 ex
3428 4766 3613 4834 inique

2010 4852 2175 4920 partis
2205 4851 2528 4920 largiamur;
2561 4853 2654 4906 sed
2688 4854 2979 4908 innumeris
3009 4856 3147 4909 aucti
3185 4858 3419 4925 rapinis,
3452 4860 3495 4912 si
3527 4858 3610 4913 vel

2012 4942 2287 4995 minimam
2311 4951 2512 5009 partem
2535 4942 2861 5006 dederimus,
2888 4960 2986 4999 nos
3006 4955 3173 5000 totum
3196 4948 3491 5003 absolvisse
3514 4966 3613 5019 ptt-

2010 5040 2204 5086 tomus.
2238 5031 2352 5085 Non
2394 5032 2585 5086 audisti
2627 5032 2848 5087 Paulum
2881 5024 3178 5103 dicentem,
3211 5038 3311 5103 Qui
3348 5057 3499 5108 parce
3528 5057 3610 5094 se-

2010 5125 2187 5188 minat,
2220 5141 2371 5193 parce
2399 5134 2445 5178 et
2470 5134 2617 5177 metet
2645 5124 2718 5191 (2.
2754 5124 2869 5179 Cor.
2904 5126 2955 5180 9.
2987 5126 3078 5195 6)?
3108 5127 3215 5183 Cur
3244 5145 3372 5199 ergo
3404 5132 3613 5198 parcis?

2012 5233 2135 5271 num
2164 5228 2406 5286 sumptus
2432 5226 2514 5271 est
2541 5217 2711 5270 illud?
2733 5235 2859 5273 num
2885 5223 3161 5288 expensa?
3188 5222 3299 5277 lmo
3321 5234 3612 5292 proventus

2012 5316 2065 5361 et
2091 5308 2397 5375 negotiatio.
2427 5307 2524 5373 Ubi
2551 5309 2693 5361 enim
2724 5323 2907 5363 semen
2932 5310 3146 5378 jacitur,
3177 5313 3244 5365 ibi
3276 5318 3463 5369 messis
3484 5332 3614 5371 con-

2012 5398 2251 5468 sequitur
2285 5416 2297 5450 :
2330 5398 2416 5451 ubi
2444 5413 2628 5453 semen
2649 5439 2666 5463 ,
2699 5400 2769 5453 ibi
2798 5410 2853 5455 et
2877 5402 3250 5471 multiplicatio
3272 5406 3306 5456 '.
3342 5406 3418 5459 Tu
3448 5423 3607 5472 vero,

2021 5678 2033 5725 ι
2083 5618 2293 5726 ίηεσειγίιη
2320 5617 2399 5690 ubi
2422 5616 2696 5678 negotiatio,
2722 5616 2794 5667 ibi
2816 5623 2861 5667 et
2885 5616 3200 5678 abundantia,
3228 5620 3273 5668 id
3289 5622 3416 5681 quod
3442 5621 3491 5671 iu
3512 5616 3617 5673 nui-

2038 5694 2066 5723 t)
2094 5704 2099 5726 ι
2131 5692 2172 5726 S.
2190 5692 2371 5726 l‘t‘DOl‘l.

2038 5694 2066 5723 ί)
2092 5692 2172 5727 MS.
2190 5692 2371 5741 ropert.
