4040 6420
597 381 656 437 Cl
1289 385 1344 443 S.
1381 387 1664 444 JOANNIS
1699 383 2179 448 CIIRYSOSTOMI
2219 387 2533 445 ARClllEP.
2576 383 3114 441 CONSTARTINOP.
3751 384 3814 439 62

589 497 636 551 si
663 504 860 550 terram
884 495 1112 550 haberes
1136 496 1388 566 pinguem
1411 509 1466 553 et
1487 500 1742 565 fertilem,
1768 517 1888 572 qua:
1908 502 2140 571 plurima

589 594 775 653 posset
804 586 1053 654 excipere
1083 588 1308 650 semina,
1345 589 1490 641 illam
1519 590 1748 653 celeres,
1779 605 1842 644 ac
1867 606 1986 659 quae
2007 605 2140 659 sup-

587 664 837 741 peterent
855 689 1151 744 spargeres.
1176 686 1232 731 et
1250 678 1319 730 ab
1339 678 1458 732 aliis
1479 680 1820 734 commodato
1841 681 2136 748 acciperes,

587 762 1082 832 parcimoniamque
1121 781 1184 818 ea
1229 767 1282 819 in
1315 781 1371 820 re
1401 766 1788 822 detrimentum
1828 782 1948 823 esse
1978 780 2139 838 puta-

581 863 674 901 res
709 867 720 900 :
749 857 802 902 at
834 865 956 903 cum
989 854 1178 906 caelum
1209 856 1386 908 colere
1419 869 1556 923 opus
1583 865 1688 919 est,
1717 859 1853 912 nulli
1881 860 2024 914 aeris
2052 859 2140 912 in-

584 943 863 1008 temperiei
889 955 1206 1006 onaoxtum,
1232 957 1325 997 seu
1352 958 1472 997 cum
1503 945 1710 1000 faenore
1736 948 1973 1002 maximo
1994 951 2137 1018 jacta

583 1030 788 1082 semina
817 1030 1178 1093 redditurum,
1213 1033 1393 1101 segnis
1420 1048 1498 1097 es,
1529 1036 1750 1104 refugis,
1784 1050 1959 1105 neque
1987 1036 2134 1105 cogi-

581 1126 683 1181 tas,
731 1134 888 1187 parce
929 1130 1190 1190 agentem
1239 1125 1490 1191 perdere,
1540 1123 1744 1179 affatim
1794 1137 2133 1197 spargentem

579 1209 812 1261 multum
855 1210 1072 1264 lucrari.
1124 1212 1379 1281 Disperge
1429 1213 1632 1281 itaque,
1680 1229 1748 1268 ne
1787 1213 2016 1284 perdas;
2066 1232 2135 1272 ne

580 1298 773 1359 retine,
804 1305 862 1350 ut
888 1299 1156 1364 retineas;
1185 1302 1406 1369 projice,
1436 1311 1496 1355 ut
1520 1303 1827 1369 custodias;
1858 1305 2130 1373 impende,

580 1389 916 1451 mittereris.
943 1390 1097 1454 Quod
1123 1393 1167 1444 si
1197 1407 1416 1446 servare
1443 1391 1532 1446 illa
1558 1403 1826 1461 oporteat,
1856 1411 1924 1448 ne
1947 1411 2134 1450 serves

577 1494 634 1537 tu
670 1502 683 1536 :
720 1500 844 1538 nam
877 1481 1223 1554 iliaprorsus
1247 1483 1560 1550 perditurus
1587 1499 1648 1537 es
1671 1500 1683 1546 ;
1709 1485 1802 1538 sed
1833 1485 1943 1539 Deo
1978 1502 2131 1540 com~

576 1575 759 1628 mittas
790 1590 803 1626 :
841 1575 964 1628 inde
1001 1586 1255 1643 namque.
1273 1587 1433 1626 nemo
1459 1572 1714 1641 abripiet.
1746 1575 1824 1628 Ne
1868 1586 1926 1629 tu
1963 1591 2132 1646 nego-

574 1664 755 1726 tieris;
792 1665 970 1718 nescis
996 1665 1197 1732 quippe
1225 1663 1424 1717 lucrari
1456 1678 1467 1712 :
1497 1661 1602 1724 sed
1633 1663 1922 1721 maximam
1963 1665 2130 1731 totius

570 1762 778 1822 partem
810 1754 1007 1808 faenori
1039 1755 1167 1808 dato
1202 1754 1250 1806 ei
1285 1755 1376 1821 qui
1409 1769 1626 1807 usuram
1665 1752 1762 1807 tibi
1798 1755 2126 1822 praebiturus

571 1851 673 1896 est.
692 1843 769 1896 Ibi
798 1843 976 1898 lienus
999 1844 1224 1903 colloca,
1252 1843 1344 1897 ubi
1373 1846 1518 1898 nulla
1544 1844 1766 1906 invidia,
1789 1844 1935 1898 nulla
1961 1858 2124 1898 accu-

571 1930 727 1992 satio,
767 1933 929 1986 nullaa
959 1932 1186 1993 insidiae,
1230 1933 1392 1985 timor
1430 1934 1631 1986 nullus.
1675 1933 1890 1987 anori
1918 1934 2043 1988 dato
2073 1935 2123 1989 ei

569 2023 664 2089 qui
693 2021 842 2076 nullo
873 2022 1097 2090 indiget,
1129 2034 1184 2075 et
1213 2031 1436 2090 propter
1463 2032 1514 2078 te
1547 2036 1729 2078 tamen
1762 2040 1899 2093 opus
1923 2025 2120 2091 habet;

567 2110 618 2162 ei
651 2109 745 2177 qui
775 2125 965 2164 omnes
989 2110 1107 2172 alit,
1148 2123 1204 2165 et
1229 2112 1420 2174 esurit,
1459 2127 1526 2166 ne
1559 2121 1614 2165 tu
1650 2113 1790 2168 fame
1816 2116 2119 2182 premaris;

567 2197 616 2251 ci
641 2196 730 2264 qui
761 2212 964 2266 pauper
989 2198 1216 2253 effectus
1241 2209 1345 2263 est,
1371 2210 1430 2253 ut
1452 2211 1509 2255 tu
1531 2200 1787 2267 ditescas.
1819 2202 2018 2257 anus
2043 2204 2117 2257 ibi

565 2287 819 2350 colloces,
865 2283 1005 2342 unde
1042 2304 1151 2342 non
1183 2299 1436 2356 mortem,
1472 2292 1565 2345 sed
1611 2293 1778 2345 vitam
1809 2306 1908 2362 pro
1945 2306 2119 2348 morte

565 2380 622 2432 in
667 2379 900 2434 fructum
953 2382 1237 2451 percipies.
1293 2382 1419 2436 Haec
1468 2383 1672 2437 fmnora
1729 2399 1974 2452 regnum,
2027 2387 2118 2438 illa

563 2466 865 2534 gehennam
919 2471 1177 2536 pariunt:
1209 2471 1324 2527 haec
1378 2472 1525 2525 enim
1577 2474 1643 2525 ad
1685 2473 1988 2537 avaritiam,
2028 2474 2120 2530 illa

563 2555 631 2611 ad
698 2555 1094 2626 philosophiam
1150 2562 1477 2628 pertinent:
1538 2563 1626 2614 illa
1682 2562 2062 2618 crudelitatem
2099 2603 2114 2626 ,

563 2645 679 2711 haec
743 2646 1130 2702 humanitatem
1202 2659 1454 2715 arguunt.
1508 2649 1678 2715 Quam
1745 2650 2116 2708 defensionem

562 2736 901 2801 habebimus,
947 2740 990 2792 si
1042 2755 1166 2794 cum
1216 2741 1488 2808 possimus
1538 2739 1689 2808 plura
1739 2741 2006 2810 accipere,
2051 2757 2117 2798 ac

562 2832 678 2877 tuto
709 2825 873 2892 inque
914 2833 1153 2895 tempore
1197 2836 1524 2897 opportuno,
1553 2842 1677 2882 cum
1715 2828 1969 2884 libertate
1997 2848 2106 2886 ma-

559 2925 702 2979 gna,
757 2915 859 2967 tuti
912 2915 980 2968 ab
1034 2916 1369 2984 opprobriis,
1432 2917 1749 2980 timoribus,
1812 2920 2113 2986 periculis;

558 2995 663 3052 hoc
691 2998 914 3054 dimisso
944 3001 1129 3067 lucro,
1171 3003 1264 3057 illa
1294 3005 1649 3073 insequamur
1691 3007 1898 3074 turpia,
1942 3009 2077 3062 levia
2099 3049 2114 3072 ,

556 3085 789 3151 fallacia,
833 3089 996 3156 fluxa,
1025 3106 1146 3160 qua
1184 3107 1286 3147 nos
1321 3093 1378 3147 in
1410 3093 1685 3148 fornacem
1711 3094 1986 3163 ingentem
2023 3098 2117 3150 de-

552 3175 744 3246 jiciant
765 3177 788 3229 ?

625 3263 821 3322 Contra
853 3286 1089 3324 usuram.
1121 3302 1191 3312 —
1215 3272 1364 3327 Nihil
1401 3274 1568 3339 enim,
1605 3275 1738 3328 nihil
1787 3284 1934 3329 certe
1976 3291 2116 3345 prte-

2242 501 2382 554 senti
2408 515 2571 555 usura
2599 498 2835 567 turpius,
2855 499 2994 551 nihil
3014 497 3310 552 crudelius.
3329 495 3472 552 Nam
3496 493 3812 563 hujusmodi

2241 589 2539 643 ftenerator
2582 587 2640 641 in
2685 587 2918 640 aliorum
2970 587 3335 639 calamitatem
3381 573 3723 652 negbtiatur,
3761 593 3812 636 et

2240 687 2569 748 proventum
2597 677 2696 732 sibi
2739 684 2891 745 parat
2918 689 2984 728 ex
3013 673 3244 727 aliorum
3281 674 3635 738 infelicitate,
3669 687 3814 726 mer-

2240 770 2539 840 cedemque
2588 767 2943 822 humanitatis
2985 765 3152 834 exigit
3186 783 3198 820 :
3232 780 3296 818 ac
3339 765 3508 817 veluti
3559 771 3812 818 metuens

2240 863 2307 912 he
2349 857 2737 912 immisericors
2777 862 3055 924 appareat,
3099 852 3459 922 benignitatis
3501 853 3696 920 specie
3738 851 3815 904 fo-

2238 964 2392 1001 veam
2425 945 2833 1018 profundiorem
2866 944 3020 1008 fodit,
3050 944 3290 1011 dumque
3319 942 3425 996 fert
3455 957 3646 1010 opem,
3680 957 3813 1008 pau-

2238 1053 2424 1108 perem
2462 1037 2745 1108 opprimit,
2785 1035 2918 1089 dum
2952 1051 3174 1089 manum
3221 1034 3470 1104 porrigit,
3502 1033 3725 1101 dejicit,
3755 1047 3816 1086 ac

2237 1127 2366 1180 dum
2399 1126 2553 1195 quasi
2592 1126 2646 1178 in
2678 1132 2897 1194 portum
2926 1125 3195 1192 recipere
3219 1123 3456 1184 videtur,
3488 1123 3548 1176 in
3581 1122 3811 1174 naufra-

2235 1216 2405 1284 gium,
2453 1215 2508 1266 in
2548 1215 2832 1282 scapulum
2861 1221 2916 1266 et
2946 1212 3002 1266 in
3043 1227 3170 1264 saxa
3200 1209 3424 1264 latentia
3458 1210 3676 1278 dejicit.
3705 1207 3812 1264 Sed

2233 1305 2365 1374 quid
2394 1305 2633 1373 quaeris?
2665 1304 2920 1373 inquies;
2957 1319 3024 1356 an
3061 1311 3122 1354 ut
3161 1302 3444 1355 collectam
3485 1300 3808 1369 pecuniam,

2233 1395 2368 1449 mihi
2410 1395 2620 1459 utilem,
2664 1394 2818 1448 alteri
2852 1395 2905 1446 in
2948 1408 3105 1445 usum
3141 1391 3286 1454 dem,
3333 1405 3433 1444 nec
3463 1391 3636 1443 ullam
3685 1389 3809 1444 inde

2234 1484 2538 1539 mercedem
2570 1485 2896 1553 reposcam?
2929 1483 3084 1537 Absit
3113 1500 3126 1535 :
3164 1498 3274 1535 non
3317 1481 3392 1534 ita
3419 1481 3624 1549 loquor
3653 1498 3670 1546 ;
3701 1481 3809 1534 imo

2233 1576 2393 1644 cupio
2434 1585 2486 1629 te
2526 1574 2657 1628 hinc
2695 1574 3003 1628 mercedem
3045 1572 3315 1639 accipere,
3354 1586 3463 1624 non
3504 1571 3678 1625 vilem
3716 1580 3810 1624 aut

2231 1666 2500 1733 exiguam,
2539 1664 2634 1718 sed
2667 1665 2838 1716 multo
2865 1662 3124 1730 majorem
3156 1677 3170 1713 :
3203 1675 3306 1729 pro
3333 1675 3469 1714 auro
3505 1669 3560 1714 te
3606 1661 3804 1715 caelum

2233 1756 2288 1808 in
2324 1769 2546 1808 usuram
2574 1754 2821 1822 accipere
2851 1753 2996 1806 volo.
3024 1751 3135 1806 Cur
3163 1767 3295 1820 ergo
3326 1760 3378 1805 te
3417 1751 3472 1804 in
3499 1760 3806 1819 pauperta-

2235 1854 2340 1898 tem
2371 1842 2590 1912 redigis,
2637 1842 2768 1895 dum
2799 1843 2852 1895 in
2890 1851 3034 1896 terra
3066 1840 3347 1899 volutaris,
3385 1847 3441 1894 et
3491 1855 3666 1910 parva
3706 1854 3804 1906 pro

2231 1935 2441 2003 magnis
2481 1932 2686 2001 exigis?
2732 1931 2870 1985 Illud
2920 1931 3066 1984 enim
3118 1940 3204 1985 est
3243 1929 3376 1998 quid
3429 1931 3539 1982 sint
3586 1929 3805 1982 divitiae

2231 2026 2462 2079 nescire.
2493 2023 2628 2077 Cum
2669 2023 2813 2075 Deus
2837 2036 2938 2089 pro
2976 2021 3187 2089 exiguis
3218 2021 3326 2073 illis
3369 2020 3624 2088 pecuniis
3655 2019 3802 2072 bona

2232 2113 2326 2165 tibi
2356 2111 2588 2165 caelestia
2604 2108 2892 2177 promittit,
2920 2118 2976 2161 tu
3000 2123 3131 2161 vero
3153 2107 3312 2169 dicis,
3332 2107 3414 2161 Ne
3438 2108 3574 2160 mihi
3599 2107 3800 2160 caelum

2227 2201 2463 2262 dederis,
2504 2199 2600 2253 sed
2626 2214 2725 2268 pro
2754 2199 2883 2253 caelo
2905 2214 3097 2251 aurum
3128 2197 3260 2250 illud
3296 2199 3602 2265 periturum
3633 2215 3646 2248 :
3688 2197 3796 2249 hoc

2225 2301 2308 2345 est
2333 2291 2469 2345 velle
2499 2291 2556 2344 in
2585 2289 2842 2358 pauperie
2872 2304 3113 2341 manere.
3155 2287 3231 2340 Ita
3265 2288 3358 2354 qui
3383 2302 3541 2340 veras
3568 2287 3802 2340 divitias

2227 2381 2582 2449 concupiscit,
2627 2381 2674 2434 is
2702 2379 2977 2433 manentia
3017 2392 3115 2446 pro
3149 2377 3432 2445 perituris,
3467 2375 3799 2431 inexhausta

2228 2484 2328 2538 pro
2371 2467 2548 2530 ﬂuxis,
2595 2468 2763 2520 multa
2809 2481 2908 2534 pro
2945 2465 3152 2534 paucis,
3201 2464 3645 2532 ineorruptibilia
3696 2480 3798 2534 pro

2226 2558 2671 2626 corruptibilihus
2716 2557 2878 2625 eliget
2908 2573 2920 2608 :
2946 2565 3002 2608 et
3044 2557 3124 2608 sic
3153 2555 3240 2607 illa
3272 2557 3437 2608 etiam
3465 2565 3794 2623 sequentur.

2222 2650 2356 2703 Nam
2379 2650 2472 2717 qui
2496 2656 2696 2701 terram
2725 2654 2850 2700 ante
2879 2647 3069 2700 caelum
3091 2645 3304 2714 qumrit,
3331 2646 3399 2698 ab
3440 2645 3530 2699 illa
3562 2662 3796 2714 prorsus

2222 2736 2478 2791 excidet:
2515 2734 2610 2804 qui
2653 2744 2834 2787 autem
2861 2733 3052 2786 caelum
3091 2742 3245 2785 terrae
3273 2731 3595 2800 praetulerit,
3633 2743 3789 2795 utro:

2221 2842 2326 2896 que
2357 2840 2521 2894 supra
2547 2824 2766 2879 modum
2793 2823 3025 2877 fruetur.
3063 2820 3217 2887 Quod
3262 2832 3319 2874 ut
3358 2836 3790 2890 consequamur,

2222 2921 2507 2987 praesentia
2529 2919 2712 2972 omnia
2733 2924 3168 2977 contemnentes,
3197 2914 3379 2968 futura
3407 2915 3550 2968 bona
3575 2915 3786 2985 deliga-

2222 3023 2363 3062 mus.
2393 3007 2470 3061 ita
2499 3009 2644 3060 enim
2677 3015 2733 3061 et
2765 3007 2851 3059 his
2881 3016 2938 3060 et
2963 3006 3070 3060 illis
3100 3005 3363 3068 fruemur,
3394 3006 3566 3074 gratia
3600 3014 3659 3058 et
3687 2995 3794 3060 ibe-

2221 3096 2484 3164 nignitate
2509 3096 2725 3150 Domini
2755 3095 2929 3148 nostri
2955 3095 3083 3149 Iesu
3108 3092 3311 3146 Christi
3349 3109 3361 3143 :
3397 3092 3484 3146 cui
3527 3092 3704 3162 gloria
3733 3103 3792 3148 et

2222 3185 2512 3239 imperium
2539 3185 2594 3238 in
2619 3185 2815 3238 saacula
2843 3184 3186 3238 mulorum.
3214 3184 3409 3237 Amen.

1923 3903 2271 3965 HOMILIA
2314 3905 2417 3966 VI.

549 4190 674 4246 CAP.
711 4193 776 4247 Il.
809 4209 859 4247 ν.
893 4194 942 4246 1.
988 4191 1120 4246 Cum
1161 4199 1315 4242 natus
1367 4200 1492 4241 esset
1530 4188 1679 4243 Jesus
1726 4193 1781 4242 in
1814 4189 2107 4245 Bethlehem

619 4282 816 4335 Judww
841 4283 895 4333 in
916 4281 1091 4333 diebus
1110 4280 1328 4334 Herodis
1353 4281 1505 4348 regis,
1529 4295 1640 4331 ecce
1658 4283 1797 4350 magi
1830 4282 1892 4334 ab
1915 4284 2107 4335 oriente

618 4382 869 4427 venerunt
912 4371 1316 4442 Jerosolymam,
1345 4371 1396 4424 2.
1439 4371 1663 4425 dicentes
1697 4389 1712 4424 :
1757 4373 1850 4426 Ubi
1891 4384 1974 4426 est
2019 4377 2106 4444 qui

621 4472 774 4517 natus
806 4473 880 4516 est
913 4479 1004 4516 rex
1031 4463 1336 4516 Judarorum
1368 4462 1392 4514 ?
1439 4461 1669 4516 Vidimus
1715 4465 1854 4516 enim
1896 4464 2107 4517 stellam

618 4551 731 4620 ejus
757 4551 812 4603 in
847 4552 1063 4614 oriente,
1090 4559 1138 4602 et
1167 4553 1397 4604 venimus
1432 4553 1657 4605 adorare
1684 4569 1821 4605 eum.

620 4722 950 4793 Refelluntur
971 4727 1009 4778 ii
1041 4727 1129 4795 qui
1167 4743 1228 4779 ex
1256 4727 1412 4779 stella
1462 4743 1738 4808 magorum
1781 4733 2104 4785 occasionem

551 4817 877 4886 orripiebant
938 4817 1279 4887 astrologiam
1333 4819 1616 4871 asserendi.
1644 4849 1710 4858 -—
1738 4820 1903 4874 Multa
1944 4823 2104 4877 nobis

550 4922 688 4976 opus
712 4917 795 4961 est
824 4907 1120 4977 vigilantia.
1147 4909 1332 4962 multis
1360 4911 1634 4977 precibus,
1682 4921 1741 4963 ut
1774 4923 2097 4980 praesentem

550 4995 729 5050 locum
785 4997 1054 5064 explicare.
1099 4998 1387 5066 possimus,
1440 5014 1503 5052 ac
1559 5002 1700 5054 scire
1741 5001 1834 5070 qui
1881 5003 1991 5058 sint
2041 5004 2098 5056 hi

549 5084 712 5154 magi,
745 5084 909 5146 unde,
940 5085 1232 5153 quomodo,
1265 5093 1321 5138 et
1355 5103 1464 5155 quo
1494 5086 1770 5144 suadente
1794 5093 2043 5146 venerint
2079 5109 2094 5157 ;

550 5179 606 5226 et
633 5186 878 5241 quaenam
909 5171 997 5225 illa
1034 5173 1187 5226 stella
1210 5173 1396 5226 fuerit.
1429 5174 1541 5227 imo
1586 5177 1750 5229 etiam
1777 5216 1790 5238 ,
1822 5179 1865 5231 si
1892 5180 2055 5232 vultis
2078 5219 2094 5243 ,

549 5274 614 5314 ea
645 5260 877 5328 primum
929 5263 985 5314 in
1037 5263 1274 5314 medium
1320 5263 1651 5319 adducamus
1679 5305 1692 5327 ,
1742 5282 1862 5332 qua:
1903 5268 2095 5322 dicunt

549 5347 795 5401 veritatis
834 5349 1061 5402 inimici.
1095 5349 1308 5402 Etenim
1332 5365 1503 5419 usque
1529 5352 1665 5405 adeo
1693 5353 1941 5407 diabolus
1969 5355 2091 5409 illos

553 5437 772 5501 amavit,
807 5448 863 5491 ut
888 5440 1011 5492 inde
1041 5441 1162 5493 illos
1190 5456 1337 5494 arma
1379 5450 1565 5494 contra
1609 5443 1895 5497 veritatem
1934 5447 2096 5499 mini-

550 5539 722 5582 strare
758 5530 1064 5584 tentaverit.
1119 5531 1256 5593 Quid
1312 5533 1476 5594 igitur
1521 5533 1750 5588 dicunt?
1804 5536 1960 5601 Ecce,
2011 5539 2092 5591 in-

2205 4193 2421 4260 quiunt,
2450 4195 2670 4251 Christo
2713 4211 2845 4254 nato
2883 4203 3038 4255 stella
3092 4207 3384 4273 apparuit,
3438 4209 3587 4276 quod
3638 4225 3775 4268 sane

2205 4282 2418 4350 signum
2473 4295 2556 4339 est
2596 4291 2943 4360 astrologiam
2987 4309 3168 4348 veram
3217 4311 3339 4349 esse
3389 4296 3765 4368 disciplinam.

2203 4372 2483 4436 Quomodo
2527 4392 2657 4446 ergo
2695 4381 2740 4433 si
2786 4381 2881 4434 illo
2929 4383 3038 4436 ritu
3097 4394 3153 4438 et
3200 4387 3364 4440 modo
3426 4400 3592 4444 natus
3636 4402 3766 4456 est,

2203 4462 2546 4530 astrologiam
2586 4467 2764 4527 solvit.
2806 4468 2979 4524 fatum
3012 4474 3253 4537 sustulit,
3306 4475 3616 4530 damonum
3664 4496 3763 4535 ora

2202 4549 2496 4615 obturavit,
2537 4569 2781 4610 errorem
2816 4561 3043 4626 expulit,
3072 4571 3126 4614 et
3149 4578 3342 4617 omnes
3369 4566 3754 4634 hujuscemodi

2203 4641 2501 4709 praestigias
2551 4645 2886 4699 eliminavit?
2931 4648 3218 4712 Quomodo
3262 4653 3431 4706 etiam
3471 4657 3612 4725 magi
3646 4672 3747 4725 per

2202 4728 2510 4797 hujusmodi
2544 4734 2752 4787 stellam
2781 4737 3035 4791 ediscunt
3067 4739 3248 4808 ipsum
3285 4755 3405 4796 esse
3444 4760 3626 4812 regem
3657 4748 3758 4802 Ju-

2201 4819 2488 4875 dzeorum?
2537 4841 2661 4878 cum
2717 4839 2865 4882 certe
2916 4845 3024 4882 non
3086 4831 3404 4900 hujusmodi
3455 4838 3607 4904 regni
3662 4854 3760 4895 rex

2198 4924 2360 4976 esset,
2395 4922 2452 4965 ut
2486 4914 2600 4982 ipse
2641 4917 2814 4972 Pilato
2847 4919 3063 4974 dicebat
3094 4939 3108 4973 :
3138 4921 3378 4992 Regnum
3424 4941 3597 4979 meum
3654 4946 3761 4984 non

2199 5011 2273 5054 est
2301 5003 2364 5055 de
2390 5005 2484 5056 hoc
2510 5008 2701 5058 mundo
2729 5008 2907 5078 (Joan.
2945 5011 3031 5065 18.
3054 5011 3166 5078 56).
3211 5012 3359 5067 Nihil
3410 5015 3612 5086 quippe
3650 5019 3759 5076 tale

2198 5095 2520 5148 monstravit
2573 5113 2585 5147 :
2647 5113 2755 5152 non
2802 5099 3067 5167 hastatos,
3108 5119 3219 5157 non
3274 5105 3552 5174 clypeatos
3583 5147 3597 5171 ,
3645 5125 3758 5164 non

2196 5197 2387 5250 equos,
2417 5199 2528 5238 non
2562 5187 2836 5241 mulorum
2868 5190 3079 5260 jugum,
3131 5208 3310 5263 neque
3339 5195 3622 5265 quidpiam
3676 5201 3757 5254 si-

2197 5272 2323 5326 mile
2369 5274 2576 5328 circum
2627 5293 2684 5330 se
2735 5278 2967 5344 habuit;
3018 5280 3114 5334 sed
3158 5283 3323 5336 vilem
3371 5294 3426 5338 et
3457 5302 3756 5355 pauperem

2203 5361 2361 5417 vitam
2411 5366 2637 5433 agebat,
2691 5367 2980 5421 duodecim
3044 5379 3253 5424 tantum
3319 5373 3507 5438 viros,
3547 5391 3754 5446 eosque

2198 5449 2661 5528 despicatissimos
2717 5456 3154 5512 circumducens.
3222 5458 3327 5512 Sed
3391 5460 3625 5524 etiamsi?
3672 5464 3755 5534 ip-

2200 5554 2318 5592 sum
2381 5542 2587 5595 scirent
2659 5559 2780 5599 esse
2855 5562 3034 5614 regem
3069 5587 3082 5610 ,
3142 5562 3240 5601 cur
3305 5549 3524 5605 tandem
3597 5553 3752 5608 illum
