4040 6420
151 361 220 413 (ἶῦ
1327 360 1390 411 ΙΝ
1429 358 1836 411 MA'I'I‘IIALU.“
1878 359 2106 408 IIUMIL.
2154 360 2234 408 Vl.
3372 355 3444 410 (ii

152 466 383 518 adeunt?
408 465 589 535 Neque
611 466 752 518 enim
782 466 905 518 illud
933 476 1311 520 astronomiam
1339 479 1565 537 spectat,
1597 479 1652 523 iit
1679 487 1741 523 ex

150 553 322 606 stellis
347 563 737 623 cognoscantur
767 555 798 606 ii
829 554 916 623 qui
957 565 1284 620 nascuntur;
1315 558 1409 610 sed
1437 566 1493 610 ut
1519 573 1580 610 ex
1612 559 1740 611 liora

147 656 253 708 qua
287 651 606 708 nascuntur,
642 643 1062 711 praenuntientiir
1086 659 1151 699 ea
1177 659 1296 713 quae
1336 645 1465 712 ipsis
1489 656 1743 700 eventura

145 741 298 796 sunt,
322 732 396 784 uti
423 731 641 800 quidem
670 744 906 787 narrant.
934 734 998 787 lli
1031 749 1158 789 vero
1178 749 1350 805 neque
1374 735 1600 804 parienti
1625 753 1741 792 nia-

146 823 217 874 tri
248 822 508 886 aderant,
539 837 710 891 neque
750 832 957 892 tempus
988 834 1414 900 noverant,quo
1441 837 1597 880 natus
1621 838 1704 882 est
1725 870 1738 890 .

144 927 325 980 neque
353 913 474 967 inde
500 913 654 967 initio
677 913 856 982 ducto,
884 909 949 970 es
976 917 1248 971 stellarum
1271 929 1418 973 motu
1440 935 1558 989 qua:
1578 936 1738 974 even-

143 1012 264 1053 tura
287 1012 439 1055 erant
463 1003 829 1070 prmdixerunt
851 1023 864 1058 :
888 1005 981 1060 sed
1013 1020 1044 1061 e
1070 1007 1358 1070 contrario,
1382 1023 1504 1062 cuin
1530 1011 1738 1064 stellam

138 1090 316 1144 multo
351 1100 474 1145 ante
511 1102 750 1162 tempore
785 1095 836 1148 in
879 1097 1096 1165 regione
1129 1112 1224 1151 sua
1257 1097 1544 1167 fulgentem
1571 1101 1734 1153 vidis-

135 1195 301 1250 sent,
329 1195 510 1241 natum
550 1189 717 1244 visuri
753 1192 1014 1247 accedunt
1046 1214 1059 1249 :
1091 1196 1237 1264 quod
1278 1211 1408 1253 sane
1445 1199 1738 1268 majoribus

132 1277 428 1330 obnoxium
455 1277 854 1336 difﬁcultatibus
883 1293 985 1346 est,
1016 1301 1177 1355 quam
1203 1286 1256 1340 id
1285 1289 1426 1357 quod
1465 1289 1735 1358 praecedit.

130 1365 394 1428 Qumnam
437 1366 558 1420 illos
603 1369 741 1422 ratio
787 1373 1002 1426 movit?
1044 1388 1150 1442 qua
1187 1387 1283 1443 spe
1322 1375 1436 1429 fulti
1479 1393 1544 1432 ex
1589 1387 1734 1433 tanto

132 1466 403 1510 terrarum
451 1459 625 1527 spatio
673 1460 951 1517 adoratum
992 1478 1178 1534 regem
1217 1468 1480 1520 veniunt?
1518 1467 1651 1522 Nam
1689 1469 1735 1523 si

128 1546 355 1614 quidem
386 1562 480 1601 rex
510 1548 746 1617 ipsorum
775 1550 989 1606 futurus
1017 1563 1133 1607 erat
1155 1595 1171 1620 ,
1205 1570 1273 1610 ne
1302 1557 1380 1610 sic
1406 1557 1566 1610 etiam
1597 1571 1732 1610 con-

131 1645 422 1702 gruentem
451 1637 688 1695 habuere
716 1641 998 1697 rationem.
1024 1642 1237 1699 Etenim
1265 1646 1310 1699 si
1339 1646 1391 1700 in
1422 1648 1582 1715 regiis
1606 1647 1735 1700 aedi-

130 1730 235 1783 bus
277 1737 436 1784 natus
479 1730 709 1800 fuisset,
754 1749 880 1804 rege
921 1745 1074 1805 patre
1117 1750 1422 1807 praesente,
1461 1740 1582 1810 jure
1615 1740 1735 1808 quis

129 1819 358 1883 diceret,
394 1819 539 1887 ipsus
581 1831 635 1875 iit
666 1824 800 1890 patri
857 1828 1134 1894 placerent
1169 1837 1350 1882 natum
1383 1844 1608 1897 puerum
1638 1828 1735 1883 ad-

132 1910 402 1974 oravisse,
439 1920 494 1964 ut
516 1910 617 1965 lioe
635 1914 910 1980 praemisso
937 1917 1104 1980 cultu,
1137 1919 1276 1987 regis
1313 1920 1738 1975 benevolentiam

129 1999 236 2052 sibi
258 2000 630 2055 conciliarent.
653 2002 784 2056 Cum
807 2018 935 2059 vero
956 2007 1157 2061 scirent
1178 2010 1352 2076 ipsum
1377 2024 1557 2078 regem
1581 2025 1734 2064 suum

132 2103 246 2142 non
275 2103 399 2143 esse
439 2091 670 2143 futurum
691 2133 708 2154 ,
735 2093 829 2146 sed
861 2093 1050 2148 alienae
1078 2097 1254 2165 gentis
1274 2137 1290 2162 ,
1322 2112 1354 2151 a
1392 2099 1608 2168 regione
1636 2113 1730 2153 sua

132 2176 299 2246 longe
329 2189 572 2244 remotae,
605 2180 888 2251 ipsumque
909 2185 974 2237 ad
996 2185 1094 2238 viri
1115 2195 1326 2240 atatem
1353 2189 1589 2242 nondum
1614 2204 1736 2258 per-

131 2268 370 2332 venisse,
404 2284 502 2322 cur
529 2279 729 2324 tantam
772 2275 1253 2342 peregrinationem
1290 2279 1607 2346 suscipiunt,
1638 2293 1736 2333 cur

131 2361 276 2412 dona
307 2357 558 2425 afferunt,
590 2361 804 2428 quando
835 2366 1064 2418 maxime
1089 2379 1211 2418 cum
1245 2367 1483 2434 periculo
1515 2367 1630 2422 liatc
1658 2369 1735 2421 fa-

129 2449 274 2502 cturi
317 2449 507 2503 erant?
547 2451 818 2520 Siquidem
864 2455 964 2508 lioc
1000 2455 1182 2510 audito
1222 2457 1458 2511 Herodes
1490 2458 1734 2513 turbatus

130 2552 218 2595 est
241 2580 257 2603 ,
288 2540 532 2594 turbatus
572 2542 699 2596 item
742 2546 968 2613 populus
1011 2556 1150 2602 totus
1174 2589 1188 2612 ,
1221 2562 1341 2601 cum
1385 2549 1500 2603 liiee
1530 2566 1594 2603 ex
1632 2551 1733 2603 illis

129 2629 364 2683 audiret.
389 2631 476 2692 At,
508 2631 732 2699 inquies,
761 2634 873 2688 lia'c
900 2635 972 2688 illi
1001 2651 1104 2690 non
1130 2639 1502 2706 priesciebant.
1536 2639 1730 2694 Verum

132 2719 186 2772 id
212 2733 334 2771 cum
365 2721 568 2772 ratione
596 2730 811 2791 pugnat.
838 2723 966 2776 Nam
991 2727 1089 2779 etsi
1111 2727 1396 2802 admodum
1421 2728 1733 2796 insipientes

129 2808 402 2872 fuissent,
446 2811 693 2879 ignorare
733 2828 839 2866 non
884 2825 1161 2882 poterant,
1201 2832 1260 2870 se
1300 2819 1353 2882 in
1395 2820 1580 2872 urbem
1621 2819 1731 2888 regi

129 2898 405 2952 subditam
433 2900 725 2966 venientes,
755 2903 984 2970 taliaque
1012 2906 1338 2970 nuntiantes,
1370 2907 1640 2976 aliumque
1664 2907 1733 2961 ab

128 3002 199 3042 eo
221 2988 313 3057 qui
340 2997 450 3041 tum
478 2990 731 3057 regnabat
751 3006 929 3060 regem
956 3005 1076 3047 esse
1102 3006 1483 3062 monstrantes,
1507 3011 1730 3060 sexcen-

129 3076 202 3131 tis
231 3091 355 3131 sese
385 3079 574 3131 mortis
613 3079 863 3147 periculis
901 3082 1151 3151 objicere.
1182 3083 1294 3138 Cur
1325 3094 1504 3138 autem
1544 3089 1733 3154 pannis

131 3168 434 3218 involutum
463 3166 795 3222 adorarunt?
821 3170 952 3223 Nam
982 3172 1024 3223 si
1060 3172 1142 3224 vir
1169 3174 1359 3226 saltem
1392 3175 1596 3238 fuisset,
1628 3175 1734 3227 dici

130 3259 399 3323 potuisset
433 3258 552 3311 illos
574 3297 590 3322 ,
622 3261 760 3325 quod
791 3275 946 3329 opem
987 3263 1104 3330 ejus
1143 3274 1518 3331 exspectarent
1541 3306 1556 3328 ,
1587 3281 1647 3318 se
1676 3264 1730 3318 in

129 3355 383 3414 apertum
431 3348 723 3414 periculmn
762 3349 1057 3417 conjeCissc
1100 3368 1115 3403 :
1152 3351 1293 3419 quod
1335 3363 1510 3407 tamen
1559 3353 1732 3423 ipsum

128 3448 398 3492 extremm
455 3439 753 3499 dementiae
814 3442 1028 3508 fuiSSet,
1089 3445 1347 3511 Persam,
1397 3449 1732 3514 barbarum,

128 3526 231 3593 qui
270 3527 414 3580 nihil
449 3544 741 3585 commune
775 3532 1007 3588 haberet
1035 3550 1162 3589 cum
1199 3535 1516 3590 Judieorum
1546 3546 1731 3606 gente,

129 3633 162 3670 a
197 3618 430 3687 propria
471 3627 620 3675 terra
652 3622 942 3680 discedere
991 3627 1154 3691 velle,
1209 3642 1275 3680 ac
1320 3627 1598 3697 patriam,
1639 3644 1735 3682 co-

126 3702 333 3777 gnatos
363 3718 420 3763 et
464 3710 690 3767 domum
733 3715 1086 3784 relinquere,
1138 3734 1307 3786 seque
1351 3718 1512 3773 alteri
1563 3735 1735 3790 regno

129 3792 436 3870 subjicere.

206 4007 265 4063 2.
321 4009 474 4074 Quod
523 4012 566 4064 si
621 4012 722 4069 lioc
767 4016 989 4070 stultum
1036 4019 1256 4083 fuisset,
1305 4021 1449 4088 quod
1496 4025 1742 4092 sequitur

140 4097 304 4167 longe
345 4099 578 4166 stultius.
626 4102 889 4171 Quidnam
932 4107 1061 4162 illud
1113 4109 1239 4162 est?
1279 4110 1430 4174 Quod
1460 4123 1564 4166 tam
1599 4115 1738 4182 longi

137 4188 374 4256 spatium
422 4191 627 4246 itineris
669 4197 904 4262 emensi,
957 4208 1235 4268 postquam
1262 4200 1650 4269 adoraverant,
1686 4217 1740 4258 ct

135 4287 347 4332 tantum
393 4281 531 4349 apud
580 4299 766 4339 omnes
812 4290 1095 4342 tumultum
1135 4291 1527 4360 excitaverant,
1558 4298 1737 4348 statim

132 4371 344 4424 reversi
391 4373 516 4428 sint.
567 4375 696 4440 Qua:
743 4379 957 4433 tandem
997 4381 1247 4436 viderunt
1286 4386 1435 4453 regni
1476 4387 1739 4457 insignia?

132 4458 465 4528 Tiigurium,
516 4480 786 4534 praesepe,
839 4471 1218 4537 puerulum'iu
1265 4476 1580 4544 cunabulis,
1626 4495 1741 4533 ma-

133 4558 278 4603 trem
325 4566 635 4620 pauperem.
676 4557 900 4611 tluiiiam
930 4575 1155 4617 munera
1185 4564 1527 4632 obtulerunt,
1557 4577 1611 4622 et
1634 4583 1738 4637 qua

133 4640 205 4697 de
244 4645 453 4697 causa?
495 4647 575 4700 An
619 4662 681 4700 ea
726 4649 807 4703 lex
834 4690 849 4711 .
888 4651 935 4704 is
972 4667 1087 4707 mos
1113 4665 1260 4719 erat,
1290 4667 1344 4709 iit
1369 4658 1616 4713 omnibus
1644 4676 1740 4728 per

137 4734 328 4788 orbem
371 4739 717 4795 nascentibus
755 4743 972 4811 regibus
1014 4745 1067 4799 id
1093 4747 1334 4817 obsequii
1367 4752 1738 4807 tribueretur?

139 4839 209 4875 an
233 4837 447 4892 semper
463 4836 727 4884 terrarum
755 4833 940 4887 orbein
967 4835 1282 4904 circuibant,
1304 4853 1360 4893 ut
1383 4856 1519 4911 quos
1538 4842 1739 4898 scirent

139 4928 210 4966 ex
245 4913 435 4975 vilibus
472 4930 528 4971 et
568 4922 888 4989 pauperibus
927 4940 1082 4995 rcges
1107 4928 1343 4996 futuros,
1372 4941 1657 5002 antequam
1683 4935 1736 4988 iii

142 5005 349 5073 regium
397 5008 586 5062 solium
629 5014 1014 5082 ascenderem,
1058 5020 1386 5075 adorarent?
1415 5023 1580 5078 Nemo
1609 5039 1739 5081 sane

139 5094 267 5148 illud
316 5095 531 5153 dixerit.
573 5098 683 5154 Cur
727 5117 856 5172 ergo
902 5104 1051 5161 illum
1099 5109 1434 5166 adorarunt?
1476 5114 1529 5169 Si
1557 5130 1737 5170 rerum

139 5187 488 5250 priesentium
530 5203 721 5256 causa,
769 5195 892 5262 quid
932 5212 992 5252 se
1031 5214 1248 5267 sperare
1278 5213 1576 5272 poteranta
1610 5223 1738 5276 pue-

140 5273 261 5327 rulo
291 5286 347 5329 et
368 5278 527 5347 inope
549 5291 719 5336 matre
747 5295 1063 5353 accepturos
1082 5294 1110 5356 ‘l_
1129 5293 1174 5345 si
1203 5293 1502 5351 futurorum
1529 5273 1695 5367 gratia
1717 5342 1734 5357 .

139 5364 280 5417 unde
306 5368 443 5422 scire
467 5379 713 5437 poterant
744 5377 1023 5442 puerulum
1050 5383 1100 5434 in
1129 5386 1407 5441 cunabulis
1429 5364 1734 5453 adoratum,

135 5469 322 5509 eorum
351 5471 470 5524 quze
498 5469 606 5514 tum
636 5475 784 5532 gesta
813 5476 939 5520 sunt
964 5473 1364 5529 recordaturum
1396 5491 1516 5532 esse
1535 5479 1559 5534 Υ
1581 5479 1734 5546 Quod

135 5546 180 5598 ti
231 5557 405 5601 mater
454 5551 600 5607 illum
655 5556 990 5614 admonitura
1041 5574 1189 5627 erat,
1248 5570 1509 5636 supplicio
1558 5574 1734 5629 notius

135 5652 294 5706 quain
335 5643 556 5708 praemio
579 5645 720 5716 digni
753 5665 938 5718 crant,
968 5656 1058 5723 qui
1086 5658 1137 5709 in
1164 5669 1405 5725 apertum
1441 5663 1730 5730 periculum

1845 486 1996 542 illum
2040 484 2417 554 conjecissent.
2469 479 2675 535 Exinde
2719 479 2862 534 enim
2893 476 3129 531 llerodcs
3159 474 3402 528 turbatus
3426 516 3439 537 ,

1846 578 2125 648 quaerebat
2165 578 2310 631 illum
2335 615 2348 639 ,
2381 573 2752 638 scrutabatur,
2786 582 2840 625 et
2860 568 3162 624 interﬁcere
3185 565 3444 620 tentabat.

1847 669 2024 737 Atque
2053 668 2249 737 ubique
2276 676 2539 721 terrarum
2560 705 2575 728 ,
2605 664 2696 732 qui
2724 663 2956 731 aliquem
2985 662 3038 713 in
3072 658 3264 713 tenella
3291 666 3446 710 ietaic

1849 762 2155 830 privatum,
2195 767 2539 829 regnaturum
2581 771 2703 812 esse
2739 756 2911 825 palam
2939 751 3283 822 praedixerit,
3317 749 3446 801 nili'il

1849 849 1990 904 aliud
2031 851 2171 913 agit,
2212 864 2370 918 quam
2400 847 2540 916 quod
2569 847 2740 915 ipsum
2771 846 2888 899 neci
2919 844 3122 906 tradat,
3151 842 3237 895 vel
3262 851 3446 893 contra

1838 951 1988 1005 illum
2031 947 2166 1002 bella
2196 944 2393 998 excitet
2417 942 2716 996 innumera.
2741 937 2934 994 Videii’
2959 949 3156 1007 quanta
3190 938 3315 993 hinc
3341 940 3440 994 ab-

1837 1040 1999 1095 surda
2030 1044 2317 1091 nascantur
2337 1075 2351 1097 ,
2380 1033 2426 1087 si
2451 1038 2742 1087 secundum
2767 1045 2948 1084 rerum
2977 1029 3331 1084 humanarum
3357 1045 3446 1084 se-

1839 1130 2008 1191 riem,
2068 1117 2445 1194 viilgaremque
2485 1137 2690 1176 morem
2735 1135 2823 1175 res
2869 1120 3220 1190 exploretur?
3260 1119 3446 1190 Neque

1841 1230 2020 1274 tamen
2067 1217 2184 1271 bzec
2214 1224 2418 1269 tantum
2442 1255 2456 1276 ,
2487 1213 2582 1268 sed
2611 1213 2773 1267 etiam
2803 1212 2972 1266 multo
3003 1212 3153 1279 plura
3179 1212 3281 1265 dici
3317 1227 3444 1280 po.»

1841 1319 1965 1366 sent
1986 1352 2001 1377 ,
2027 1325 2146 1379 qua:
2179 1309 2410 1376 majores
2440 1305 2505 1360 iis
2525 1347 2539 1370 ,
2563 1319 2697 1373 quas
2718 1317 2882 1372 supra
2907 1303 3167 1366 diximus,
3197 1315 3446 1372 parerent

1842 1403 2184 1474 qua-stiones.

1907 1591 2072 1647 Stella
2090 1633 2105 1656 ,
2135 1606 2248 1662 qua:
2269 1591 2509 1661 apparuit
2529 1632 2543 1656 ,
2574 1607 2675 1644 non
2701 1607 2728 1642 ε
2756 1605 2966 1643 numero
2994 1602 3297 1645 caterarum
3317 1593 3439 1646 stel-

1833 1685 2001 1738 larum
2045 1695 2174 1739 erat.
2209 1714 2280 1724 —
2317 1681 2424 1738 Sed
2456 1699 2522 1737 ne
2547 1681 2889 1737 difﬁcultates
2908 1680 3312 1739 difficultatibus
3337 1701 3440 1739 ne-

1832 1787 2077 1842 ctentes,
2129 1776 2181 1832 in
2226 1777 2508 1846 caliginem
2549 1775 3040 1846 obscuritatemque
3079 1791 3176 1831 vos
3213 1776 3438 1845 deiicia-

1832 1884 1953 1924 mus
1977 1886 1992 1933 ;
2038 1883 2136 1939 age
2173 1867 2391 1924 demum
2420 1866 2487 1921 ad
2515 1868 2863 1938 quaesitorum
2888 1867 3208 1923 solutionem
3237 1883 3439 1936 νιοβε-

1833 1977 2014 2016 remus
2031 2002 2044 2026 ,
2073 1970 2127 2015 et
2148 1978 2176 2014 a
2207 1960 2360 2015 stella
2384 1958 2643 2014 ducamus
2669 1959 2896 2013 initium.
2920 1957 2976 2013 Si
3003 1958 3146 2013 enim
3167 1958 3440 2013 dlscaimis

1833 2071 1954 2125 quae
1998 2054 2082 2109 vel
2127 2053 2302 2122 qualis
2351 2052 2437 2107 illa
2485 2051 2595 2117 sit,
2639 2067 2706 2105 an
2735 2067 2802 2106 ex
2834 2066 3058 2106 numero
3086 2052 3342 2118 aliarum,
3371 2066 3439 2104 an

1787 2145 1796 2153 '
1834 2146 2046 2200 diversa
2088 2145 2156 2200 ab
2203 2144 2344 2207 illis,
2393 2157 2459 2196 an
2512 2151 2704 2197 natura
2753 2146 2994 2206 sua,‘an
3023 2143 3204 2211 specie
3234 2151 3440 2195 tantum

1834 2238 1988 2292 stella
2009 2278 2024 2300 ,
2079 2246 2203 2291 tunc
2235 2236 2389 2290 facile
2414 2244 2608 2290 czetera
2640 2235 2820 2288 omnia
2848 2235 3102 2288 sciemus.
3133 2233 3287 2290 Unde
3313 2250 3443 2304 ergo

1838 2331 1952 2384 haec
1992 2327 2426 2396 comperiamus?
2471 2325 2549 2380 Ex
2596 2326 2709 2392 ipsa
2748 2324 3044 2394 Scriptura.
3095 2325 3250 2391 Quod
3296 2327 3438 2380 enim

1838 2420 1953 2473 liiec
2002 2418 2156 2472 stella
2203 2432 2308 2472 non
2355 2431 2423 2470 ex
2474 2431 2701 2471 numero
2738 2416 2999 2482 aliarum,
3042 2417 3154 2470 imo
3193 2432 3261 2471 ne
3285 2417 3439 2473 sti-lla

1839 2511 2052 2579 quidem
2076 2518 2254 2570 esset,
2282 2517 2340 2561 iit
2369 2508 2496 2561 milii
2523 2508 2738 2575 quidem
2761 2507 3006 2574 videtur,
3036 2508 3129 2562 sed
3161 2508 3442 2562 invisibilis

1837 2603 2082 2671 quaedam
2109 2602 2299 2665 virtus,
2326 2615 2446 2669 quae
2473 2600 2644 2654 stella:
2671 2601 2907 2667 speciem
2941 2600 3237 2668 praferret,
3267 2601 3444 2669 primo

1839 2694 1904 2746 ab
1951 2693 2067 2759 cjiis
2112 2692 2302 2744 itinere
2347 2691 2606 2759 arguitur.
2653 2689 2806 2744 Nulla
2853 2691 3038 2757 enim,
3085 2691 3229 2745 nulla
3261 2690 3446 2759 utique

1839 2783 1992 2837 stella
2041 2790 2123 2834 cst
2168 2796 2286 2848 qua:
2331 2781 2422 2833 tali
2466 2790 2652 2849 pergat
2677 2781 2758 2832 via
2792 2796 2804 2831 :
2841 2795 2963 2833 nam
2993 2790 3049 2834 et
3077 2780 3247 2834 solem
3274 2790 3328 2833 ct
3357 2781 3444 2834 lii-

1840 2887 1962 2925 nam
1986 2912 1998 2931 ,
2051 2884 2104 2924 et
2145 2869 2276 2922 alias
2321 2883 2509 2924 omnes
2547 2868 2732 2922 stellas
2768 2869 2837 2923 ab
2869 2869 3077 2922 oriente
3106 2869 3349 2923 videmus
3375 2870 3443 2922 ad

1839 2963 2172 3017 occidcniem
2218 2976 2444 3031 pergere
2492 2979 2505 3013 :
2540 2960 2652 3013 haec
2681 2975 2810 3014 vero
2837 2961 2992 3015 stella
3022 2975 3052 3013 ει
3078 2958 3446 3028 septentrione

1840 3056 1904 3106 ad
1947 3052 2223 3106 meridiem
2274 3053 2543 3105 ferebatur
2590 3069 2602 3102 :
2652 3051 2948 3104 Palaestina:
2974 3052 3169 3119 quippe
3195 3052 3283 3105 liic
3308 3052 3447 3106 situs

1840 3153 1922 3196 est
1952 3143 1995 3197 si
2028 3142 2296 3196 Persidem
2326 3151 2560 3208 spectes.
2586 3140 2870 3204 Secundo,
2905 3141 3035 3194 illud
3065 3142 3225 3196 etiam
3249 3157 3280 3194 a
3306 3151 3445 3196 tem-

1844 3248 1972 3301 pore
2014 3233 2228 3300 probari
2261 3230 2672 3300 potestaNeque
2695 3232 2838 3284 enim
2866 3227 3026 3286 nectit
3058 3240 3314 3301 apparet,
3347 3232 3445 3286 sed

1842 3326 1894 3376 in
1925 3323 2149 3376 meridie
2169 3363 2184 3383 ,
2213 3323 2427 3375 lucente
2469 3323 2584 3376 sole
2607 3337 2622 3385 ;
2665 3337 2826 3390 quain
2854 3323 2959 3376 vim
2987 3337 3087 3376 nec
3110 3323 3265 3376 stella
3291 3365 3306 3388 ,
3337 3323 3446 3377 imo

1844 3430 1910 3467 ne
1954 3414 2076 3467 luna
2120 3412 2336 3482 quidem
2387 3414 2501 3479 ipsa
2545 3411 2745 3476 habet,
2789 3428 2910 3482 qua:
2939 3413 3064 3468 licet
3090 3414 3267 3467 omnia
3297 3424 3444 3470 astra

1843 3514 2082 3569 superet,
2115 3513 2237 3557 orto
2267 3504 2397 3557 solis
2420 3503 2626 3572 fulgore
2655 3504 2836 3557 statim
2865 3504 3164 3558 occultatur
3186 3521 3282 3559 nec
3312 3521 3438 3561 con-

1839 3598 2080 3667 spicitur.
2127 3598 2252 3653 llaec
2279 3615 2407 3655 vero
2433 3601 2584 3657 stella
2614 3601 2917 3672 Splendoris
2943 3602 3024 3657 sui
3057 3604 3107 3658 vi
3130 3604 3293 3658 etiam
3321 3602 3452 3658 solis

1839 3691 2018 3742 radios
2040 3689 2328 3757 splendore
2348 3686 2673 3760 superabat,
2698 3693 3036 3763 majoresque
3061 3694 3339 3749 emittebat
3359 3709 3450 3747 ra-

1841 3779 1979 3834 dios.
2014 3778 2199 3835 Tertio
2225 3823 2239 3845 ,
2265 3781 2523 3850 probatur
2542 3823 2556 3842 .
2580 3783 2723 3851 quod
2745 3800 2807 3839 ea
2838 3784 3001 3839 modo
3026 3785 3199 3839 lucem
3229 3785 3444 3839 emitte-

1839 3879 1953 3934 ret,
2003 3872 2164 3924 modo
2209 3882 2469 3928 cessaret.
2495 3872 2630 3928 Nam
2655 3875 2991 3930 venientibus
3021 3877 3076 3931 in
3105 3877 3445 3932 Palaestinam

1838 3962 1975 4015 luxit
2019 3980 2031 4014 :
2082 3972 2364 4032 postquam
2412 3976 2591 4019 autem
2638 3967 3027 4038 Jerosolymam
3073 3969 3444 4030 advenerant,

1837 4067 1956 4105 sese
1995 4055 2283 4108 occultavit
2306 4055 2420 4126 (a);
2449 4056 2644 4112 deinde
2672 4057 2884 4115 Herode
2910 4061 3130 4124 relicto,
3165 4072 3444 4130 postquam

1839 4141 1988 4196 illum
2018 4143 2085 4198 de
2111 4160 2269 4199 causa
2302 4147 2508 4201 itineris
2531 4149 2815 4205 certiorem
2843 4151 3104 4218 fecerant,
3133 4155 3234 4208 iter
3260 4170 3442 4209 suscec

1840 4234 2006 4297 pturis
2026 4236 2272 4302 apparuit
2297 4254 2311 4289 ε
2341 4238 2483 4305 quod
2510 4249 2656 4294 certe
2683 4256 2790 4294 non
2821 4246 2991 4298 stella-
3019 4247 3186 4299 motui
3217 4259 3442 4316 compe-

1838 4323 1938 4384 tit,
1991 4324 2084 4376 sed
2138 4325 2319 4379 virtuti
2368 4327 2719 4397 intelligentia
2770 4333 3028 4399 praeditis.
3082 4335 3268 4405 Neque
3293 4338 3441 4392 enim

1837 4416 2108 4482 proprium
2150 4416 2248 4469 sibi
2293 4431 2511 4472 cursum
2556 4419 2814 4488 habebat,
2858 4425 2951 4478 sed
2991 4425 3078 4478 ubi
3111 4428 3441 4497 pergendum

1834 4516 1944 4558 erat
1967 4545 1982 4570 ,
2011 4507 2094 4559 illa
2125 4509 2416 4576 pergebat;
2446 4511 2531 4566 ubi
2559 4513 2843 4581 standum,
2879 4520 3086 4583 stabat,
3146 4522 3442 4578 secundum

1833 4598 2285 4664 opportunitatem
2335 4604 2512 4657 omnia
2583 4604 2941 4674 dispensans:
3000 4611 3139 4666 sicut
3190 4615 3438 4669 columna

1834 4687 1920 4742 illa
1961 4689 2118 4743 nubis
2164 4705 2280 4758 qiize
2335 4691 2537 4747 Judaeis
2582 4698 2950 4759 monstrabat.
3001 4703 3215 4769 quando
3261 4715 3438 4760 castra

1833 4795 2069 4844 movere.
2103 4784 2316 4850 quando
2340 4784 2528 4840 sistere
2551 4801 2825 4857 oporteret
2854 4789 3047 4862 (Exod.
3065 4796 3151 4849 15.
3175 4795 3334 4850 Num.
3359 4799 3434 4866 9).

1831 4871 2032 4938 Quarto
2057 4915 2070 4940 ,
2118 4873 2187 4927 ab
2210 4871 2340 4940 ipso
2367 4876 2578 4930 incendi
2606 4879 2768 4933 modo
2794 4881 2845 4935 id
2874 4883 3018 4939 clare
3042 4885 3289 4944 discitur.
3320 4890 3436 4945 Non

1830 4962 1975 5014 enim
2019 4962 2071 5016 in
2116 4965 2228 5017 alto
2271 4966 2402 5018 cazlo
2441 4970 2728 5023 constituta
2753 5012 2769 5035 ,
2812 4988 2986 5043 neque
3014 4977 3156 5031 enim
3189 4991 3438 5046 poterant

1831 5050 1925 5105 illo
1964 5054 2124 5109 modo
2163 5055 2353 5125 dirigi,
2398 5060 2492 5112 sed
2524 5059 2732 5116 inferne
2772 5062 3004 5120 demissa
3025 5110 3040 5132 ,
3072 5070 3247 5125 locum
3279 5088 3436 5128 mon-

1897 5361 1970 5440 ςα)
1985 5362 2136 5440 3,103
2397 5363 2788 5440 ghqspstomiis,
2809 5368 3181 5440 stellainmagis
3203 5389 3362 5440 usque
3386 5384 3435 5432 in

1833 5423 2131 5496 Palm‘stinam
2157 5425 2361 5496 luxisse,
2389 5434 2441 5496 et
2462 5423 2571 5473 cum
2589 5427 2936 5490 Jerosolymatn
2959 5423 3436 5496 adveiiissentzvs'ese

1833 5483 2481 5562 Rcﬁllnluﬁﬂilrlfglljidgluf
2495 5501 2762 5562 901l§qqare
2781 5483 2895 5539 'cum
2921 5483 3183 5562 Evangelii)
3202 5483 3433 5562 aiatait;

1835 5545 1880 5602 tl,
1903 5546 1982 5620 ιο,
2004 5544 2085 5620 ubi
2107 5545 2286 5620 legitur
2312 5552 2542 5620 :ﬁt'ecce
2558 5549 2715 5620 stella,
2737 5564 2890 5620 quant
2909 5544 3429 5620 videi-21min53-55121

1835 5604 2140 5684 antecedebat
2159 5619 2298 5684 eos...
2330 5606 2554 5684 t--"idmitcs
2587 5604 2760 5661 autent
2785 5613 2972 5665 stellam
3004 5604 3416 5684 gavisi-siluitque

1836 5667 1925 5716 dio
1941 5680 2110 5730 magno
2133 5667 2290 5729 valde,
2329 5676 2424 5718 ριρ,
3004 5667 3030 5682 υ
3057 5667 3084 5669 -κ
3183 5667 3288 5672 τη--
3315 5667 3324 5686 ε
