4040 6424
623 368 693 423 65
1320 374 1378 430 S.
1416 372 1689 430 JOANNIS
1723 356 2190 429 CIIRYSOSTOMI
2226 366 2539 425 ARCHIEP.
2578 334 3137 423 CONSTANTINOP.
3554 369 3573 386 '
3797 350 3865 411 ω

627 488 849 546 strabat.
896 485 1074 542 Nostis
1119 483 1259 540 enim
1306 498 1411 539 non
1459 495 1617 552 posse
1663 480 1871 536 stellam
1918 479 2093 535 locum
2128 478 2200 533 ita

622 592 843 650 parvum
887 586 1223 642 monstrare,
1270 575 1360 645 qui
1405 573 1678 644 tugurium'
1708 571 2041 637 contineret;
2091 570 2202 625 imo

620 669 795 725 iocum
831 668 921 737 qui
949 680 1144 736 corpus
1168 663 1409 719 infantuli
1436 678 1626 732 capere
1655 670 1834 731 posset
1858 677 1876 715 :
1905 660 2027 731 quia
2052 661 2198 715 enim

616 761 877 816 immensa
922 766 1037 813 erat
1075 756 1299 812 altitudo
1324 797 1339 821 ,
1388 770 1493 809 non
1540 762 1747 822 poterat
1787 752 1941 807 stella
1970 760 2076 805 tam
2098 766 2197 804 an-

618 862 830 919 gustum
886 848 1062 902 locum
1118 846 1352 901 indicare
1399 844 1699 898 volentibus
1754 842 2003 897 invisere.
2064 841 2197 896 lllud

623 955 749 994 vero
773 954 836 993 ex
870 939 981 1006 ipsa
1013 939 1133 991 luna
1162 933 1564 1002 deprehendere
1586 945 1669 988 est
1692 952 1705 987 :
1729 948 1848 1003 quae
1873 948 1993 987 cum
2017 932 2201 987 stellas

617 1042 805 1082 omnes
831 1037 1032 1081 tantum
1060 1033 1295 1095 saperet,
1324 1024 1589 1079 universis
1617 1023 1801 1078 orbem
1824 1021 2197 1085 incolentibus,

619 1126 675 1170 et
710 1118 762 1169 iu
792 1124 933 1193 tanta
964 1124 1119 1168 terra:
1145 1102 1423 1169 latitudine
1446 1112 1648 1168 diffusis
1667 1152 1686 1180 ,
1714 1112 1887 1165 vicina
1908 1126 2027 1166 esse
2058 1112 2200 1168 vide-

622 1217 725 1260 tur.
778 1200 1053 1271 Quomodo
1094 1204 1293 1273 igitur,
1337 1217 1554 1274 quasso,
1599 1203 1770 1263 locum
1815 1202 1887 1256 ita
1917 1210 2197 1271 angustum

621 1298 876 1365 praesepis
905 1305 957 1350 et
985 1296 1178 1365 tugunii
1210 1295 1362 1350 stella
1392 1293 1716 1348 ostendisset
1742 1308 1757 1357 ;
1785 1293 1887 1348 nisi
1907 1293 2087 1348 relicta
2110 1292 2198 1346 illa

619 1390 936 1444 celsitudine
977 1387 1044 1441 ad
1072 1387 1317 1441 inferiora
1346 1384 1745 1449 descendisset,
1774 1392 1827 1437 et
1850 1396 2009 1451 supra
2034 1391 2194 1448 caput

619 1480 791 1547 ipsum
833 1480 978 1547 pueri
1024 1476 1300 1532 stetisset?
1338 1461 1489 1542 Quod
1513 1474 1853 1529 subiudicans
1875 1473 2197 1541 evangelista

618 1564 831 1624 dicebat
854 1588 866 1622 :
899 1569 952 1625 9.
983 1568 1114 1631 Ecce
1134 1568 1280 1622 stella
1297 1568 1610 1620 antecedebat
1637 1582 1721 1619 eos
1740 1604 1755 1628 ,
1785 1581 1939 1633 usque
1962 1564 2081 1617 dum
2106 1578 2194 1618 ve-

620 1660 762 1713 niens
790 1668 939 1712 staret
966 1674 1124 1729 supra
1142 1658 1223 1711 ubi
1245 1668 1352 1710 erat
1374 1673 1517 1726 puer.
1548 1654 1736 1709 Viden‘
1762 1662 1889 1724 quot
1908 1668 2199 1723 argumen-

622 1750 688 1804 tis
730 1749 981 1819 probatur
1010 1752 1146 1803 hanc
1173 1749 1378 1802 stellam
1402 1762 1506 1801 non
1537 1746 1699 1801 fuisse
1726 1761 1791 1800 ex
1815 1759 2041 1800 numero
2064 1744 2199 1798 alia-

621 1856 737 1892 rum
768 1830 791 1889 ‘:
834 1854 1005 1908 neque
1030 1842 1319 1893 secundum
1347 1837 1541 1893 seriem
1567 1845 1801 1891 externae
1824 1833 1965 1889 illius
1986 1835 2200 1904 genesis

620 1930 926 1999 apparuisse
943 1930 970 1982 ‘l

683 2074 735 2127 5.
764 2072 924 2127 Stella
946 2089 1034 2125 cur
1053 2070 1309 2141 apparuit.
1327 2099 1397 2109 —-
1416 2069 1524 2122 Cur
1548 2082 1676 2138 ergo
1696 2065 1983 2136 apparuit?
2008 2063 2075 2119 Ut
2098 2063 2192 2118 lu-

612 2164 849 2216 datorum
898 2161 1254 2228 stupiditatem
1297 2159 1622 2219 incesseret,
1648 2164 1806 2223 atque
1831 2153 2052 2222 ingratis
2080 2151 2192 2204 adi-

614 2260 785 2305 meret
828 2264 1041 2303 onmem
1083 2246 1407 2302 defensionis
1451 2257 1655 2298 ansam.
1699 2243 1829 2309 Quia
1865 2242 2007 2295 enim
2031 2238 2193 2310 adve~

620 2342 775 2396 niens
802 2341 891 2395 ille
919 2351 1066 2395 vetus
1097 2339 1394 2393 institutum
1424 2337 1789 2404 abrogaturus,
1815 2334 2103 2400 orbemque
2127 2330 2193 2384 ad

621 2450 783 2488 unum
828 2433 1180 2498 cumdemque
1226 2430 1428 2485 cultum
1474 2426 1833 2491 deducturus,
1877 2425 2096 2493 ipseque
2144 2421 2197 2477 in

626 2532 756 2584 mari
798 2540 848 2582 et
890 2537 1025 2581 terra
1049 2525 1247 2594 ubique
1265 2521 1565 2577 adorandus
1594 2526 1737 2579 erat,
1769 2518 1836 2569 ab
1864 2516 1995 2585 ipsis
2023 2515 2201 2567 statim

625 2622 788 2674 initiis
827 2618 1021 2672 ostium
1047 2616 1287 2684 gentibus
1310 2610 1477 2679 aperit
1500 2645 1517 2669 ,
1548 2615 1605 2659 ut
1633 2606 1926 2657 alienorum
1954 2603 2200 2670 exemplo

623 2725 749 2765 suos
770 2710 926 2762 etiam
970 2705 1223 2759 erudiret.
1263 2699 1397 2766 Quia
1441 2697 1581 2750 enim
1620 2709 1740 2749 cum
1777 2693 2062 2762 prophetas
2089 2689 2198 2744 fre-

627 2808 852 2869 quenter
887 2795 1130 2849 audirent
1172 2792 1240 2845 de
1281 2790 1444 2855 ipsius
1469 2784 1694 2839 adventu
1724 2797 1864 2851 saepe
1888 2783 2196 2850 loquentes,

621 2867 727 2942 non
772 2885 1055 2939 admodum
1100 2879 1477 2939 attendebant,
1524 2872 1698 2928 ell‘ecit
1753 2880 1810 2925 ut
1880 2869 2091 2923 barbari
2133 2867 2201 2922 de

625 2988 763 3032 terra
811 2976 1097 3043 longinqua
1135 2968 1379 3022 venirent
1404 3006 1418 3029 ,
1446 2964 1533 3033 qui
1563 2976 1739 3031 regem
1768 2958 1905 3027 apud
1935 2961 2076 3027 ipsos
2102 2974 2199 3010 na-

623 3078 731 3121 tum
776 3066 1143 3134 inquirerent;
1174 3069 1227 3111 et
1257 3056 1466 3110 Persica
1494 3067 1623 3106 voce
1652 3052 1874 3120 primum
1902 3064 1964 3103 ea
1995 3048 2201 3101 edisce-

623 3165 783 3222 rent,
815 3170 931 3224 qua:
958 3168 989 3206 a
1011 3139 1283 3221 pr0phetis
1314 3147 1519 3199 discere
1546 3144 1822 3212 noluerant
1854 3157 1865 3191 :
1896 3148 1951 3191 ut
1970 3139 2012 3191 si
2035 3139 2200 3205 probe

622 3264 682 3305 se
706 3254 952 3318 gererent
971 3286 985 3309 ,
1019 3241 1301 3297 maximam
1328 3235 1623 3303 arriperent
1645 3230 1708 3285 ad
1730 3226 2197 3296 obtemperantium

622 3352 805 3393 ansam
831 3354 846 3397 ;
875 3336 957 3387 sin
984 3346 1111 3385 vero
1132 3327 1515 3381 contenderent
1538 3362 1549 3384 ,
1574 3321 1715 3375 omni
1738 3331 1955 3387 prorsus
1977 3329 2197 3368 excusa-

626 3432 770 3483 tione
806 3426 955 3480 vacui
1001 3430 1202 3476 essent.
1246 3416 1380 3484 Quid
1400 3414 1549 3487 enim
1580 3412 1757 3465 dicere
1783 3409 1985 3478 possint
2015 3406 2087 3469 ii,
2115 3404 2202 3473 qui

623 3519 887 3573 Christum
904 3531 932 3567 a
953 3523 1024 3566 tot
1045 3508 1313 3578 prepbetis
1332 3503 1693 3560 annuntiatum
1712 3515 1818 3552 non
1836 3502 2199 3563 susceperunt,

624 3625 743 3664 cum
774 3606 997 3659 viderint
1032 3614 1211 3669 magos
1231 3614 1294 3651 ex
1323 3596 1475 3650 unius
1502 3594 1669 3646 stella:
1692 3593 1807 3645 visu
1836 3592 2005 3657 ipsum
2029 3587 2201 3640 susci-

625 3700 829 3767 pientes
856 3702 910 3747 et
950 3688 1274 3745 adorantes?
1302 3684 1453 3751 Quod
1485 3683 1641 3751 igitur
1670 3681 1808 3734 circa
1839 3679 2096 3731 Ninivitas
2124 3677 2203 3729 lc-

623 3795 771 3841 cerat
806 3785 994 3839 .lonam
1023 3779 1240 3834 mittens
1264 3815 1279 3840 ,
1309 3784 1363 3828 et
1390 3772 1528 3842 quod
1556 3772 1695 3824 circa
1734 3768 2119 3821 Samaritanam
2151 3774 2205 3819 et

625 3877 979 3928 Chananream
1001 3912 1015 3933 ,
1046 3868 1273 3934 idipsum
1306 3866 1463 3918 etiam
1487 3874 1787 3928 penmagos
1812 3858 1953 3911 fecit.
1980 3857 2204 3923 Ideoque

626 3962 832 4020 dicebat
898 3980 914 4015 :
962 3960 1068 4013 Viri
1122 3956 1363 4009 Ninivitte
1416 3960 1638 4021 surgent,
1676 3961 1723 4003 et
1770 3948 2202 4007 condemnabam;

625 4066 677 4108 et
696 4094 711 4119 ,
740 4054 929 4122 Regina
957 4050 1113 4102 austri
1142 4056 1337 4115 surget,
1382 4054 1425 4095 et
1448 4040 1793 4095 condemnabit
1838 4039 2201 4106 generationem

626 4147 754 4197 hanc
799 4144 818 4210 (
848 4140 1031 4194 Matth.
1062 4138 1149 4192 1‘2.
1179 4138 1266 4189 Η.
1300 4134 1369 4187 42
1396 4136 1411 4193 i
1442 4151 1454 4184 :
1483 4132 1732 4198 quoniam
1782 4128 1857 4179 illi
1912 4129 2201 4179 minoribus

626 4233 967 4288 crediderunt
987 4270 1000 4291 ,
1042 4228 1095 4278 hi
1139 4240 1263 4277 vero
1290 4237 1460 4289 neque
1491 4218 1794 4286 majoribus.
1828 4217 1893 4268 At
1921 4230 2014 4268 cur
2044 4216 2161 4269 illos
2182 4255 2200 4281 ,

627 4326 852 4389 inqmes,
883 4334 975 4385 per
1001 4316 1157 4369 talem
1183 4313 1353 4365 visum
1379 4307 1631 4361 adduxit?
1661 4307 1729 4358 At
1752 4306 2020 4371 quomodo
2042 4318 2200 4371 opor-

626 4414 764 4464 tun‘!
800 4424 864 4461 an
902 4405 1185 4475 prophetas
1222 4400 1474 4455 mittere?
1502 4396 1605 4451 Sed
1633 4395 1766 4463 magi
1798 4395 2068 4462 prophetis
2094 4409 2197 4447 non

626 4501 990 4555 credidissent.
1020 4496 1100 4547 An
1124 4506 1305 4546 vocem
1326 4503 1551 4556 superne
1577 4484 1808 4553 proferre
1826 4485 1847 4533 ’ἰ
1880 4482 2066 4536 Verum
2090 4498 2195 4535 non

629 4590 991 4643 atietidissent.
1024 4587 1102 4637 An
1133 4583 1373 4651 angelum
1407 4578 1658 4632 mittere?
1693 4576 1795 4629 Sed
1828 4575 1965 4628 hunc
1992 4588 2198 4643 quoque

629 4684 847 4737 forsitan
879 4678 1274 4749 praneriissent.
1302 4674 1629 4740 Quapropter
1652 4669 1753 4721 illis
1776 4667 2018 4719 omnibus
2038 4666 2198 4741 omis-

627 4776 699 4825 sis
748 4773 915 4831 Deus,
965 4782 1167 4820 summa
1220 4774 1369 4816 ulcus
1412 4760 1767 4827 indulgentia,
1818 4773 1909 4824 per
1948 4768 2197 4811 consueta

625 4870 779 4916 vocat
820 4860 932 4913 illos
954 4899 969 4922 ,
1010 4854 1342 4921 ostenditque
1372 4851 1575 4904 stellam
1608 4862 1847 4915 magnam
1879 4848 1943 4900 ab
1972 4848 2089 4900 aliis
2120 4848 2197 4897 di-

620 4966 830 5005 versam
852 4989 867 5012 ,
910 4955 969 5000 ut
1012 4947 1151 5015 ipsos
1181 4952 1233 4995 et
1259 4957 1321 4993 ex
1351 4936 1709 5007 magnitudine
1732 4944 1787 4989 et
1813 4949 1875 4988 ex
1908 4933 2199 5003 pulchritu-

624 5044 746 5094 dine
792 5034 1079 5105 spcctaeuli
1126 5032 1467 5099 percellerct,
1499 5042 1705 5080 necnon
1734 5027 1892 5078 etiam
1923 5040 1984 5077 ex
2016 5038 2200 5077 cursus

627 5128 802 5181 modo.
836 5125 959 5179 Haec
997 5133 1050 5176 et
1098 5120 1288 5174 Paulus
1330 5117 1592 5179 imitatus,
1635 5130 1699 5167 ex
1739 5128 1826 5164 ara
1857 5128 1974 5167 cum
2001 5112 2201 5167 Graecis

624 5217 919 5274 disserendi
960 5213 1291 5269 occasionem
1318 5208 1545 5275 accipit,
1578 5215 1631 5259 et
1660 5212 1929 5274 poetarum
1959 5206 2199 5258 testimo-

627 5312 711 5364 nia
744 5311 792 5361 in
822 5306 1052 5360 medium
1079 5301 1291 5356 adducit
1320 5319 1334 5355 :
1362 5298 1569 5354 Judreos
1596 5310 1726 5351 vero
1746 5295 2225 5350 circumcisionem.

631 5413 932 5455 memorans
976 5394 1293 5463 alloqtﬁtur,
1333 5400 1386 5446 et
1423 5402 1515 5445 eos
1541 5388 1628 5457 qui
1657 5386 1756 5441 sub
1784 5386 1898 5455 lege
1920 5386 2157 5442 viverent
2184 5427 2196 5445 .

686 5607 703 5635 ι
740 5603 916 5665 Aliqui,
943 5616 1023 5663 per
1048 5603 1251 5665 migelos.

2293 490 2323 530 a
2372 470 2649 529 sacriﬁciis
2682 485 2835 528 orsus
2858 507 2875 531 ,
2908 466 3151 522 doctrina
3186 458 3391 518 imbuit.
3420 457 3558 526 Quia
3580 456 3725 512 enim
3748 469 3869 511 eou-

2293 573 2503 621 suetum
2545 561 2646 616 sibi
2692 561 2915 629 quisque
2961 570 3165 611 morem
3217 553 3443 607 libenter
3490 548 3775 617 sequitur,
3821 555 3870 600 et

2298 656 2437 712 Deus
2472 660 2527 708 et
2561 652 2658 706 viri
2701 665 2731 705 a
2774 650 2886 704 Deo
2922 647 2990 701 ad
3036 646 3185 701 orbis
3225 644 3447 699 salutem
3479 640 3664 702 missi,
3691 639 3761 691 ita
3789 650 3873 692 res

2295 749 2539 799 tractant.
2584 738 2662 795 Ne
2707 738 2889 808 itaque
2926 734 3198 804 indignum
3236 732 3350 786 Deo
3387 740 3574 800 putes,
3610 726 3760 797 quod
3787 740 3875 795 per

2294 832 2499 888 stellam
2541 830 2686 899 ipsos
2729 825 3001 881 vocaverit
3048 840 3062 876 :
3116 821 3197 876 sic
3242 821 3385 874 enim
3425 818 3644 874 Judaica
3669 828 3876 885 quoque

2293 923 2473 978 omnia
2517 917 2842 988 improbabis
2859 954 2876 981 ,
2902 912 3159 970 sacriﬁcia
3184 924 3377 978 nempe
3395 949 3411 975 ,
3440 907 3877 976 purificationes,

2295 1010 2603 1067 neomenias
2623 1047 2641 1073 ,
2669 1020 2849 1061 arcam
2867 1046 2883 1069 ,
2910 1004 3188 1074 ipsumque
3215 998 3490 1068 templum.
3520 996 3649 1051 Haec
3679 993 3877 1063 quippe

2293 1100 2471 1155 omnia
2513 1113 2583 1153 ex
2615 1097 2850 1166 gentium
2876 1090 3226 1147 crassitudine
3255 1094 3433 1142 ortum
3461 1086 3756 1140 duxerunt.
3788 1086 3885 1136 At-

2296 1200 2473 1244 tamen
2516 1187 2658 1242 Deus
2695 1185 2763 1271 ad
2800 1182 3092 1238 errantium
3131 1178 3356 1233 salutem
3382 1176 3465 1229 bis
3491 1188 3551 1228 se
3581 1185 3781 1243 passus
3805 1179 3886 1225 est

2295 1278 2434 1359 coli,
2478 1276 2672 1346 quibus
2706 1260 2988 1326 'dtemonas
3012 1267 3239 1337 gentiles
3269 1265 3343 1319 illi
3369 1261 3648 1325 colebant,
3680 1260 3779 1314 illo
3807 1267 3885 1313 ta-

2292 1351 2417 1422 men
2455 1367 2599 1420 cultu
2630 1364 2886 1430 tantisper
2912 1367 3113 1413 mutato
3132 1396 3147 1421 ,
3179 1366 3235 1409 ut
3262 1355 3383 1409 illos
3413 1351 3667 1421 paulatim
3692 1364 3723 1404 a
3754 1363 3883 1403 cou¢

2295 1455 2573 1511 suetudine
2597 1452 2889 1515 abductos.,
2920 1448 2987 1502 ad
3014 1438 3296 1501 sublimem
3321 1444 3462 1497 illam
3484 1438 3886 1512 philosophiam

2295 1547 2605 1603 deduceret.
2638 1543 2695 1597 id
2715 1540 2856 1611 quod
2882 1539 3041 1594 etiam
3062 1537 3205 1592 circa
3227 1547 3410 1603 magos
3430 1529 3640 1595 effecit,
3670 1544 3801 1584 eum
3828 1528 3891 1581 ilo

2296 1637 2377 1691 los
2415 1650 2510 1705 per
2552 1633 2723 1688 stellae
2759 1630 2931 1683 visum
2958 1628 3201 1689 vocavit,
3231 1632 3291 1677 ut
3317 1621 3509 1677 deinde
3536 1619 3889 1675 sublimiores

2296 1725 2562 1781 redderet.
2594 1722 2879 1789 Postquam
2904 1718 3065 1786 igitur
3084 1714 3205 1768 illos
3228 1712 3295 1766 ad
3324 1724 3563 1782 praesepe
3587 1708 3748 1777 quasi
3774 1721 3891 1760 ma-

2298 1830 2371 1868 nu
2415 1802 2740 1873 deduxerat,
2780 1822 2885 1860 non
2926 1820 3021 1874 per
3040 1802 3247 1857 stellam
3270 1798 3465 1854 deinde
3484 1838 3502 1863 ,
3530 1798 3625 1851 sed
3656 1810 3763 1865 per
3792 1808 3889 1849 au-

2298 1902 2476 1971 gelom
2504 1900 2520 1929 ¹
2562 1898 2707 1966 ipsos
2741 1893 3033 1961 alloquitur
3078 1907 3091 1942 :
3137 1888 3214 1943 sic
3242 1888 3313 1940 illi
3340 1884 3597 1956 gradatim
3628 1883 3888 1938 meliores

2297 1989 2473 2045 effecti
2501 1994 2641 2040 sunt.
2673 1984 2783 2039 Hoc
2816 1984 2986 2051 ipsum
3016 1980 3140 2034 fecit
3162 1979 3301 2031 circa
3329 1974 3662 2030 Ascalonitas
3689 1981 3749 2027 et
3778 1971 3888 2027 Ga-

2297 2092 2457 2132 zreos.
2496 2075 2627 2128 Nam
2667 2081 2944 2141 postquam
2974 2069 3208 2137 quinque
3234 2066 3336 2119 illa:
3358 2064 3597 2118 civitates
3616 2102 3631 2125 ,
3659 2074 3794 2116 arca
3820 2062 3887 2115 ad

2297 2182 2356 2221 se
2393 2163 2637 2219 veniente
2660 2202 2675 2225 ,
2704 2159 2845 2214 letali
2876 2158 3026 2227 plaga
3048 2167 3314 2224 percussae
3336 2160 3495 2215 sunt,
3522 2165 3644 2203 cum
3672 2150 3886 2203 nullum

2296 2254 2666 2327 ingruentibus
2693 2250 2848 2306 malis
2874 2249 3164 2303 remedium
3189 2244 3523 2303 invenirent,
3554 2242 3766 2293 vocatis
3800 2252 3896 2288 va-

2299 2326 2442 2400 tibus
2495 2352 2549 2398 et
2585 2347 2906 2411 congregato
2944 2345 3087 2393 cuitu
3113 2333 3379 2404 quomodo
3404 2329 3661 2384 divinitus
3687 2326 3898 2381 immis-

2301 2452 2420 2491 sum
2448 2436 2646 2489 malum
2666 2439 2977 2486 amoverent
2992 2425 3363 2483 consultabant
3390 2424 3467 2492 (ι.
3489 2422 3615 2491 Reg.
3638 2420 3727 2491 5).
3760 2419 3898 2473 Hinc

2299 2526 2507 2579 vatibus
2547 2522 2883 2585 dicentibus,
2932 2531 3119 2572 vaccas
3163 2514 3445 2569 indomitas
3493 2522 3546 2564 et
3572 2510 3899 2579 primiparas

2296 2628 2434 2666 arca:
2456 2611 2605 2681 juugi
2633 2618 2884 2679 oportere
2909 2647 2925 2672 ,
2958 2616 3015 2661 ut
3036 2605 3182 2658 nullo
3208 2602 3342 2655 duce
3372 2614 3479 2668 quo
3503 2600 3705 2652 vellent
3729 2598 3893 2660 irent;

2298 2702 2529 2771 hincque
2566 2700 2903 2769 exploratum
2952 2696 3066 2751 fore
3094 2709 3158 2747 an
3186 2692 3440 2746 divinitus
3461 2730 3476 2756 ,
3502 2705 3570 2744 an
3598 2704 3731 2743 casu
3758 2702 3896 2757 quo-

2300 2793 2441 2862 piam
2488 2771 3009 2845 immissus'morbus
3035 2795 3179 2840 esset
3208 2783 3368 2853 (Ibid.
3400 2781 3457 2851 6)
3485 2797 3500 2844 ;
3530 2795 3651 2833 nam
3683 2781 3756 2844 si,
3785 2780 3897 2833 aie-

2300 2882 2427 2935 bant
2452 2921 2465 2945 ,
2494 2881 2683 2949 jugum
2712 2894 2776 2932 ex
2806 2876 3071 2945 imperitia
3100 2876 3117 2905 ί
3149 2881 3425 2927 conterant
3446 2912 3462 2935 ,
3491 2871 3571 2924 vel
3600 2870 3644 2924 si
3674 2869 3746 2924 ad
3776 2885 3896 2923 mu-

2300 2970 2507 3039 gientes
2551 2969 2745 3022 vitulos
2785 2974 3094 3026 vertantur,
3137 2963 3285 3031 plaga
3331 2954 3456 3014 casu
3482 2960 3783 3022 acciderit;
3815 2962 3895 3014 sin

2304 3066 2449 3112 recta
2465 3064 2709 3125 pergant,
2729 3068 2905 3122 neque
2922 3052 3037 3107 sive
3058 3057 3278 3119 propter
3292 3048 3587 3101 vitulorum
3604 3046 3882 3116 mugitum

2306 3146 2419 3199 sive
2453 3152 2677 3213 propter
2712 3144 2814 3195 vite
2850 3138 3210 3209 ignorantiam
3230 3138 3506 3200 aberrent,
3527 3135 3891 3203 conspicuum

2305 3235 2406 3287 erit
2423 3234 2597 3301 ipsam
2610 3230 2701 3285 Dei
2721 3244 2940 3284 manum
2960 3228 3057 3283 bas
3072 3228 3235 3281 urbes
3254 3225 3611 3300 percussisse:
3629 3226 3765 3293 quia
3786 3226 3889 3295 igi-

2310 3333 2399 3376 tur
2414 3332 2599 3376 vatum
2620 3322 2779 3376 dictis
2798 3328 3092 3389 paruerunt
3117 3318 3327 3371 illarum
3348 3316 3631 3369 civitatum
3663 3302 3889 3377 incolas.

2305 3419 2446 3471 Deus
2481 3417 2639 3469 etiam
2660 3455 2677 3481 ,
2706 3412 3029 3482 indulgentia
3058 3424 3186 3464 usus
3205 3450 3221 3475 ,
3252 3418 3431 3462 vatum
3456 3410 3778 3462 sententiam
3807 3424 3895 3463 se-

2301 3516 2497 3578 quutus
2536 3514 2647 3568 est,
2682 3518 2779 3569 nec
2812 3503 3087 3570 majestate
3116 3514 3212 3553 sua
3234 3498 3504 3567 indignum
3531 3502 3772 3566 putavit,
3806 3514 3899 3551 va-

2302 3609 2411 3653 tum
2456 3596 2853 3667 pmdictionem
2893 3592 2957 3646 ad
2984 3584 3115 3661 opiis
3140 3588 3405 3644 deducere
3428 3629 3447 3655 ,
3471 3597 3526 3643 et
3552 3587 3713 3642 iidem
3740 3588 3901 3643 dictis

2304 3702 2488 3743 eorum
2535 3685 2843 3740 conciliare.
2888 3681 2966 3735 Eo
3009 3682 3180 3749 major
3208 3682 3351 3734 enim
3380 3692 3466 3733 res
3490 3685 3635 3747 gesta
3666 3677 3891 3734 videba-

2301 3786 2408 3843 tur,
2454 3776 2498 3829 si
2540 3774 2635 3827 Dei
2664 3773 2952 3841 potentiam
2989 3772 3085 3839 ipsi
3114 3771 3272 3825 etiam
3301 3770 3498 3823 inimici
3532 3768 3891 3825 testiﬁcaren-

2302 3875 2417 3928 tur,
2466 3873 2521 3918 et
2567 3864 2612 3919 si
2660 3877 2844 3916 eorum
2891 3861 3137 3914 doctores
3168 3860 3235 3913 de
3261 3859 3349 3912 illa
3375 3859 3635 3913 calculum
3664 3857 3887 3913 ferrent.

2299 3955 2459 4010 Multa
2480 3966 2690 4023 quoque
2719 3950 2914 4006 similia
2945 3950 3109 4004 Deum
3130 3948 3527 4017 dispensantem
3550 3934 3893 4002 animadver-

2300 4045 2478 4098 timus.
2499 4042 2628 4096 Nam
2652 4058 2710 4095 ea
2732 4042 2891 4095 etiam
2913 4055 3029 4109 qua:
3049 4040 3116 4093 ad
3138 4038 3502 4109 pythonissam
3527 4046 3775 4107 spectant
3800 4053 3892 4093 eo-

2302 4133 2425 4187 dem
2463 4133 2766 4199 dispensata
2808 4138 2934 4183 sunt
2978 4130 3137 4184 modo
3163 4147 3176 4181 :
3208 4138 3264 4182 ut
3293 4144 3387 4183 vos
3416 4128 3670 4197 deinceps
3693 4143 3892 4183 secun-

2304 4222 2431 4276 dum
2469 4223 2579 4289 jam
2618 4222 2754 4275 dicta
2806 4222 3047 4291 poteritis
3087 4220 3350 4289 explicare
3401 4218 3559 4281 (Ibid.
3591 4219 3708 4289 28).
3762 4221 3891 4275 "me

2304 4310 2374 4366 de
2410 4312 2563 4365 stella
2606 4326 2633 4364 a
2675 4312 2828 4365 nobis
2866 4312 3003 4364 dicta
3052 4320 3211 4370 sunt;
3242 4309 3331 4361 sed
3364 4308 3513 4376 plura
3546 4324 3575 4361 a
3603 4309 3755 4361 vobis
3783 4310 3890 4362 diri

2302 4410 2507 4479 possint
2530 4428 2543 4463 :
2567 4424 2687 4463 nam
2710 4407 2791 4461 Da
2820 4405 3033 4475 sapienti
3057 4404 3365 4458 occasionem
3388 4442 3402 4466 ,
3430 4411 3476 4454 et
3502 4399 3781 4469 sapientior
3799 4403 3893 4454 erit

2300 4499 2483 4569 (Prov.
2502 4500 2566 4555 ,9.
2592 4499 2667 4568 9).

2374 4669 2425 4721 ὁ.
2451 4665 2616 4731 Quare
2635 4664 2899 4729 Scriptura
2922 4668 3110 4723 tempus
3132 4664 3173 4706 et
3194 4655 3358 4705 locum
3376 4650 3672 4712 natiritatis,
3699 4650 3890 4717 prind-

2302 4772 2513 4829 pemque
2534 4766 2646 4807 tunc
2671 4750 2903 4821 temporis
2926 4756 3215 4815 regnantem
3233 4751 3332 4793 tam
3356 4750 3592 4792 accurate
3615 4740 3887 4791 describat.

2304 4849 2541 4902 Liberum
2583 4844 2857 4896 arbitrium.
2917 4836 3237 4902 Jerusolyma
3269 4848 3356 4884 cur
3391 4830 3589 4882 turbata
3626 4837 3733 4891 est,
3776 4832 3892 4880 cuius

2306 4938 2497 4993 audivit
2524 4935 2773 4989 Christum
2803 4940 2995 4983 natum.
3021 4954 3087 4964 -—
3108 4924 3223 4977 Jam
3252 4923 3317 4975 ad
3350 4920 3666 4989 principium
3696 4933 3887 4970 eorum

2307 5044 2424 5098 quae
2456 5028 2588 5080 lecta
2632 5033 2753 5077 sunt
2782 5015 3113 5076 redeundum
3138 5023 3239 5067 est.
3272 5011 3549 5076 Quodnam
3581 5018 3663 5063 cst
3693 5008 3893 5077 princi-

2309 5120 2491 5190 pium?
2519 5116 2643 5168 Cum
2683 5124 2829 5166 natus
2854 5120 2979 5163 esset
3008 5106 3156 5159 Jesus
3180 5106 3230 5155 in
3256 5102 3547 5155 Bethleliem
3573 5101 3774 5152 Judaei:
3792 5140 3807 5163 ,
3839 5101 3892 5151 in

2311 5211 2483 5273 diebus
2508 5207 2726 5261 Herodis
2756 5205 2885 5273 regis
2902 5242 2915 5265 ,
2954 5215 3065 5253 ecce
3087 5196 3223 5266 magi
3244 5195 3303 5248 ab
3326 5196 3516 5247 oriente
3542 5202 3784 5247 venerunt
3804 5192 3893 5245 Je-

2310 5300 2637 5370 rosolymam.
2656 5296 2788 5365 Magi
2817 5291 3023 5347 stellam
3046 5288 3236 5343 ducem
3264 5283 3472 5353 sequuti
3494 5290 3650 5346 sunt;
3684 5282 3738 5334 hi
3765 5298 3894 5337 vero

2384 5562 2402 5591 ί
2440 5559 2494 5608 ιη
2517 5565 2695 5614 arm,
2720 5566 2787 5605 ὒκὸ
2808 5570 2872 5611 τῆς
2894 5564 3071 5613 ἀπιῳὶις.
3091 5549 3307 5614 Attiantts
3326 5554 3385 5592 al)
3408 5550 3498 5610 [sui
3517 5523 3728 5589 ICCu-Olle
3750 5541 3898 5589 δὴπ-

2317 5627 2410 5679 rat,
2433 5607 2483 5669 in
2504 5607 2899 5680 interpretatione
2918 5607 3124 5674 ponens,
3140 5607 3350 5671 superba
3373 5607 3570 5655 cert-tce.
