4040 6424
136 400 210 459 σε
1284 380 1352 437 IN
1390 373 1735 435 ΜᾹΤΤΠᾹΞΙ.

1840 369 2070 428 ιιοιιιι.
2113 366 2204 424 Vl.
3363 345 3430 396 68

141 507 278 561 κατὰ
309 505 410 575 τὴν
436 503 761 575 οἰκουμένην
790 501 1037 565 οἰκοῦσι,
1071 500 1164 554 καὶ
1197 501 1278 562 εἰς
1301 497 1555 552 τοσοῦτον
1586 497 1722 552 πλά-

139 612 231 656 τος
269 597 373 665 γῆς
408 591 795 662 ἐκκεχυμένοις
821 592 886 654 ³¹,
941 591 1142 644 ἀπασιν
1183 589 1349 656 ἐγγὺς
1382 583 1519 640 εἶναι
1551 587 1744 642 δοκεῖ.“

147 687 275 751 Πῶς
299 682 391 740 οὖν
417 688 446 738 6
464 684 664 753 ἀστὴρ,
686 683 806 736 εἰπέ
831 699 942 754 μοι,
968 682 1129 734 τόπον
1147 679 1289 733 οὕτω
1309 678 1491 731 στενὸν
1517 679 1723 747 φάτνης

150 780 246 832 καὶ
294 776 533 843 καλύϐης
563 774 772 828 ἐδείκνυ
797 813 814 837 ,
849 776 897 826 εἰ
928 772 1002 842 μὴ
1031 772 1093 824 τὸ
1122 770 1325 842 ὑψηλὸν
1364 771 1541 822 ἐκεῖνο
1565 768 1724 838 ἀφεὶς

146 870 301 922 κάτω
333 863 562 933 κατέϐη,
592 865 687 918 καὶ
716 864 856 931 ὑπὲρ
891 863 1061 931 αὐτῆς
1088 861 1218 931 ἔστη
1238 860 1338 929 τῆς
1364 859 1605 929 κεφαλῆς
1628 857 1722 911 τοῦ

142 955 389 1019 παιδίου;
426 955 602 1022 Ὅπερ
631 949 722 1006 οὖν
762 953 856 1004 καὶ
883 951 911 1001 6
936 948 1325 1020 εύαγγελιστὴς
1358 948 1726 1018 αἰνιττόμενος

143 1046 332 1112 ἔλεγεν
351 1061 365 1075 ο
408 1042 565 1098 Ἰδοὺ
600 1048 636 1097 ό
667 1043 862 1109 ἀστὴρ
896 1040 1164 1110 προῆγον
1193 1040 1416 1107 αὐτοὺς
1436 1080 1452 1103 ,
1492 1041 1602 1105 ἕως
1626 1040 1726 1093 ἐλ-

145 1134 267 1189 θὼν
302 1135 450 1200 ἔστη
482 1132 685 1186 ἐπάνω
716 1128 788 1189 οὗ
822 1127 900 1200 ἦν·
921 1131 986 1184 τὸ
1016 1130 1280 1184 παιδίον.
1296 1128 1463 1200 Ὁρᾷς
1495 1129 1562 1182 δι’
1587 1131 1726 1182 ὅσων

141 1224 418 1278 δείκνυται
445 1224 504 1278 οὐ
535 1223 642 1278 τῶν
682 1221 891 1274 πολλῶν
925 1217 1006 1283 εἷς
1036 1219 1110 1274 ῶν
1142 1213 1359 1283 οὖτος⁹ό
1393 1219 1584 1290 ἀστὴρ,
1608 1218 1727 1271 ούδέ

144 1317 290 1369 κατά
331 1318 435 1386 τὴν
468 1316 792 1369 ἀκολουθίαν
823 1315 921 1385 τῆς
976 1312 1080 1379 ἔξω
1193 1312 1462 1381 γενέσεως
1513 1311 1728 1374 δεικνὺς

147 1402 268 1477 [89]
299 1406 490 1459 ἑαυτόν
509 1422 523 1470 ;

217 1495 290 1564 γ’.
323 1497 435 1550 Kal
463 1496 606 1560 τίνος
634 1489 820 1548 ἕνεκεν
848 1496 1058 1565 ἐφάνη;
1089 1494 1253 1547 Ὥστε
1280 1491 1603 1546 καθικέσθαι
1628 1489 1728 1559 τῆς

159 1587 434 1640 Ἰουδαίων
467 1586 843 1657 ἀναισθησίας,
876 1587 1175 1658 καῖπᾶσαν
1196 1585 1378 1647 αὐτοῖς
1410 1581 1729 1634 ἀποκλεῖσαι

147 1669 711 1742 άπολογίαςάφορμὴν
727 1673 770 1704 ³³
801 1666 1228 1736 ἀγνωμονοῦσιν.
1266 1662 1478 1733 Ἐπειδὴ
1541 1662 1651 1732 γὰρ
1700 1662 1730 1712 6

151 1759 616 1830 παραγενόμενος,
655 1759 753 1827 τὴν
795 1757 893 1828 μὲν
939 1757 1172 1810 παλαιὰν
1210 1755 1507 1809 ἀναπαύειν
1540 1753 1731 1823 ἔμελλε

154 1850 449 1912 πολιτείαν,
480 1850 580 1919 τὴν
600 1849 657 1901 δε
682 1848 1004 1917 οἰκουμένην
1033 1846 1114 1910 εἰς
1143 1845 1240 1915 τὴν
1273 1843 1439 1899 αὑτοῦ
1491 1842 1736 1914 προσκύ-

151 1968 306 2022 νησιν
336 1951 541 2016 καλεῖν,
567 1949 662 2004 καὶ
689 1951 748 2002 ἐν
775 1951 845 2019 γῇ
888 1949 982 2002 καὶ
1021 1949 1079 1999 ἐν
1121 1944 1356 2013 θαλάττῃ
1408 1938 1732 2010 προσκυνεῖ-

153 2042 279 2094 σθαι
319 2043 488 2112 πάσῃ,
513 2042 577 2092 ἑκ
603 2040 902 2110 προοιμίων
929 2038 1131 2100 εὐθέως
1160 2037 1270 2098 τοῖς
1295 2033 1502 2085 ἔθνεσιν
1530 2028 1735 2096 ἀνοίγει

153 2133 252 2201 τὴν
281 2132 472 2202 θύραν,
494 2131 582 2183 διὰ
617 2130 724 2182 τῶν
754 2129 1048 2198 ἀλλοτρίων
1079 2126 1207 2188 τοὺς
1248 2124 1479 2185 οἰκείους
1509 2119 1734 2173 παιδεῦ-

155 2238 248 2273 σαι
295 2221 484 2275 θέλων.
534 2219 749 2288 Ἐπειδὴ
810 2220 920 2287 γὰρ
970 2217 1078 2269 τῶν
1135 2213 1431 2285 προφητῶν
1495 2207 1737 2278 συνεχῶς

153 2310 444 2372 ἀκούοντες
485 2309 752 2374 λεγόντων
806 2307 936 2376 περὶ
975 2306 1074 2374 τῆς
1119 2303 1282 2356 αὐτοῦ
1325 2300 1641 2370 παρουσίας,
1672 2297 1734 2349 ού

159 2401 364 2469 σφόδρα
391 2401 699 2468 προσεῖχον,
717 2397 940 2467 ἐποίησε
966 2396 1060 2449 καὶ
1092 2394 1399 2464 βαρϐάρους
1430 2391 1601 2443 ἐλθεῖν
1629 2389 1736 2440 ἀπὸ

157 2493 262 2560 γῆς
297 2493 532 2561 μακρᾶς,
564 2490 656 2542 τὸν
687 2491 816 2558 παρ’
844 2488 1026 2548 αὐτοῖς
1067 2485 1290 2555 βασιλέα
1320 2482 1731 2552 ἐπιζητοῦντας,

156 2581 254 2631 καὶ
302 2579 452 2649 παρά
497 2577 769 2648 Περσικῆς
814 2575 1037 2644 πρώτης
1075 2574 1257 2642 φωνῆς
1291 2572 1670 2640 μανθάνουσιν,
1699 2569 1736 2623 ἃ.

162 2667 312 2736 παρά
349 2667 454 2718 τῶν
482 2667 776 2735 προφητῶν
820 2665 1010 2734 μαθεῖν
1038 2665 1139 2716 οὐκ
1175 2663 1464 2730 ἠνέσχοντο
1486 2678 1500 2691 ο
1533 2662 1637 2722 ἵνα,
1671 2660 1736 2713 ἀν

161 2755 260 2824 μὲν
317 2753 718 2822 εὐγνωμονῶσι.
788 2752 1049 2821 μεγίστην
1104 2749 1267 2819 ἔχωσι
1317 2748 1410 2800 τοῦ
1457 2748 1736 2800 πείθεσθαι

158 2842 429 2912 πρόφασιν
449 2858 462 2870 ⁸
486 2841 579 2892 ἐὰν
603 2841 659 2891 66
681 2838 1045 2908 φιλονεικῶσι,
1077 2838 1253 2903 πάσης
1279 2827 1410 2886 ὦσιν
1441 2834 1740 2912 ἀπεστερη-

161 2910 314 3001 μένοι
335 2930 520 2982 λοιπὸν
545 2929 859 2997 ἀπολογίας.
889 2927 954 2980 Τί
993 2927 1101 2994 γὰρ
1132 2926 1199 2978 ἂν
1227 2925 1398 2993 ἔχοιεν
1430 2910 1625 2983 εἰπεῖν,
1661 2921 1735 2990 μὴ

155 3021 445 3090 δεξάμενοι
473 3020 562 3072 τὸν
589 3019 822 3090 Χριστὸν
860 3017 996 3086 μετά
1023 3017 1150 3079 τοῦς
1191 3013 1477 3074 τοσούτους
1527 3012 1739 3082 προφή-

155 3127 277 3173 τας,
317 3113 446 3164 ὄταν
469 3110 618 3164 ίδωσι
645 3111 848 3179 μάγους
878 3109 988 3160 ἀπὸ
1028 3107 1203 3174 ὅψεως
1241 3105 1357 3165 ἐνὸς
1383 3104 1583 3172 ἄστρου
1615 3101 1738 3153 τοῦ-

154 3216 268 3252 τον·
297 3199 640 3268 δεξαμένους,
674 3198 765 3249 καὶ
811 3196 1296 3264 προσκυνήσαντας
1327 3191 1418 3243 τὸν
1461 3189 1736 3257 φανέντα;

159 3291 337 3361 Ὅπερ
366 3286 458 3342 οὖν
491 3291 583 3340 ἐπὶ
628 3287 736 3340 τῶν
786 3284 1083 3338 Νινευῖτῶν
1135 3283 1378 3350 ἐποίησε,
1405 3281 1626 3349 πέμψας
1648 3279 1739 3332 τὸν

169 3381 376 3442 Ίωνᾶν,
415 3379 509 3431 καὶ
540 3379 675 3446 ὅπερ
703 3377 796 3428 ἐπὶ
823 3376 921 3446 τῆς
953 3371 1341 3443 Σαμαρείτιδος
1373 3370 1468 3423 καὶ
1491 3372 1589 3440 τῆς
1625 3369 1739 3421 Χα-

155 3470 408 3532 ναναίας.
441 3469 598 3520 τοῦτο
631 3469 727 3520 καὶ
776 3467 869 3518 ἐπὶ
910 3465 1042 3518 τῶνι
1069 3464 1277 3534 μάγων.
1325 3461 1421 3514 Διά
1463 3460 1621 3512 τοῦτο
1648 3459 1742 3513 καὶ

156 3558 344 3624 ἔλεγεν
365 3575 378 3589 ·
444 3547 693 3625 Ἀνῒρες
748 3554 1048 3609 Νινευῖται
1102 3551 1574 3616 ἀναστήσονται,
1640 3549 1740 3603 καί

157 3649 588 3718 κατακρινοῦσι
607 3665 620 3678 ’
653 3649 766 3709 καὶ,
798 3647 1146 3700 Βασίλισσα
1185 3645 1367 3696 νότου
1400 3641 1742 3705 ἁνιιστήσε⁴

164 3757 284 3802 ται,
310 3740 406 3792 καί
437 3736 783 3805 κατακρινεῖ
803 3737 920 3806 τὴν
947 3738 1163 3803 γενεὰν
1193 3736 1420 3799 ταύτην
1439 3748 1453 3762 °
1490 3733 1570 3784 ὄτι
1597 3732 1744 3784 ἐκεῖ-

159 3845 242 3884 νοι
278 3827 377 3898 μὲν
405 3829 516 3890 τοῖς
550 3827 830 3880 ἐλάττοσιν
859 3825 1208 3884 ἐπίστευσαν,
1230 3818 1372 3876 οὗτοι
1399 3822 1455 3873 δὲ
1477 3821 1596 3872 οὐδὲ
1629 3822 1742 3882 τοῖς

163 3918 396 3990 μείζοσι.
428 3919 536 3970 Kal
558 3917 701 3980 τίνος
721 3917 906 3969 ἔνεκεν
930 3915 1016 3967 διὰ
1044 3915 1299 3984 τοιαύτης
1330 3913 1526 3974 αὐτοὺς
1557 3910 1740 3962 εἵλκυ-

161 4024 256 4062 σεν
305 4008 520 4076 ϐψεως;
569 4007 754 4078 φησίν.
817 4005 979 4058 Ἀλλά
1013 4004 1133 4066 πῶς
1184 4004 1388 4072 ἐχρῆνς
1445 4003 1738 4070 Προφήτας

158 4098 375 4168 πέμψαι
399 4114 414 4162 ;
461 4097 599 4149 Ἀλλ’
629 4096 728 4148 οὐκ
755 4095 821 4149 ἂν
848 4097 896 4147 οἱ
924 4095 1086 4164 μάγοι
1115 4092 1407 4163 προφητῶν
1429 4092 1740 4161 ἠνέσχοντο.

173 4187 337 4241 Ἀλλά
365 4188 547 4258 φωνὴν
598 4187 804 4242 ἀνωθεν
834 4186 1088 4256 ἀφεῖναις
1136 4183 1274 4236 Ἀλλ’
1307 4183 1409 4237 οὐκ
1453 4183 1518 4236 ἂν
1565 4197 1739 4252 προσ-

152 4292 335 4359 έσχον.
376 4287 512 4338 Ἀλλ’
548 4284 777 4352 ἀγγελον
815 4284 1161 4347 ἀποστεῖλαι;
1201 4282 1364 4334 Ἀλλά
1409 4283 1502 4335 καὶ
1549 4281 1737 4333 τοῦτον

150 4379 219 4433 ἂν
251 4376 622 4448 παρέδραμον.
666 4375 765 4426 Διά
806 4373 871 4445 δὴ
897 4373 1055 4427 τοῦτο
1095 4374 1274 4426 πάντα
1303 4374 1486 4425 ἐκεῖνα
1515 4373 1674 4442 ἀφεὶς
1708 4375 1738 4425 6

150 4467 308 4530 Θεὸς,
333 4465 422 4518 διὰ
452 4465 559 4517 τῶν
583 4462 832 4532 συνήθων
860 4462 1054 4524 αὐτοὺς
1077 4462 1257 4527 καλεῖ,
1295 4463 1501 4531 σφόδρα
1533 4478 1736 4529 συγκα-

149 4556 446 4620 ταϐαίνων,
469 4554 564 4607 καὶ
589 4552 706 4624 [90]
739 4552 1010 4604 δείκνυσιν
1043 4553 1242 4621 ἄστρον
1286 4552 1429 4621 μέγα
1456 4553 1548 4605 καὶ
1580 4553 1736 4622 ἐξηλ-

151 4646 448 4716 λαγμένον,
479 4646 620 4699 ὥστε
651 4644 746 4696 καὶ
792 4643 870 4712 τῷ
902 4641 1121 4712 μεγέθει
1158 4643 1252 4695 καὶ
1288 4642 1366 4710 τῷ
1407 4643 1595 4712 κάλλει
1635 4644 1736 4712 τῆς

151 4737 330 4805 ὄψεως
354 4736 550 4799 αὐτοὺς
580 4734 871 4804 ἐκπλῆξαι,
904 4733 998 4786 καὶ
1024 4733 1103 4802 τῷ
1126 4733 1314 4803 τρόπῳ
1352 4733 1453 4801 τῆς
1487 4735 1732 4804 πορείας.

152 4829 342 4882 Ταῦτα
383 4830 474 4881 κα)⁸
518 4831 546 4880 6
598 4826 812 4888 Παῦλος
863 4823 1198 4895 μιμούμενος
1249 4823 1356 4876 ἀπὸ
1397 4825 1583 4894 βωμοῦ
1623 4828 1736 4888 τοῖς

155 4919 384 4989 Ἕλλησι
412 4918 720 4985 διαλέγεται
741 4959 756 4984 ,
801 4917 895 4969 καί
926 4914 1163 4986 ποιητῶν
1192 4914 1429 4984 παράγει
1451 4915 1496 4946 ³⁸
1532 4933 1736 4985 μαρτυ-

155 5008 281 5077 ρίας
311 5008 392 5068 εἰς
428 5007 594 5072 μέσον
615 5020 631 5037 ο
667 5006 761 5058 καὶ
812 5003 949 5074 μετὰ
985 5003 1288 5074 περιτομῆς
1324 5005 1435 5065 τοῖς
1470 5003 1738 5067 Ἰουδαίοις

153 5098 476 5168 δημηγορεῖ,
507 5095 601 5148 καὶ
624 5096 733 5148 ἀπὸ
751 5095 951 5147 θυσιῶν
980 5094 1116 5165 πρὸς
1137 5094 1260 5154 τοὺς
1282 5094 1338 5144 ἐν
1360 5094 1508 5163 νόμῳ
1531 5092 1738 5157 ζῶντας

153 5187 252 5256 τὴν
299 5188 476 5258 ἀρχὴν
529 5189 765 5252 ποιεῖται
810 5185 910 5254 τῆς
958 5184 1320 5252 διδασκαλίας.
1366 5185 1581 5256 Ἐπειδὴ
1631 5186 1740 5256 γὰρ

154 5279 373 5346 ἑκάστῳ
397 5277 466 5330 τὰ
501 5276 703 5347 συνήθη
743 5275 890 5343 φίλα,
937 5275 1030 5327 καὶ⁸
1061 5277 1088 5328 6
1120 5276 1251 5336 Θεὸς
1279 5276 1371 5328 καὶ
1399 5277 1448 5327 οί
1479 5277 1607 5345 παρ’
1639 5276 1738 5327 αύ-

154 5364 249 5418 τοῦ
297 5365 637 5433 πεμφθέντες
678 5364 953 5434 ἄνθρωποι
995 5363 1131 5433 πρὸς
1153 5363 1252 5433 τὴν
1279 5363 1380 5432 τῆς
1417 5364 1740 5434 οἰκουμένης

157 5453 433 5524 σωτηρίαν
480 5453 623 5508 οὕτω
669 5455 738 5506 τά
788 5452 1089 5523 πράγματα
1145 5453 1599 5522 μεταχειρίςουσι.
1644 5453 1737 5522 Μὴ

156 5543 337 5598 τοίνυν
359 5543 578 5622 ἀνάξιον
607 5539 744 5598 εἶναι
771 5544 998 5614 νομίσῃς
1027 5543 1214 5609 αὐτοῦ,
1231 5544 1290 5594 τὸ
1303 5544 1368 5596 δι’
1395 5545 1622 5613 ἀστέρος
1641 5544 1740 5597 αὑ-

157 5637 284 5698 τοὺς
335 5634 598 5688 καλέσαι·
650 5635 772 5688 ἐπεὶ
817 5634 959 5687 οὕτω
1011 5637 1104 5688 καὶ
1150 5638 1218 5688 τὰ
1268 5633 1532 5688 Ἰουδαϊκὰ
1564 5634 1741 5688 πάντα

235 5839 284 5871 ⁸²
320 5839 704 5941 ξκκελυμένηις
739 5836 805 5941 D1.
937 5836 1282 5941 haequpévn
1320 5836 1380 5892 F.
1429 5838 1533 5892 An.
1566 5838 1770 5892 ἅπασιν
1796 5853 1910 5894 om.
1947 5838 2008 5893 Β.

235 5927 294 5941 ιη.
535 5925 647 5941 ..ηις
689 5925 768 5941 νει
834 5924 952 5941 κνιι
1037 5923 1098 5941 nu-
1156 5908 1264 5941 nm.
1330 5910 1491 5941 ηδε-1η
1526 5919 1642 5941 nne!
1683 5909 2008 5941 nmmuxne.

161 5909 294 5988 τίαν

159 5974 298 6047 γοῦν
329 5978 388 6032 F.
472 5979 514 6010 ³⁸
543 5974 751 6051 ἦνοιιι.
781 5974 844 6032 Ᾱ.
880 5976 937 6031 Β.
967 5975 1026 6030 F.
1055 5974 1386 6050 πάσχουσαι]
1422 5974 1674 6049 πάσχωσι
1705 5981 1735 6034 Ε

1837 5974 2016 6037 τάθωσι
2051 5977 2113 6032 ιτ.
2192 5981 2236 6010 ³⁷
2269 5978 2365 6051 τῷ]
2391 5981 2450 6032 τό
2483 5980 2545 6033 Δ.
2575 5974 2736 6033 [1..οζ

1835 487 2130 549 διαϐαλεῖς,
2159 482 2252 536 καὶ
2285 478 2383 543 τάς
2407 477 2599 538 θυσίας
2618 514 2633 539 ,
2673 472 2769 526 καὶ
2801 470 2926 530 τοὺς
2951 465 3295 536 καθαρμοὺς,
3324 462 3419 513 καὶ

1835 582 1935 644 τὰς
1955 575 2268 647 νεομηνίας,
2299 572 2395 625 καὶ
2428 569 2526 638 τὴν
2554 562 2786 618 κιϐωτὸν
2808 601 2822 626 ,
2850 560 2944 614 καὶ
2966 557 3057 612 τὸν
3079 556 3204 609 ναὸν
3229 554 3285 607 66
3317 552 3418 608 αὐ-

1833 643 1948 725 τόν.
1979 643 2089 724 καὶ
2112 643 2222 738 γὰρ
2269 663 2328 728 ἐξ
2365 657 2682 728 Ἑλληνικῆς
2714 653 2888 729 ταῦτα
2924 648 3235 718 παχύτητος
3259 643 3420 698 ἔλαϐε

1836 763 1936 832 τὴν
1969 760 2166 830 ἀρχήν.
2184 734 2324 808 ίΑλλν
2347 754 2498 823 ὅμως
2529 750 2557 801 6
2577 747 2708 809 Θεὸς
2731 744 2818 797 διὰ
2845 741 2944 812 τὴν
2972 741 3080 792 τῶν
3117 734 3419 832 πλανηθένῖ

1836 823 1946 905 των
1972 823 2245 920 σωτηρίαν
2272 844 2532 914 ἠνέσχετο
2550 839 2638 892 διά
2673 835 2876 890 τούτων
2906 828 3341 920 θεραπευθῆναι,
3355 823 3420 920 δι’

1836 936 1911 996 ὧν
1942 943 1992 994 οί
2028 914 2228 1003 ἔξωθεν
2254 935 2511 1004 δαίμονας
2537 927 2888 997 ἐθεράπευον,
2918 920 3112 991 μικρὸν
3145 914 3423 987 παραλλά-

1837 1033 1935 1098 ξας
1973 1029 2150 1084 αὑτά·
2193 1028 2282 1081 ῖνα
2326 1025 2522 1084 αὐτοὺς
2554 1019 2695 1072 κατὰ
2748 1013 2944 1086 μικρὸν
2985 1011 3087 1080 τῆς
3133 1007 3421 1098 συνηθείας

1833 1094 2182 1181 ἀποσπάσας
2201 1115 2293 1167 ἐπὶ
2320 1114 2419 1183 τὴν
2456 1108 2664 1179 ὑψηλὴν
2690 1107 2874 1174 ἀγάγῃ
2899 1104 2943 1134 ³⁸
2977 1099 3315 1170 φιλοσοφίαν.
3358 1094 3424 1147 Ὃ

1833 1213 1900 1283 δὴ
1931 1211 2026 1265 καὶ
2057 1209 2151 1263 ἐπὶ
2183 1206 2291 1260 τῶν
2323 1204 2513 1274 μάγων
2537 1197 2780 1267 ἐποίησε,
2804 1194 2871 1247 δι’
2895 1191 3072 1260 ὅψεως
3095 1189 3295 1283 ἀστρου
3328 1200 3424 1236 κα-

1833 1275 1989 1355 λέσαι
2028 1299 2225 1359 αὐτοὺς
2256 1292 2659 1362 ἀνασχόμενος,
2704 1287 2792 1339 ἱνα
2823 1283 3010 1336 λοιπὸν
3059 1275 3424 1348 ὑψηλοτέρους

1833 1401 2152 1473 ἐργάσηται.
2192 1392 2344 1448 Ἐπεὶ
2382 1386 2474 1445 οὖν
2521 1391 2694 1463 ῆγαγε
2745 1385 2839 1439 καὶ⁵
2868 1375 3422 1473 ἐχειραγώγησε,

1833 1465 1971 1563 πρὸς
2000 1465 2098 1559 τῆν
2141 1489 2350 1557 φάτνην
2397 1483 2645 1552 ἔστησεν,
2682 1477 2865 1531 οὐκέτι
2906 1475 2973 1527 δι’
3020 1473 3245 1541 ἄστρου,
3283 1465 3423 1520 ἀλλά

1831 1559 1896 1634 διί
1931 1579 2167 1648 ἀγγέλου
2222 1576 2407 1629 λοιπὸν
2455 1573 2643 1632 αὐτοῖς
2691 1566 3038 1634 διαλέγεται,
3096 1559 3239 1615 οὕτω
3278 1560 3421 1610 κατά

1833 1668 2031 1738 μικρὸν
2065 1667 2306 1737 βελτίους
2329 1662 2596 1730 ἐγένοντο.
2630 1658 2803 1710 Τοῦτο
2831 1655 2925 1708 καὶ
2961 1653 3054 1706 ἐπὶ
3082 1651 3190 1704 τῶν
3222 1651 3418 1701 Ἀσκα-

1831 1759 2071 1813 λωνιτῶν
2116 1757 2211 1810 καὶ
2242 1753 2495 1817 Γαζαίων
2539 1749 2786 1818 ἐποίησε.
2830 1745 2942 1798 Kal
2985 1743 3095 1815 γὰρ
3157 1742 3212 1794 αί
3256 1740 3419 1791 nam

1833 1850 2015 1911 πόλεις
2044 1849 2283 1907 ἐκεῖναι,
2324 1843 2514 1912 ἐπειδὴ
2555 1839 2656 1908 τῆς
2690 1833 2925 1891 κιϐωτοῦ
2970 1827 3421 1901 παραγενομένης

1833 1938 2153 2006 ἐπλήγησαν
2200 1933 2421 2004 καιρίαν
2478 1927 2714 1999 πληγὴν,
2757 1925 2852 1978 καὶ
2897 1919 3217 1987 ἀπαλλαγὴν
3281 1915 3424 1969 οὐδε-

1835 2029 1962 2096 μίαν
1988 2025 2242 2097 εὕρισκον
2273 2023 2382 2075 τῶν
2409 2019 2773 2088 ἐπικειμένων
2809 2012 3017 2073 κακῶν,
3043 2011 3171 2070 τοὺς
3195 2007 3419 2078 μάντεις

1831 2116 2180 2181 καλέσαντες,
2229 2115 2323 2167 καὶ
2362 2108 2658 2180 ἐκκλησίαν
2700 2103 3133 2173 συναγαγόντες,
3192 2098 3418 2168 ἐζήτουν

1831 2207 1983 2260 λύσιν
2008 2208 2188 2277 εὑρεῖν
2215 2205 2316 2274 τῆς
2345 2203 2607 2272 θεηλάτου
2640 2199 2856 2268 πληγῆς
2886 2194 3123 2262 ἐκείνης.
3152 2185 3282 2243 Εἶτα
3313 2186 3418 2240 τῶν

1834 2297 2082 2368 μάντεων
2109 2293 2221 2366 [Si]
2255 2296 2539 2354 εἰπόντων,
2563 2292 2645 2342 ὅτι
2676 2287 2935 2356 δαμάλεις
2966 2282 3310 2350 ἀδαμάστους
3327 2280 3419 2331 καὶ

1833 2366 2283 2458 πρωτοτοκούσας
2317 2380 2614 2445 ὑποζεύξαι
2643 2380 2709 2448 τῇ
2749 2373 2965 2441 κιϐωτῷ
3005 2371 3132 2441 χρὴ,
3168 2369 3263 2422 καὶ
3287 2366 3419 2458 μηδ-

1832 2457 1950 2542 ενὸς
2002 2474 2468 2548 χειραγωγοῦντος
2529 2472 2747 2539 ἀφεῖναι
2813 2464 3076 2536 βαδίζειν·
3127 2459 3270 2512 οὕτω
3311 2457 3416 2527 γάρ

1833 2569 1984 2624 ἔσται
2023 2568 2342 2637 κατάδηλον,
2383 2568 2492 2619 εἴτε
2540 2562 2799 2632 θεήλατος
2837 2553 2906 2627 ἦν
2925 2557 2969 2587 ⁸⁸
3001 2556 3032 2623 ὴ
3073 2552 3274 2623 πληγὴ,
3307 2549 3418 2600 εἴτε

1831 2662 1896 2712 ἐκ
1923 2659 2228 2730 περιφορᾶς
2268 2673 2414 2716 τινος
2459 2657 2492 2723 ἡ
2530 2653 2683 2714 νόσος
2719 2650 2816 2720 (ἂν
2846 2647 2943 2718 μέν
2969 2645 3095 2713 γὰρ,
3127 2641 3283 2710 φησὶ,
3323 2639 3418 2730 τὸν

1832 2729 2131 2816 ζυγὸνὺπὸ
2173 2747 2274 2814 τῆς
2311 2745 2569 2813 ἀπειρίας
2625 2737 3071 2809 συντρίψωσιν,ἢ
3130 2733 3267 2802 πρὸς
3319 2729 3420 2794 τὰς

1829 2839 2090 2908 δαμάλεις
2122 2834 2450 2905 μυκωμένας
2479 2830 2880 2902 ἐπιστραφῶσι,
2922 2822 3182 2893 συντυχία
3229 2822 3289 2874 τὸ
3326 2836 3413 2888 γεο

1831 2942 1958 2994 γενη
1969 2925 2129 2995 μένον
2163 2925 2311 2976 ἐστίν
2329 2937 2342 2952 ·
2371 2922 2437 2976 ἀν
2465 2921 2520 2974 66
2550 2919 2686 2990 ὀρθὰ
2715 2917 2993 2988 βαδίσωσι,
3022 2913 3118 2966 καὶ
3136 2910 3260 2986 οὕτε
3283 2909 3419 2978 πρὸς

1830 3017 1922 3069 τὸν
1965 3015 2253 3087 μυκηθμὸν
2298 2996 2412 3067 τῶν
2441 3011 2671 3064 παιδίων
2705 3006 3011 3078 πάσχουσαί
3041 3022 3114 3068 τι,
3163 3001 3287 3054 οὒτε
3316 3001 3421 3053 ὑπὸ

1832 3105 1928 3174 τῆς
1960 3103 2182 3172 ἀγνοίας
2210 3102 2310 3172 τῆς
2339 3100 2482 3153 κατὰ
2513 3100 2613 3167 τὴν
2638 3097 2777 3159 ὁδὸν,
2809 3091 3179 3164 πλανηθῶσιν,
3200 3088 3421 3160 εὔδηλον

1833 3197 1914 3248 ὅτι
1945 3196 1978 3264 ή
2007 3194 2102 3246 τοῦ
2155 3193 2294 3245 Θεοῦ
2326 3192 2446 3261 χείρ
2489 3192 2636 3241 ἐστιν
2689 3191 2720 3257 ἡ
2785 3186 3043 3254 ἁψαμένη
3074 3183 3184 3235 τῶν
3215 3183 3422 3234 πόλεων

1834 3285 2107 3352 τούτων)·
2145 3285 2268 3336 ἐπεὶ
2299 3280 2392 3334 οὖν
2444 3280 2615 3331 ταῦτα
2667 3277 2776 3328 τῶν
2839 3277 3088 3344 μάντεων
3140 3270 3422 3332 εἰπόντων,

1835 3374 2169 3443 ἐπείσθησαν
2219 3373 2266 3424 οἰ
2308 3352 2408 3434 τὰς
2469 3367 2656 3428 πόλεις
2707 3364 2984 3425 οἰκοῦντες
3042 3362 3281 3424 ἐκείνας,
3330 3361 3426 3413 καὶ

1835 3465 2099 3535 ἐποίησαν
2120 3464 2196 3525 ὡς
2231 3458 2632 3530 ἐκελεύσθησαν
2652 3497 2668 3521 ,
2702 3457 2795 3510 καὶ
2825 3457 2854 3508 6
2888 3454 3020 3516 Θεὸς
3046 3455 3119 3523 τῇ
3150 3452 3261 3503 τῶν
3290 3452 3426 3520 μάν-

1835 3575 1973 3610 τεων
2002 3554 2336 3624 ἠκολούθησε
2370 3552 2585 3622 γνώμῃ,
2623 3545 3077 3616 συγκαταϐαίνων
3106 3544 3266 3597 πάλιν
3288 3580 3303 3606 ,
3334 3542 3428 3594 καὶ

1835 3648 1936 3700 οὐκ
1962 3647 2210 3715 ἐνόμισεν
2243 3643 2460 3707 ἀνάξιον
2490 3636 2630 3693 εἰναι
2661 3637 2828 3693 αὑτοῦ
2876 3637 2986 3689 τῶν
3035 3635 3281 3703 μάντεων
3329 3631 3428 3701 τὴν

1836 3737 2141 3808 πρόρρησιν
2171 3736 2250 3798 εἰς
2274 3734 2433 3807 ἔργον
2458 3731 2770 3799 ἐξαγαγεῖν,
2810 3728 2906 3782 καὶ
2936 3726 3163 3792 ποιῆσαι
3203 3725 3429 3786 πιστοὺς

1837 3825 1978 3881 εἶναι
2015 3828 2213 3890 δοκεῖν,
2256 3827 2313 3877 ἐν
2359 3819 2440 3886 οἷς
2475 3823 2599 3876 τότε
2629 3821 2906 3889 εἰρήκασι.
2948 3816 3059 3868 Kal
3092 3814 3202 3884 γὰρ
3241 3813 3426 3883 μεῖζον

1837 3917 1898 3970 τὸ
1951 3915 2384 3986 κατορθούμενον
2430 3908 2518 3982 ἦν,
2547 3909 2626 3980 τῷ
2656 3909 2698 3940 ⁸⁷
2744 3909 2837 3960 καὶ
2869 3906 3069 3967 αὐτοὺς
3105 3905 3233 3966 τοὺς
3274 3905 3427 3955 ἐναν-

1838 4007 1987 4067 τίους
2021 4004 2368 4074 μαρτυρῆσαι
2395 4005 2462 4070 τῇ
2497 4000 2592 4052 τοῦ
2616 3999 2751 4051 Θεοῦ
2772 3999 3023 4066 δυνάμει,
3047 3999 3141 4050 καὶ
3176 3998 3285 4064 τὴν·
3300 4013 3366 4047 πε
3378 3995 3430 4064 pl

1839 4095 2005 4148 αὑτοῦ
2055 4093 2238 4161 ψῆφον
2295 4092 2420 4152 τοὺς
2457 4087 2637 4143 αὐτῶν
2699 4086 3055 4150 διδασκάλους
3104 4085 3430 4153 ἐξενεγκεῖν.

1842 4187 1953 4240 Kal
1983 4184 2146 4254 ἔτερα
2177 4183 2235 4235 66
2265 4181 2435 4234 πολλὰ
2463 4179 2688 4234 τοιαῦτα
2717 4179 2818 4232 ίδοι
2846 4195 2931 4242 τις
2949 4178 3015 4230 ἂν
3043 4177 3431 4248 οἰκονομοῦντα

1840 4277 1931 4330 τὸν
1959 4275 2113 4330 Θεόν.
2159 4274 2270 4326 Kal
2297 4272 2406 4344 γὰρ
2455 4272 2549 4325 καὶ
2587 4272 2647 4324 τὸ
2697 4270 2789 4322 ἐπὶ
2831 4268 2933 4338 τῆς
2984 4267 3430 4340 ἐγγαστριμύθου

1841 4367 2015 4439 τούτῳ
2069 4365 2358 4436 προσέοικε
2408 4364 2508 4433 τῆς
2559 4361 2868 4431 οἰκονομίας
2913 4359 2991 4430 τῷ
3017 4359 3235 4430 τρόπῳ,
3268 4359 3297 4410 ὃ
3338 4357 3431 4411 καὶ

1843 4461 2000 4525 ὗμεῖς
2025 4457 2208 4512 λοιπὸν
2238 4455 2348 4509 ἀπὸ
2375 4454 2486 4508 τῶν
2512 4453 2815 4526 εἰρημένων
2838 4451 3090 4505 ἐπιλῦσαι
3111 4449 3428 4521 δυνήσεσθε.

1839 4561 1946 4615 Τοῦ
1977 4561 2076 4631 μὲν
2126 4555 2218 4610 οὖν
2272 4555 2502 4626 ἀστέρος
2530 4554 2714 4606 ἕνεκεν
2757 4553 2907 4620 παρά
2945 4552 3041 4620 μὲν
3074 4552 3232 4621 ἡμῶν
3259 4553 3432 4605 ταῦτα

1838 4652 2076 4722 εἴρηται,
2108 4647 2258 4718 παρὰ
2290 4647 2346 4700 66
2367 4644 2522 4714 ὑμῶν
2551 4645 2645 4695 καὶ
2684 4643 2903 4695 πλείονα
2934 4641 3194 4712 λεχθῆναι
3230 4642 3431 4694 δύναιτ’

1840 4742 1938 4796 ἄν·
1975 4741 2151 4794 Δίδου
2184 4741 2314 4807 γὰρ,
2361 4735 2517 4807 φησί-ο
2545 4733 2720 4803 ’σοφῷ
2767 4734 3072 4802 ἀφορμήν,
3109 4735 3208 4787 καὶ
3237 4737 3434 4804 σοφώ-

1840 4851 2008 4901 τερος
2029 4833 2221 4884 ἔσται.

1912 4923 1955 4977 δ’
1961 4964 1976 4980 .
1996 4926 2085 4976 Δεῖ
2100 4923 2156 4974 66
2187 4921 2373 4973 λοιπὸν
2395 4919 2489 4970 ἐπὶ
2511 4918 2612 4986 τὴν
2641 4916 2817 4986 ἀρχὴν
2836 4915 2942 4967 τῶν
2973 4915 3434 4983 ἀναγνωσθέντων

1843 5016 2040 5068 ἐλθεῖν.
2074 5014 2169 5076 Τίς
2204 5013 2260 5064 δὲ
2287 5014 2320 5080 ἡ
2353 5010 2531 5080 ἀρχή;
2559 5007 2676 5062 Τοῦ
2702 5006 2770 5059 δὲ
2810 5006 3014 5072 Ἰησοῦ
3037 4993 3436 5074 γεννηθέντος

1843 5109 1913 5161 ἐν
1943 5107 2216 5173 Βηθλεὲμ
2262 5103 2375 5170 τῆς
2411 5100 2728 5164 Ἰουδαίας,
2771 5100 2841 5151 ἐν
2882 5096 3133 5166 ’ἡμέραις
3171 5097 3431 5165 Ἡρώδου

1843 5199 1954 5253 τοῦ
1976 5196 2300 5263 βασιλέως,
2334 5193 2464 5248 ἰδοὺ
2489 5192 2668 5260 μάγοι
2701 5189 2820 5244 ἀπὸ
2866 5188 3182 5242 ἀνατολῶν
3220 5189 3435 5257 ἐρχονο

1846 5306 1939 5342 ται
1962 5292 2051 5354 εἰς
2093 5287 2503 5356 Ἰεροσόλυμα.
2535 5282 2715 5348 Μάγοι
2748 5281 2847 5350 μὲν
2872 5279 3103 5349 ἀστέρος
3133 5280 3437 5348 κατάρχον-

1846 5396 1936 5441 τος
1953 5375 2345 5448 ἠκολούθησαν·
2367 5368 2512 5426 οὗτοι
2534 5371 2593 5424 δὲ
2616 5371 2737 5424 οὐδὲ
2763 5369 3061 5441 προφητῶν
3099 5370 3437 5438 ἐνηχούντων

1849 5468 2196 5520 ἐπίστευσαν.
2227 5464 2383 5525 Τίνος
2408 5463 2465 5515 66
2487 5462 2531 5493 "
2565 5461 2752 5514 ἕνεκεν
2795 5461 2927 5529 ἡμῖν
2977 5459 3072 5512 καὶ
3106 5459 3195 5511 τὸν
3247 5460 3437 5528 χρόνον

1849 5553 2020 5622 λέγει,
2070 5554 2165 5606 καὶ
2201 5552 2292 5605 τὸν
2321 5553 2506 5615 τόπον,
2541 5550 2644 5603 Ἐν
2672 5549 2944 5618 Βηθλεὲμ
2982 5549 3174 5612 εἰπὼν,
3206 5550 3297 5600 καὶ
3334 5550 3439 5600 Ἐν

1849 5642 1980 5706 ταῖς
2035 5642 2280 5712 ἡμέραις
2323 5639 2582 5707 Ἰιρώδου
2633 5637 2740 5692 τοῦ
2795 5639 3138 5704 βασιλέως;
3193 5640 3333 5701 τίνος
3380 5639 3436 5690 66

2114 5838 2552 5924 ’ξνὲέικξιάηενεκ
2579 5838 2874 5924 ἀποὲιογίςες
2897 5835 3182 5924 δεφορμῇνί

485 5906 809 5993 ἶᾶξαράγειὶ
832 5906 1121 5993 ι’ίγὶειιξσίοιέΖ
1155 5906 1289 5962 Ben}
1330 5910 1491 5993 pgulq
1526 5919 1648 5977 post
1683 5910 1735 5993 ἐξ

1837 5909 2019 5993 ηγόρει
2136 5907 2286 5993 B.._C.
2308 5909 2386 5993 ηιξ.
2436 5911 2509 5993 "ﬁ
2529 5906 2799 5993 ἀναγάγῇ
2817 5910 2876 5963 ι).
2902 5906 3180 5993 ,Ιξξέινιιίςιι
3209 5911 3263 5993 ΖΕ
3276 5910 3432 5993 Ξειῇ]

2761 5963 2769 5980 δ

2901 5980 2943 6012 ια
2969 5978 3050 6052 δὲ]
3077 5975 3171 6033 οὖν
3196 5983 3260 6034 Α.
3283 5979 3342 6032 ιι.
3366 5975 3432 6035 c;
