4040 6466
218 372 298 426 67

225 507 303 545 ne
338 489 615 560 prophetis
636 487 850 558 quidem
874 483 1313 538 annuntiantibus
1337 483 1692 538 crediderunt.
1725 485 1832 538 Cur

223 590 418 635 autem
449 580 606 633 nobis
642 588 694 630 et
735 588 941 645 tempus
979 575 1108 628 dicit
1139 584 1194 628 et
1225 575 1432 636 locum,
1465 575 1590 628 dum
1622 575 1693 628 ait
1715 615 1730 640 ,
1766 573 1831 627 In

223 670 532 725 Bethlehem
553 710 568 733 ,
601 678 687 728 et,
718 667 785 720 In
806 666 983 718 diebus
1018 663 1236 718 Herodis
1268 663 1439 732 regis?
1474 680 1575 733 qua
1605 680 1736 718 vero
1765 663 1833 718 de

222 777 399 815 causa
435 761 745 828 dignitatem
792 758 955 810 etiam
997 741 1578 827 a'ddidit?l)ignitatem
1609 751 1831 822 quidem

227 852 475 917 addidit,
505 849 757 918 quoniam
792 855 846 901 et
883 846 1017 899 alius
1047 844 1145 897 fuit
1181 843 1417 897 Herodes
1444 843 1531 911 qui
1573 841 1832 896 Joannem

224 941 470 1002 occulit;
505 938 601 992 sed
631 937 720 991 hic
749 937 1013 991 tetrarclta
1034 975 1048 998 ,
1079 934 1170 989 ille
1197 949 1289 987 rex
1321 943 1454 987 erat.
1501 934 1700 987 Locum
1740 950 1833 987 au-

230 1042 352 1086 tem
381 1031 568 1086 scribit
593 1039 648 1085 et
676 1038 883 1097 tempus
921 1027 1050 1081 dum
1086 1024 1394 1095 prophetias
1434 1025 1587 1088 nobis
1625 1035 1836 1081 veteres

225 1132 662 1187 commemorat,
711 1135 934 1189 quarum
975 1118 1201 1172 alteram
1243 1118 1490 1171 Michmas
1535 1118 1713 1171 emisit
1753 1118 1836 1171 his

225 1213 419 1268 verbis
447 1231 459 1265 :
486 1212 554 1265 Et
581 1222 637 1264 tu
667 1211 956 1265 Bethleltem
990 1218 1125 1264 terra
1165 1209 1307 1263 Juda
1327 1250 1342 1273 ,
1381 1226 1697 1278 nequaquam
1740 1209 1838 1261 mi-

227 1305 379 1355 nima
406 1319 457 1358 es
482 1303 534 1355 in
574 1302 888 1372 principibus
910 1300 941 1352 J
950 1301 1049 1353 uda
1083 1300 1268 1371 (Mich.
1297 1299 1349 1355 5.
1374 1299 1462 1368 2);
1492 1299 1713 1352 alteram
1747 1314 1838 1368 pa-

230 1395 471 1448 triarcha
494 1393 663 1449 Jacob
684 1434 697 1454 ,
724 1393 814 1463 qui
844 1393 994 1447 nobis
1020 1402 1228 1463 tempus
1252 1391 1532 1460 exprimit,
1560 1405 1839 1460 magnum-

229 1501 348 1556 que
394 1487 604 1556 signum
645 1485 904 1539 adventus
941 1485 1059 1552 ejus
1104 1484 1358 1553 apponit;
1407 1498 1529 1537 nam
1570 1484 1684 1536 ait:
1717 1483 1840 1538 Non

227 1582 501 1647 mtferetur
557 1579 791 1644 princeps
839 1577 900 1628 de
944 1574 1118 1638 Juda,
1159 1590 1250 1627 nec
1302 1575 1412 1628 dua:
1458 1575 1523 1627 de
1569 1575 1840 1643 femoribus

231 1671 357 1738 ejus
386 1711 402 1734 ,
457 1669 616 1722 donec
666 1668 831 1720 veniat
877 1667 958 1719 cui
1005 1666 1283 1734 repositum
1330 1674 1406 1717 est
1444 1683 1462 1717 :
1506 1673 1551 1717 et
1603 1666 1711 1732 ipse
1756 1682 1841 1718 ex-

236 1760 492 1828 spectatio
529 1759 751 1828 gentium
791 1755 942 1826 (Gen.
987 1755 1235 1822 49.10).
1281 1754 1385 1810 Sed
1435 1753 1563 1808 illud
1620 1769 1833 1825 quoque

235 1848 625 1919 inquirendum
667 1855 784 1912 est,
829 1861 948 1916 qua:
991 1860 1152 1900 causa
1192 1845 1326 1914 ipsis
1370 1845 1528 1899 luerit
1573 1845 1696 1899 talia
1738 1860 1836 1900 co-

236 1938 484 2010 gitandi,
537 1950 592 1996 et
639 1941 760 2011 quis
802 1942 923 1995 illos
961 1941 1026 1995 ad
1071 1941 1192 1995 talia
1227 1939 1432 2009 agenda
1471 1939 1844 1994 concitaverit.

237 2030 434 2100 Neque
474 2030 620 2085 enim
661 2030 793 2084 mihi
837 2030 1052 2085 videtur
1091 2030 1206 2084 haec
1241 2044 1398 2096 posse
1426 2029 1491 2082 ad
1522 2029 1692 2082 solam
1720 2028 1846 2081 stel-

239 2122 357 2177 lam
388 2121 615 2187 referri;
648 2121 742 2177 sed
769 2121 835 2176 ad
867 2122 1036 2176 Deum
1064 2122 1154 2191 qui
1184 2135 1368 2175 eorum
1412 2120 1623 2174 animos
1665 2121 1845 2175 conci-

240 2214 380 2268 tavit
403 2232 417 2269 :
442 2214 492 2267 id
521 2215 661 2284 quod
685 2215 845 2268 etiam
878 2214 930 2268 in
953 2213 1095 2284 Cyro
1126 2214 1250 2268 fecit
1269 2255 1283 2278 ,
1317 2228 1441 2268 cum
1463 2212 1581 2282 ejus
1606 2214 1844 2266 animum

240 2305 491 2370 induxit,
539 2315 598 2360 ut
625 2305 840 2360 Judams
881 2305 1178 2360 dimitteret
1222 2303 1434 2373 (Parui.
1485 2304 1616 2371 56);
1671 2317 1847 2372 neque

245 2403 432 2449 tamen
478 2394 606 2449 illud
639 2395 710 2449 ita
755 2406 1011 2464 operatus
1051 2407 1152 2460 esu
1186 2404 1242 2449 ut
1271 2395 1498 2448 liberum
1543 2376 1658 2462 ejﬁs
1701 2393 1846 2447 arbi-

240 2485 408 2538 trium
431 2485 644 2540 tolleret
669 2502 682 2539 :
714 2485 1143 2555 quandoquidem
1168 2494 1224 2540 et
1250 2500 1370 2539 cum
1394 2485 1617 2540 Paulum
1645 2500 1709 2538 ex
1737 2484 1846 2539 alto

247 2575 498 2640 vocavit,
526 2584 576 2630 et
602 2577 830 2644 gratiam
857 2590 1010 2630 suam
1044 2585 1098 2630 et
1131 2577 1249 2645 ejus
1283 2576 1688 2644 obsequentiam
1718 2589 1848 2630 con-

241 2665 488 2733 spicuam
517 2664 697 2720 eﬁ'ecit
723 2665 860 2737 (Act.
899 2666 978 2736 9).
1031 2667 1098 2720 At
1125 2667 1333 2736 inquies
1353 2706 1368 2731 ,
1397 2665 1508 2721 Cur
1531 2682 1640 2721 non
1666 2667 1846 2722 omni-

243 2754 347 2809 bus
397 2757 570 2826 magis
621 2755 727 2811 hoc
774 2757 948 2825 ipsum
995 2757 1293 2812 revelavit?
1334 2758 1467 2824 Quia
1509 2773 1616 2812 non
1656 2775 1845 2814 omnes

238 2847 505 2902 credituri
530 2855 718 2914 erant,
751 2846 803 2901 hi
827 2863 954 2903 vero
981 2855 1136 2902 erant
1164 2848 1284 2902 aliis
1313 2849 1610 2917 paratiores
1634 2865 1646 2900 :
1672 2849 1844 2918 siqui-

241 2935 370 2989 dem
409 2949 531 2991 eum
573 2937 866 2991 innumerae
907 2946 1099 3006 gentes
1141 2937 1412 3006 perirent,
1466 2937 1533 2990 ad
1582 2937 1845 2993 Ninivitas

239 3027 418 3080 solum
461 3026 720 3095 propheta
768 3027 966 3083 missus
1008 3036 1129 3080 est:
1164 3027 1376 3096 duoque
1400 3037 1554 3080 erant
1592 3029 1642 3081 in
1684 3043 1846 3083 cruce

248 3115 528 3180 latrones,
556 3127 609 3169 et
633 3116 770 3170 alter
801 3126 1006 3170 tantum
1036 3117 1274 3198 Salutem.
1295 3126 1481 3172 nactus
1503 3127 1605 3173 est.
1640 3119 1843 3173 Horum

243 3209 427 3277 itaque
475 3209 726 3263 virtutem
772 3209 1082 3278 perpende;
1125 3224 1233 3263 non
1259 3197 1400 3279 quod
1431 3212 1705 3274 venerint,
1749 3197 1843 3265 sed

239 3297 387 3366 quod
418 3312 542 3351 cum
585 3297 775 3352 ﬁducia
804 3307 860 3354 et
885 3298 1204 3368 simpliciter
1245 3300 1473 3369 egerint.
1519 3299 1734 3354 Etenim
1778 3316 1845 3354 ne

243 3389 477 3444 subdole
521 3389 666 3444 missi
715 3389 1032 3457 videantur,
1077 3399 1266 3460 etquo
1295 3390 1432 3445 duce
1472 3392 1748 3458 venerint,
1792 3402 1846 3447 et

241 3481 344 3534 viae
384 3480 776 3550 longitudinem
806 3490 1070 3548 narrant,
1110 3492 1165 3536 et
1193 3481 1724 3550 loquendiﬁduciam
1753 3499 1847 3537 ex-

243 3570 470 3628 hibent:
501 3585 623 3624 nam
653 3572 822 3636 aiunt,
866 3570 1107 3624 Venimus
1136 3571 1351 3624 adorare
1373 3588 1524 3633 eum;
1547 3587 1722 3641 neque
1750 3587 1846 3641 po-

244 3662 351 3730 puli
379 3661 617 3716 furorem
638 3703 653 3728 ,
688 3677 864 3732 neque
891 3663 1032 3732 regis
1066 3662 1404 3732 tyrannidem
1448 3662 1839 3717 reformidant:

241 3761 570 3823 quapropter
594 3753 844 3807 videntur
871 3753 1002 3807 mihi
1027 3754 1187 3808 etiam
1216 3754 1594 3808 contribulium
1622 3770 1845 3810 suorum

241 3842 491 3898 doctores
517 3843 662 3898 domi
696 3844 879 3898 fuisse.
911 3843 1045 3898 Nam
1077 3843 1168 3912 qui
1208 3844 1328 3898 istic
1360 3845 1487 3898 illud
1518 3844 1701 3901 dicere
1735 3861 1842 3900 non

240 3934 590 3997 dubitarunt,
637 3934 807 3988 multo
843 3934 1012 4004 magis
1042 3935 1095 3987 in
1124 3935 1296 4004 patria
1336 3948 1430 3988 sua
1473 3949 1534 3988 ea
1564 3934 1631 3990 de
1665 3951 1723 3988 re
1758 3936 1843 3989 lo-

241 4024 394 4093 quuti
438 4023 608 4078 libere
653 4023 882 4089 fuerint,
927 4024 1128 4094 quippe
1160 4024 1250 4094 qui
1283 4034 1338 4078 et
1362 4025 1640 4077 oraculum
1669 4026 1842 4093 angeli

248 4113 626 4181 accepissent,
658 4122 712 4168 et
757 4114 1034 4182 prophetae
1083 4115 1450 4170 testimonium
1497 4116 1738 4169 allatum.
1784 4116 1838 4168 5.

239 4202 466 4256 Audiens
494 4213 666 4256 autent
700 4202 966 4270 Herodes,
1013 4207 1121 4270 ait,
1171 4204 1400 4258 turbatus
1443 4212 1544 4270 est,
1591 4215 1636 4259 et
1678 4208 1843 4259 omnis

237 4291 561 4363 Jerosolyma
601 4310 716 4347 cum
753 4296 864 4348 illo.
904 4295 1034 4350 .lure
1070 4295 1283 4364 quidem
1321 4296 1593 4360 llerodes,
1626 4298 1714 4364 qui
1746 4313 1838 4350 rex

240 4391 392 4448 erat,
423 4384 523 4438 sibi
558 4384 788 4455 ﬁliisque
820 4386 1080 4440 timebat:
1112 4387 1447 4456 Jerosolyma
1497 4403 1627 4441 vero
1674 4404 1841 4456 quare

237 4477 448 4532 turbata
479 4485 562 4532 est
583 4517 598 4539 ,
648 4479 1078 4546 quandoquidem
1106 4480 1282 4547 ipsum
1304 4486 1358 4533 et
1382 4488 1714 4535 servatorem
1733 4518 1754 4548 ,
1780 4493 1836 4536 et

237 4566 535 4622 beneﬁcum
559 4606 575 4630 ,
617 4575 670 4620 et
697 4565 1040 4620 liberatorem
1067 4568 1177 4636 jam
1221 4567 1349 4622 olim
1389 4571 1665 4639 propheta:
1691 4585 1832 4639 pne-

238 4656 522 4710 dixerant?
545 4654 653 4710 Cur
671 4646 812 4726 ergo
838 4656 1033 4711 turbati
1063 4659 1228 4712 sunt?
1268 4658 1474 4714 Eodem
1514 4662 1696 4714 animo
1727 4676 1833 4730 quo

236 4749 367 4803 olim
414 4749 716 4804 beneﬁcum
762 4751 929 4805 Deum
971 4752 1381 4818 aversabantur,
1411 4763 1466 4808 et
1491 4769 1683 4810 carnes
1713 4757 1830 4812 illas

234 4838 579 4909 Egyptiacas
621 4843 1146 4906 commemorabant,
1192 4843 1318 4896 dum
1355 4854 1496 4899 tanta
1528 4846 1832 4902 fruerentur

236 4931 504 4987 libertate.
535 4932 614 4986 Tu
643 4948 770 4986 vero
805 4934 932 4987 mihi
963 4934 1235 5003 perpende
1264 4946 1514 5005 accurata
1544 4939 1828 5005 preplteta-

234 5037 354 5077 rum
396 5023 554 5076 dicta.
603 5022 735 5075 Nam
778 5025 904 5077 illud
948 5027 1119 5092 ipsum
1153 5026 1260 5094 jam
1297 5027 1424 5080 olim
1455 5031 1829 5097 prtenuntiavit

238 5114 499 5182 propheta
537 5113 619 5168 his
663 5113 876 5182 verbis:
909 5115 1119 5185 Cupient
1152 5118 1194 5170 si
1227 5118 1349 5186 facti
1383 5129 1498 5171 sunt
1544 5122 1658 5189 igne
1693 5137 1830 5174 com-

237 5203 370 5258 busti
392 5221 412 5258 :
434 5205 554 5271 quia
577 5220 704 5273 puer
736 5215 886 5257 natus
912 5216 982 5258 est
1004 5208 1146 5261 nobis
1164 5248 1178 5271 ,
1215 5217 1262 5260 et
1283 5209 1420 5276 ﬁlius
1455 5210 1604 5264 datus
1633 5225 1704 5264 est
1733 5229 1829 5264 no-

238 5295 314 5350 bis
345 5296 500 5366 (Isai.
537 5297 591 5351 9.
634 5295 685 5350 5.
730 5295 807 5364 6).
858 5298 1106 5352 Attamen
1140 5299 1466 5368 perturbati,
1497 5317 1604 5355 non
1635 5313 1827 5356 curant

237 5387 421 5441 videre
447 5386 588 5454 quod
619 5397 827 5455 gestum
857 5396 971 5452 est,
1017 5402 1121 5440 non
1151 5405 1336 5459 magos
1366 5403 1684 5459 sequuntur,
1725 5408 1829 5448 non

237 5479 612 5540 sciscitantur;
649 5478 719 5532 ita
746 5479 998 5532 nimirum
1029 5482 1350 5534 contentiosi
1381 5491 1434 5535 et
1460 5483 1616 5537 simul
1646 5501 1830 5539 socer--

237 5569 332 5624 des
378 5584 489 5634 pra:
535 5570 784 5622 omnibus
824 5579 1008 5633 erant;
1054 5585 1175 5625 cum
1215 5587 1310 5642 par
1335 5573 1526 5630 fuisset
1551 5578 1692 5631 enim
1720 5579 1832 5648 glo-

238 5657 394 5724 riari,
428 5661 568 5729 quod
609 5673 700 5714 rex
730 5659 820 5715 ille
849 5661 988 5732 apud
1016 5677 1075 5718 se
1111 5672 1269 5720 natus
1297 5674 1473 5730 esset,
1519 5668 1657 5730 quod
1696 5667 1826 5723 Pcr-

1411 381 1478 434 IN
1519 378 1931 452 lliA’l‘TllJSUM
1957 380 2196 436 .llOMlL.
2235 382 2322 435 vr.
3455 383 3525 433 os

1938 496 2118 537 sarum
2150 486 2423 554 regionem
2453 485 2520 539 ad
2548 501 2608 540 se
2639 487 2890 541 traxisset
2911 528 2924 550 ,
2955 503 3017 542 ac
3039 490 3152 544 lore
3183 491 3456 546 videretur
3482 505 3538 548 ut

1938 590 2127 630 omnes
2166 576 2266 628 sibi
2310 575 2510 629 subditi
2552 586 2769 642 essent,
2817 578 3034 646 quando
3062 594 3149 634 res
3176 581 3254 634 sic
3281 597 3538 650 prospere

1938 666 2192 721 caderent
2221 675 2277 720 et
2302 668 2352 720 in
2381 669 2570 721 melius
2608 669 2962 737 proﬁcerent,
3007 686 3070 724 ac
3111 672 3189 725 vel
3218 688 3246 724 a
3273 673 3539 743 principio

1938 757 2221 825 imperium
2271 758 2341 810 ita
2384 758 2724 825 Splendidum
2773 770 2917 814 esset
2950 778 2964 814 :
2996 760 3068 814 illi
3122 773 3300 817 tamen
3350 781 3417 819 ne
3459 765 3538 819 sic

1941 846 2158 915 quidem
2205 847 2257 899 in
2301 849 2523 901 meliora
2554 858 2848 915 mutantur,
2886 852 3093 905 etiamsi
3125 867 3296 922 nuper
3328 853 3540 908 fuerant

1942 950 1969 986 a
1998 936 2307 1003 captivitate
2347 937 2558 994 Persica
2602 939 2833 993 liberati.
2872 942 3030 1009 Atqui
3075 957 3170 1010 par
3219 953 3332 997 erat
3377 945 3533 1007 illos,

1933 1025 2146 1078 etiamsi
2191 1042 2511 1082 arcanorum
2542 1038 2596 1084 et
2625 1030 2936 1086 sublimium
2981 1033 3150 1103 ignari
3192 1033 3455 1099 fuissent,
3482 1046 3537 1091 et

1933 1130 1995 1168 ex
2041 1118 2405 1182 prmsentibus
2449 1128 2655 1174 tantum
2704 1122 2967 1176 calculum
3027 1125 3360 1192 posuissent,
3413 1128 3530 1180 lucc

1930 1205 2165 1272 cogitare
2192 1217 2408 1262 tamen:
2451 1208 2506 1264 Si
2539 1221 2719 1265 natum
2752 1227 2930 1283 regem
2970 1226 3212 1270 nostrum
3241 1217 3312 1270 ita
3345 1217 3532 1272 formi-

1931 1296 2094 1362 dant,
2142 1300 2510 1372 multomagis
2541 1318 2665 1358 cum
2705 1303 3004 1360 adoleverit
3051 1307 3223 1376 ipsum
3272 1310 3559 1378 perlitus-,-

1929 1399 2121 1455 scent,
2169 1392 2380 1463 ipsique
2426 1397 2843 1475 obsequemur:
2889 1410 3182 1469 nostraque
3235 1401 3532 1457 barbaricis

1928 1483 2294 1552 splendidiora
2339 1486 2514 1540 futura
2546 1497 2692 1541 sunt.
2727 1488 2832 1543 Sed
2877 1490 3010 1544 nihil
3045 1492 3348 1559 hujnsntodi
3387 1496 3533 1563 ipso—

1927 1589 2045 1627 rum
2087 1575 2297 1628 animos
2323 1578 2478 1645 erigit
2503 1595 2516 1630 :
2544 1586 2690 1633 tanta
2731 1581 2936 1636 scilicet
2960 1592 3076 1636 erat
3105 1583 3316 1638 illorum
3346 1601 3534 1640 socor-

1927 1667 2013 1720 dia
2059 1683 2180 1721 cum
2230 1668 2403 1722 livore
2446 1671 2734 1740 conjuncta
2770 1691 2784 1704 ο
2814 1675 2956 1742 quod
3008 1685 3296 1745 utrumque
3345 1679 3529 1732 vitium

1928 1783 2032 1823 nos
2069 1777 2289 1838 oportet
2319 1769 2617 1839 diligenter
2649 1785 2863 1837 arcere,
2895 1788 3160 1842 eumque,
3194 1776 3291 1845 qui
3331 1777 3535 1832 adver-

1933 1873 2029 1914 sus
2081 1859 2188 1915 ista
2234 1860 2416 1915 aciem
2465 1861 2704 1916 instruet
2751 1864 2876 1933 igne
2933 1864 3337 1922 ferventiorem
3388 1884 3533 1925 esse.

1929 1951 2303 2018 Quamobrem
2357 1952 2580 2009 dicebat
2626 1953 2932 2009 Christus:
2990 1955 3170 2019 Ionem
3231 1961 3350 2013 veni
3411 1963 3537 2014 mit-

1933 2052 2043 2096 tere
2098 2045 2156 2097 in
2212 2053 2462 2110 terram;
2512 2054 2560 2098 et
2615 2046 2742 2115 quid
2793 2047 2930 2111 volo,
2986 2050 3087 2103 nisi
3151 2059 3211 2103 ut
3273 2055 3536 2106 accenda-

1933 2142 2023 2187 tur
2062 2133 2226 2204 (Luc.
2270 2135 2355 2190 12.
2399 2136 2538 2205 49)?
2572 2137 2813 2207 Ideoque
2864 2137 3108 2208 Spiritus
3156 2141 3299 2211 ignis
3350 2143 3538 2214 specie

1935 2231 2218 2297 apparuit.

2011 2396 2066 2451 5.
2109 2395 2383 2450 Femorem
2431 2395 2749 2449 audientium
2796 2393 2979 2448 excitat
3023 2392 3253 2462 exemplo
3304 2388 3465 2444 Ponti
3503 2399 3549 2443 et

1947 2489 2223 2543 mimorum
2265 2488 2512 2555 fidelium.
2558 2487 2706 2557 Ignis
2745 2486 3028 2553 spiritualis
3071 2501 3269 2538 omnem
3297 2483 3551 2550 cupidita-

1945 2586 2039 2630 tem
2081 2578 2355 2631 consumit.
2387 2607 2459 2618 —
2487 2577 2683 2632 Verum
2726 2591 2826 2630 nos
2876 2577 3062 2630 cinere
3115 2574 3452 2641 frigidiores,
3497 2581 3552 2627 ct

1950 2672 2177 2722 mortuis
2201 2669 2528 2737 stupidiores
2555 2668 2680 2722 facti
2710 2680 2932 2731 sumus,
2968 2667 3094 2719 licet
3126 2664 3347 2718 Paulum
3379 2662 3554 2716 vidca-

1939 2769 2062 2813 ‘mus
2088 2775 2252 2828 super
2281 2761 2473 2814 caelum
2499 2770 2552 2813 et
2577 2759 2771 2813 caelum
2810 2758 2926 2812 caeli
2981 2757 3280 2822 volantem,
3308 2765 3361 2809 et
3392 2756 3554 2808 vehe-

1942 2852 2173 2906 mentius
2203 2865 2365 2921 quam
2406 2851 2520 2918 ipsa
2563 2849 2780 2904 ﬁamma
2816 2850 2998 2902 omnia
3039 2847 3344 2901 vincentem
3377 2856 3432 2898 et
3461 2859 3554 2898 su-

1944 2951 2219 3009 perantem
2243 2983 2258 3006 ,
2290 2957 2522 3010 superna
2546 2981 2562 3006 ,
2599 2941 2846 3004 inferna;
2880 2940 3169 3010 praesentia
3193 2979 3207 3004 ,
3243 2938 3452 3002 futura,
3488 2952 3551 2990 ea

1941 3046 2060 3098 quae
2087 3041 2211 3085 sunt
2239 3042 2294 3083 et
2316 3047 2376 3084 ea
2398 3047 2519 3100 qua:
2549 3036 2654 3083 no‘n
2681 3039 2828 3083 sunt.
2860 3029 3011 3093 Quod
3040 3029 3084 3082 si
3116 3029 3218 3082 hoc
3243 3027 3551 3094 exemplum

1946 3134 2107 3189 supra
2142 3129 2193 3174 te
2233 3131 2350 3184 est,
2395 3121 2506 3188 jam
2551 3119 2782 3188 torporis
2825 3127 2909 3172 est
2951 3119 3054 3171 iste
3094 3117 3367 3170 obtenttts.
3413 3116 3552 3182 Quid

1944 3211 2086 3261 enim
2117 3211 2234 3277 plus
2260 3225 2420 3276 quam
2453 3217 2505 3262 tu
2533 3209 2718 3261 habuit
2745 3208 2963 3272 Paulus,
2992 3218 3048 3259 ut
3073 3207 3223 3260 dicas
3250 3222 3357 3259 non
3390 3220 3554 3275 posse

1951 3307 2003 3351 te
2033 3298 2183 3352 illum
2209 3300 2441 3352 imitari?
2473 3298 2671 3351 Verum
2699 3313 2769 3351 ne
2795 3298 2921 3365 quid
2952 3297 3341 3350 contentiosius
3370 3296 3552 3351 dicere

1943 3389 2251 3453 videamur,
2287 3391 2453 3444 Paulo
2495 3389 2723 3443 dimisso
2771 3388 2976 3459 primos
3023 3387 3212 3442 ﬁdeles
3241 3387 3552 3442 considere-

1943 3495 2063 3533 mus
2087 3498 2100 3532 :
2127 3482 2216 3551 qui
2244 3491 2297 3536 et
2329 3481 2587 3550 pecunias
2627 3491 2682 3535 et
2713 3481 3122 3549 possessiones,
3171 3489 3224 3535 et
3267 3497 3451 3535 curam
3497 3491 3553 3536 ct

1946 3572 2330 3638 occupationes
2355 3586 2546 3627 omnes
2570 3571 2856 3626 saeculares
2884 3570 3268 3639 repudiarunt,
3304 3579 3552 3638 totosque

1943 3676 2004 3716 se
2051 3663 2637 3728 Deo-consecrarunt,
2689 3669 2848 3716 nocte
2892 3659 3090 3730 dieque
3140 3674 3358 3729 semper
3397 3661 3550 3714 verbi

1941 3753 2204 3807 doctrina!
2230 3759 2590 3808 attendentes.
2633 3753 2760 3806 llaac
2789 3760 2873 3806 est
2897 3751 3040 3806 enim
3075 3750 3371 3819 spiritualis
3411 3750 3549 3819 ignis

1945 3850 2160 3909 natura,
2189 3851 2248 3896 ut
2277 3843 2476 3896 nullam
2502 3857 2683 3898 rerum
2715 3843 3055 3896 saecularium
3088 3839 3437 3908 cupiditatem
3465 3855 3550 3894 rc-

1945 3934 2185 4004 linquat,
2216 3933 2308 3988 sed
2334 3935 2386 3987 in
2416 3935 2577 3987 alium
2604 3933 2894 3988 transferat
2915 3947 3178 3986 amorem.
3206 3932 3551 4000 Quapropter

1945 4025 2130 4079 talium
2185 4040 2364 4079 rerum
2409 4025 2672 4094 cupidus,
2723 4025 2934 4078 etiamsi
2975 4026 3154 4078 omnia
3187 4022 3547 4092 profundere,

1942 4115 2151 4169 etiamsi
2198 4116 2528 4184 voluptatem
2579 4122 2636 4169 et
2677 4114 2906 4184 gloriam
2957 4113 3218 4177 irridere,
3265 4113 3546 4184 ipsamque

1933 4215 2167 4269 animam
2208 4213 2421 4268 tradere
2451 4219 2731 4281 oporteat,
2764 4224 2886 4263 cum
2909 4223 3100 4276 magna
3145 4207 3399 4262 facilitate
3432 4207 3548 4262 haec

1935 4305 2116 4359 omnia
2146 4304 2377 4373 perﬁcit.
2407 4301 2538 4357 Nam
2570 4301 2712 4355 illius
2747 4300 2884 4367 ignis
2924 4299 3086 4352 ardor
3116 4297 3168 4351 in
3200 4297 3435 4350 animam
3469 4297 3548 4349 iu-

1934 4411 2186 4466 gressus,
2220 4403 2496 4464 torporem
2528 4405 2746 4445 omnem
2778 4389 2998 4458 abjicit,
3049 4397 3104 4441 et
3153 4398 3332 4457 penna
3377 4388 3550 4441 levio-

1938 4500 2051 4538 rem
2083 4483 2249 4537 efﬁcit
2279 4498 2403 4536 eum
2428 4496 2590 4550 quem
2619 4477 2858 4540 invadit,
2893 4479 2962 4530 ita
2995 4484 3053 4531 ut
3079 4479 3260 4530 omnia
3292 4492 3412 4546 qua:
3442 4476 3543 4529 sub

1936 4581 2212 4642 aSpectum
2233 4573 2434 4627 cadunt
2456 4611 2471 4636 ,
2506 4569 2789 4638 despiciat.
2820 4568 2919 4634 Qui
2954 4569 3073 4622 talis
3102 4578 3185 4622 est
3207 4609 3222 4633 ,
3256 4569 3306 4620 in
3343 4582 3543 4637 perpe-

1939 4673 2028 4717 tua
2072 4663 2485 4732 compunctione
2525 4659 2720 4714 deinde
2760 4669 3104 4729 perseverat,
3154 4661 3328 4713 fontes
3370 4661 3546 4729 lacry-

1939 4771 2144 4808 uiarum
2186 4754 2496 4823 frequenter
2541 4750 2860 4816 eﬂ'undcns,
2910 4751 3239 4818 multamque
3282 4750 3407 4803 inde
3447 4765 3544 4804 vo-

1940 4849 2199 4912 luptatem
2265 4860 2583 4914 excerpens.
2642 4842 2785 4898 Nihil
2851 4843 3051 4912 quippe
3115 4844 3224 4896 Deo
3279 4843 3350 4895 ita
3403 4856 3542 4895 con-

1939 4937 2169 5006 glutinat
2199 4943 2254 4989 et
2297 4934 2609 5002 conjungit,
2662 4942 2719 4986 ut
2762 4934 3015 5002 lacrymte
3067 4933 3397 5001 hujusmodi.
3451 4931 3545 4986 Vir

1942 5027 2064 5080 talis
2090 5026 2188 5081 etsi
2219 5027 2271 5079 in
2305 5025 2494 5079 mediis
2524 5025 2750 5078 urbibus
2774 5023 2996 5089 habitet,
3030 5023 3181 5092 quasi
3216 5025 3266 5076 in
3295 5023 3537 5088 deserto,

1941 5117 1996 5170 in
2022 5115 2292 5170 montibus
2318 5123 2372 5168 et
2395 5113 2666 5182 speluncis
2693 5123 2960 5179 versatur,
2995 5112 3156 5165 rebus
3187 5113 3544 5180 prtcsentibus

1943 5223 2048 5262 non
2076 5207 2336 5268 attendit,
2367 5219 2540 5274 neque
2570 5203 2877 5272 ltujusmodi
2920 5203 3136 5258 ﬂetibus
3168 5218 3422 5272 umquam
3460 5219 3548 5256 sa-

1943 5300 2122 5364 tiatur,
2150 5299 2264 5352 sive
2293 5311 2392 5367 pro
2423 5311 2514 5363 se,
2547 5297 2662 5349 sive
2701 5310 2800 5363 pro
2827 5295 3058 5350 aliorum
3093 5297 3328 5366 peccatis
3370 5297 3546 5366 lacry_

1941 5407 2056 5446 mas
2106 5391 2368 5445 effundat.
2426 5389 2659 5457 Ideoque
2714 5387 2962 5441 Christus
2992 5387 3009 5418 ¹
3041 5386 3205 5440 hosce
3251 5402 3361 5456 prie
3412 5388 3534 5442 aliis

1943 5483 2129 5536 beatos
2150 5480 2407 5550 prcedicat
2434 5478 2639 5540 dicens,
2658 5475 2805 5529 Beati
2824 5477 2911 5544 qui
2938 5476 3108 5546 lugent
3128 5475 3340 5546 (Matth.
3365 5477 3420 5530 ὅ.
3437 5477 3538 5546 5.).

1943 5573 2051 5627 Cur
2087 5586 2217 5626 vero
2262 5571 2461 5626 Paulus
2498 5569 2625 5623 dicit
2659 5586 2676 5625 ς
2714 5565 2942 5621 Gaudete
2991 5567 3045 5620 in
3089 5566 3311 5621 Domino
3350 5584 3546 5637 sempe-

1948 5663 2206 5733 (Philipp.
2240 5663 2291 5716 4.
2330 5659 2453 5732 ων
2479 5660 2546 5718 Ut
2587 5661 2945 5731 lacrymarum
2972 5658 3276 5729 bujusmodi
3307 5661 3544 5730 volupta-
