4040 6442
549 336 620 394 69
1253 333 1310 390 S.
1349 328 1636 387 JOANNIS
1670 321 2150 384 CHRYSOSTOMI
2188 316 2503 374 ARCHIEP.
2543 315 3083 372 CONSTANTINOP.
3744 312 3804 367 τῦ

547 455 652 498 teni
684 440 944 496 declaret.
992 435 1451 504 Quemadmodum
1479 435 1624 487 enim
1654 429 1833 485 mundi
1871 428 2120 498 gaudium

545 544 830 586 memorent
862 513 1020 581 habet
1064 525 1408 592 conjunctum
1431 563 1446 587 ,
1490 523 1577 574 ‘aic
1625 528 1680 574 et
1719 519 1972 587 lacrymas
2010 516 2120 579 illa:

545 619 834 676 secundum
869 618 1030 670 Deum
1076 613 1314 666 lietitiam
1356 612 1568 680 pariunt
1608 620 1897 676 perennem
1923 614 1979 660 et
2004 619 2122 674 qum
2151 640 2160 649 α

544 721 832 777 numquam
869 703 1104 758 deﬁciat.
1153 701 1242 756 Sic
1283 697 1535 754 meretrix
1576 697 1660 750 illa
1691 694 1984 764 virginibus
2011 693 2120 747 cla.

545 801 656 852 rior
683 797 870 852 effecta
899 803 982 848 est
1002 834 1019 858 ,
1046 794 1145 845 hoc
1171 793 1289 860 igne
1311 802 1592 843 succensa.
1619 786 1753 851 Quia
1783 785 1925 839 enim
1955 784 2126 854 pani-

546 899 727 941 teutire
769 885 987 938 fervore
1025 888 1268 947 correpta
1306 885 1427 940 est,
1473 875 1669 930 Christi
1715 888 1898 928 amore
1942 881 2122 941 postea

545 978 773 1037 exarsit,
805 989 923 1028 cum
952 969 1143 1025 solutis
1169 966 1376 1035 capillis
1403 979 1586 1018 sacros
1610 963 1731 1016 illos
1759 961 1923 1031 pedes
1952 963 2121 1031 lacry-

551 1071 657 1124 tuis
699 1064 920 1136 rigavit,
959 1075 1111 1116 coma
1141 1073 1234 1114 sua
1263 1056 1548 1120 abstersit,
1604 1066 1762 1123 atque
1797 1062 2122 1123 unguentum

549 1159 754 1214 effudit.
786 1155 851 1210 Et
890 1154 1006 1207 htec
1048 1150 1266 1220 quidem
1307 1147 1638 1202 extrinsecus
1666 1157 1814 1216 gesta
1844 1155 2000 1200 sunt:
2035 1145 2122 1202 illa

547 1264 697 1308 vero,
725 1261 844 1316 quae
871 1245 922 1298 in
954 1243 1134 1295 animo
1152 1239 1463 1309 agebantur,
1493 1236 1578 1290 his
1621 1237 1776 1303 longe
1817 1237 2122 1289 ardentiora

547 1348 721 1403 erant,
751 1352 871 1406 quae
898 1349 1036 1388 unus
1067 1330 1320 1386 cernebat
1351 1330 1508 1384 Deus.
1540 1329 1872 1396 Quapropter
1901 1327 2121 1394 quisque

547 1437 788 1481 nostrtun
812 1425 930 1478 haec
951 1421 1171 1476 audiens
1191 1461 1206 1483 ,
1237 1416 1635 1486 congratulatur
1665 1416 1761 1482 ipsi
1785 1457 1799 1480 ,
1829 1430 1892 1469 ac
1917 1415 1984 1468 de
2004 1415 2120 1482 ejus

549 1526 692 1571 recte
729 1515 880 1568 factis
916 1514 1156 1574 laetatur,
1196 1508 1447 1577 omnique
1474 1507 1698 1560 crimine
1725 1505 1943 1560 liberam
1972 1504 2117 1558 illam

548 1614 716 1672 putat.

610 1762 870 1832 Lach
894 1761 1036 1813 bona:
1060 1765 1106 1810 et
1135 1756 1280 1809 utiles
1306 1770 1437 1822 quat.
1480 1753 1632 1807 Risus
1669 1751 1941 1804 dissolutus
1989 1763 2111 1818 pro-

538 1850 1012 1918 hibetur.—Qnod
1050 1849 1093 1903 si
1135 1863 1249 1902 nos.
1274 1847 1362 1915 qui
1417 1845 1538 1898 mali
1584 1840 1786 1907 sumus,
1815 1843 1954 1895 hunc
1996 1841 2116 1892 cai-

536 1932 712 1998 culutn
755 1942 991 2006 ferimus,
1020 1940 1189 2008 cogita
1218 1945 1468 2004 quantam
1491 1935 1757 2002 acceperit
1785 1944 2038 1999 gratiam,
2063 1937 2117 1983 et

535 2043 730 2101 quanta
759 2046 822 2086 ex
853 2030 1162 2099 pmm'tentia
1189 2069 1201 2087 .
1234 2028 1394 2080 etiam
1438 2035 1722 2092 antequam
1772 2037 1989 2076 m'inera
2025 2020 2112 2074 illa

533 2123 820 2189 acciperet,
844 2135 871 2172 a
898 2120 1010 2172 Deo
1036 2128 1354 2185 consequuta
1386 2116 1455 2169 sit
1478 2115 1637 2167 bona.
1662 2115 1808 2168 Sicut
1828 2113 1966 2164 enim
1994 2120 2112 2178 post

533 2214 875 2266 vehementes
903 2210 1098 2262 imbres
1128 2223 1221 2260 aer
1243 2221 1408 2277 purus
1433 2201 1682 2269 eftiCitur,
1710 2204 1787 2257 sic
1816 2213 1937 2273 post
1967 2202 2109 2256 fusas

534 2303 792 2370 lacrymas
816 2300 1054 2368 sequitur
1079 2297 1432 2365 tranquillitas
1461 2305 1516 2349 et
1550 2299 1828 2358 serenitas,
1864 2303 2108 2358 peccato-

531 2405 750 2459 rumque
773 2389 1001 2443 tenebrte
1022 2389 1286 2455 fugantur.
1311 2387 1374 2439 Et
1404 2386 1540 2440 sicut
1565 2401 1628 2439 ex
1649 2400 1781 2453 aqua
1807 2392 1863 2438 et
1888 2383 2106 2450 Spiritu,

528 2481 607 2534 sic
634 2496 700 2534 ex
736 2480 984 2549 lacrymis
1025 2487 1077 2532 et
1110 2477 1442 2531 confessione
1481 2493 1783 2545 purgamur,
1815 2477 1972 2529 modo
2001 2492 2105 2530 non

527 2569 595 2622 ad
637 2569 1045 2622 ostentationem
1077 2577 1130 2620 et
1157 2565 1364 2618 laudem
1403 2565 1716 2632 captandam
1747 2566 1796 2616 id
1829 2564 2103 2619 faciamus.

527 2657 658 2712 Nam
697 2673 816 2727 quia
857 2658 954 2709 hac
986 2655 1054 2709 de
1096 2670 1253 2708 causa
1282 2655 1622 2724 lacrymatur,
1651 2655 1818 2724 magis
1846 2655 2103 2723 culpanda

524 2759 626 2812 est,
650 2763 804 2817 quam
836 2763 898 2799 ea
928 2762 1044 2814 quia
1072 2745 1192 2798 fuco
1220 2756 1270 2798 et
1299 2745 1580 2813 pigmentis
1607 2759 1727 2798 sese
1751 2745 1960 2824 oblinit.
1985 2744 2106 2799 illas

521 2839 662 2891 cnim
694 2838 905 2906 requiro
935 2837 1219 2910 lacrymas,
1268 2851 1386 2902 quae
1414 2850 1518 2887 non
1561 2836 1625 2888 ad
1669 2836 2103 2900 ostentationem,

520 2927 614 2982 sed
654 2927 718 2979 ad
759 2926 1220 2995 compunctionem
1270 2923 1577 2986 funduntur,
1628 2939 1747 2992 qua:
1795 2924 2002 2978 occulte
2047 2927 2099 2979 in

517 3016 773 3072 cubiculis
796 3016 942 3068 nullo
967 3025 1120 3078 teste,
1139 3028 1257 3083 quae
1279 3013 1456 3081 quiete
1476 3013 1594 3067 sine
1613 3015 1837 3082 strepitu
1861 3026 2094 3080 manant,

517 3123 637 3177 qua:
673 3123 738 3160 ex
786 3106 973 3159 intimo
1016 3105 1211 3167 cordis,
1244 3119 1308 3157 ex
1351 3104 1636 3158 afflictione
1663 3117 1716 3159 et
1745 3105 1949 3167 dolore,
1981 3122 2098 3171 quae

515 3205 733 3266 propter
764 3189 928 3249 Deum
955 3194 1268 3248 emittuntur
1293 3211 1306 3246 :
1339 3193 1521 3261 quales
1547 3204 1700 3249 erant
1731 3198 1897 3248 Annae
1926 3196 2096 3266 lacry-

519 3302 618 3338 mic
645 3304 656 3338 :
686 3285 810 3354 Ejus
840 3285 980 3337 enim
1025 3283 1156 3337 labia
1178 3323 1194 3347 ,
1218 3285 1391 3350 inquit
1407 3284 1707 3351 Scriptura,
1730 3288 2052 3338 movebantur
2077 3327 2094 3351 ,

513 3383 559 3427 et
584 3389 682 3426 eoa:
706 3391 803 3427 non
824 3376 1120 3427 audiebatur
1140 3375 1159 3446 (
1179 3377 1228 3429 1.
1255 3375 1381 3445 Reg.
1410 3379 1458 3429 1.
1484 3378 1550 3431 15
1569 3377 1609 3444 ).
1635 3377 1832 3432 Verum
1856 3379 2102 3448 lacrymtn

514 3461 645 3514 sola:
685 3461 808 3514 tuba
839 3463 1118 3514 clariorem
1146 3463 1459 3515 emittebant
1488 3478 1693 3517 vocem.
1727 3465 1953 3534 Ideoque
1977 3468 2097 3520 vul-

514 3565 634 3603 vam
678 3555 795 3618 ejus
840 3550 1048 3620 aperuit
1088 3551 1248 3618 Deus,
1277 3560 1332 3606 et
1360 3553 1552 3608 durum
1605 3569 1791 3609 saxum
1824 3557 1878 3612 in
1908 3573 2094 3628 agrum

510 3636 740 3693 fertilem
783 3641 962 3692 vertit.

583 3727 637 3780 6.
666 3727 721 3781 Si
754 3737 807 3781 tu
835 3744 1046 3797 quoque
1074 3728 1150 3783 sic
1180 3728 1509 3805 lacrymcris,
1539 3733 1746 3787 Domini
1771 3735 1841 3788 tui
1866 3736 2101 3793 imitator

515 3816 737 3871 eﬂ'ectus
766 3834 843 3872 es.
869 3817 1000 3872 Nam
1026 3828 1076 3872 et
1109 3821 1222 3887 ipse
1249 3818 1569 3891 lacrymaius
1596 3833 1678 3877 est
1705 3824 1851 3880 etde
1873 3826 2092 3894 Lazaro,

508 3905 654 3959 etde
680 3906 890 3959 civitate
917 3906 1108 3975 (Joan.
1143 3909 1228 3960 11.
1262 3909 1349 3963 55.
1397 3910 1523 3964 Luc.
1557 3912 1641 3964 19.
1672 3914 1732 3965 41
1763 3912 1783 3982 )
1809 3953 1825 3977 ,
1873 3924 1927 3967 et
1953 3916 2092 3969 circa

509 3993 693 4048 ludant
740 3994 977 4048 turbatus
1018 3985 1406 4064 est.»‘ldipsum
1437 3990 1596 4065 parre
1619 4000 1799 4055 videre
1828 4014 1910 4056 est
1950 4019 2093 4077 saepe

513 4082 820 4147 facientem,
847 4083 1108 4137 ridentem
1133 4096 1263 4138 vero
1289 4100 1571 4153 nusquam,
1596 4089 1701 4140 imo
1723 4105 1790 4143 ne
1809 4092 2091 4146 subriden-

507 4181 629 4226 tem.
657 4173 873 4241 quidem
904 4189 917 4222 ε
951 4173 1122 4224 nullus
1147 4180 1293 4226 certe
1321 4172 1421 4226 hoc
1457 4177 1780 4243 evangelista
1831 4182 2086 4234 narravit.

507 4261 738 4330 Ideoque
766 4269 820 4314 et
848 4260 1068 4313 Paulum
1097 4260 1327 4323 ﬂevisse,
1365 4276 1429 4316 ac
1471 4277 1565 4330 per
1601 4265 1886 4320 triennium
1937 4278 2091 4323 nocte

505 4362 557 4401 et
585 4350 673 4404 die
695 4350 918 4418 idipsum
947 4350 1154 4414 fecisse,
1181 4359 1236 4404 et
1264 4352 1377 4418 ipse
1405 4361 1460 4405 et
1483 4352 1569 4405 alii
1596 4352 1664 4406 de
1685 4356 1803 4422 ipso
1822 4367 2040 4412 narrant
2072 4376 2086 4412 :

503 4441 646 4509 quod
672 4451 847 4494 autem
879 4440 1057 4494 riserit
1096 4455 1193 4494 nec
1219 4441 1350 4508 ipse,
1380 4457 1479 4496 nec
1517 4445 1652 4497 alius
1684 4457 1991 4502 sanctorum
2019 4451 2089 4504 de

505 4529 819 4598 ipsodixit,
851 4530 958 4582 imo
1004 4543 1104 4584 nec
1142 4528 1210 4583 de
1241 4530 1360 4583 aliis
1402 4532 1502 4600 ipsi
1528 4533 1789 4588 similibus
1821 4553 1833 4590 :
1865 4537 1933 4592 de
1955 4538 2086 4594 Sara

505 4631 706 4673 tantum
738 4619 789 4672 id
822 4629 1082 4682 narratur.
1105 4621 1315 4688 quando
1351 4632 1593 4692 correpta
1632 4625 1846 4690 fuit;‘et
1885 4628 1952 4683 de
1979 4631 2086 4686 lilio

503 4707 649 4768 Note,
676 4709 888 4776 quando
908 4725 974 4762 ex
996 4709 1164 4764 libero
1184 4725 1373 4766 servus
1394 4713 1612 4768 elfectus
1632 4725 1735 4770 est.
1765 4716 1888 4773 Haec
1907 4729 2084 4776 autem

505 4799 648 4864 dico,
683 4813 786 4851 non
818 4809 873 4852 ut
898 4799 1064 4853 risum
1090 4814 1306 4868 prorsus
1329 4803 1617 4869 eliminem,
1650 4807 1743 4860 sed
1772 4818 1828 4862 ut
1854 4809 2083 4866 dissiilu-

502 4890 701 4946 tionem
729 4893 959 4947 auferam
983 4895 1077 4964 (a).
1095 4894 1225 4961 Cur,
1250 4911 1449 4964 quaeso,
1479 4899 1548 4951 ita
1579 4900 1778 4968 gaudes
1804 4912 1859 4956 et
1882 4904 2083 4961 difﬂuis

580 5130 598 5162 ι
633 5132 706 5178 sic
721 5136 826 5186 Iss.
851 5135 905 5179 et
922 5132 987 5179 ita
1009 5131 1132 5194 legit
1153 5133 1383 5185 Animus.
1407 5136 1472 5186 At
1493 5139 1634 5188 Savil.
1662 5148 1714 5188 et
1740 5145 1926 5208 Μαι-ειη
1950 5156 2092 5202 Deut.

565 5231 638 5302 (μ)
672 5231 840 5303 Itaque
863 5235 1090 5306 prohibet
1111 5234 1476 5311 Cbrysostomus
1495 5253 1594 5290 non
1617 5243 1786 5316 risum,
1811 5247 1897 5294 sed
1922 5247 2076 5319 disso-

505 5290 747 5366 lutionem.
767 5301 839 5366 §ic
860 5301 1029 5366 etiam,
1053 5296 1222 5366 Hormi.
1244 5298 1315 5366 de
1343 5301 1519 5366 pavide
1543 5307 1598 5366 et
1619 5305 1776 5366 sanie,
1803 5307 1867 5355 de
1891 5307 2082 5359 laseivis

502 5364 660 5431 “ficus
682 5353 1166 5431 “‘“!ieri13us.<iuaein
1189 5359 1394 5406 theatris
1415 5359 1744 5411 histrionicam
1763 5353 2080 5431 égéﬁgﬁg

503 5413 593 5492 3‘}:
621 5413 1504 5492 exactitsavétetﬁneww
1525 5436 1609 5492 «es
1633 5413 1825 5492 ἀειλτιιὲιῐ

501 5471 985 5553 “HW
1283 5471 1441 5553 imis
1487 5471 1614 5552 θοὶπὶ
1642 5471 2074 5553 ,ἐθείέἇὶιιὲτέέῧῖῖ

501 5531 758 5595 curinio),
782 5533 892 5584 hinc
908 5531 1014 5599 ipse
1037 5536 1167 5588 locus
1188 5539 1252 5589 ad
1277 5531 1524 5593 lasciuiam
1542 5531 1772 5605 imitati;

2231 394 2306 468 toi
2336 413 2623 469 reddendis
2668 413 2928 467 obnoxius
2958 412 3267 474 rationibus,
3301 412 3392 481 qui
3425 411 3721 468 tremendo
3748 412 3814 467 illi

2229 508 2474 561 tribunali
2515 507 2780 561 sistendus
2803 523 2884 571 es,
2912 507 2978 559 de
3025 509 3124 560 tuis
3171 507 3416 560 omnibus
3460 507 3514 559 in
3551 505 3666 559 hac
3717 505 3816 559 vita

2225 597 2389 663 gestis
2433 597 2693 650 rationem
2735 605 2985 648 accurate
3022 594 3362 649 redditurus?
3389 595 3604 648 Etenim
3638 593 3707 646 de
3735 594 3815 657 iis.

2221 697 2340 751 Quas
2371 683 2450 737 vel
2481 693 2668 750 sponte
2691 725 2706 748 ,
2735 686 2822 739 vel
2867 686 3014 739 invlti
3045 686 3287 749 fecimus,
3320 689 3590 743 rationem
3620 688 3815 744 redde-

2223 785 2342 826 mus
2371 789 2383 823 ε
2417 772 2516 838 Qui
2543 773 2672 825 enim
2693 815 2706 836 ,
2758 774 2969 843 inquit,
3003 778 3250 845 negaverit
3278 795 3356 830 me
3380 795 3553 831 coram
3594 781 3815 831 homini-

2222 861 2336 926 bus,
2367 872 2414 917 et
2440 879 2530 931 ego
2556 864 2745 932 negabo
2771 882 2883 917 eum
2908 881 3076 920 coram
3124 865 3283 920 Patre
3307 885 3414 922 meo
3440 910 3455 933 ,
3481 870 3570 938 qui
3599 872 3656 922 in
3684 871 3818 923 aclis

2220 960 2291 1004 est
2323 950 2557 1018 (Matth.
2592 954 2683 1006 10.
2715 954 2784 1008 55
2807 956 2846 1022 ).
2877 957 3036 1022 Atqui
3094 957 3179 1010 illa
3232 959 3439 1025 negatio
3478 957 3818 1031 [aliquando]

2221 1053 2328 1092 non
2357 1040 2652 1093 voluntaria
2681 1052 2780 1104 est,
2815 1051 2869 1095 et
2901 1052 3077 1099 tamen
3106 1046 3420 1115 supplicium
3452 1062 3560 1102 non
3608 1048 3818 1122 effugit,

2225 1127 2448 1197 ejusque
2491 1128 2734 1184 dabimus
2766 1146 2971 1200 pinnas,
3003 1142 3057 1187 et
3086 1143 3192 1187 tam
3221 1150 3407 1190 eorum
3436 1153 3557 1206 qua:
3588 1140 3817 1204 scimus,

2218 1233 2373 1285 quam
2402 1233 2591 1272 eorum
2614 1236 2731 1288 qua:
2767 1223 3033 1276 nescimus
3065 1241 3077 1274 :
3106 1221 3254 1278 Nihil
3275 1228 3404 1279 enim
3428 1227 3551 1279 mihi
3584 1228 3822 1282 conscius

2217 1323 2345 1370 sum,
2379 1306 2569 1376 inquit,
2597 1313 2687 1362 sed
2715 1312 2890 1363 nonin
2925 1313 3014 1363 hoc
3045 1313 3360 1381 justi/iectus
3407 1332 3517 1368 sum
3541 1316 3562 1386 (
3587 1318 3642 1371 1.
3697 1317 3815 1371 Cor.

2220 1398 2270 1451 4.
2300 1390 2404 1468 4‘);
2432 1401 2543 1454 sive
2567 1401 2872 1469 ignorantes
2903 1405 3014 1457 sive
3039 1404 3267 1459 scientes
3295 1420 3577 1474 peccemus
3605 1423 3622 1461 :
3651 1406 3818 1461 Teati-

2219 1487 2441 1539 monium
2467 1488 2599 1540 enim
2624 1482 2725 1542 illis
2768 1491 3022 1558 perhibes,
3056 1493 3258 1560 inquit,
3288 1495 3406 1563 quia
3434 1497 3818 1550 mutationes:

2219 1574 2309 1628 Dei
2333 1577 2531 1643 habent,
2553 1580 2641 1631 sed
2663 1595 2763 1632 non
2783 1582 3054 1633 secundum
3075 1584 3334 1637 scientiam
3357 1585 3376 1653 (
3399 1584 3553 1640 Rom.
3590 1587 3688 1641 10.
3717 1587 3755 1639 2
3774 1589 3813 1658 ).
3849 1630 3854 1636 .

2221 1665 2411 1720 Verum
2444 1667 2496 1721 id
2538 1668 2640 1722 illis
2668 1670 2732 1722 ad
2764 1671 3132 1737 purgationem
3181 1688 3285 1725 non
3333 1674 3550 1730 sufficit.
3612 1677 3824 1731 Corin-v

2221 1756 2343 1809 tliiis
2387 1765 2563 1810 autem
2615 1758 2854 1812 scribens
2900 1760 3072 1814 aiebat
3105 1780 3116 1813 :
3155 1760 3326 1815 Timeo
3355 1780 3417 1817 ne
3439 1767 3568 1818 sicut
3596 1783 3822 1836 serpens

2216 1847 2378 1901 Evam
2424 1851 2620 1902 seduxit
2672 1853 2856 1903 astutia
2905 1868 3020 1914 sua,
3066 1856 3137 1905 sic
3185 1867 3576 1924 corrumpantur
3631 1874 3816 1912 sensus

2213 1940 2382 2002 vestri,
2412 1949 2461 1993 et
2483 1940 2712 1991 excidant
2738 1956 2769 1991 a
2798 1941 3117 2009 simplicitate
3143 1959 3256 2012 quia
3291 1954 3364 1997 est
3402 1946 3455 1998 in
3481 1947 3691 2000 Christo
3716 1948 3734 2017 (
3755 1948 3812 2000 2.

2210 2030 2327 2087 Cor.
2375 2032 2460 2085 11.
2493 2033 2580 2100 5).
2617 2032 2716 2085 Tot
2766 2041 3139 2101 tantorumque
3189 2035 3481 2094 facinorum
3534 2042 3808 2094 rationem

2210 2122 2532 2184 redditurus,
2568 2125 2720 2176 sedes
2751 2123 2948 2187 ridens,
2984 2127 3209 2179 urbanas
3242 2126 3456 2183 facetias
3484 2130 3806 2197 proferens,

2211 2221 2263 2264 et
2291 2211 2548 2282 voluptati
2580 2213 2894 2282 indulgens?
2923 2213 3028 2267 Sed
3054 2215 3096 2267 si
3131 2216 3182 2267 id
3207 2231 3310 2269 non
3337 2217 3534 2278 fecero,
3566 2220 3806 2289 inquies,

2216 2306 2261 2356 si
2304 2304 2514 2369 liiiiero,
2546 2321 2663 2371 quae
2718 2306 2847 2358 mihi
2900 2305 3024 2360 hinc
3072 2307 3305 2360 utilitas?
3336 2308 3495 2362 Multa
3542 2325 3698 2375 sane,
3753 2323 3810 2367 et

2209 2403 2351 2448 tanta
2380 2406 2629 2465 quantam
2660 2397 2923 2464 explicare
2954 2412 3056 2450 non
3099 2398 3316 2466 possim.
3364 2399 3419 2453 in
3446 2402 3805 2457 saecularibus

2206 2485 2346 2538 enim
2374 2485 2606 2552 iudiciis.
2634 2488 2970 2555 quantumvis
3001 2490 3200 2556 plores,
3235 2503 3341 2542 non
3395 2490 3624 2561 effugies
3653 2508 3806 2562 sup-

2207 2574 2422 2642 plicium
2451 2586 2565 2644 post
2594 2577 2749 2628 latam
2777 2578 3130 2641 sententiam;
3171 2578 3258 2630 hic
3299 2594 3450 2642 vero,
3496 2583 3540 2635 si
3569 2583 3804 2650 ingemi-

2204 2677 2323 2718 scas
2374 2672 2601 2732 tantum,
2634 2667 2950 2719 sententiam
2991 2667 3231 2730 solvisti,
3264 2678 3318 2723 et
3359 2670 3566 2723 veniam
3598 2687 3803 2728 conse-

2205 2756 2405 2824 queris.
2436 2755 2663 2822 Ideoque
2684 2756 2750 2810 de
2779 2759 2920 2808 luctu
2947 2772 3088 2824 saepe
3116 2756 3360 2813 Christus
3389 2775 3483 2814 nos
3514 2762 3796 2829 admonet,

2206 2853 2256 2898 et
2275 2859 2367 2899 eos
2389 2845 2477 2914 qui
2496 2847 2672 2913 lugent
2695 2847 2876 2900 beatos
2896 2847 3172 2916 priedicat,
3197 2847 3314 2902 illos
3334 2864 3463 2903 vero
3479 2853 3566 2920 qui
3593 2853 3795 2918 rident,

2208 2935 2432 2989 miseros
2460 2935 2717 2988 declarat.
2771 2935 2884 2989 Hoc
2929 2937 3125 3005 quippe
3171 2939 3432 2993 theatrum
3483 2958 3588 2996 non
3623 2946 3797 3000 risum

2204 3021 2432 3076 admittit
2456 3043 2468 3077 :
2496 3040 2666 3093 neque
2692 3028 2813 3082 ideo
2837 3034 3204 3099 convenimus,
3226 3046 3281 3089 ut
3305 3038 3594 3094 cachinnos
3614 3043 3795 3098 effun-

2201 3110 2410 3174 damus,
2444 3114 2534 3166 sed
2568 3124 2623 3168 ut
2648 3131 2946 3183 gemamus,
2979 3132 3138 3192 atque
3161 3140 3227 3180 ex
3254 3129 3555 3194 huiusmodi
3586 3137 3793 3201 gemitu

2202 3202 2346 3270 regni
2403 3204 2750 3260 hereditatem
2800 3212 3186 3269 nanciscamur.
3232 3217 3310 3271 Tu
3352 3235 3479 3273 vero
3517 3223 3563 3275 si
3603 3238 3792 3281 coram

2202 3286 2525 3356 Imperatore
2575 3297 2807 3361 steteris,
2854 3315 2922 3355 ne
2963 3301 3241 3359 subridere
3267 3308 3485 3375 quidem
3513 3313 3743 3368 audebis
3775 3333 3790 3368 :

2200 3387 2254 3432 et
2281 3381 2450 3447 ipsum
2478 3385 2787 3451 angelorum
2815 3389 3093 3445 Dominum
3124 3393 3266 3449 domi
3299 3397 3498 3455 habens
3527 3416 3633 3457 non
3673 3414 3790 3460 stas

2201 3476 2436 3524 tremens
2464 3487 2583 3527 cum
2625 3475 2882 3531 modestia
2923 3479 3154 3549 decenti,
3184 3486 3275 3539 sed
3307 3488 3452 3543 rides
3498 3491 3590 3546 illo
3618 3496 3785 3550 etiam

2198 3571 2342 3628 saepe
2369 3561 2543 3616 irato?
2570 3579 2668 3618 nec
2696 3569 2897 3636 cogitas
2930 3579 2981 3625 te
3006 3571 3151 3627 illum
3185 3577 3349 3645 magis
3375 3578 3440 3633 ad
3487 3580 3623 3636 iram
3650 3598 3786 3640 con-

2198 3649 2364 3701 citare
2391 3652 2514 3705 dum
2556 3652 2670 3709 haec
2715 3657 2828 3725 agis
2851 3697 2865 3721 ,
2897 3675 3053 3728 quam
3084 3662 3209 3717 dum
3239 3669 3471 3734 peccas?
3496 3670 3612 3728 Non
3639 3676 3788 3730 enim

2198 3739 2268 3793 ita
2295 3753 2604 3809 peceatores
2631 3757 2913 3823 aversatur
2937 3751 3098 3819 Deus,
3131 3764 3188 3808 ut
3211 3760 3418 3826 eos-qui
3448 3771 3567 3828 post
3594 3779 3789 3830 pecca-

2199 3839 2310 3885 tum
2339 3846 2442 3885 non
2466 3847 2584 3888 sese
2605 3835 2875 3892 cohibent.
2897 3840 3142 3898 Attamen
3164 3845 3233 3898 ita
3255 3857 3379 3900 sunt
3398 3851 3612 3918 quidam
3634 3859 3786 3913 omni

2195 3935 2352 3976 sensu
2385 3925 2556 3990 vacui,
2588 3933 2643 3980 ut
2669 3938 2788 3994 post
2813 3929 2926 3984 btee
2951 3934 3129 3989 audita
3157 3937 3317 3992 verba
3346 3940 3528 3996 dicant
3559 3962 3572 3998 :
3605 3947 3784 4014 Absit,

2196 4023 2255 4065 ut
2284 4029 2532 4082 umquam
2572 4017 2834 4086 lacrymas
2865 4019 3100 4089 fundam,
3126 4027 3253 4082 mihi
3281 4045 3409 4085 vero
3436 4032 3487 4086 id
3516 4039 3785 4094 concedat

2197 4100 2337 4192 Deus
2359 4140 2374 4164 ,
2395 4109 2477 4192 ut
2502 4118 2715 4171 semper
2753 4107 2953 4162 rideam
2986 4122 3040 4166 et
3069 4113 3264 4170 ludam.
3313 4119 3447 4186 Quid
3475 4121 3782 4192 huiusmodi

2194 4189 2512 4255 cogitatione
2534 4192 2827 4248 infantius?
2861 4197 2977 4252 Non
3000 4202 3139 4255 enim
3165 4205 3303 4260 Deus
3330 4209 3380 4261 id
3409 4210 3499 4264 dat
3526 4189 3583 4266 ut
3624 4215 3778 4270 luda-

2195 4290 2331 4373 nius,
2365 4277 2456 4330 sed
2486 4279 2749 4334 diabolus.
2803 4285 2939 4338 Audi
2970 4288 3124 4356 igitur
3163 4294 3286 4359 quid
3320 4299 3457 4362 passi
3488 4300 3598 4354 sint
3625 4303 3659 4356 ii
3687 4307 3780 4373 qui

2195 4364 2444 4420 ludebant
2475 4384 2489 4421 :
2522 4368 2685 4431 Sedit,
2720 4372 2907 4442 inquit,
2942 4380 3158 4444 populus
3186 4387 3492 4442 manducare
3515 4400 3560 4442 et
3592 4364 3781 4456 bibere,

2189 4463 2241 4506 et
2266 4469 2590 4510 surrexerunt
2616 4459 2788 4514 ludere
2809 4462 2827 4531 (
2847 4462 3012 4517 Exod.
3037 4467 3125 4520 32.
3150 4471 3240 4537 6).
3267 4472 3422 4528 Tales
3441 4490 3592 4533 erant
3611 4479 3782 4535 Sodo-

2191 4542 2354 4610 mita},
2388 4545 2518 4600 tales
2545 4549 2702 4602 etiam
2743 4550 2817 4603 illi
2868 4561 3110 4621 tempore
3159 4558 3365 4614 diluvii.
3411 4563 3542 4619 Nam
3571 4569 3639 4623 de
3669 4570 3781 4627 illis

2191 4631 2406 4702 dicitur,
2436 4635 2502 4690 In
2540 4641 2802 4708 superbia,
2836 4643 2889 4694 in
2932 4649 3290 4714 prosperitate,
3322 4663 3370 4705 et
3421 4657 3473 4708 in
3515 4663 3786 4735 saturitate

2191 4741 2381 4792 panum
2431 4727 2620 4783 deliciis
2670 4733 2934 4802 afﬂuebant
2962 4734 2981 4806 (
3006 4735 3191 4792 Ezech.
3225 4740 3312 4795 16.
3345 4744 3413 4798 49
3433 4748 3489 4814 ).‘
3515 4727 3625 4803 llli‘
3641 4769 3772 4809 vero

2190 4817 2275 4883 qui
2305 4827 2544 4885 tempore
2571 4819 2697 4875 Noae
2724 4833 2877 4877 erant
2899 4865 2913 4886 ,
2941 4840 3064 4879 cum
3094 4843 3188 4895 per
3219 4840 3294 4884 tot
3320 4847 3490 4890 annos
3533 4824 3774 4898 construi

2191 4920 2368 4960 arcam
2397 4907 2656 4976 viderent,
2686 4915 2804 4968 sine
2848 4916 2951 4969 ulla
2978 4921 3105 4972 cura
3136 4922 3217 4975 vel
3245 4937 3404 4978 sensu
3436 4928 3770 5000 laetabantur,

2190 4996 2320 5050 nihil
2365 4999 2434 5052 de
2478 4998 2666 5054 futuris
2719 5005 2881 5057 rebus
2933 5009 3352 5076 prospicientes;
3385 5015 3612 5088 ideoque
3656 4996 3774 5078 nni;

2190 5101 2372 5141 versos
2401 5088 2654 5144 diluvium
2683 5093 2989 5162 submersit;
3013 5106 3067 5153 et
3092 5113 3376 5161 commune
3390 5108 3536 5163 orbis
3561 5114 3774 5169 naufra-

2189 5178 2343 5246 giunr
2365 5188 2490 5232 tunc
2519 5179 2712 5234 eli‘ecit.

2255 5382 2303 5434 7.
2352 5381 2497 5436 Dona
2523 5381 2618 5436 Dei
2651 5399 2764 5452 qua:
2789 5385 2907 5439 sint.
2941 5385 3216 5457 Vigilantia
3243 5407 3391 5462 quam
3420 5397 3589 5462 utilis;
3616 5417 3768 5468 quam

2186 5481 2335 5534 noxia
2383 5480 2568 5534 theatri
2614 5486 3118 5551 spectacula—Ne
3176 5491 3351 5560 itaque
3401 5496 3484 5551 illa
3538 5510 3688 5567 petas
3741 5521 3771 5556 ει

2187 5571 2320 5634 Deo,
2353 5586 2471 5638 qua:
2517 5587 2544 5625 a
2591 5572 2802 5629 diabolo
2830 5577 3046 5647 accipis.
3076 5579 3206 5636 Nam
3239 5583 3329 5638 Dei
3356 5597 3469 5651 cst,
3514 5590 3645 5647 dare
3674 5610 3768 5649 cor
