4040 6438
529 341 592 396 ’11
1224 344 1283 400 S.
1318 343 1596 402 JOANNIS
1630 341 2108 400 CHRYSOSTOMI
2145 343 2461 403 AHCIIIEP.
2500 339 3039 398 CONSTANTINOP.
3697 347 3764 404 π

532 452 628 503 τοῦ
658 449 907 504 διαϐόλου
941 451 1258 519 λαμϐάνεις.
1287 451 1392 502 Τοῦ
1423 451 1532 521 γάρ
1553 450 1708 513 Θεοῦ,
1741 449 1924 504 δοῦναι
1952 465 2088 519 καρ-

533 532 650 586 δίαν
669 535 1136 602 συντετριμμένην
1153 535 1246 586 καὶ
1270 535 1763 604 τεταπεινωμένην,
1788 534 2087 602 νήφουσαν,

535 614 920 684 σωφρονοῦσαν
963 616 1054 668 κα)⁸
1085 617 1548 686 κατεσταλμένην,
1595 615 1966 685 μετανοοῦσαν
1992 616 2090 667 καὶ

532 695 1033 765 κατανενυγμένην.
1069 699 1255 750 Ταῦτα
1296 699 1507 751 ἐκείνου
1562 698 1630 750 τὰ.
1669 697 1818 766 δῶρα
1845 736 1860 759 ,
1905 697 2088 764 ἐπειδὴ

531 781 626 830 καὶ
657 779 844 831 τούτου
870 776 1001 846 ἡμῖν
1041 782 1200 850 χρεία
1236 780 1347 849 [99]
1381 780 1641 848 μάλιστα.
1675 781 1787 832 Καὶ
1808 780 1916 848 γὰρ
1941 779 2089 845 ἀγὼν

531 860 800 926 ἐφέστηκε
825 860 1079 926 χαλεπὸς,
1101 862 1193 911 καὶ
1216 860 1349 929 πρὸς
1371 863 1472 922 τὰς
1500 862 1764 930 άοράτους
1785 862 1917 929 ήμῖν
1940 860 2090 911 δυνά·

534 960 656 1011 μεις
698 947 729 1013 ή
764 943 928 1008 πάλη,
966 944 1101 1009 πρὸς
1143 944 1209 995 τά
1246 947 1596 1012 πνευματικὰ
1628 945 1724 1012 τῆς
1766 944 2026 1012 πονηρίας
2053 946 2085 1011 ὴ

534 1027 701 1095 μάχη,
725 1029 856 1097 πρὸς
880 1027 978 1088 τὰς
998 1026 1192 1095 ἀρχάς,
1219 1029 1352 1096 πρὸς
1377 1028 1472 1084 τὰς
1499 1027 1747 1092 ἐξουσίας
1770 1025 1798 1078 ὁ
1825 1026 2054 1092 πόλεμος
2070 1042 2086 1057 ο

531 1113 624 1161 καὶ
659 1110 938 1178 ἀγαπητὸν
975 1109 1372 1172 σπουδάζοντας
1401 1112 1549 1179 ἡμᾶς
1578 1111 1672 1162 καὶ
1700 1112 1965 1179 νήφοντας
1997 1109 2090 1160 καὶ

529 1191 988 1260 διεγηγερμένους
1017 1230 1031 1252 ,
1069 1191 1367 1260 δυνηθῆναι
1417 1193 1515 1260 τὴν
1557 1192 1759 1260 ἀγρίαν
1807 1191 2023 1258 ἐκείνην
2043 1190 2090 1220 ⁷⁸

531 1271 786 1339 φάλαγγα
808 1268 1074 1338 ἐνεγκεῖν.
1094 1274 1192 1323 Ἂν
1214 1273 1268 1324 δὲ
1289 1274 1537 1342 γελῶμεν
1561 1275 1653 1326 καὶ
1675 1273 1978 1340 παίζωμεν,
1996 1271 2092 1322 καὶ

528 1352 818 1416 διαπαντὸς
852 1353 1204 1421 ρᾳθυμῶμεν,
1243 1355 1336 1404 καὶ
1378 1357 1484 1423 πρὸ
1528 1355 1632 1422 τῆς
1664 1353 1944 1422 συμϐολῆς
1987 1352 2090 1403 ὑπὸ

528 1435 628 1504 τῆς
674 1435 882 1496 οἰκείας
935 1436 1394 1503 καταπσούμεθα
1440 1435 1729 1504 ῥᾳθυμίας.
1786 1434 1865 1489 Οὐ
1912 1434 2090 1487 τοίνυν

530 1517 800 1586 ἡμέτερον
843 1516 904 1568 τὸ
937 1517 1101 1586 γελᾷν
1155 1517 1420 1586 διηνεκῶς
1477 1518 1570 1568 καλ⁸
1602 1517 1939 1584 θρύπτεσθαι
1995 1516 2092 1568 καὶ

528 1600 760 1667 τρυφᾷν,
792 1598 932 1649 άλλά
962 1598 1069 1649 τῶν
1114 1599 1207 1650 ἐπὶ
1258 1600 1487 1667 σκηνῆς,
1537 1600 1644 1651 τῶν
1683 1600 2092 1669 πορνευομένων

530 1684 822 1751 γυναικῶν,
854 1684 964 1736 τῶν
994 1687 1071 1746 εἰς
1098 1683 1257 1736 τοῦτο
1289 1682 1641 1753 ἐξυρημένων
1658 1685 1704 1713 ’⁸
1728 1683 1960 1753 ἀνδρῶν,
1984 1681 2094 1732 τῶν

531 1767 872 1835 παρασίτων,
904 1765 1012 1818 τῶν
1044 1765 1292 1817 κολάκων
1313 1782 1326 1797 ·
1365 1767 1426 1818 ού
1469 1765 1576 1817 τῶν
1607 1766 1699 1816 ἐπὶ
1744 1765 1834 1818 τὸν
1865 1765 2093 1834 οὐρανὸν

530 1847 904 1917 κεκλημένων,
927 1847 986 1899 ού
1015 1846 1124 1898 τῶν
1163 1847 1242 1908 είς
1265 1847 1365 1915 τὴν
1387 1846 1499 1899 ἅνω
1521 1847 1674 1899 πόλιν
1707 1848 2093 1917 ἐγγεγραμμέ-

533 1948 661 1990 νων,
689 1932 748 1983 οὑ
792 1931 902 1982 τῶν
929 1929 1071 1982 ὅπλα
1113 1929 1490 1999 βασταζόντων
1540 1930 1890 2000 πνευματικὰ
1910 1970 1925 1995 ,
1957 1928 2095 1981 ἀλλὰ

530 2011 639 2064 τῶν
671 2013 748 2081 τῷ
809 2012 1041 2081 διαϐόλῳ
1082 2011 1448 2081 τελουμένων.
1490 2011 1726 2074 Ἐκεῖνος
1769 2013 1877 2081 γάρ
1924 2012 2092 2073 ἐστιν,

530 2095 757 2153 ἐκεῖνος,
786 2095 814 2144 ό
858 2094 952 2145 καὶ
989 2094 1184 2161 τέχνην
1210 2094 1268 2144 τὸ
1293 2093 1526 2161 πρᾶγμα
1557 2093 1820 2160 ποιήσας,
1853 2092 1939 2143 ἵνα
1969 2092 2096 2152 τοὺς

532 2172 867 2242 στρατιώτας
895 2174 1097 2246 ἐκλύσῃ
1116 2173 1160 2204 ⁷⁸
1178 2171 1275 2225 τοῦ
1304 2171 1566 2243 Χριστοῦ,
1598 2172 1693 2225 καὶ
1728 2171 2093 2242 μαλακώτερα

528 2254 706 2307 αὐτῶν
735 2257 934 2325 ποιήσῃ
971 2258 1068 2324 τῆς
1113 2254 1424 2325 προθυμίας
1466 2254 1536 2308 τὰ
1566 2254 1755 2324 νεῦρα,
1799 2256 1897 2308 Διὰ
1935 2255 2094 2308 τοῦτο

530 2337 625 2388 καὶ
657 2335 862 2406 θέατρα
905 2336 1258 2406 ᾠκοδόμησεν
1301 2338 1359 2388 ἐν
1402 2339 1521 2398 ταῖς
1571 2337 1786 2399 πόλεσι,
1831 2337 1924 2389 καὶ
1968 2339 2094 2399 τοὺς

528 2417 926 2484 γελωτοποιοὺς
952 2419 1196 2481 ἐκείνους
1226 2420 1494 2488 ἀσκήσας,
1513 2419 1602 2471 διὰ
1622 2419 1720 2487 τῆς
1748 2421 1972 2472 ἐκείνων
2000 2419 2095 2472 λύ-

533 2516 643 2569 μης
684 2500 826 2553 κατὰ
865 2502 965 2567 τῆς
1001 2499 1210 2561 πόλεως
1251 2501 1469 2568 ἁπάσης
1504 2501 1593 2551 τὸν
1621 2500 1862 2553 τοιοῦτον
1899 2502 2095 2570 ἐνσκή-

525 2595 655 2632 πτει
668 2581 714 2611 ⁷⁸
728 2581 934 2648 λοιμόν-
956 2579 991 2632 ἃ
1013 2579 1230 2646 φεύγειν
1246 2582 1273 2631 ὀ
1287 2580 1494 2642 Παῦλος
1510 2580 1786 2644 ἐκέλευσε,
1798 2580 1898 2650 τὴν
1919 2599 2096 2650 μωρο-

524 2660 716 2728 λογίαν
747 2664 839 2714 καὶ
853 2663 954 2728 τὴν
976 2661 1336 2732 εὐτραπελίαν
1353 2663 1420 2724 ⁷⁷,
1440 2663 1611 2716 ταῦτα
1630 2662 1843 2717 διώκειν
1867 2664 2095 2717 ἀναπεί-

433 2786 439 2792 .
527 2743 661 2797 θων.
689 2746 801 2796 Καὶ
825 2743 886 2795 τὸ
915 2743 981 2811 δὴ
1010 2743 1392 2812 χαλεπώτερον
1423 2744 1626 2796 τούτων
1657 2747 1692 2812 ή
1735 2745 1829 2795 τοῦ
1860 2744 2096 2810 γέλωτός

529 2826 675 2878 ἐστιν
702 2825 980 2886 ὑπόθεσις.
1003 2826 1172 2876 Ὅταν
1203 2825 1298 2893 μὲν
1322 2826 1430 2894 γὰρ
1457 2825 1774 2895 βλάσφημόν
1795 2843 1848 2878 τι
1873 2828 2097 2880 εἴπωσιν

530 2904 563 2970 ἢ
593 2901 818 2971 αἰσχρὸν
839 2902 889 2953 οἱ
929 2903 1086 2971 μῖμοι
1111 2901 1221 2954 τῶν
1243 2901 1467 2968 γελοίων
1499 2903 1743 2961 ἐκείνων,
1763 2903 1885 2954 τότε
1914 2904 2098 2957 πολλοὶ

527 2989 637 3041 τῶν
665 2987 1040 3056 ἀνοητοτέρων
1089 2986 1288 3054 γελῶσι
1338 2987 1430 3040 καὶ
1463 2986 1776 3054 τέρπονται,
1833 2987 1974 3056 ὑπὲρ
2024 2981 2099 3042 ὧν

531 3072 728 3132 αὐτοὺς
756 3069 997 3132 λιθάζειν
1020 3070 1210 3138 ἐχρῆν,
1252 3069 1389 3136 ὑπὲρ
1411 3066 1614 3119 τούτων
1638 3067 1978 3136 κροτοῦντες,
2004 3070 2098 3121 καὶ

530 3153 628 3222 τὴν
662 3153 890 3220 κάμινον
919 3149 1012 3202 τοῦ
1047 3150 1218 3220 πυρὸς
1248 3149 1334 3202 διὰ
1367 3151 1464 3217 τῆς
1498 3149 1691 3216 ἡδονῆς
1725 3148 1928 3219 ταύτης
1956 3151 2097 3203 κατὰ

529 3236 628 3302 τῆς
656 3233 867 3287 ἑαυτῶν
921 3232 1170 3293 ἕλκοντες
1201 3229 1464 3299 κεφαλῆς.
1498 3233 1563 3283 Οἱ
1600 3232 1706 3300 γὰρ
1749 3232 2096 3296 ἐπαινοῦντες

531 3316 657 3373 τοὺς
683 3314 858 3365 ταῦτα
883 3313 928 3342 ⁷⁸
948 3312 1226 3380 λέγοντας,
1252 3304 1395 3364 οῦτοι
1422 3311 1656 3380 μάλιστά
1685 3317 1821 3366 εἰσιν
1848 3315 1896 3365 οἱ
1923 3314 2098 3381 λέγειν

531 3395 918 3463 ἀναπείθοντες
939 3411 954 3425 ο
979 3394 1058 3446 διὸ
1085 3394 1180 3447 καὶ
1212 3394 1310 3462 τῆς
1339 3392 1619 3454 κολάσεως
1637 3395 1733 3462 τῆς
1768 3395 1860 3446 ἐπὶ⁵
1886 3396 2099 3459 τούτοις

532 3479 792 3548 κειμένης
821 3477 1159 3546 δικαιότερον
1197 3477 1263 3530 ἂν
1291 3472 1401 3529 εἷεν
1423 3477 1467 3508 τ’
1498 3476 1812 3530 ὑπεύθυνοι.
1851 3477 2001 3549 [100]
2035 3482 2095 3533 Εἰ

532 3562 640 3629 γὰρ
668 3561 857 3629 μηδεὶς
876 3555 944 3629 ἧν
972 3559 1000 3609 ὁ
1024 3560 1093 3611 τὰ
1110 3557 1336 3613 τοιαῦτα
1358 3558 1650 3628 θεώμενος,
1669 3560 1776 3610 οὐδ’
1805 3559 1870 3613 ἂν
1900 3563 1928 3613 ὁ
1951 3562 2098 3629 άγω-

530 3643 808 3711 νιζόμενος
839 3638 908 3711 ἦν
928 3659 941 3674 ·
973 3642 1102 3693 ὅταν
1131 3641 1191 3693 δὲ
1244 3641 1426 3694 ἴδωσιν
1464 3642 1607 3708 ὑμᾶς
1634 3641 1728 3700 καὶ
1756 3642 2096 3713 ἐργαστήρια

530 3724 626 3776 καὶ
654 3725 852 3792 τέχνας
894 3724 987 3776 καὶ
1016 3724 1113 3792 τὴν
1143 3724 1206 3773 ἐκ
1242 3721 1448 3773 τούτων
1481 3720 1764 3789 πρόσοδον,
1793 3723 1884 3772 καὶ
1919 3723 2099 3777 πάντα

531 3805 897 3873 ἁπλῶς,ύπέρ
935 3804 1035 3871 τῆς
1083 3806 1200 3855 ἐκεῖ
1238 3803 1521 3872 διατριϐῆς
1574 3802 1831 3869 ἀφέντας,
1873 3803 2098 3872 μείζονα

526 3885 774 3953 δέχονται
820 3887 921 3954 τὴν
957 3884 1297 3953 προθυμίαν,
1352 3885 1446 3935 καὶ
1498 3882 1719 3934 πλείονα
1763 3885 1888 3953 περὶ
1922 3885 2096 3939 ταῦτα

529 3967 809 4018 ποιοῦνται
842 3966 1103 4034 σπουδήν.
1139 3964 1248 4017 Καὶ
1275 3962 1446 4019 ταῦτα
1475 3963 1575 4015 οὐκ
1630 3964 1872 4027 ἐκείνους
1919 3967 2094 4019 ἀπαλ-

528 4046 739 4100 λάττων
757 4047 1116 4116 ἐγκλημάτων
1141 4045 1305 4112 λέγω,
1328 4045 1440 4096 ἀλλ’
1473 4045 1558 4096 ἵνα
1579 4045 1736 4112 ὑμεῖς
1761 4045 1992 4115 μάθητε,
2012 4049 2092 4100 ὅτι

529 4129 626 4198 τὴν
661 4131 834 4200 ἀρχὴν
864 4131 960 4182 καὶ
991 4129 1090 4198 τὴν
1122 4126 1275 4196 ῥίζαν
1306 4127 1403 4193 τῆς
1450 4127 1705 4194 τοιαύτης
1749 4133 2094 4196 παρανομίας

531 4215 685 4282 ὑμεῖς
719 4213 953 4282 μάλιστά
983 4214 1105 4263 ἐστε
1142 4212 1192 4261 οί
1251 4209 1604 4277 παρέχοντες,
1646 4210 1696 4260 οἰ
1738 4209 1837 4279 τὴν
1881 4211 2095 4282 ἡμέραν

530 4296 748 4348 ἃπασαν
778 4297 860 4357 εἰς
890 4294 1064 4347 ταῦτα
1091 4291 1582 4352 καταναλίσκοντες
1607 4291 1674 4355 ⁸⁸,
1711 4292 1892 4344 καὶτὰ
1923 4297 2096 4364 σεμνὰ

526 4376 621 4429 τοῦ
634 4377 812 4445 γάμου
827 4375 1131 4446 πράγματα
1145 4372 1602 4441 ὲκπομπεύοντες,
1619 4371 1782 4424 καὶτὸ
1797 4376 2094 4444 μυστήριον

527 4458 587 4510 τὸ
609 4458 749 4526 μέγα
777 4457 1045 4523 παραδειγ
1056 4455 1390 4523 ματίζοντες.
1410 4453 1542 4505 Οὐδὲ
1557 4453 1665 4522 γὰρ
1695 4452 1867 4516 οὕτως
1889 4456 2094 4522 ἐκεῖνος

527 4540 557 4591 ὸ
595 4539 768 4589 ταῦτα
797 4535 1224 4606 ὐποκρινόμενός
1255 4536 1399 4585 ἐστιν
1425 4535 1454 4586 ὁ
1487 4532 1848 4603 πλημμελῶν,
1880 4536 1955 4599 ὡς
1987 4540 2093 4607 πρὸ

528 4617 739 4670 ἐκείνου
776 4618 863 4680 σὺ,
905 4621 933 4669 ὁ
963 4617 1136 4670 ταῦτα
1167 4616 1406 4668 κελεύων
1456 4619 1659 4666 ποιεῖν·
1701 4615 1904 4682 μᾶλλον
1945 4617 2001 4670 δέ
2028 4620 2089 4672 ού

528 4700 764 4753 κελεύων
799 4701 982 4768 μόνον,
1006 4698 1143 4752 ἀλλὰ
1178 4698 1273 4750 καὶ
1303 4693 1638 4762 σπουδάζων,
1679 4698 1774 4749 καὶ
1808 4698 2091 4769 εὐφραινό-

527 4784 831 4852 μενος,.καλ.
879 4781 1077 4848 γελῶν,
1115 4781 1209 4832 καὶ
1259 4777 1497 4830 ἐπαινῶν
1550 4777 1616 4830 τά
1667 4779 1947 4848 γινόμενα,
1996 4785 2091 4836 καὶ

527 4864 691 4916 παντὶ
715 4864 898 4932 τρόπῳ
923 4862 1240 4929 συγκροτῶν
1269 4860 1337 4912 τὰ
1367 4857 1592 4911 τοιαῦτα
1623 4861 1957 4931 ἐργαστήρια
1982 4863 2089 4917 τῶν

524 4941 812 5012 δαιμόνων.
837 4945 1016 5005 ιιοίοις
1044 4939 1136 4994 οὖν
1168 4941 1484 5009 ὀφθαλμοῖς,
1509 4941 1627 4992 είπέ
1654 4957 1762 5008 μοι,
1787 4940 1969 4994 λοιπὸν
1989 4945 2089 5014 τὴν

523 5027 754 5090 γυναῖκα
778 5026 872 5078 ἐπὶ
895 5027 990 5094 τῆς
1011 5025 1187 5086 οἰκίας
1210 5023 1349 5091 ὄψει,
1379 5023 1503 5075 ίδὼν
1528 5022 1697 5092 αὐτὴν
1725 5024 2088 5098 ὑϐριζομένην

522 5105 670 5170 tut;
707 5106 830 5169 Πῶς
856 5108 912 5160 δὲ
959 5109 1060 5158 οὑκ
1107 5104 1366 5175 ἐρυθριᾷς
1405 5107 1954 5175 ἀναμιμνησκόμενος
1987 5111 2088 5180 τῆς

522 5189 798 5253 συνοίκου,
828 5191 990 5259 ἡνίκα
1018 5189 1085 5242 ἂν
1121 5187 1219 5259 τὴν
1249 5188 1410 5255 φύσιν
1444 5189 1616 5258 αὐτὴν
1655 5190 2085 5261 παραδειγματι-

522 5269 755 5340 ζομένην
788 5272 900 5342 ἴδῃς
926 5289 939 5337 ;

595 5465 637 5498 ⁷³
658 5466 878 5520 ἐκείνων
911 5468 1044 5523 ΕιΜ.

515 5604 642 5657 add.
683 5607 831 5680 -ςρημὶ
1055 5597 1115 5680 ii"
1141 5597 1335 5680 ταῦτα]
1370 5613 1436 5666 τὰ
1473 5597 1703 5666 τοιαῦτα
1735 5597 1870 5666 Εύέί.

519 5643 642 5657 nunc
688 5643 746 5671 γε
772 5643 831 5672 μιν
862 5643 996 5661 utIlle
1152 5643 1334 5680 U“Ubul
1380 5643 1393 5663 \-

519 5689 652 5746 μενοι
682 5643 818 5746 Εεία.
919 5678 960 5708 θ’
985 5679 1094 5746 καὶ]
1118 5681 1233 5731 οὐδὲ
1267 5683 1324 5734 E.
1360 5681 1398 5735 F

513 5739 629 5805 νίας
721 5743 768 5775 ⁸⁵
798 5745 855 5797 τὸ
886 5739 1123 5814 κρεῖττον
1149 5750 1280 5804 Edd.

891 5468 1068 5552 ﬁdd.’
1105 5543 1115 5552 .
1162 5472 1609 5552 7359939500]
1641 5476 1730 5530 Sic
1769 5474 1832 5552 E_.
1855 5470 2094 5552 F._‘Vu]g

2193 5465 2352 5552 ξὲξοζρῃ
2363 5475 2554 5552 μένων.
2743 5475 2927 5552 τιιάιιοιῘ

517 5549 663 5589 corr.
699 5534 762 5589 Ι).
794 5538 1025 5611 ὲλκλύση
1050 5541 1172 5608 (sic)
1199 5543 1256 5594 Β.
1281 5534 1521 5597 ἰίὲὁῧίὶιει
1555 5534 1705 5600 Α’Πη.
1734 5547 1894 5609 νιιίκο
1925 5534 2144 5612 ἐλκύσῃ.

517 5604 642 5657 add.
683 5607 831 5681 53139.1
1056 5612 1115 5681 _"_°
1141 5612 1335 5680 ταῦτα]
1370 5613 1436 5666 τὰ
1473 5615 1696 5666 τοιαῦτα
1735 5615 1870 5666 Edd.
1923 5677 1944 5681 _
1968 5613 2013 5642 ’³⁸
2044 5607 2176 5681 εἶεν]

1514 5683 1558 5714 ⁸³
1592 5682 1768 5753 σῶμα]
1798 5687 1856 5733 τὸ
1878 5677 2036 5747 σῶμα
2075 5679 2137 5735 D.
2161 5677 2236 5736 Ἐ.

2253 456 2324 516 η’.
2354 450 2444 519 Μὴ
2474 452 2580 520 γάρ
2612 469 2700 520 μοι
2719 453 2879 505 τοῦτο
2909 452 3089 530 εἴπῃς,
3110 453 3189 506 ὅτι
3218 453 3512 526 ὑπόκρισίς
3540 456 3666 512 ἐστι
3694 462 3763 514 τὰ

2187 534 2446 604 γινόμενα
2465 551 2478 564 °
2511 537 2544 606 ἡ
2570 536 2676 603 γάρ
2706 536 2998 604 ὑπόκρισις
3024 535 3160 604 αὕτη
3193 537 3426 599 πολλοὺς
3455 539 3762 608 εἰργάσατο

2191 618 2431 687 μοιχοὺς,
2457 617 2551 670 καὶ
2577 617 2776 680 πολλὰς
2800 619 3096 688 ἀνέτρεψεν
3124 619 3324 680 οἰκίας.
3354 621 3464 674 Καὶ
3485 621 3582 674 διὰ
3603 622 3766 676 τοῦτο

2192 698 2424 767 μάλιστα
2453 699 2658 760 στένω,
2705 700 2789 752 ὄτι
2846 699 2968 751 οὐδὲ
3025 699 3174 750 δοκεῖ
3216 701 3450 771 πονηρὸν
3502 698 3654 754 εἶναι
3708 706 3768 756 τὸ

2186 781 2488 849 γινόμενον,
2538 780 2673 832 ἀλλὰ
2703 782 2800 832 καὶ
2846 781 3028 849 κρότοι
3061 781 3154 832 καὶ
3197 783 3411 852 κραυγὴ
3445 786 3543 837 καὶ
3592 785 3768 852 γέλως

2187 863 2377 925 πολὺς,
2427 863 2670 932 μοιχείας
2702 863 3063 932 τολμωμένης
3106 866 3399 935 τοσαύτης.
3439 867 3504 918 Τί
3537 868 3770 936 λέγεις;

2197 945 2516 1013 ’Υπόκρισις
2553 945 2622 995 τὰ
2660 945 2919 1012 γινόμενα
2939 946 3015 1008 ⁸¹;
3049 945 3127 996 Δι’
3159 947 3290 997 αὐτὸ
3335 948 3433 1015 μὲν
3466 945 3562 1001 οὖν
3610 945 3774 1001 τοῦτο

2191 1029 2401 1096 μυρίων
2431 1028 2498 1080 ἂν
2525 1023 2633 1079 εἷεν
2668 1029 2869 1079 ἐκεῖνοι
2895 1027 3139 1079 θανάτων
3169 1028 3331 1092 ἄξιοι,
3360 1030 3440 1082 ὅτι
3475 1031 3510 1083 ά
3537 1031 3775 1098 φεύγειν

2160 1158 2164 1161 .
2188 1111 2236 1161 οί
2259 1109 2412 1177 νόμοι
2437 1107 2749 1161 κελεύουσιν
2777 1109 3034 1169 ἅπαντες,
3055 1108 3227 1162 ταῦτα
3260 1113 3543 1178 μιμεῖσθαι
3577 1115 3778 1166 ἐσπου-

2190 1192 2418 1244 δάκασιν
2440 1191 2662 1242 ἐκεῖνοι.
2692 1190 2758 1242 Εἰ
2787 1190 2893 1260 γὰρ
2927 1190 3058 1243 αὐτὸ
3095 1193 3292 1256 κακὸν,
3325 1195 3419 1245 καὶ
3457 1196 3490 1263 ὴ
3526 1196 3777 1265 μίμησις

2189 1273 2379 1323 τούτου
2412 1271 2601 1325 κακόν.
2637 1272 2748 1324 Καὶ
2798 1270 2953 1324 οὔπω
2985 1271 3146 1339 λέγω,
3187 1275 3389 1336 πόσους
3431 1277 3778 1345 ἐργάζονται

2193 1354 2413 1421 μοιχοὺς
2444 1354 2493 1403 οἱ
2537 1352 2606 1403 τά
2646 1351 2871 1404 τοιαῦτα
2903 1353 3004 1413 τῆς
3055 1355 3301 1422 μοιχείας
3338 1357 3779 1428 ὑποκρινόμενοι

2189 1436 2477 1504 δράματα,
2533 1435 2650 1496 πῶς
2713 1436 2942 1504 ἰταμοὺς
2995 1436 3091 1489 καὶ
3145 1438 3534 1508 ἀναισχύντους
3595 1459 3781 1494 κατα-

2194 1516 2514 1578 σκευάζουτι
2543 1516 2668 1578 τοὺς
2695 1515 2850 1586 [1οη
2879 1516 2987 1568 τῶν
3015 1519 3275 1572 τοιούτων
3309 1521 3580 1591 θεωρούςο
3615 1523 3781 1575 οὐδὲν

2191 1599 2299 1668 γὰρ
2312 1616 2381 1648 πο
2388 1597 2612 1666 ρνικώτε
2620 1614 2710 1666 ρον
2725 1599 2817 1650 καὶ
2829 1599 2873 1628 ³⁸
2890 1597 3124 1666 ἰταμώτε
3135 1616 3224 1666 ρον
3243 1601 3415 1668 ὀφθαλ
3422 1602 3523 1670 μοῦ
3539 1603 3781 1657 τοιαῦτα

2197 1681 2412 1748 βλέπειν
2437 1679 2786 1747 ἀνεχομένου.
2816 1679 2888 1730 Σὺ
2917 1680 2972 1732 δὲ
3003 1682 3060 1732 ἐν
3089 1682 3261 1750 ἀγορᾷ
3291 1684 3389 1750 μὲν
3411 1686 3509 1738 οὐκ
3535 1686 3607 1738 ἂν
3629 1686 3783 1738 ἕλοιο

2195 1765 2423 1829 γυναῖκα
2450 1761 2835 1831 γυμνουμένην
2863 1763 3010 1827 ἰδεῖν,
3050 1765 3250 1832 μᾶλλον
3279 1765 3336 1817 δὲ
3361 1766 3482 1819 οὑδὲ
3507 1770 3564 1819 ἐν
3593 1770 3778 1838 οἰκίᾳ,

2195 1845 2330 1897 ἀλλὰ
2355 1845 2449 1896 καὶ
2473 1842 2630 1910 ὓϐριν
2659 1845 2720 1895 τὸ
2746 1846 2979 1913 πρᾶγμα
3000 1847 3185 1906 καλεῖς
3203 1863 3214 1875 ·
3243 1849 3336 1900 ἐπὶ
3366 1849 3423 1902 δέ
3446 1851 3507 1902 τὸ
3537 1851 3782 1920 θέατρον

2195 1929 2523 1990 ἀναϐαίνεις,
2542 1928 2631 1980 ἵνα
2660 1928 2722 1979 τὸ
2751 1928 2930 1981 κοινὸν
2955 1928 3065 1981 τῶν
3088 1929 3297 1997 ἀνδρῶν
3325 1933 3419 1984 καὶ
3447 1933 3554 1985 τῶν
3578 1951 3781 2002 γυναι-

2195 2011 2308 2064 κῶν
2363 2010 2652 2081 ἐνυϐρίσῃς
2687 2011 2865 2076 γένος,
2920 2011 3013 2062 καὶ
3067 2012 3196 2073 τοὺς
3250 2013 3448 2065 σαυτοῦ
3504 2017 3781 2084 αἰσχύνῃς

2194 2091 2535 2160 ὀφθαλμούς
2569 2091 2660 2159 Μή
2675 2091 2786 2159 γὰρ
2811 2091 2874 2160 δὴ
2908 2091 3066 2142 τοῦτο
3087 2092 3268 2161 εἴπης,
3297 2093 3381 2144 ὅτι
3408 2094 3582 2164 πόρνη
3619 2097 3781 2148 ἐστὶν

2191 2177 2224 2245 ή
2249 2173 2622 2243 γυμνουμένη,
2657 2170 2771 2225 ἄλλ’
2798 2174 2878 2225 ὅτι
2908 2173 2941 2242 ή
2977 2173 3112 2242 αὑτὴ
3146 2175 3308 2242 φύσις
3341 2177 3435 2227 m1
3466 2176 3631 2244 σῶμα
3647 2177 3698 2209 u
3718 2179 3782 2230 τδ

2194 2257 2324 2309 αὐτὸ
2347 2256 2440 2309 καὶ
2463 2256 2560 2324 τῆς
2585 2257 2789 2325 πόρνης
2820 2256 2914 2308 καὶ
2940 2257 3036 2323 τῆς
3060 2256 3369 2325 ἐλευθέρας.
3395 2259 3456 2310 El
3478 2259 3587 2330 γάρ
3615 2261 3780 2313 οὐδὲν

2195 2337 2392 2388 ἄτοπον
2425 2333 2602 2392 τοῦτο,
2632 2334 2778 2395 τίνος
2809 2335 2994 2385 ἕνεκεν
3027 2334 3116 2384 ἐπ’
3141 2337 3347 2403 ἀγορᾶς
3371 2336 3439 2389 ἂν
3473 2338 3590 2406 ἴδῃς
3613 2339 3781 2393 τοῦτο

2195 2414 2498 2481 γινόμενον,
2533 2413 2628 2465 καὶ
2666 2412 2826 2474 αὐτὸς
2847 2413 3154 2482 άποπηδᾷς,
3183 2415 3278 2466 καὶ
3301 2415 3400 2483 τὴν
3425 2417 3779 2484 ἀσχημονοῦ-

2198 2507 2297 2546 σαν
2341 2490 2621 2553 ἐλαύνειςς
2658 2489 2690 2559 ἢ
2727 2490 2860 2542 ὅταν
2907 2490 3008 2557 μὲν
3054 2490 3379 2560 διῃρημένοι
3433 2486 3614 2560 ὦμεν,
3646 2494 3779 2547 τότε

2194 2577 2394 2630 ἄτοπον
2425 2577 2486 2628 τὸ
2513 2575 2754 2627 τοιοῦτον
2773 2591 2786 2604 ’
2820 2576 2950 2626 ὅταν
2974 2574 3030 2627 δὲ
3082 2576 3411 2645 συνηγμένοι
3441 2578 3536 2628 καὶ
3565 2578 3779 2642 πάντες

2194 2658 2328 2728 ὁμοῦ
2362 2657 2880 2725 καθήμενοι,ούκέτι
2899 2658 3102 2725 ὁμοίως
3131 2658 3388 2728 αἰσχρόνς
3417 2659 3580 2710 Ἀλλὰ
3597 2659 3780 2726 γέλως

2194 2742 2369 2795 ταῦτα
2387 2741 2481 2793 καὶ
2501 2740 2722 2806 ὄνειδος,
2747 2741 2843 2793 καὶ
2864 2740 3103 2810 ἐσχάτης
3119 2741 3506 2811 παραπληξίας
3523 2747 3588 2812 ρή
3598 2761 3777 2813 ματαο

2200 2826 2292 2879 καὶ
2322 2823 2530 2893 βέλτιον
2559 2822 2714 2892 πηλῷ
2756 2826 2850 2876 καὶ
2886 2823 3132 2894 βορϐόρῳ
3172 2824 3270 2895 τὴν
3299 2825 3422 2894 δψιν
3449 2827 3778 2897 άναχρῶσαι

2201 2910 2404 2972 πᾶσαν,
2430 2905 2465 2973 ἢ
2495 2904 2750 2973 τοιαύτην
2779 2905 3055 2974 θεωρῆσαι
3085 2907 3454 2975 παρανομίαν.
3483 2907 3626 2962 Οὔτε
3661 2909 3776 2979 γὰρ

2199 2988 2372 3049 οὕτως
2407 2985 2669 3055 ὀφθαλμῷ
2698 2986 2868 3056 βλάϐη
2901 2986 3180 3056 βόρϐορος,
3211 2988 3285 3050 ὡς
3305 2989 3599 3051 ἀκόλαστος
3623 2990 3774 3059 δψις,

2199 3073 2292 3124 καὶ
2323 3068 2755 3137 γεγυμνωμένης
2781 3071 3040 3134 γυναικὸς
3071 3069 3296 3138 θεωρία.
3336 3072 3604 3124 Ἀκουσον
3637 3073 3775 3141 γοῦν

2196 3153 2252 3205 τί
2276 3155 2375 3219 τὴν
2391 3151 2671 3220 γύμνωσιν
2692 3151 2949 3218 ἐποίησεν
2968 3150 3026 3213 ἐξ
3050 3152 3245 3220 ἀρχῆς,
3265 3153 3357 3204 καὶ
3381 3154 3648 3224 φοϐήθητι
3669 3157 3776 3226 τῆς

2197 3235 2455 3303 τοιαύτης
2484 3231 2871 3301 ἀσχημοσύνης
2898 3231 2996 3300 τὴν
3028 3233 3303 3288 ὑπόθεσιν.
3330 3235 3394 3286 Τί
3421 3232 3514 3288 οὖν
3543 3238 3774 3309 ἐποίησε

2198 3318 2295 3387 τὴν
2327 3315 2634 3384 γύμνωσιν;
2663 3313 2730 3365 Ἦ
2761 3316 3034 3384 παρακοὴ,
3054 3318 3148 3367 καὶ
3174 3319 3206 3384 ἡ
3233 3316 3327 3369 τοῦ
3353 3317 3598 3372 διαϐόλου
3632 3339 3778 3391 συμ-

2200 3399 2386 3465 ϐουλή.
2416 3395 2602 3457 Οὕτως
2654 3394 2863 3448 ἄνωθεν
2908 3394 3000 3448 καὶ
3034 3395 3092 3458 ἐξ
3128 3397 3322 3467 ἀρχῆς,
3367 3399 3578 3452 ἐκείνου
3612 3403 3777 3457 τοῦτο

2197 3483 2388 3548 γέγονε
2419 3478 2481 3530 τὸ
2513 3477 2874 3545 ἐπιτήδευμα.
2911 3477 3051 3528 Ἀλλ’
3086 3479 3282 3531 ἐκεῖνοι
3325 3482 3423 3548 μὲν
3452 3481 3556 3534 κᾶν
3597 3487 3774 3554 ᾐσχύ-

2197 3581 2348 3617 νοντο
2382 3559 2579 3630 γυμνοὶ⁵
2617 3557 2797 3620 ὄντες*
2837 3558 2994 3626 ὑμεῖς
3028 3559 3086 3611 δὲ
3119 3561 3214 3612 καὶ
3259 3561 3768 3633 ἐγκαλλωπίζεσθε,

2198 3645 2339 3697 κατὰ
2367 3643 2428 3694 τὸ
2467 3633 2824 3694 ἀποστολικὸν
2858 3641 3055 3702 ἐκεῖνο,
3091 3641 3193 3693 Ἐν
3226 3641 3300 3710 τῇ
3337 3647 3605 3715 αἰσχύνῃ
3654 3649 3774 3716 τὴν

2198 3727 2384 3788 δόξαν
2415 3725 2680 3806 ἔχοντες.
2707 3721 2836 3806 Πῶς
2884 3717 3192 3806 οῦνόψεταί
3229 3741 3288 3776 σε
3324 3726 3510 3780 λοιπὸν
3559 3732 3592 3800 ή
3623 3735 3768 3806 γυνὴ

2198 3808 2307 3861 άπὸ
2333 3806 2433 3874 τῆς
2472 3804 2728 3872 τοιαύτης
2771 3803 3133 3857 ἐπανελθόντα
3163 3809 3512 3875 παρανομίας
3533 3809 3612 3880 αις

2196 3887 2405 3953 δέξεται
2425 3905 2440 3952 ;
2464 3887 2582 3949 πῶς
2618 3888 2900 3968 προσερεῖ,
2928 3886 3104 3950 οὕτως
3131 3887 3343 3958 ἀτίμως
3367 3892 3428 3944 τὸ
3457 3897 3637 3949 κοινὸν
3664 3902 3769 3968 τῆς

2193 3968 2512 4039 γυναικείας
2543 3967 3121 4037 παραδειγματίσαντα
3155 3971 3393 4038 φύσεως,
3427 3975 3523 4027 καὶ
3559 3967 3769 4048 αἰχμά-

2193 4054 2362 4106 λωτον
2383 4051 2488 4103 ὑπὸ
2516 4051 2614 4119 τῆς
2640 4049 2895 4119 τοιαύτης
2918 4049 3093 4119 Musa);
3128 4053 3220 4104 καλ⁸
3251 4053 3436 4107 δοῦλον
3458 4073 3657 4130 γεγενη
3669 4064 3769 4130 μέ-

2196 4151 2284 4187 νον
2314 4133 2411 4200 τῆς
2442 4131 2834 4199 πορνευθείσης
2867 4133 3156 4196 γυναικός;
3183 4135 3245 4185 Εἰ
3269 4135 3326 4187 δὲ
3543 4142 3763 4210 ἀλγεῖ-τε

2193 4213 2368 4297 ταῦτα
2389 4212 2702 4297 ἀκούοντες,
2730 4213 2887 4280 χάριν
2919 4214 3046 4280 ὑμῖν
3091 4214 3197 4283 ἔχω
3233 4216 3434 4287 πολλήν
3452 4234 3470 4251 ⁸
3524 4224 3622 4289 Τίς
3651 4227 3763 4297 γάρ

2193 4296 2365 4348 ἐστιν
2409 4297 2444 4348 ὀ
2487 4295 2826 4362 εὐφραίνων
2864 4311 2960 4362 με,
2987 4298 3039 4349 εί
3072 4299 3160 4363 μὴ
3204 4301 3236 4351 ό
3271 4302 3656 4370 ,λυπούμενος
3692 4295 3763 4373 ἐξ

2193 4376 2336 4441 ἐμοῦ
2360 4393 2378 4440 ;
2409 4375 2500 4444 Μὴ
2523 4375 2586 4444 δὴ
2610 4375 2897 4443 παύσησθέ
2937 4393 3068 4428 ποτε
3105 4379 3386 4442 στένοντες
3416 4384 3510 4435 ἐπὶ
3546 4386 3762 4453 τούτοις

2195 4462 2288 4512 καὶ
2309 4461 2626 4527 δακνόμενοι
2644 4475 2656 4487 ·
2677 4459 2770 4509 καὶ
2791 4457 2901 4526 γὰρ
2923 4459 3208 4528 προοίμιον
3232 4461 3359 4529 ὑμῖν
3377 4465 3529 4518 ἔσται
3549 4469 3648 4537 τῆς
3665 4474 3760 4525 ἐπὶ

2193 4543 2260 4595 τὰ
2295 4543 2522 4611 κρείττω
2555 4542 2602 4574 ⁸⁵
2628 4540 2936 4622 μεταϐολῆς
2967 4543 2999 4610 ή
3039 4545 3102 4593 ὲκ
3135 4543 3242 4594 τῶν
3273 4547 3532 4600 τοιούτων
3571 4552 3756 4622 ὀδύνη.

2193 4624 2290 4676 Διὰ
2325 4623 2479 4677 τοῦτο
2503 4620 2657 4687 κάγὼ
2680 4622 3034 4690 σφοδρότερον
3071 4622 3162 4673 τὸν
3203 4623 3360 4690 λόγον
3384 4620 3756 4703 ἐποιησάμην,

2192 4708 2281 4759 ἵνα
2313 4707 2613 4775 βαθυτέραν
2637 4705 2759 4767 δοὺς
2789 4705 2888 4774 τήν
2917 4703 3110 4773 τομὴν,
3146 4706 3440 4773 ἀπαλλάξω
3461 4711 3561 4779 τῆς
3586 4731 3758 4784 σηπε-

2189 4790 2339 4852 δόνος
2364 4787 2472 4840 τῶν
2508 4787 2886 4856 μεθυσκόντων
2914 4787 3058 4864 ὑμᾶς
3075 4803 3086 4814 ·
3112 4788 3200 4840 ἵνα
3231 4790 3366 4858 πρὸς
3390 4793 3634 4864 καθαρὰν
3660 4799 3760 4850 ἐπα

2190 4871 2448 4938 αναγάγω
2465 4869 2640 4938 ψυχῆς
2656 4869 2844 4936 ὑγείαιν
2866 4885 2879 4898 ⁸
2908 4863 2976 4939 ἦς
2995 4869 3204 4935 γένοιτο
3228 4873 3435 4935 πάντας
3454 4863 3600 4942 ἡμεῖς
3623 4880 3773 4932 άπο-·

2191 4953 2449 5013 λαύοντας
2469 4952 2553 5004 διὰ
2576 4951 2813 5016 πάντων,
2832 4953 2926 5004 καὶ
2952 4951 3060 5004 τῶν
3084 4954 3348 5022 κειμένων
3366 4958 3621 5010 ἐπάθλων
3641 4966 3758 5023 τοῖς

2191 5034 2575 5104 κατορθώμασι
2596 5034 2805 5097 τούτοις
2826 5037 3126 5104 ἐπιτυχεῖν,
3142 5037 3324 5107 χάριτι
3341 5041 3436 5092 καὶ
3456 5042 3758 5114 φιλανθρω-

2191 5120 2290 5189 πίᾳ
2319 5115 2412 5170 τοῦ
2441 5118 2646 5186 Κυρίου
2679 5118 2838 5187 ἡμῶν
2880 5117 3053 5186 Ἰησοῦ
3082 5120 3342 5188 Χριστοῦ,
3379 5115 3478 5191 ᾧή
3511 5123 3637 5187 δόξα
3660 5128 3756 5180 καὶ

2188 5202 2247 5254 τὸ
2282 5201 2479 5271 κράτος
2506 5201 2585 5264 είς
2622 5202 2748 5264 τοὺς
2779 5203 2975 5266 αἰῶνας
2999 5203 3109 5255 τῶν
3139 5204 3370 5258 αἰώνων.
3417 5207 3609 5278 ’Δμήν.

2253 5475 2554 5543 υρημένων.
2583 5475 2706 5531 Vid.
2743 5475 2927 5530 adnot.
3041 5477 3086 5508 τι
3123 5475 3347 5576 mauu)
3392 5476 3480 5531 Sic
3511 5479 3575 5532 A.
3607 5479 3648 5533 c
3700 5489 3755 5534 et

2245 5544 2290 5574 τε
2312 5546 2622 5576 ὲυπυέιυοροἸ
2657 5548 2851 5576 luet-..
2891 5546 2926 5576 ια’
2981 5543 3020 5576 li‘
3083 5547 3156 5576 Α..
3298 5551 3313 5576 τ
3375 5547 3751 5576 -.'.-..---\:-._I

2311 5546 2623 5620 ἐνσκήπτει]
2656 5548 2855 5620 ἐγείρει
3075 5547 3179 5599 An.
3286 5543 3751 5620 ξέεύτραπελίαν]

2213 5611 2526 5684 θᾶιίίαὺτοὶ
2557 5611 2622 5667 Αξ
2754 5611 2850 5684 _"°_
2868 5614 3251 5684 ἀναλίσκοντες
3286 5615 3420 5669 Edd.
3473 5611 3484 5616 ’
3519 5618 3562 5650 ⁸⁸
3597 5611 3754 5684 γενὸε

2335 5682 2380 5712 ⁸³
2405 5681 2770 5755 παρανομίας]
2825 5682 2914 5737 Sic
2948 5683 3008 5736 Β.
3047 5682 3108 5738 F.
3145 5684 3297 5739 Ann.
3332 5686 3512 5742 cmleri
3557 5681 3754 5756 παροι-
