4040 6426
362 396 422 452 7|
1554 388 1617 443 IN
1657 381 1955 442 ΜΑΤΤΙΙᾸΞ

2050 381 2063 437 l
2103 379 2332 436 HOMIL.
2374 381 2460 438 Vl.
3559 370 3629 426 Ἠ

353 508 641 563 contritum
691 517 745 561 et
799 505 1166 564 humiliatum,
1218 504 1452 560 animum
1501 503 1751 572 vigilem,
1813 512 1948 556 tem-

357 607 634 665 perantem
658 637 673 661 ,
707 598 1065 651 continentem
1084 635 1100 662 ,
1133 595 1477 664 pmoitentem
1501 635 1513 654 ,
1541 601 1941 661 compunctum.

355 687 480 741 llzec
525 688 669 741 illius
703 687 842 740 dona
889 695 1040 750 sunt,
1084 687 1203 754 quia
1262 685 1367 739 illis
1413 685 1746 753 potissimum
1805 682 1947 736 iudi-

351 790 561 845 gemns.
619 776 898 830 Certamen
947 776 1088 829 enim
1129 774 1369 828 imminet
1416 788 1612 843 grave,
1659 780 1713 827 et
1757 771 1947 824 adver-

353 881 446 921 sus
492 866 787 921 invisibiles
835 874 1124 935 potestates
1153 865 1292 918 lucta
1329 863 1484 919 nobis
1527 873 1642 927 est,
1689 861 1946 916 adversus

354 955 651 1022 spiritualia
694 956 945 1021 nequitia:
975 968 1182 1022 pugna,
1231 952 1485 1006 adversus
1522 952 1848 1020 principatus
1892 960 1948 1003 et

354 1053 646 1114 potestates
674 1044 870 1098 bellum
912 1042 1139 1111 (Ephes.
1173 1041 1224 1096 6.
1258 1040 1360 1111 12)
1392 1059 1405 1095 :
1436 1051 1594 1110 atque
1635 1040 1834 1093 utinam
1867 1039 1966 1092 di--

353 1135 579 1204 ligenter
623 1143 871 1202 agentes,
918 1133 1103 1202 vigiles
1132 1140 1186 1184 et
1223 1131 1506 1197 concitati,
1549 1131 1813 1200 possimus
1845 1130 1946 1183 hoc

353 1224 522 1278 ferum
554 1239 741 1293 agmen
768 1222 1054 1277 sustinere.
1078 1222 1136 1276 Si
1162 1236 1289 1275 vero
1315 1221 1581 1274 rideamus
1600 1229 1653 1273 et
1679 1219 1943 1284 lndamus,

352 1327 415 1367 ac
434 1327 651 1382 semper
673 1312 928 1365 socordes
957 1312 1123 1364 simus
1143 1351 1158 1376 ,
1189 1311 1346 1364 etiam
1377 1297 1502 1362 ante
1537 1307 1842 1362 conflictum
1881 1323 1946 1362 ex

356 1402 570 1470 propria
599 1401 823 1471 segnitie
851 1400 1216 1454 concidemus.
1249 1399 1364 1453 Non
1391 1408 1635 1452 nostrum
1662 1398 1837 1468 itaque
1866 1407 1949 1452 est

357 1500 612 1560 perpetuo
633 1490 827 1555 ridere,
852 1489 1089 1544 deliciari
1117 1500 1169 1542 et
1189 1489 1458 1544 convivari
1482 1505 1495 1552 ;
1526 1488 1619 1542 sed
1649 1503 1832 1541 eorum
1856 1488 1947 1556 qui

353 1583 407 1637 in
437 1597 594 1637 scena
633 1581 852 1648 ludunt,
899 1581 1276 1640 meretricum,
1315 1581 1550 1632 virorum
1593 1583 1681 1648 qui
1728 1578 1793 1632 ad
1827 1579 1948 1631 talia

352 1679 478 1725 sunt
522 1669 742 1738 depilati
762 1711 776 1736 ,
807 1669 1161 1738 parasitorum
1183 1709 1196 1730 ,
1229 1667 1563 1721 adulatorum
1591 1686 1604 1720 :
1636 1683 1739 1720 non
1769 1677 1948 1721 autem

353 1773 538 1812 eorum
577 1758 666 1826 qui
693 1756 759 1810 ad
788 1757 980 1812 cazlum
1009 1757 1178 1810 vocati
1208 1766 1366 1822 sunt,
1407 1771 1513 1810 non
1542 1771 1726 1810 eorum
1764 1757 1852 1826 qui
1895 1757 1946 1809 in

355 1862 584 1916 superna
615 1848 828 1901 civitate
857 1856 980 1902 sunt
1008 1846 1294 1914 descripti,
1326 1862 1428 1900 non
1460 1861 1645 1900 eorum
1671 1848 1758 1915 qui
1786 1846 1950 1900 armis

353 1940 723 2009 spiritualibus
764 1947 889 1993 sunt
927 1939 1202 2003 instructi,
1245 1938 1340 1992 sed
1379 1952 1564 1992 eorum
1605 1939 1694 2006 qui
1737 1937 1950 1992 diabolo

353 2039 478 2084 sunt
504 2029 716 2084 initiati.
746 2027 840 2084 llle
867 2043 1097 2099 namque
1126 2037 1236 2091 est.
1281 2028 1369 2082 ille
1402 2028 1492 2096 qui
1522 2028 1622 2082 hac
1648 2036 1794 2092 arte,
1847 2027 1948 2080 hoc

353 2134 516 2189 opere
546 2130 772 2173 conatur
801 2118 998 2174 Christi
1043 2119 1238 2172 milites
1274 2116 1589 2181 debilitare,
1632 2119 1950 2188 illorumquc

353 2211 514 2264 animi
546 2210 822 2264 molliores
851 2223 1046 2263 nervos
1077 2209 1308 2262 efﬁcere.
1343 2209 1464 2262 Ideo
1494 2209 1700 2264 theatra
1731 2209 1782 2262 in
1809 2211 1952 2262 urbi-

356 2301 454 2354 bus
492 2301 713 2360 struxit,
745 2308 799 2353 et
837 2300 1030 2354 mimos
1070 2298 1191 2352 illos
1218 2313 1508 2362 exercens,
1546 2300 1759 2354 illorum
1787 2316 1950 2370 opera

353 2399 538 2444 contra
577 2398 742 2443 totam
781 2389 1048 2442 civitatem
1083 2387 1222 2443 hanc
1262 2399 1465 2458 pestem
1507 2391 1703 2444 excitat
1745 2410 1757 2444 :
1791 2406 1950 2458 quam

355 2480 537 2549 fugere
592 2479 787 2533 Paulus
836 2478 992 2546 jussit
1035 2480 1054 2543 (
1079 2477 1265 2548 Ephes.
1303 2478 1357 2532 5.
1397 2478 1504 2547 4),
1560 2479 1950 2548 stultiloquium

354 2584 547 2636 nempe
581 2578 636 2622 et
660 2568 1072 2629 scurrilitatem;
1116 2584 1234 2637 qua:
1278 2577 1452 2622 autem
1495 2569 1952 2623 horumomnium

354 2658 663 2728 gravissima
691 2658 832 2712 risus
862 2657 1002 2711 illius
1038 2658 1250 2712 occasio
1285 2667 1387 2712 est.
1417 2657 1640 2719 Ouando
1674 2659 1950 2728 quidpiam

355 2766 448 2809 aut
472 2754 840 2823 blasphemum
856 2764 948 2808 aut
968 2763 1122 2823 turpe
1143 2764 1281 2808 Inter
1299 2752 1518 2808 ridicula
1537 2755 1683 2808 mimi
1703 2752 1952 2816 dixerint,

358 2853 485 2898 tunc
511 2858 578 2898 ex
618 2843 1076 2912 insipientioribus
1105 2844 1319 2911 quidam
1360 2844 1540 2899 rident
1574 2853 1630 2898 et
1669 2845 1954 2907 laetantur;

357 2949 480 2989 cum
513 2934 776 3004 lapidibus
803 2935 948 3004 ipsos
977 2935 1236 3004 impetere
1264 2943 1572 3004 oporteret,
1598 2935 1856 3005 plaudunt
1882 2935 1957 2988 illi

359 3042 524 3097 super
566 3027 683 3093 his,
725 3035 782 3081 et
823 3043 920 3095 per
962 3026 1100 3080 hanc
1139 3026 1464 3094 voluptatem
1506 3026 1774 3079 caminum
1819 3025 1958 3094 ignis

359 3126 546 3171 contra
576 3126 737 3188 caput
763 3133 918 3171 suum
959 3117 1252 3170 attrahunt.
1281 3115 1412 3169 Nam
1445 3116 1534 3183 qui
1569 3116 1689 3167 talia
1721 3114 1959 3168 dicentes

364 3205 608 3270 laudant,
642 3206 676 3260 ii
703 3215 828 3259 sunt
849 3205 939 3274 qui
970 3204 1204 3258 maxime
1232 3203 1281 3258 id
1308 3203 1490 3258 dicere
1515 3202 1744 3256 suadent
1775 3219 1787 3254 :
1813 3202 1958 3254 ideo-

358 3312 465 3368 que
493 3298 756 3368 supplicio
780 3297 904 3351 huic
939 3297 1162 3351 facinori
1192 3295 1377 3351 debito
1410 3295 1706 3363 justissime
1739 3294 1958 3348 obnoxii

359 3398 538 3443 erunt.
573 3389 784 3443 Etenim
809 3389 856 3443 si
886 3389 1068 3442 nullus
1091 3397 1232 3443 esset
1272 3375 1562 3455 spectator,
1608 3387 1784 3440 nullus
1831 3402 1959 3456 pro-

362 3477 505 3533 diret
545 3477 734 3533 histrio
775 3492 789 3533 :
831 3493 952 3532 cum
991 3491 1169 3532 autem
1207 3491 1304 3531 vos
1334 3477 1514 3531 rident
1541 3485 1594 3531 et
1637 3477 1880 3531 officinas
1911 3485 1965 3531 et

363 3579 542 3636 artes,
595 3579 651 3626 et
697 3579 958 3638 quaestum
1004 3569 1129 3622 hinc
1172 3569 1606 3637 provenientem,
1652 3578 1812 3638 atque
1857 3584 1964 3621 uno

363 3659 531 3716 verbo
559 3660 740 3715 omnia
768 3659 1071 3728 relinquere
1091 3698 1105 3721 ,
1136 3667 1194 3711 ut
1217 3657 1283 3712 ad
1312 3657 1428 3710 haec
1449 3658 1752 3725 spectacula
1779 3671 1964 3711 accur-

363 3749 494 3804 ratis
513 3790 530 3817 ,
563 3749 752 3818 majori
783 3749 1059 3803 alacritate
1100 3756 1262 3817 atque
1301 3745 1477 3801 studio
1507 3745 1590 3799 bis
1616 3761 1833 3814 operam
1862 3743 1961 3798 ad-

363 3839 567 3895 hibent.
601 3840 714 3894 Hoc
743 3848 920 3894 autem
948 3840 1069 3894 dico
1093 3879 1107 3902 ,
1148 3853 1253 3892 non
1281 3847 1342 3892 ut
1381 3838 1503 3892 illos
1527 3852 1558 3891 a
1585 3837 1813 3892 crimine
1839 3818 1960 3890 vini

363 3931 575 3998 dicem;
603 3932 698 3986 sed
719 3939 775 3986 ut
791 3931 1009 3986 discatis
1031 3945 1125 3985 vos
1150 3944 1268 3985 esse
1287 3930 1375 3999 qui
1396 3929 1696 4000 hujusmodi
1716 3929 1965 3998 nequitia!

365 4021 687 4092 principium
709 4031 764 4076 et
782 4020 1015 4076 radicem
1039 4019 1454 4075 subministratis
1470 4020 1497 4086 ,'
1515 4021 1604 4089 qui
1629 4028 1791 4073 totam
1821 4019 1963 4074 diem

371 4113 457 4168 his
487 4113 540 4167 in
570 4112 732 4168 rebus
759 4113 1048 4179 insumitis,
1077 4112 1360 4167 honestum
1389 4111 1619 4181 coujugii
1642 4119 1836 4165 statum
1862 4120 1965 4163 tra-

369 4203 664 4268 ducentes,
722 4199 791 4256 'et
845 4201 1157 4272 mysterium
1219 4215 1473 4271 magnum
1527 4201 1960 4255 dehonestantcs.

369 4291 556 4362 Neque
583 4292 724 4346 enim
755 4293 944 4346 histrio
974 4293 1064 4347 ille
1095 4294 1164 4346 ita
1190 4291 1480 4360 delinquit,
1509 4302 1567 4345 ut
1606 4302 1690 4354 tu,
1733 4292 1822 4361 qui
1855 4293 1966 4346 haec

369 4384 484 4438 tleri
520 4383 714 4452 jubes;
756 4383 863 4436 imo
894 4398 992 4437 nec
1025 4383 1186 4451 jubes
1216 4383 1413 4450 modo,
1454 4381 1550 4438 sed
1594 4381 1754 4435 etiam
1784 4395 1966 4436 curam

369 4472 624 4538 adhibes,
655 4473 886 4539 hetaris,
917 4473 1060 4527 rides
1080 4514 1095 4538 ,
1139 4475 1430 4541 laudasque
1461 4471 1767 4540 hujusmodi
1809 4487 1965 4540 spec-

373 4565 545 4620 tacula
567 4607 582 4628 ,
630 4565 884 4634 omnique
912 4565 1073 4619 modo
1100 4565 1236 4620 hanc
1274 4564 1422 4619 foves
1450 4564 1752 4618 daemonum
1793 4563 1966 4616 ofﬁci-

376 4671 524 4711 nam.
553 4655 882 4722 Quibusnam
904 4695 918 4720 ,
949 4670 1132 4724 quaeso
1152 4697 1166 4719 ,
1204 4655 1373 4708 oculis
1400 4669 1620 4708 uxorem
1651 4663 1792 4706 tuam
1823 4652 1968 4706 domi

373 4755 560 4818 postea
585 4745 824 4812 videbis,
852 4761 1010 4815 quam
1034 4745 1105 4800 ibi
1132 4745 1306 4799 vidisti
1338 4743 1658 4800 contumelia
1687 4741 1969 4818 affectam?

377 4836 648 4907 quomodo
669 4850 776 4890 non
804 4835 1076 4892 erubescis
1104 4836 1229 4891 dum
1255 4835 1494 4904 conjugis
1515 4843 1619 4888 tua:
1646 4815 1970 4900 recordaris,

372 4941 494 4984 cum
525 4928 594 4982 ibi
625 4942 817 4982 sexum
845 4928 962 4995 ejus
985 4926 1326 4982 dehonestari
1356 4925 1592 4980 videris?

445 5017 500 5073 8.
541 5015 618 5071 Ne
644 5017 771 5070 mihi
798 5017 1019 5080 dixeris,
1046 5033 1160 5072 rem
1189 5017 1491 5072 simulatam
1519 5026 1574 5071 et
1600 5016 1964 5071 histrionicam

374 5106 490 5164 ιι.το
515 5123 638 5164 csse
671 5125 684 5161 :
717 5109 834 5164 haec
860 5107 1004 5170 enim
1036 5109 1345 5164 bistrionica
1377 5107 1572 5162 multos
1611 5107 1784 5162 eﬂ'ecit
1815 5107 1966 5161 adul-

2055 501 2236 554 teros,
2278 489 2579 557 multasque
2619 486 2848 541 familias
2884 486 3096 541 evertit.
3137 484 3368 552 Ideoque
3410 484 3644 538 maxime

2051 597 2228 652 gemo,
2258 583 2397 651 quod
2431 581 2560 634 illud
2587 596 2655 635 ne
2677 581 2874 634 malum
2900 579 3117 648 quidem
3148 579 3300 632 vobis
3324 592 3444 631 esse
3465 577 3648 630 viden-

2051 683 2157 738 tur,
2189 673 2283 727 sed
2327 673 2580 740 plausus,
2621 671 2845 736 clamor,
2887 673 3028 723 risus
3068 670 3266 724 multus
3303 669 3643 726 adhibeatur.

2048 763 2176 816 dum
2208 762 2456 817 adulterii
2484 761 2784 830 hujusmodi
2811 761 3172 830 spectaculum
3203 759 3396 814 oll’erre
3421 757 3640 812 audent.

2047 855 2186 921 Quid
2216 857 2353 912 dicis
2381 871 2440 910 ea
2476 871 2597 910 esse
2638 856 3002 909 liistrionicam
3042 850 3478 908 simulationem?
3519 851 3644 905 ideo

2049 947 2122 1001 illi
2152 950 2422 1002 sexcentis
2448 947 2721 1016 suppliciis
2752 945 2895 1015 digni
2938 955 3096 1008 sunt,
3137 944 3389 1014 quoniam
3431 957 3492 995 ea
3524 957 3644 1008 quae

2049 1035 2195 1104 leges
2234 1051 2421 1091 omnes
2460 1039 2628 1090 vitare
2663 1037 2887 1102 jubent,
2933 1035 3120 1088 eadem
3162 1035 3260 1102 ipsi
3292 1034 3485 1087 imitari
3526 1042 3643 1084 stn-

2048 1125 2198 1179 dent.
2230 1125 2362 1179 Nam
2384 1127 2426 1180 si
2456 1125 2650 1179 malum
2672 1135 2756 1179 est
2775 1124 2924 1190 illud,
2952 1126 3069 1191 ejus
3095 1133 3176 1177 est
3203 1138 3411 1191 quoque
3440 1137 3643 1188 reprae-

2047 1217 2276 1269 sentatio
2307 1217 2467 1268 mula.
2503 1216 2745 1270 Nondum
2775 1216 2917 1279 dico,
2949 1223 3080 1284 quot
3110 1215 3381 1266 adulteros
3407 1213 3645 1267 efficiant

2048 1306 2355 1359 histrionica
2384 1305 2687 1374 hujusmodi
2715 1305 2964 1359 adulterii
2994 1304 3294 1374 spectacula
3317 1344 3330 1368 ,
3357 1318 3518 1370 quam
3548 1316 3643 1370 pe-

2047 1395 2280 1450 tulantes
2327 1397 2768 1466 impudentesque
2811 1395 3047 1450 efficiant
3093 1405 3454 1463 spectatores;
3515 1394 3643 1446 nihil

2046 1487 2187 1540 enim
2235 1486 2515 1549 lascivius,
2566 1486 2696 1540 nihil
2738 1487 3064 1555 petulantius
3101 1486 3288 1550 oculo,
3328 1485 3416 1554 qui
3461 1483 3646 1552 hujus-

2047 1575 2194 1630 modi
2238 1577 2716 1646 spectacula‘ferre
2747 1578 2932 1646 possit.
2980 1577 3058 1629 Tu
3101 1591 3234 1630 vero
3275 1577 3325 1628 in
3367 1575 3483 1627 foro
3525 1575 3646 1642 qui-

2046 1667 2167 1721 dem
2188 1666 2384 1720 nudam
2400 1667 2674 1720 mulierem
2695 1667 2936 1735 aspicere
2957 1668 3127 1729 nolis;
3148 1666 3256 1718 imo
3275 1681 3446 1729 neque
3457 1664 3602 1718 domi
3627 1684 3640 1718 :

2047 1772 2158 1812 rem
2181 1758 2322 1812 enim
2345 1756 2648 1826 hujusmodi
2675 1757 3050 1811 contumeliam
3074 1769 3232 1808 vocas
3259 1772 3271 1807 :
3301 1755 3351 1807 in
3378 1753 3642 1808 theatrum

2049 1860 2223 1903 tamen
2253 1850 2534 1911 ascendis.
2573 1857 2631 1903 ut
2668 1863 2952 1906 commune
2977 1863 3144 1916 genus
3185 1849 3419 1901 virorum
3457 1846 3644 1899 mulie-

2048 1954 2272 2008 rumque
2295 1941 2617 1994 contumelia
2644 1940 2871 2003 aflicias,
2899 1940 3187 2008 oculosque
3211 1948 3328 1992 tuos
3355 1936 3644 2003 deturpes?

2047 2031 2124 2086 Ne
2154 2033 2282 2086 mihi
2313 2033 2515 2086 dixeris
2545 2032 2824 2086 mulierem
2857 2031 2998 2084 illam
3038 2030 3234 2083 nudam
3255 2071 3271 2096 ,
3309 2044 3428 2084 esse
3467 2043 3644 2082 mere-

2049 2125 2266 2190 tricem;
2299 2127 2481 2194 utique
2512 2125 2651 2179 idem
2685 2125 2800 2192 ipse
2827 2137 3007 2185 sexus,
3038 2122 3178 2176 idem
3206 2136 3402 2189 corpus
3427 2131 3504 2174 est
3534 2135 3645 2173 me-

2043 2215 2255 2269 retricis
2294 2225 2349 2269 et
2380 2216 2580 2269 liberm.
2605 2214 2658 2269 Si
2690 2215 2833 2268 enim
2856 2213 3096 2267 obscoeni
3127 2212 3256 2265 nihil
3281 2226 3343 2265 ea
3377 2210 3428 2265 in
3455 2227 3514 2264 re
3538 2220 3643 2271 est,

2048 2319 2145 2358 cur
2169 2318 2292 2358 cum
2325 2306 2377 2357 in
2408 2303 2526 2358 foro
2547 2305 2735 2358 eadem
2763 2304 2878 2372 ipsa
2898 2303 3098 2357 videris
3119 2344 3131 2364 ,
3156 2303 3335 2354 statim
3365 2301 3560 2364 resilis,
3591 2309 3648 2354 et

2049 2393 2464 2448 inverecundam
2502 2393 2768 2463 depellis‘!
2801 2408 2871 2448 an
2900 2409 3021 2448 cum
3052 2392 3302 2460 disjuncti
3333 2406 3550 2455 sumus,
3592 2389 3645 2444 id

2047 2485 2360 2540 obsctenum
2391 2494 2506 2548 est;
2535 2501 2656 2539 cum
2685 2493 2866 2539 autem
2893 2485 3198 2554 congregati
3227 2499 3329 2536 una
3355 2483 3606 2537 sedemus
3625 2521 3644 2546 ,

2047 2589 2152 2628 non
2184 2573 2404 2643 perinde
2429 2584 2584 2643 turpe
2615 2575 2738 2629 est?
2770 2573 2967 2628 Verum
3001 2573 3103 2627 hoc
3141 2572 3424 2628 ridiculum
3462 2584 3526 2622 ac
3553 2569 3648 2623 de-

2045 2666 2210 2721 decus
2235 2675 2316 2721 est
2336 2706 2350 2730 ,
2379 2673 2434 2721 et
2461 2666 2576 2719 hzrc
2605 2665 2766 2720 verba
2794 2674 3089 2719 extremam
3121 2680 3230 2734 prae
3260 2679 3319 2716 se
3349 2663 3526 2717 ferunt
3551 2661 3646 2714 de-

2046 2756 2301 2812 mentiam
2345 2774 2360 2810 :
2403 2756 2700 2824 meliusque
2743 2763 2888 2809 esset
2926 2770 3085 2809 emno
3113 2765 3272 2824 atque
3311 2754 3425 2808 luto
3458 2752 3644 2806 oculos

2043 2853 2317 2918 oblinere,
2347 2867 2505 2922 quam
2536 2852 2607 2905 ita
2637 2851 2832 2906 foedam
2861 2860 2916 2903 et
2946 2849 3181 2918 iniquam
3213 2863 3327 2902 rem
3370 2855 3637 2916 spectare.

2043 2942 2228 3013 Neque
2255 2943 2399 2998 enim
2429 2949 2632 2996 tantum
2659 2940 2840 2993 damni
2869 2939 3024 2993 oculo
3053 2937 3214 2991 infert
3238 2936 3440 3001 lutum,
3467 2949 3642 3004 quan-

2047 3043 2156 3084 tum
2186 3031 2414 3086 lascivus
2442 3039 2691 3099 aspectus
2716 3038 2771 3082 et
2795 3029 2954 3082 nuda:
2986 3027 3227 3080 mulieris
3252 3025 3640 3094 spectaculum.

2045 3121 2184 3174 Audi
2218 3123 2378 3190 igitur
2407 3121 2532 3189 quid
2562 3119 2855 3172 nuditatem
2885 3118 2955 3172 ab
2985 3117 3138 3170 initio
3164 3115 3369 3178 fecerit,
3399 3126 3450 3169 et
3483 3125 3644 3169 tanta!

2047 3211 2390 3281 turpitudinis
2416 3210 2675 3263 rationem
2699 3217 2898 3262 metue.
2927 3205 3065 3274 Quid
3096 3221 3226 3275 ergo
3250 3205 3543 3260 nuditatem
3568 3204 3644 3258 ef-

2048 3301 2207 3357 fecit?
2239 3301 2600 3356 luobedieutia
2635 3308 2689 3353 et
2720 3298 2916 3352 diaboli
2959 3297 3188 3351 insidiae.
3234 3297 3322 3351 Sic
3360 3296 3472 3365 jam
3515 3296 3642 3350 olim

2048 3405 2101 3448 et
2129 3395 2196 3448 ab
2225 3394 2374 3447 initio
2402 3392 2502 3446 hoc
2531 3391 2646 3460 ejus
2671 3390 2767 3444 fuit
2793 3388 3050 3444 studium.
3085 3389 3276 3443 Verum
3308 3387 3427 3441 illos
3452 3387 3644 3442 saltem

2049 3483 2284 3554 pudebat
2307 3482 2448 3551 quod
2476 3481 2601 3536 nudi
2631 3487 2813 3535 essent
2839 3495 2855 3537 :
2889 3494 2984 3534 vos
3013 3487 3190 3532 autem
3216 3477 3266 3531 id
3287 3476 3468 3531 decori
3497 3475 3647 3529 vobis

2049 3590 2169 3630 esse
2187 3575 2401 3644 putatis,
2422 3573 2712 3628 secundum
2727 3571 2852 3625 illud
2866 3567 3347 3639 apostoli,Gloriam
3363 3567 3416 3619 in
3435 3566 3646 3634 turpitu-

2050 3666 2169 3718 dine
2196 3663 2432 3718 habentes
2458 3662 2477 3732 (
2500 3661 2731 3731 Philipp.
2765 3661 2819 3715 5.
2853 3657 2977 3731 19).
3006 3657 3212 3726 Quibus
3237 3671 3367 3726 ergo
3395 3667 3447 3710 te
3479 3654 3649 3709 oculis

2052 3771 2187 3810 uxor
2225 3755 2478 3822 aSpiciet,
2515 3769 2543 3805 a
2577 3763 2683 3807 tam
2724 3751 2906 3820 iniquo
2945 3749 3252 3819 spectaculo
3301 3747 3649 3803 redeuntem?

2051 3845 2322 3916 quomodo
2348 3855 2400 3899 te
2419 3843 2680 3913 recipiet?
2706 3841 2898 3912 quibus
2920 3850 2972 3894 te
2990 3841 3169 3895 verbis
3197 3839 3518 3908 alloquetur,
3558 3852 3649 3906 qm

2053 3935 2370 3990 muliebrem
2399 3949 2586 3988 sexum
2610 3942 2777 3986 totum
2808 3933 2878 3986 ita
2903 3929 3364 3991 dehonestaveris,
3391 3939 3444 3982 et
3466 3943 3533 3983 ex
3561 3929 3650 3982 tali

2052 4026 2359 4098 spectaculo
2384 4025 2631 4095 captivus
2659 4032 2714 4077 et
2752 4037 2939 4077 servus
2963 4022 3264 4076 meretricis
3289 4019 3510 4073 effectus
3537 4017 3652 4073 sis?

2054 4117 2113 4176 Si
2141 4120 2259 4174 haec
2282 4118 2562 4172 audientes
2588 4113 2782 4169 doletis
2801 4152 2816 4177 ,
2847 4113 3073 4182 gratiam
3101 4111 3252 4166 vobis
3282 4109 3456 4164 habeo
3485 4109 3654 4162 maxi-

2054 4228 2218 4268 mam.
2268 4211 2396 4278 Quis
2443 4210 2576 4262 enim
2623 4215 2694 4260 est
2743 4205 2830 4274 qui
2863 4203 3203 4270 melcetiﬁcet,
3245 4201 3345 4253 nisi
3384 4201 3427 4253 is
3478 4200 3565 4269 qui
3592 4199 3655 4252 ob

2056 4306 2194 4358 dicta
2222 4319 2332 4356 mea
2360 4297 2694 4367 tristatur(2.
2726 4297 2852 4350 Cor.
2882 4293 2938 4348 2.
2968 4293 3079 4364 2)?
3121 4292 3199 4347 Ne
3237 4291 3462 4346 cessetis
3496 4291 3658 4359 igitur

2056 4397 2124 4451 de
2154 4395 2237 4450 bis
2265 4395 2540 4463 ingemere
2559 4400 2614 4443 et
2633 4387 2865 4443 morderi
2901 4402 2915 4440 :
2943 4399 3064 4439 nam
3093 4383 3246 4437 dolor
3272 4382 3340 4436 de
3369 4381 3532 4435 rebus
3558 4380 3657 4432 bu-

2053 4487 2287 4559 jusmodi
2307 4482 2626 4555 principium
2644 4479 2794 4533 vobis
2812 4477 2915 4532 erit
2931 4474 3301 4530 conversionis
3321 4473 3386 4525 ad
3412 4471 3654 4526 meliora.

2066 4579 2296 4646 Ideoque
2324 4569 2713 4642 vehementiori
2742 4582 2993 4623 sermone
3017 4580 3135 4619 sum
3163 4578 3308 4627 usus,
3331 4573 3391 4616 ut
3413 4576 3507 4629 per
3534 4573 3657 4628 pro-

2059 4669 2357 4726 fundiorem
2395 4665 2708 4720 incisionem
2742 4676 2772 4714 a
2810 4657 3089 4728 putredine
3121 4655 3208 4707 illa
3247 4653 3660 4708 temulentorum

2058 4762 2334 4817 hominum
2361 4771 2457 4810 vos
2487 4755 2794 4814 liberarem,
2821 4758 2874 4803 et
2894 4747 2959 4801 ad
2981 4760 3164 4816 puram
3183 4744 3350 4798 animi
3371 4742 3656 4795 sanitatem

2059 4853 2373 4908 reducerem
2413 4865 2427 4902 :
2469 4858 2570 4915 qua
2604 4843 2804 4897 utinam
2837 4826 2934 4894 nos
2961 4850 3152 4892 omnes
3183 4851 3278 4904 per
3307 4833 3486 4887 omnia
3516 4830 3658 4884 frua-

2060 4960 2200 5008 mur,
2228 4951 2281 4996 et
2311 4939 2529 5012 praamia
2560 4935 2715 4989 bonis
2742 4933 2949 4986 actibus
2976 4928 3208 4997 reposita
3239 4937 3656 4993 consequamur,

2061 5036 2230 5106 gratia
2257 5010 2327 5088 etv
2341 5026 2708 5085 misericordia
2739 5021 2946 5078 Domini
2974 5018 3140 5074 nostri
3169 5017 3296 5072 .lesu
3323 5013 3546 5076 Christi,
3569 5010 3657 5064 cui

2066 5126 2238 5197 gloria
2267 5132 2321 5181 et
2349 5121 2632 5192 imperium
2667 5123 2720 5173 tu
2750 5114 2945 5172 saecula
2975 5111 3317 5168 smculorum.
3352 5110 3544 5162 Amen.
