4040 6420
435 348 503 403 73
1145 352 1202 408 s.
1241 346 1515 406 JOANNIS
1537 302 1990 400 rcunrsosrou

2088 337 2377 394 tliCﬂlEP.
2409 331 2942 392 CONSTANTINOP.
3605 315 3678 372 ἠ

439 541 728 555 *σ-

731 513 3670 553 _________________________________________._.__.__———-.

1783 889 2119 952 HOMILIA
2169 889 2297 951 νη.

420 1260 543 1318 Car.
571 1260 637 1315 ll.
663 1276 716 1313 v.
751 1261 802 1314 4.
838 1259 902 1312 Et
941 1273 1249 1328 congregans
1275 1270 1445 1310 omnes
1471 1250 1716 1320 principes
1751 1248 1986 1302 sacerdo-

494 1363 598 1406 tum
627 1362 674 1406 et
711 1354 897 1405 scribas
925 1353 1096 1420 populi
1116 1391 1130 1411 ,
1162 1347 1502 1406 sciscitabatur
1529 1343 1592 1396 ab
1619 1343 1688 1395 eis
1726 1341 1810 1393 ubi
1834 1338 1988 1394 Chri-

493 1451 600 1494 stus
628 1451 930 1494 nasceretur.
961 1439 1016 1493 5.
1038 1438 1102 1491 At
1136 1438 1213 1490 illi
1236 1437 1468 1489 dixerunt
1494 1433 1539 1485 ei
1565 1447 1584 1483 :
1620 1431 1671 1484 in
1697 1428 1988 1483 Bethlehem

489 1529 518 1582 ,Ι
527 1531 706 1583 adtacta.

491 1623 545 1674 i.
592 1619 830 1674 Vidistin‘
877 1617 1051 1671 omnia
1099 1615 1163 1669 ad
1214 1613 1520 1669 Judaaorum
1567 1609 1984 1665 confutationem

421 1710 714 1764 accidisse?
740 1709 997 1774 Quamdiu
1021 1706 1159 1761 enim
1200 1720 1304 1759 non
1335 1703 1580 1758 videbant
1605 1717 1747 1766 eum,
1781 1716 1879 1755 nec
1907 1702 1986 1755 in-

426 1803 562 1856 vidia
592 1801 1028 1868 corripiebantur,
1057 1797 1356 1853 testimonia
1383 1809 1509 1850 vere
1534 1801 1589 1849 et
1617 1803 1672 1847 ut
1697 1801 1849 1846 erant
1873 1806 1994 1858 pro-

426 1889 665 1944 ferebant
697 1906 709 1940 :
741 1889 826 1941 ubi
869 1896 1045 1941 autem
1092 1884 1336 1939 viderunt
1381 1884 1600 1953 gloriam
1631 1897 1694 1936 ex
1727 1881 1994 1935 miraculis

425 1988 627 2048 partam
649 2019 662 2040 ,
697 1978 888 2030 invidia
919 1977 1130 2030 demum
1160 1975 1420 2042 correpti,
1452 1974 1725 2027 veritatem
1753 1971 1998 2039 prodide-

424 2076 565 2121 runt.
589 2067 692 2121 Sed
726 2067 923 2119 veritas
945 2067 994 2118 in
1017 2065 1262 2118 omnibus
1283 2062 1566 2126 eminebat,
1598 2070 1648 2115 et
1674 2061 1741 2114 ab
1769 2061 1994 2114 inimicis

425 2157 591 2226 magis
627 2157 894 2225 magisque
920 2153 1365 2222 promulgabatur.
1413 2151 1508 2205 Hic
1538 2149 1661 2203 mihi
1691 2150 1811 2204 vide
1837 2166 1992 2219 quam

424 2249 577 2312 mira,
609 2263 762 2316 quam
793 2245 1051 2311 stupenda
1075 2245 1467 2312 provideantur.
1488 2243 1704 2295 Mutuas-
1720 2242 1818 2295 sibi
1845 2256 1993 2295 com-

423 2337 640 2391 modant
670 2337 880 2390 notitias
923 2335 1132 2388 barbari
1179 2342 1234 2388 et
1271 2333 1473 2391 Judzri,
1517 2333 1587 2385 ita
1621 2341 1678 2385 ut
1709 2331 1904 2400 singuli
1930 2331 1998 2384 ab

423 2428 546 2481 aliis
582 2428 849 2495 quidpiam
893 2427 1012 2480 novi
1042 2425 1298 2480 ediscant.
1329 2423 1494 2478 Judaei
1526 2438 1752 2492 namque
1775 2438 1804 2475 a
1832 2422 1998 2488 magis

421 2517 787 2581 edidicerunt,
821 2515 959 2586 quod
988 2516 1137 2570 stella
1187 2516 1354 2582 ipsum
1389 2515 1438 2567 in
1470 2514 1749 2579 Persarum
1780 2513 1996 2580 regione

424 2604 788 2673 prmdicaverit
809 2622 820 2656 ε
845 2604 979 2672 magi
1008 2618 1036 2654 a
1060 2601 1257 2657 Judaeis
1281 2611 1615 2670 acceperunt,
1646 2615 1768 2656 eum
1798 2601 1992 2667 ipsum,

423 2708 584 2760 quem
615 2693 764 2747 stella
793 2693 1190 2761 praedicaverat,
1214 2676 1328 2758 jam]
1349 2705 1378 2742 a
1409 2690 1586 2742 multis
1616 2699 1757 2742 retro
1788 2699 1995 2756 tempo-

423 2782 573 2835 ribus
602 2797 694 2849 per
723 2780 1006 2851 prophetas
1050 2779 1456 2848 praenuntiatum
1501 2777 1663 2830 fuisse
1689 2795 1702 2830 :
1725 2785 1883 2845 atque
1914 2778 1996 2828 in-

421 2873 791 2942 terrogalionis
810 2872 1016 2925 occasio
1040 2870 1279 2923 elarioris
1302 2878 1352 2922 et
1374 2868 1717 2922 accuratioris
1742 2866 1998 2922 doctrina:

422 2959 802 3016 demonstratio
853 2961 1089 3026 utrisque
1141 2959 1236 3010 fuit
1268 2975 1280 3008 :
1312 2968 1458 3011 certe
1506 2956 1744 3011 veritatis
1798 2955 1998 3009 inimici

425 3049 621 3115 scripta
652 3049 886 3101 veritatis
913 3047 1208 3100 testimonia
1235 3047 1315 3099 vel
1344 3046 1491 3098 inviti
1518 3046 1691 3113 legere
1715 3054 1995 3114 coguntur,

419 3147 471 3190 ct
501 3137 829 3204 prophetiam
872 3134 1201 3203 interpretari
1228 3176 1240 3195 ,
1271 3133 1478 3187 etiamsi
1512 3149 1612 3186 non
1644 3142 1804 3186 totam
1842 3147 1994 3186 :cum

421 3225 562 3278 enim
595 3223 898 3277 Bethlehem
930 3224 1216 3287 dixissent,
1241 3232 1291 3275 et
1333 3223 1455 3276 inde
1512 3222 1837 3276 exoriturum
1877 3237 1997 3277 esse

410 3301 541 3366 eum
568 3313 657 3381 qui
704 3323 905 3380 regeret
955 3311 1199 3364 lsraelem
1222 3350 1236 3375 ,
1271 3325 1373 3362 non
1419 3309 1736 3362 addiderunt
1769 3310 1821 3362 id
1858 3309 1998 3378 quod

421 3401 761 3469 sequebatur,
785 3410 841 3452 ut
860 3401 967 3468 regi
990 3399 1351 3452 adularentur.
1374 3397 1508 3464 Quid
1530 3409 1701 3449 autem
1724 3406 1806 3451 est
1830 3397 1958 3451 illud
1975 3397 1999 3438 ’

424 3487 490 3540 Et
516 3505 739 3559 egressus
763 3490 870 3557 ejus
895 3489 955 3541 ab
973 3489 1112 3541 initio
1140 3503 1203 3541 ea:
1225 3488 1399 3540 diebus
1418 3487 1588 3540 swcuti
1615 3487 1693 3554 (Μ
1702 3489 1800 3539 ich.
1831 3487 1884 3541 5.
1913 3485 1994 3554 2).

420 3585 487 3638 Et
516 3601 615 3651 qua
643 3587 706 3639 de
735 3601 892 3640 causa
914 3627 928 3648 ,
961 3587 1166 3656 inquies
1186 3625 1200 3646 ,
1233 3587 1276 3640 si
1304 3585 1425 3639 inde
1449 3585 1679 3639 oriturus
1705 3596 1838 3649 erat,
1867 3593 1990 3654 post

416 3685 622 3745 partum
649 3678 700 3730 in
729 3677 950 3732 Nazaret
981 3678 1189 3740 mansit,
1220 3685 1273 3731 et
1299 3677 1628 3745 prophetiam
1655 3675 1990 3729 ohscuravit?

415 3763 526 3819 lmo
555 3780 656 3818 non
686 3766 1004 3828 obscuravit,
1037 3765 1130 3819 sed
1161 3766 1438 3819 clariorem
1471 3765 1662 3817 etTecit.
1694 3763 1826 3818 Nam
1850 3751 1988 3833 quod

415 3861 584 3906 mater
611 3854 744 3918 ejus,
772 3869 889 3922 qum
921 3855 1029 3908 illic
1061 3853 1346 3917 habitabat,
1380 3853 1479 3905 hoc
1501 3853 1551 3905 in
1573 3853 1689 3905 loco
1705 3853 1990 3920 pepererit.

415 3939 468 3993 id
497 3949 641 3995 certe
665 3941 896 3995 ostendit
915 3957 1025 3995 rem
1056 3957 1148 4009 per
1169 3940 1554 4007 providentiam
1585 3941 1772 3994 factam
1803 3941 1982 4000 fuisse.

414 4029 747 4098 Quapropter
788 4045 892 4083 non
937 4031 1115 4084 statim
1149 4039 1306 4097 atque
1341 4039 1493 4082 natus
1520 4038 1636 4092 est,
1668 4029 1792 4084 hinc
1829 4031 1984 4096 exiit,

415 4120 508 4173 sed
537 4119 606 4172 ibi
639 4121 826 4173 mansit
858 4135 949 4187 per
973 4121 1085 4172 dies
1109 4117 1451 4186 quadraginta
1472 4158 1486 4181 ,
1530 4117 1704 4170 locum
1731 4117 1862 4171 dans
1889 4119 1990 4173 illis

414 4211 505 4277 qui
537 4211 728 4264 vellent
758 4209 1019 4264 curiosius
1049 4209 1333 4277 inquirere,
1369 4218 1420 4260 ut
1454 4218 1698 4263 accurate
1725 4211 1991 4263 examina-

413 4309 533 4353 rent
558 4301 754 4354 omnia.
783 4299 939 4352 Multa
970 4299 1162 4367 quippe
1187 4306 1340 4353 erant
1367 4314 1484 4367 quae
1511 4299 1575 4353 ad
1609 4300 1742 4354 hanc
1774 4302 1986 4370 perqui-

412 4393 656 4447 sitionem
688 4401 981 4452 moverent,
1009 4392 1053 4446 si
1079 4391 1290 4459 quidem
1318 4391 1592 4446 attendere
1621 4391 1838 4445 vellent.
1866 4393 1987 4448 Ete-

415 4482 520 4534 nim
552 4481 883 4534 venientibus
914 4481 1096 4548 magis,
1118 4480 1378 4533 concitata
1405 4490 1488 4534 est
1517 4480 1760 4536 universa
1783 4482 1985 4549 civitas,

414 4582 464 4623 et
495 4586 617 4624 cum
644 4571 856 4626 civitate
883 4586 975 4624 rex
1003 4571 1115 4636 ipse
1140 4588 1152 4621 :
1175 4570 1429 4638 prepheta
1462 4571 1510 4624 in
1554 4572 1787 4626 medium
1817 4573 1985 4628 addu-

411 4670 529 4714 ctus
570 4671 684 4723 est,
733 4660 901 4714 forum
942 4661 1194 4728 judiciale
1244 4676 1492 4731 magnum
1545 4661 1822 4718 collectum
1869 4675 1982 4726 est;

411 4751 620 4818 aliaque
651 4751 811 4803 multa
859 4750 1052 4804 ibidem
1082 4758 1228 4819 gesta
1258 4759 1415 4816 sunt,
1461 4767 1580 4820 qure
1607 4755 1778 4806 omnia
1811 4766 1981 4810 narrat

412 4849 656 4892 accurate
687 4840 888 4903 Lucas;
919 4841 1062 4894 verbi
1084 4842 1245 4908 gratia
1273 4857 1388 4907 quae
1410 4842 1472 4894 ad
1493 4845 1697 4895 Annam
1721 4855 1980 4912 spectant,

411 4945 530 4997 qum
557 4929 622 4982 ad
664 4928 962 4983 Simeonem
985 4970 999 4994 ,
1050 4929 1114 4982 ad
1156 4930 1460 4985 Zachariam
1485 4973 1500 4997 ,
1547 4934 1612 4986 ad
1644 4935 1891 5002 angelos,
1921 4938 1983 4991 ad

413 5027 687 5086 pastores,
731 5033 846 5085 qum
881 5018 1057 5071 omnia
1107 5029 1347 5087 poterant
1389 5021 1450 5073 iis
1493 5021 1582 5089 qui
1626 5023 1858 5076 animum
1888 5024 1983 5078 ad-

414 5105 597 5159 bibere
625 5106 820 5160 vellent
847 5108 1180 5163 ocusionem
1207 5108 1363 5172 dare,
1404 5119 1458 5163 ut
1485 5109 1623 5178 quod
1653 5110 1845 5165 factum
1876 5126 1984 5168 erat

409 5193 889 5262 deprehenderent.
937 5195 1065 5249 Nam
1109 5197 1152 5250 si
1197 5200 1330 5266 magi
1375 5214 1437 5252 ex
1472 5199 1686 5253 Perside
1718 5205 1987 5260 venientes

412 5285 584 5337 locum
631 5301 734 5339 non
779 5287 1184 5353 ignoraverunt,
1218 5289 1385 5342 multo
1423 5291 1589 5360 magis
1635 5293 1709 5358 ii,
1757 5295 1844 5362 qui
1874 5295 1988 5349 istic

413 5373 776 5433 versabantur.
803 5377 913 5429 tunc
937 5386 1176 5443 poterant
1203 5378 1458 5433 ediscere.
1479 5380 1609 5435 Sese
1631 5382 1788 5451 igitur
1807 5393 1987 5439 osten-

412 5462 487 5513 dit
526 5464 592 5516 ab
621 5463 767 5516 initio
798 5480 891 5533 per
931 5468 1091 5519 multa
1134 5468 1384 5521 miracula
1415 5473 1569 5536 :quia
1600 5481 1776 5527 autem
1810 5473 1988 5530 videre

412 5553 699 5608 noluerunt
719 5595 732 5618 ,
766 5569 859 5624 per
889 5557 1212 5627 aliquantum
1241 5563 1492 5631 temporis
1520 5577 1638 5619 sese
1682 5565 1984 5636 occultans,

2097 1227 2286 1282 iterum
2315 1242 2372 1282 se
2399 1228 2503 1282 alio
2529 1228 2686 1298 longe
2705 1227 2933 1286 clariore
2949 1229 3181 1286 ostendit
3204 1230 3380 1285 modo.
3400 1229 3511 1286 Non
3533 1229 3692 1286 enim

2094 1319 2234 1386 magi
2263 1318 2515 1386 deinceps
2534 1359 2549 1383 ,
2578 1335 2683 1372 non
2712 1319 2862 1373 stella
2882 1361 2898 1385 ,
2927 1321 3022 1375 sed
3051 1321 3206 1375 Pater
3229 1336 3458 1388 superne
3483 1319 3689 1390 praedi—

2095 1408 2235 1462 cavit
2277 1406 2330 1459 in
2374 1405 2620 1461 Iordanis
2665 1407 2910 1474 ﬂuentis,
2960 1417 3015 1463 et
3061 1410 3287 1476 Spiritus
3333 1411 3684 1478 supervenit,

2069 1521 2275 1564 :vocem
2307 1506 2451 1561 illam
2495 1507 2546 1561 in
2589 1507 2838 1578 baptizati
2879 1519 3038 1579 caput
3067 1509 3413 1563 ati'erens:et
3439 1506 3694 1562 Joannes

2091 1611 2212 1653 cum
2242 1597 2486 1652 libertate
2511 1599 2654 1652 omni
2694 1613 2789 1668 per
2813 1608 2976 1653 totam
3001 1598 3237 1654 Judaeam
3270 1595 3549 1660 clamabat,
3587 1595 3692 1650 ha-

2089 1686 2364 1742 bitabilem
2389 1726 2403 1748 .
2455 1685 2801 1742 inbabitatam
2849 1696 3048 1743 terram
3089 1687 3393 1756 huiusmodi
3436 1687 3687 1740 doctrina

2087 1775 2304 1844 replens
2335 1792 2350 1828 :
2379 1774 2755 1831 miraculorum
2804 1792 3014 1846 quoque
3057 1775 3448 1839 testimonium,
3495 1784 3642 1829 terra
3665 1815 3684 1840 ,

2092 1879 2239 1918 mare
2270 1864 2620 1934 universaque
2645 1874 2886 1920 creatura
2914 1865 3243 1933 splendidam
3273 1866 3370 1918 hac
3399 1865 3466 1920 de
3495 1880 3553 1919 re
3582 1880 3687 1917 vo-

2087 1968 2202 2007 cem
2229 1953 2522 2009 emittebat.
2553 1955 2671 2023 lpso
2691 1955 2848 2009 etiam
2869 1967 3050 2024 partus
3067 1964 3308 2025 tempore
3331 1964 3410 2009 tot
3429 1955 3686 2010 accidere

2086 2042 2266 2111 signa,
2293 2059 2410 2112 quae
2441 2055 2656 2113 possent
2687 2045 2920 2101 indicare
2949 2047 3121 2116 ipsum
3151 2046 3449 2102 advenisse.
3483 2045 3562 2102 Ne
3591 2045 3684 2099 di-

2085 2142 2268 2186 cerent
2293 2133 2434 2188 enim
2462 2133 2630 2188 Juda'i
2661 2134 2971 2190 :Nescimus
3000 2137 3085 2190 ubi
3113 2136 3193 2190 vel
3225 2150 3333 2205 quo
3371 2136 3489 2190 loco
3518 2146 3685 2190 natus

2088 2223 2190 2286 sit,
2221 2223 2304 2275 illa
2331 2238 2449 2292 quae
2475 2239 2658 2294 magos
2683 2235 2924 2294 spectant
2963 2227 3172 2296 provisa
3215 2228 3394 2291 luere,
3439 2228 3682 2294 itemque

2089 2313 2189 2366 alia
2219 2328 2336 2381 qua:
2362 2313 2613 2380 diximus,
2644 2316 2713 2369 ita
2743 2326 2799 2370 ut
2830 2317 3027 2370 nullam
3057 2317 3450 2370 excusationem
3479 2315 3680 2370 afferre

2096 2405 2330 2471 possint,
2362 2404 2508 2473 quod
2548 2403 2604 2459 id
2640 2405 2789 2475 quod
2821 2415 3036 2477 gestum
3078 2415 3198 2458 erat
3243 2421 3353 2458 non
3394 2405 3686 2474 perquisi-

2097 2493 2306 2550 verint.
3492 2511 3500 2520 ο

2166 2588 2219 2641 2.
2255 2588 2533 2656 Perpende
2567 2600 2743 2646 autem
2785 2592 3075 2662 prephetia:
3115 2593 3526 2647 accurationem.
3561 2591 3689 2647 Non

2093 2680 2232 2728 eirim
2263 2676 2421 2742 dixit,
2451 2679 2504 2732 In
2528 2680 2836 2736 Bethlehem
2861 2683 3116 2744 manebit.
3140 2683 3250 2746 sed,
3278 2682 3468 2738 Exibit.
3498 2685 3689 2754 Itaque

2093 2765 2142 2818 id
2176 2774 2374 2820 tantum
2407 2771 2681 2840 pr0phetia
2711 2775 3080 2841 exprimebat,
3110 2773 3250 2843 quod
3280 2774 3348 2828 ibi
3378 2775 3684 2828 nasciturus

2094 2867 2254 2912 esset.
2284 2860 2507 2927 Quidam
2537 2873 2714 2919 autem
2742 2880 2925 2919 eorum
2957 2864 3290 2935 impudenter
3314 2865 3528 2929 dicunt,
3563 2867 3684 2920 hac

2094 2945 2160 3000 de
2189 2948 2516 3007 Zorobabele
2555 2956 2903 3022 praenuntiata
2955 2955 3114 3010 fuisse
3145 2975 3157 3010 :
3186 2955 3277 3010 sed
3305 2955 3576 3024 quomodo
3600 2957 3685 3011 sic

2096 3049 2317 3104 possunt
2343 3041 2673 3110 intelligam?
2697 3044 2808 3097 Non
2840 3045 2980 3097 enim
3020 3045 3266 3114 Egressus
3295 3047 3403 3116 eius
3436 3045 3498 3098 ab
3535 3045 3685 3099 initio

2089 3143 2150 3179 ex
2178 3128 2349 3183 diebus
2374 3133 2546 3185 saeculi
2587 3132 2771 3202 (Mich.
2803 3135 2853 3188 5.
2884 3134 2960 3202 2).
3008 3135 3286 3203 Quomodo
3315 3144 3491 3189 autem
3536 3135 3673 3190 illud

2090 3220 2230 3287 quod
2273 3222 2421 3278 initio
2451 3223 2662 3290 dicitur,
2695 3224 2778 3278 Ex
2821 3236 2867 3278 te
2905 3226 3085 3292 exibit,
3130 3228 3183 3281 in
3211 3227 3358 3281 illum
3385 3226 3682 3282 convenire

2092 3309 2292 3374 possit?
2321 3310 2434 3364 Non
2463 3314 2602 3366 enim
2636 3314 2688 3367 in
2733 3314 2914 3370 Judma
2935 3356 2949 3380 ,
2993 3317 3086 3370 sed
3136 3319 3187 3371 in
3218 3318 3489 3388 Babylone
3519 3328 3682 3372 natus

2089 3409 2173 3452 est
2200 3417 2214 3453 :
2246 3402 2384 3456 unde
2423 3406 2581 3458 etiam
2613 3405 2907 3461 Zorobabel
2938 3409 3233 3477 appellatus
3269 3409 3398 3471 fuit,
3431 3410 3552 3478 quia
3597 3410 3674 3463 ibi

2085 3497 2257 3543 ortum
2285 3489 2453 3545 duxit.
2487 3493 2755 3564 Quotqu_ot
2794 3496 3048 3565 Syrorum
3096 3498 3324 3568 linguam
3364 3499 3572 3562 sciunt,
3614 3498 3674 3553 id

2084 3579 2224 3645 quod
2274 3581 2514 3657 dicimus.
2544 3599 2648 3638 non
2702 3585 2964 3654 ignorant.
3012 3587 3216 3642 Prteter
3256 3604 3318 3642 ea
3368 3603 3498 3643 vero
3547 3604 3674 3658 qum

2083 3669 2350 3735 diximus,
2379 3683 2583 3742 tempus
2612 3686 2777 3729 totum
2807 3677 3136 3748 subsequens
3170 3680 3269 3734 hoc
3300 3681 3664 3734 testimonium

2083 3763 2400 3819 confirmare
2446 3762 2608 3816 valet.
2655 3763 2791 3827 Quid
2841 3761 2984 3814 enim
3021 3759 3186 3815 dicit?
3230 3759 3284 3813 6.
3331 3757 3664 3827 Nequaquam

2082 3855 2290 3907 minima
2319 3869 2370 3906 es
2397 3853 2448 3904 in
2480 3852 2788 3919 principibus
2817 3851 2957 3903 Iuda
2977 3892 2991 3913 ,
3019 3859 3072 3902 et
3100 3847 3424 3904 celebritatis
3448 3861 3662 3900 causam

2081 3943 2260 4013 adjicit
2305 3942 2387 3995 his
2419 3941 2631 4005 verbis,
2669 3941 2802 4008 Quia
2845 3957 2908 3995 ca:
2952 3950 2998 3994 te
3038 3940 3209 3994 exibit.
3254 3937 3443 3992 Nullus
3483 3945 3665 3991 autem

2082 4035 2218 4088 alius
2244 4034 2384 4086 hunc
2426 4033 2600 4086 locum
2628 4032 2830 4086 clarum
2877 4033 3328 4100 conspicuumque
3361 4028 3516 4090 fecit,
3560 4026 3663 4082 nisi

2084 4122 2196 4190 ipse
2226 4122 2388 4174 solus.
2426 4119 2551 4174 Post
2573 4131 2779 4190 partum
2811 4121 3005 4188 quippe
3034 4119 3179 4172 illum
3202 4133 3266 4171 ex
3297 4117 3489 4171 ﬁnibus
3517 4116 3660 4175 orbis

2083 4213 2305 4267 veniunt
2333 4212 2597 4266 visitatum
2632 4227 2870 4281 prassepe
2899 4221 2951 4264 et
2979 4211 3166 4280 tugurii
3193 4211 3366 4264 locum
3399 4227 3411 4262 :
3441 4209 3491 4264 id
3519 4208 3657 4278 quod

2081 4303 2190 4372 jam
2219 4304 2342 4356 olim
2389 4302 2644 4372 propheta
2671 4304 3050 4372 (praenuntiavit
3085 4301 3306 4357 dicens:
3332 4301 3662 4372 Nequaquam

2085 4395 2292 4445 minima
2334 4409 2384 4446 es
2423 4395 2474 4445 in
2506 4394 2816 4462 principibus
2841 4392 2982 4446 Juda
3013 4392 3204 4458 (Miclr.
3231 4394 3286 4447 5.
3322 4390 3415 4459 2);
3461 4391 3511 4444 id
3538 4401 3620 4445 est
3644 4432 3660 4456 ,

2087 4484 2226 4538 inter
2253 4485 2478 4538 tribuum
2507 4487 2793 4554 principes.
2825 4485 3027 4550 Quibus
3057 4483 3235 4538 verbis
3259 4483 3420 4538 etiam
3447 4481 3663 4535 Jeroso-

2086 4574 2285 4644 lymam
2314 4574 2702 4642 complectitur.
2729 4573 2833 4627 Sed
2864 4588 2928 4627 ne
2958 4573 3032 4626 sic
3059 4571 3271 4641 quidem
3302 4571 3537 4624 animum
3564 4569 3660 4623 ad-

2088 4667 2372 4721 hibuerunt
2395 4707 2408 4727 ,
2439 4667 2643 4720 etiamsi
2677 4665 2873 4719 utilitas
2915 4663 2980 4717 ad
3021 4664 3163 4730 ipsos
3191 4662 3504 4717 dimanaret.
3539 4660 3664 4714 Ideo

2081 4759 2224 4812 enim
2254 4773 2510 4826 nusquam
2534 4757 2808 4826 prOpbetaa
2828 4756 2894 4810 de
2913 4755 3166 4824 dignitate
3188 4755 3301 4821 ejus
3323 4753 3376 4806 in
3397 4753 3660 4822 principio

2083 4857 2286 4902 tantum
2334 4851 2616 4917 loquuntur
2639 4889 2655 4914 ,
2704 4855 2954 4916 quantum
2985 4846 3052 4900 de
3079 4845 3338 4900 beneﬁcio
3363 4843 3502 4914 quod
3533 4841 3664 4913 ipsis

2083 4940 2348 5009 praestitit.
2393 4939 2597 4992 Etenim
2640 4952 2760 4992 cum
2803 4935 3033 5005 Virginis
3071 4947 3253 5004 partus
3281 4935 3500 4989 instaret
3542 4935 3660 4995 ait,

2094 5029 2304 5083 Vocabis
2329 5046 2507 5083 nomen
2532 5031 2640 5099 ejus
2668 5027 2881 5089 Iesum;
2911 5035 2965 5079 et
2991 5025 3170 5093 adjicit
3195 5043 3206 5079 :
3231 5024 3352 5095 Ipse
3395 5025 3525 5078 enim
3557 5023 3660 5077 sal-

2083 5138 2198 5174 vum
2227 5122 2376 5191 faciet
2402 5121 2642 5189 populum
2671 5135 2817 5173 suum
2846 5134 2876 5168 α
2906 5117 3118 5186 peccatis
3146 5132 3339 5170 eorum.
3370 5115 3504 5184 Magi
3535 5129 3660 5169 vero

2087 5227 2190 5264 non
2221 5209 2487 5273 dicebant,
2530 5207 2629 5262 Ubi
2677 5216 2759 5260 est
2801 5205 2964 5260 Filius
3001 5205 3115 5270 Dei,
3146 5204 3260 5271 sed,
3297 5205 3391 5268 Qui
3421 5214 3566 5256 natus
3590 5213 3661 5257 est

2085 5319 2174 5354 rea:
2197 5300 2518 5353 Judworum.
2547 5297 2642 5351 llic
2669 5312 2877 5366 quoque
2921 5311 3028 5349 non
3071 5295 3232 5358 dixit,
3267 5295 3346 5348 Ex
3399 5303 3448 5347 te
3492 5292 3658 5348 exibit

2087 5392 2249 5445 Filius
2282 5389 2408 5451 Dei;
2439 5389 2554 5452 sed,
2584 5387 2720 5452 Dux,
2745 5388 2828 5454 qui
2848 5395 2988 5456 regat
3009 5385 3252 5455 poculum
3275 5399 3438 5436 meum
3471 5381 3657 5435 Israel.

2087 5477 2378 5550 Oportebat
2401 5479 2598 5547 quippe
2618 5478 2768 5531 initio
2792 5477 3072 5530 humiliore
3102 5474 3350 5544 loquendi
3375 5472 3534 5527 modo
3561 5473 3657 5533 uti.

2060 5589 2154 5635 ,ne
2181 5571 2295 5624 hcce
2325 5570 2450 5644 ipsis
2479 5566 2797 5624 otl‘eudiculo
2822 5573 3001 5622 essent
3020 5607 3034 5634 ,
3077 5573 3130 5620 et
3156 5579 3218 5619 ea
3247 5565 3423 5620 dicere
3448 5577 3566 5634 qua:
3594 5563 3666 5618 ad
