4040 6420
325 353 400 410 75
1491 334 1560 391 IN
1598 328 2009 389 MATTIIEUM
2041 326 2270 384 HOMlL.
2316 328 2424 384 Vll.
3537 329 3607 386 78

313 455 538 504 salutem
572 451 813 519 ipsorum
842 448 1157 516 spectabant
1178 490 1193 512 ,
1234 454 1292 500 ut
1319 445 1397 500 sic
1425 444 1634 500 facilius
1662 445 1900 500 attrahe-

314 549 521 594 reutur.
554 540 832 607 Quotquot
861 537 1040 605 itaque
1071 536 1239 605 prima
1267 532 1611 604 proferuntur
1632 575 1646 596 ,
1677 548 1904 603 quorum

311 638 523 697 tempus
551 640 727 683 ortum
756 629 872 695 ejus
892 636 1117 696 spectat,
1147 625 1276 679 nihil
1299 640 1547 694 magnum
1568 625 1654 679 vel
1677 623 1904 677 sublimo

301 720 372 773 de
401 720 494 774 illo
519 720 733 784 dicunt,
763 735 862 775 nec
890 720 1110 790 perinde
1154 729 1313 789 atque
1338 736 1400 774 ea
1427 734 1546 788 qua:
1572 719 1640 772 ad
1665 719 1814 789 signa
1844 726 1900 772 et

303 813 561 866 miracula
589 811 732 865 edita
761 820 1007 879 spectant
1032 829 1045 864 :
1072 809 1157 865 illa
1188 812 1386 880 quippe
1414 811 1611 865 clarius
1636 811 1703 865 de
1733 812 1899 879 ipsius

305 900 564 968 dignitate
591 901 898 969 loquuntur.
919 901 1071 968 Quod
1098 903 1280 969 itaque
1305 910 1426 970 post
1451 901 1614 954 multa
1641 900 1898 954 miracula

309 991 538 1059 hymnos
570 991 621 1043 in
649 990 798 1043 illum
826 992 975 1058 pueri
1006 997 1281 1053 canerent,
1315 989 1436 1044 au’di
1465 990 1737 1057 quomodo
1756 990 1901 1044 dicat

301 1082 559 1148 prOpheta
583 1094 595 1132 :
619 1079 701 1134 Ea:
721 1097 807 1133 ore
829 1081 1104 1148 infantium
1123 1090 1169 1132 et
1191 1081 1483 1132 lactentium
1504 1079 1757 1148 perfecisti
1783 1081 1898 1133 last-

306 1172 424 1223 detn
449 1169 619 1240 (Psal.
653 1171 706 1223 8.
738 1173 828 1238 5);
862 1185 924 1224 ac
966 1187 1179 1225 rursum
1206 1188 1218 1223 :
1247 1171 1500 1237 Quoniam
1541 1173 1717 1226 uidebo
1748 1173 1898 1226 ctelos

297 1269 413 1311 tuos
437 1275 590 1327 Opera
611 1259 883 1328 digitorum
904 1269 1104 1312 tuorum
1127 1258 1288 1329 (Ibid.
1312 1275 1360 1310 υ.
1386 1259 1462 1328 4),
1491 1259 1539 1312 id
1559 1261 1699 1329 quod
1726 1262 1897 1328 ipsum

303 1347 539 1400 universi
571 1346 879 1400 Creatorem
905 1347 1161 1406 declarat.
1192 1347 1322 1400 illud
1347 1363 1477 1400 vero
1505 1351 1895 1414 testimOuium,

295 1438 440 1506 quod
474 1445 740 1506 peractam
763 1438 1182 1504 assumptionem
1201 1437 1440 1506 respicit,
1458 1439 1574 1506 ejus
1592 1455 1714 1492 cum
1741 1440 1900 1494 Patre

311 1527 674 1596 mqualitatem
702 1525 937 1580 ostendit
966 1526 1048 1580 his
1075 1527 1250 1582 verbis
1277 1545 1289 1580 :
1314 1527 1455 1580 Dixit
1498 1528 1746 1582 Dominus
1792 1529 1901 1582 Do—

301 1617 441 1669 mino
472 1632 579 1668 meo
605 1656 620 1679 ,
656 1615 790 1669 Sede
818 1631 850 1667 a
891 1616 1079 1670 dextris
1111 1617 1234 1668 meis
1265 1615 1435 1685 (Psal.
1473 1616 1592 1670 109.
1631 1617 1705 1675 l).
1736 1616 1900 1672 Isaias

300 1722 429 1761 vero
453 1707 544 1770 ait,
569 1707 668 1771 Qui
692 1707 948 1775 consurgit
972 1706 1222 1774 imperare
1242 1707 1496 1774 gentibus,
1518 1706 1572 1758 in
1591 1707 1702 1775 ipso
1727 1717 1899 1776 gentes

296 1798 572 1864 sperabunt
595 1795 747 1866 (Isai.
783 1797 869 1850 ll.
907 1795 1020 1866 10).
1051 1797 1160 1851 Cur
1184 1807 1363 1850 autem
1397 1798 1472 1851 ait
1501 1797 1814 1852 Bcthlehem
1842 1798 1896 1852 in

299 1889 631 1958 principibus
656 1888 791 1942 Juda
821 1903 926 1942 non
953 1902 1074 1942 esse
1103 1888 1426 1941 minimam?
1451 1887 1637 1957 Neque
1665 1889 1808 1943 enim
1843 1889 1897 1942 in

297 1978 578 2033 Palmstina
627 1989 857 2043 tantum,
901 1979 998 2032 sed
1047 1979 1207 2032 etiam
1251 1979 1302 2033 in
1345 1987 1456 2032 toto
1500 1980 1631 2033 orbe
1674 1980 1896 2034 illustris

294 2070 448 2124 vicus
475 2069 695 2124 effectus
721 2079 826 2124 est.
852 2069 958 2124 Sed
979 2069 1045 2122 ad
1067 2069 1282 2124 Judaaos
1302 2084 1446 2124 nunc
1464 2085 1643 2124 sermo
1665 2080 1892 2138 spectat,

293 2158 524 2227 ideoque
552 2157 846 2228 subjunxit,
871 2157 1030 2227 Reget
1051 2157 1296 2228 papnlum
1325 2173 1489 2210 meum
1520 2157 1723 2211 Israel:
1750 2159 1895 2226 atqui

297 2248 486 2303 orbem
516 2249 676 2301 etiam
708 2250 865 2301 rexit.
897 2249 966 2301 At
986 2288 998 2308 ,
1031 2257 1088 2300 ut
1113 2247 1259 2310 dixi,
1291 2261 1396 2300 non
1429 2247 1542 2300 vult
1568 2248 1894 2302 ollendiculo

294 2352 452 2404 esse,
498 2338 723 2406 ideoque
752 2337 819 2392 de
858 2338 1105 2406 gentibus
1138 2337 1298 2390 verba
1346 2351 1452 2390 non
1484 2335 1630 2389 facit.
1659 2336 1724 2389 Et
1754 2351 1888 2406 quo-

293 2427 489 2491 modo,
535 2428 776 2497 inquies,
823 2445 926 2482 nou
961 2427 1101 2482 rexit
1131 2427 1381 2496 populum
1413 2426 1732 2481 Judaicum?
1782 2429 1893 2482 Imo

292 2519 425 2574 illud
453 2535 666 2588 quoque
695 2519 892 2574 factum
924 2528 1005 2572 cst
1031 2537 1045 2581 ;
1093 2534 1214 2572 cum
1253 2520 1398 2572 enim
1438 2517 1687 2572 lsraeletn
1719 2517 1890 2583 dicit,

293 2609 511 2663 Judzeos
537 2609 626 2676 qui
660 2611 710 2662 in
744 2610 913 2677 ipsum
951 2608 1296 2662 crediderunt
1334 2595 1758 2662 subindicat.-Et
1788 2607 1890 2662 hoc

294 2701 656 2768 interpretans
699 2699 894 2752 Paulus
936 2700 1051 2752 ait:
1089 2697 1210 2750 Non
1253 2699 1389 2750 enim
1435 2714 1643 2762 omnes,
1695 2699 1780 2765 qui
1825 2709 1888 2751 ex

293 2787 461 2843 Israel
484 2831 498 2852 ,
538 2799 656 2843 sunt
688 2787 970 2852 Israelitw;
998 2787 1086 2841 sed
1115 2787 1413 2856 quicumque
1439 2803 1528 2854 per
1552 2786 1706 2852 ﬁdem
1731 2795 1777 2839 et
1805 2804 1890 2839 re-

292 2880 676 2947 promissionem
699 2879 806 2930 nati
825 2888 940 2930 sunt
956 2876 1131 2943 (Rom.
1155 2875 1207 2929 9.
1234 2875 1312 2943 6).
1332 2875 1482 2942 Quod
1505 2878 1546 2926 si
1573 2875 1678 2929 non
1701 2891 1889 2930 omnes

294 2969 452 3031 rexit,
484 2967 533 3020 id
561 2976 871 3020 vocatorum
898 2966 1100 3018 crimen
1125 2973 1179 3017 et
1198 2964 1351 3029 culpa
1381 2974 1484 3015 est.
1512 2963 1644 3016 Cum
1674 2963 1886 3018 debuis-

285 3063 412 3108 sent
433 3055 576 3108 enim
604 3055 723 3109 illos
741 3058 968 3110 adorare
986 3071 1107 3110 cum
1135 3056 1322 3126 magis,
1347 3065 1402 3111 et
1421 3056 1532 3111 Deo
1550 3058 1774 3127 gloriam
1797 3075 1885 3113 re-

286 3141 450 3207 ferre,
477 3142 616 3212 quod
648 3153 858 3213 tempus
883 3144 1185 3200 advenisset
1217 3146 1271 3198 in
1293 3161 1398 3214 quo
1424 3148 1602 3200 omnia
1649 3149 1883 3216 ipsorum

283 3241 509 3300 peccata
537 3234 873 3288 solverentur
912 3233 1067 3306 (nihil
1087 3236 1230 3289 enim
1255 3234 1324 3288 de
1344 3235 1595 3290 tribunali
1620 3247 1675 3291 et
1700 3237 1770 3292 de
1796 3254 1874 3304 re-

286 3320 532 3387 petendis
557 3322 731 3390 pmnis
757 3321 1072 3384 audierant,
1124 3321 1220 3376 sed
1266 3321 1335 3376 de
1372 3325 1566 3376 mittet
1607 3337 1885 3380 mansueto

282 3407 549 3477 pastore),
574 3409 649 3462 illi
679 3419 862 3463 contra
893 3408 1173 3464 turbantur
1201 3419 1254 3465 et
1285 3411 1520 3476 turbant,
1551 3423 1606 3466 et
1634 3414 1880 3469 innume-

284 3511 377 3551 ras
423 3507 605 3563 postea
652 3508 863 3552 struunt
909 3499 1146 3554 insidias.
1197 3502 1251 3555 7.
1295 3499 1441 3554 Tunc
1482 3501 1714 3557 Herodes
1753 3507 1885 3558 clam

283 3589 476 3640 vocatis
515 3588 710 3657 magis,
759 3589 1026 3658 diligenter
1066 3591 1244 3643 didicit
1282 3593 1343 3643 ab
1387 3592 1457 3645 eis
1503 3603 1699 3663 tempus
1727 3596 1887 3649 stella

283 3694 399 3745 qum
425 3681 661 3748 apparuit
701 3682 772 3733 eis
795 3697 814 3733 :
839 3698 1060 3750 puerum
1110 3683 1417 3738 interﬁcere
1460 3685 1682 3752 cupiens
1707 3703 1720 3736 :
1743 3687 1884 3752 quod

285 3783 394 3821 non
423 3769 617 3822 furoris
639 3779 865 3833 tantum,
889 3771 982 3825 sed
1000 3773 1161 3825 etiam
1180 3783 1434 3827 extrema:
1454 3775 1742 3829 dementiae
1763 3774 1882 3828 fuit.

285 3858 499 3912 Etenim
546 3874 611 3912 ea
657 3876 775 3929 qua:
813 3861 952 3914 dicta
997 3873 1050 3916 et
1079 3873 1226 3929 gesta
1260 3862 1468 3916 fuerant
1507 3880 1534 3915 a
1570 3865 1658 3918 tali
1689 3877 1882 3919 conatu

285 3947 439 4000 illum
471 3948 745 4003 deterrere
777 3960 1040 4018 poterant.
1071 3951 1252 4021 Neque
1288 3955 1428 4007 enim
1472 3953 1701 4007 lunnana
1733 3967 1885 4009 erant

282 4052 346 4092 ea
375 4054 494 4106 qua:
523 4040 850 4093 acciderant.
889 4041 1024 4096 Nam
1056 4041 1196 4111 quod
1229 4058 1414 4112 magos
1452 4045 1606 4098 stella
1650 4059 1885 4114 superne

283 4137 550 4192 vocasset,
573 4130 822 4200 quodque
846 4131 1056 4185 barbari
1079 4140 1274 4186 tantam
1293 4133 1628 4201 susciperent
1646 4137 1885 4204 peregri-

285 4218 591 4283 nationem,
637 4226 696 4271 ut
735 4219 786 4270 in
833 4219 1115 4274 cunabulis
1159 4229 1213 4273 et
1258 4220 1307 4273 in
1355 4222 1581 4289 prmsepi
1616 4223 1884 4291 jacentem

286 4306 596 4372 adorarent,
627 4308 768 4374 quod
801 4308 1074 4380 propheta:
1098 4310 1206 4378 jam
1237 4311 1363 4364 olim
1396 4310 1512 4365 haec
1539 4314 1717 4367 omnia
1749 4329 1884 4382 prue-

280 4395 559 4459 dieerent,
599 4395 810 4464 aliaque
853 4398 1032 4451 omnia
1073 4399 1276 4468 majora
1327 4409 1516 4467 erant,
1562 4417 1723 4470 quam
1766 4419 1884 4473 qua

286 4483 557 4539 hominem
583 4495 888 4554 spectarent
911 4505 925 4542 :
949 4498 1182 4544 attamen
1209 4490 1341 4545 nihil
1368 4507 1555 4546 eorum
1582 4493 1760 4563 ipsum
1784 4511 1882 4550 co-

285 4573 480 4628 hibuit.

352 4803 410 4857 3.
451 4798 761 4866 llujusmodi
790 4811 1022 4866 namque
1051 4806 1134 4851 est
1158 4797 1482 4866 malignitas,
1518 4798 1570 4850 in
1602 4812 1724 4852 sese
1765 4797 1882 4868 ipsa

283 4894 546 4963 impingit,
579 4901 633 4943 et
659 4906 746 4944 res
761 4906 878 4959 quae
898 4889 1078 4957 perlici
1104 4901 1372 4956 nequeunt
1390 4903 1604 4957 semper
1631 4891 1882 4959 aggredi;

284 4997 394 5040 tur.
419 4982 697 5052 Perpende
712 4982 1015 5035 stultitiam.
1034 4979 1088 5034 Si
1117 4979 1409 5048 prophetia:
1425 4982 1697 5046 credebat,
1722 4982 1884 5036 illam-

285 5093 391 5147 que
419 5059 1035 5141 iminotamlirmamque
1063 5073 1302 5142 putabat,
1334 5073 1504 5142 palam
1530 5085 1613 5128 est
1640 5090 1761 5128 eum
1797 5075 1886 5127 int.

286 5167 560 5237 possibilia
589 5175 836 5218 conatum
868 5179 1031 5228 esse;
1077 5164 1219 5232 quod
1245 5164 1290 5217 si
1336 5180 1438 5218 non
1469 5165 1741 5231 credebat,
1787 5181 1886 5220 nec

289 5257 511 5326 putabat
549 5271 612 5310 ea
639 5271 757 5318 quae
796 5253 1130 5314 dicebautur,
1181 5264 1432 5308 eventura
1479 5270 1618 5321 esse,
1649 5265 1888 5311 metuere

289 5349 372 5400 vel
409 5348 594 5399 timere
627 5361 734 5398 non
763 5344 1022 5413 oportuit,
1053 5359 1150 5398 nec
1175 5359 1237 5398 ea
1267 5344 1334 5398 de
1370 5359 1530 5397 causa
1562 5360 1729 5414 puero
1757 5346 1887 5399 insi-

291 5437 425 5492 diari
462 5452 476 5489 :
506 5452 570 5490 ex
604 5444 825 5504 utraque
854 5435 1014 5503 igitur
1045 5441 1191 5502 parte
1219 5433 1523 5502 superﬂuus
1559 5443 1677 5489 erat
1711 5435 1886 5488 dolus.

291 5535 422 5589 Illud
454 5552 664 5605 quoque
706 5548 962 5592 extremae
983 5539 1264 5594 dementiae
1284 5551 1416 5606 erat,
1444 5544 1584 5612 quod
1617 5551 1881 5614 putaverit

289 5641 475 5682 niueos
503 5629 674 5693 ipsum
695 5630 1022 5685 antelaturos
1049 5646 1168 5687 esse
1205 5647 1392 5703 puero,
1419 5651 1512 5704 pro
1541 5652 1644 5705 quo
1677 5645 1877 5693 tantam

2023 454 2372 517 susceperant
2399 443 2901 513 peregrinationem.
2952 441 3082 497 Nam
3131 446 3174 498 si
3209 445 3291 498 vel
3333 453 3623 516 antequam

2023 539 2170 592 illum
2203 538 2482 603 vidissent,
2513 538 2582 590 ita
2611 535 2872 590 ardebant
2901 535 3172 590 desiderio
3203 555 3215 589 :
3245 547 3524 607 postquam
3544 540 3624 594 vi-

2020 629 2206 683 derant
2235 638 2290 683 et
2311 644 2407 697 per
2426 628 2763 697 prophetiam
2777 627 3076 681 conﬁrmati
3100 626 3327 694 fuerant,
3347 630 3621 697 quomodo

2017 721 2269 788 Sperabat
2288 735 2347 774 se
2371 719 2601 775 suadere
2620 718 2724 773 illis
2745 733 2930 787 posse,
2962 730 3016 772 nt
3046 733 3264 787 puerum
3292 721 3390 773 sibi
3421 722 3619 790 prode-

2018 814 2178 867 rent?
2198 813 2445 866 Attamen
2477 811 2620 879 quod
2653 820 2729 864 tot
2772 821 3026 880 tantaque
3055 821 3239 864 essent
3291 827 3411 879 quze
3440 813 3615 882 ipsum

2014 918 2044 957 ι
2093 903 2365 972 proposito
2386 902 2735 968 abducerent,
2765 902 2817 955 id
2843 912 3066 955 conatus
3087 910 3188 960 est,
3219 911 3271 956 et
3297 903 3434 955 clam
3458 918 3618 956 voca-

2015 993 2082 1046 tis
2104 993 2293 1062 magis,
2324 992 2697 1046 sciscitabatur
2719 991 2785 1044 ab
2812 993 2890 1045 eis
2919 1009 2932 1043 :
2964 989 3185 1060 putabat
3221 992 3365 1046 enim
3399 991 3616 1046 .ludaeos

2011 1084 2080 1138 de
2105 1083 2253 1152 pueri
2300 1084 2470 1136 salute
2500 1083 2758 1136 sollicitos
2785 1096 2940 1135 esse:
2977 1096 3152 1150 neque
3193 1082 3449 1136 credebat
3492 1083 3614 1136 illos

2011 1173 2062 1226 in
2083 1181 2286 1226 tantum
2307 1172 2526 1226 insanite
2545 1169 2848 1231 devenisse,
2877 1180 2934 1224 ut
2963 1171 3084 1225 ideo
3103 1170 3304 1225 vellent
3330 1180 3611 1239 patronum

2009 1273 2064 1316 et
2090 1261 2428 1316 Servatorem
2449 1302 2464 1325 ,
2494 1260 2584 1330 qui
2613 1260 2679 1314 ad
2715 1260 3014 1314 libertatem
3042 1260 3185 1329 genti
3216 1259 3610 1328 procurandatn

2009 1364 2248 1417 venerat,
2273 1352 2502 1406 inimicis
2526 1351 2772 1419 prodere.
2805 1349 2928 1404 Ideo
2950 1350 3086 1404 clam
3117 1359 3290 1415 vocat,
3320 1359 3373 1404 et
3400 1360 3610 1418 tempus

2007 1444 2260 1513 inquirit,
2291 1457 2396 1499 non
2419 1446 2589 1514 pueri,
2621 1443 2712 1497 sed
2740 1443 2930 1507 stellae,
2957 1452 3204 1497 venatum
3232 1443 3379 1497 illum
3414 1458 3606 1512 magna

2005 1551 2124 1590 cum
2167 1535 2436 1605 diligentia
2483 1543 2722 1604 captans.
2757 1533 2890 1588 Nam
2935 1534 3146 1588 videtur
3171 1533 3300 1587 mihi
3331 1534 3486 1589 stella
3511 1535 3606 1590 diu

2003 1636 2128 1681 ante
2154 1625 2488 1694 apparuisse.
2523 1625 2657 1693 Quia
2700 1625 2844 1680 enim
2895 1625 3123 1678 multum
3157 1627 3415 1693 temporis
3442 1627 3493 1679 iu
3519 1627 3607 1680 iti-

2005 1734 2132 1774 nere
2154 1718 2472 1787 insumpturi
2502 1729 2656 1774 erant
2681 1719 2842 1787 magi,
2897 1728 2954 1772 ut
2986 1727 3111 1772 nato
3145 1719 3326 1782 statim
3351 1719 3606 1773 adessent

2002 1807 2317 1878 (oportebat
2337 1809 2536 1879 quippe
2564 1808 2619 1864 in
2634 1807 2918 1864 cunabulis
2944 1808 3116 1876 ipsum
3143 1808 3387 1871 adorare,
3417 1817 3474 1862 ut
3502 1811 3604 1863 mi-

2000 1899 2218 1954 rabilior
2260 1909 2348 1955 res
2372 1897 2730 1972 appareret);
2765 1900 2930 1966 stella
2981 1899 3204 1952 multum
3258 1909 3418 1952 antea
3477 1914 3601 1954 sese

1998 1989 2253 2042 ostendit.
2278 1989 2410 2043 Nam
2440 1991 2485 2044 si
2535 2005 2601 2044 eo
2651 1990 2769 2058 ipso
2801 1999 3042 2058 tempore
3080 2004 3188 2058 quo
3214 1998 3370 2044 natus
3413 1999 3496 2044 est
3544 1990 3598 2044 in

1999 2079 2278 2134 Palaestina
2305 2121 2319 2144 ,
2351 2081 2504 2134 stella
2557 2081 2892 2150 apparuisset
2936 2081 3040 2134 illis
3087 2082 3140 2134 in
3189 2083 3415 2154 oriente,
3475 2092 3598 2152 post

1996 2174 2221 2227 multum
2250 2173 2578 2242 insumptum
2603 2175 2654 2228 iu
2687 2175 2881 2228 itinere
2922 2183 3152 2241 tempus,
3194 2161 3303 2228 non
3335 2175 3596 2230 vidissent

1992 2279 2116 2316 eum
2154 2265 2205 2317 in
2231 2265 2530 2319 cunabulis.
2563 2265 2714 2332 Quod
2745 2275 2924 2319 autem
2956 2281 2987 2319 a
3017 2264 3216 2319 bimatu
3245 2274 3300 2318 et
3333 2265 3467 2319 infra
3496 2281 3593 2320 oc-

1990 2353 2200 2420 ciderit,
2232 2371 2299 2410 ne
2326 2356 2610 2422 miremur;
2642 2355 2790 2410 furor
2813 2356 2956 2409 enim
2974 2366 3026 2408 et
3048 2356 3208 2409 timor
3235 2356 3300 2409 ad
3333 2356 3592 2424 majorem

1989 2445 2329 2503 securitatem
2352 2446 2470 2513 plus
2492 2448 2747 2515 temporis
2773 2446 2990 2516 adjecit,
3022 2456 3079 2498 ut
3105 2446 3285 2501 nullus
3313 2446 3595 2516 effugeret.

1988 2539 2205 2595 Vocatis
2232 2540 2391 2610 igitur
2409 2541 2534 2605 illis,
2561 2542 2635 2595 ait
2664 2557 2680 2595 ι
2703 2541 2756 2596 8.
2785 2541 2978 2596 Euntes
2998 2543 3303 2607 interrogate
3323 2539 3590 2608 diligenter

1986 2629 2050 2680 de
2069 2646 2247 2699 puero,
2293 2642 2340 2683 et
2381 2648 2496 2683 cum
2521 2633 2808 2684 inveneritis
2845 2632 3132 2684 renuntiate
3157 2628 3302 2690 mihi.
3327 2637 3384 2681 ut
3411 2639 3458 2680 et
3495 2645 3589 2698 ego

1985 2722 2186 2772 veniens
2210 2720 2417 2774 adorem
2456 2737 2590 2773 eum.
2642 2721 2886 2774 Vidistiu’
2926 2718 3326 2788 insipientiam?
3357 2719 3411 2772 Si
3439 2721 3588 2773 enim

1985 2827 2050 2866 ex
2079 2811 2318 2865 veritatis
2347 2813 2536 2866 aﬂ'cctu
2570 2811 2826 2880 loqueris,
2849 2826 2948 2865 cur
2975 2812 3112 2865 clam
3140 2809 3476 2879 interrogas?
3500 2811 3589 2863 sin

1986 2901 2207 2955 insidias
2239 2893 2412 2969 paras,
2444 2916 2540 2954 cur
2565 2917 2670 2955 non
2693 2903 2916 2970 cogitas,
2940 2915 3123 2969 magos
3144 2915 3265 2952 cum
3291 2899 3588 2953 te'videant

1984 2992 2120 3044 clam
2153 2992 2509 3060 interrogare,
2549 2991 2729 3045 dolum
2762 2992 3128 3058 suspicaturus
3153 2993 3309 3045 esse?
3353 2991 3482 3053 Sed,
3529 3000 3588 3043 ut

1984 3080 2114 3144 dixi,
2143 3082 2320 3134 anima
2342 3081 2509 3136 semel
2540 3082 2868 3150 malignitate
2897 3092 3165 3150 correpta,
3193 3082 3430 3133 omnium
3459 3081 3590 3134 iusi-

1987 3172 2317 3239 pientissima
2343 3172 2544 3226 evadit.
2576 3172 2690 3225 Non
2722 3172 2879 3238 dixit,
2932 3171 3135 3225 Eutttes
3167 3173 3492 3241 interrogate
3517 3172 3587 3226 de

1985 3277 2127 3329 rege,
2171 3261 2290 3326 sed,
2329 3260 2405 3313 De
2445 3278 2600 3329 puero
2631 3277 2650 3314 :
2683 3277 2788 3315 non
2815 3260 2958 3315 enim
2995 3261 3206 3329 imperii
3233 3276 3427 3314 nomen
3457 3277 3586 3330 pro-

1986 3351 2128 3406 ferre
2156 3352 2428 3406 sustinuit.
2458 3351 2595 3422 Magi
2625 3367 2776 3415 vero,
2805 3351 2895 3420 qui
2927 3365 3036 3420 pne
3067 3353 3232 3405 multa
3277 3353 3475 3422 pietate
3507 3354 3587 3405 ni-

1985 3444 2059 3498 hil
2089 3445 2279 3498 horum
2308 3453 2569 3499 noverant
2614 3444 2831 3513 (neque
2857 3446 2999 3498 enim
3030 3445 3289 3512 putabant
3327 3444 3476 3496 illum
3531 3444 3588 3498 in

1985 3546 2190 3590 tantum
2217 3535 2469 3605 nequitia:
2499 3535 2827 3605 prorupisse,
2858 3544 2916 3589 ut
2947 3545 3055 3588 tam
3105 3534 3332 3588 mirabili
3366 3548 3588 3588 (nconc-

1985 3629 2105 3681 mia:
2134 3627 2372 3681 insidiari
2405 3628 2714 3696 tentaret),
2746 3626 2880 3681 nihil
2912 3625 3217 3695 hujusmodi
3248 3626 3585 3695 suspicantes

1981 3720 2202 3784 abeunt,
2226 3719 2322 3774 sed
2347 3735 2414 3773 ex
2441 3719 2634 3774 aﬂ‘ectu
2677 3733 2776 3774 suo
2806 3719 2939 3772 alios
2980 3719 3270 3773 aestimant.
3301 3717 3354 3774 9.
3380 3715 3448 3770 Et
3473 3733 3586 3771 ecce

1979 3811 2128 3864 stella
2145 3852 2159 3872 ,
2197 3826 2350 3879 quam
2377 3809 2610 3864 uiderant
2646 3810 2702 3862 in
2726 3810 2940 3873 oriente,
2967 3808 3291 3862 antecedebat
3318 3825 3424 3860 eos.
3461 3809 3585 3862 ltlco

1979 3901 2123 3956 enim
2153 3901 2414 3957 occultata
2437 3901 2630 3966 fuerat,
2656 3912 2720 3954 'ut
2745 3901 2944 3954 amisso
2975 3899 3132 3963 duce,
3162 3898 3378 3953 Judseos
3411 3900 3584 3952 inter-

1980 4006 2173 4060 rogare
2221 4001 2576 4060 cogerentur,
2607 4001 2660 4044 et
2690 3993 2766 4044 sic
2797 4007 2884 4044 res
2911 3992 3161 4045 omnibus
3193 3992 3364 4059 palam
3410 3991 3582 4045 lieret.

1979 4081 2270 4150 Postquam
2297 4082 2441 4136 enim
2474 4082 2934 4150 interrogaveram
2957 4122 2972 4147 ,
2999 4091 3050 4134 et
3091 4081 3305 4136 Juda:os
3334 4081 3585 4138 doctores

1981 4171 2295 4236 habuerant,
2329 4188 2538 4226 rursum
2593 4173 2698 4225 illis
2728 4183 2968 4240 apparet.
2997 4172 3065 4225 Et
3085 4175 3396 4227 consideres
3423 4175 3584 4232 velim

1978 4270 2238 4336 Optimum
2269 4282 2444 4320 rerum
2470 4268 2737 4321 ordinem.
2767 4266 2896 4320 Post
2916 4266 3124 4320 stellam
3152 4267 3348 4336 excipit
3369 4281 3463 4321 eos
3487 4266 3582 4321 lu.

1978 4360 2164 4413 daicus
2191 4359 2439 4427 pepulus,
2481 4373 2684 4427 rexque
2706 4360 2840 4426 ipse,
2865 4358 3290 4428 prephetamque
3327 4360 3581 4414 inducunt

1978 4451 2430 4521 praenuntiantem
2473 4449 2528 4502 id
2558 4449 2699 4519 quod
2727 4459 3081 4519 apparuerat.-
3106 4449 3231 4503 Post
3262 4451 3578 4520 prophetam

1979 4560 2205 4600 rursum
2255 4547 2486 4616 angelus
2537 4546 2687 4614 ipsos
2731 4546 2969 4615 excipit,
3023 4547 3322 4617 omniaque
3368 4548 3584 4606 docet:

1981 4637 2209 4692 interim
2258 4652 2395 4691 vero
2443 4636 2806 4708 .lerosolymis
2857 4638 2913 4691 in
2963 4638 3292 4694 Bethlehem
3343 4623 3375 4694 a
3427 4643 3587 4698 stella

1980 4729 2306 4783 ducuntur:
2343 4713 2502 4783 stella
2531 4727 2680 4782 enim
2717 4728 2787 4781 ab
2835 4729 3004 4784 istinc
3047 4730 3148 4785 via:
3187 4730 3301 4785 dux
3341 4731 3444 4786 fuit
3474 4751 3487 4786 :
3526 4744 3592 4789 ut

1983 4821 2115 4875 hinc
2157 4836 2380 4890 quoque
2423 4819 2625 4884 discas,
2662 4806 2773 4873 non
2808 4819 2981 4876 fuisse
3028 4821 3180 4876 illam
3226 4838 3294 4876 ex
3347 4839 3588 4878 numero

1985 4921 2313 4968 cmterarum
2368 4913 2705 4968 stellarum:
2741 4914 2895 4968 nulla
2954 4916 3161 4984 quippe
3224 4917 3384 4971 stella
3442 4917 3588 4973 hanc

1988 5005 2159 5059 habet
2184 5013 2464 5058 naturam.
2501 5004 2693 5073 Neque
2719 5005 2900 5059 solum
2932 5003 3067 5070 ibat,
3103 5006 3201 5062 sed
3230 5007 3398 5063 etiam
3427 5019 3588 5062 ante-

1988 5095 2224 5149 cedebat
2252 5095 2464 5150 ducens
2491 5105 2547 5150 et
2578 5095 2733 5164 quasi
2766 5111 2933 5150 manu
2969 5097 3196 5152 trahens
3229 5098 3357 5152 illos
3382 5099 3436 5151 in
3469 5114 3589 5153 me-

1989 5185 2082 5239 dio
2115 5185 2228 5240 die.

2060 5441 2115 5497 4.
2147 5441 2216 5496 Et
2235 5440 2360 5512 quid
2383 5455 2518 5512 opus
2543 5451 2658 5497 erat
2686 5441 2861 5506 stella,
2895 5439 3125 5515 inquies,
3156 5454 3276 5491 cum
3305 5438 3413 5506 jam
3440 5446 3598 5491 notus

1988 5534 2143 5587 locus
2168 5534 2352 5588 esset?
2385 5533 2452 5588 Ut
2484 5549 2616 5603 puer
2644 5533 2813 5587 videri
2844 5543 3043 5602 posset.
3079 5531 3223 5585 Nihil
3247 5531 3446 5600 quippe
3481 5539 3598 5584 erat

1989 5624 2134 5694 quod
2165 5625 2334 5694 ipsum
2364 5625 2693 5679 ostenderet.
2738 5625 2867 5678 Nam
2899 5640 3071 5693 neque
3103 5623 3293 5677 domus
3317 5631 3431 5676 erat
3461 5636 3596 5674 cou-
