4040 6422
539 316 610 373 τι

527 427 730 495 spicus,
757 439 932 496 neque
978 432 1148 480 mater
1191 424 1309 493 ejus
1345 424 1604 478 illustrem
1645 424 1929 491 quamdam
1970 431 2096 487 spe-

522 518 660 572 ciem
686 531 799 585 prte
824 530 884 573 se
911 516 1131 571 ferebat.
1169 514 1316 584 Opus
1333 514 1512 583 itaque
1532 521 1647 569 erat
1673 512 1827 568 stella
1852 524 1972 580 quas
1993 522 2091 563 eos

526 605 582 660 in
609 606 728 675 ipso
766 607 885 661 loco
916 606 1150 660 sisteret.
1190 604 1549 674 Quamobrem
1585 602 1916 671 Jerosolyma
1944 613 2100 669 egre-

520 693 791 753 dientibus
827 703 1080 764 apparet,
1128 709 1230 749 nec
1276 702 1382 749 stat
1406 694 1551 761 prius
1575 704 1733 761 quam
1761 688 1827 757 ad
1854 700 2096 758 praesepe

525 786 850 854 pervenerit,
894 794 952 839 et
992 784 1303 840 miraculum
1353 780 1609 836 miraculo
1636 778 1939 834 addiderit:
1971 791 2095 831 nam

523 882 806 942 utrumque
829 873 1074 929 mirabile
1109 883 1244 937 erat,
1286 878 1341 927 et
1366 870 1509 939 quod
1535 870 1673 940 magi
1702 867 2013 929 adorarent,
2041 872 2099 920 et

524 961 669 1031 quod
705 963 856 1017 stella
885 950 1028 1030 ipsos
1052 962 1267 1016 sisteret
1296 978 1311 1014 :
1342 975 1464 1028 qum
1493 973 1623 1016 sane
1667 966 1885 1028 possent
1909 956 1994 1013 vel
2020 954 2098 1011 ls-

525 1050 711 1121 pideos
736 1052 941 1104 animos
967 1047 1255 1104 attrahere.
1286 1049 1343 1102 Si
1366 1049 1511 1103 enim
1539 1047 1800 1106 dixissent
1830 1060 1968 1115 magi
1990 1085 2006 1111 ,
2033 1058 2096 1100 se

525 1141 811 1210 prophetas
838 1140 1104 1194 audivisse
1129 1138 1245 1194 haec
1280 1138 1543 1202 dicentes,
1573 1138 1656 1191 vel
1686 1135 1800 1191 luec
1835 1134 1938 1191 sibi
1986 1134 2097 1202 pri-

525 1232 693 1283 vatim
715 1230 783 1283 ab
802 1231 1001 1298 angelis
1025 1229 1166 1283 dicta
1189 1229 1370 1291 fuisse.
1388 1228 1523 1283 ﬁdes
1542 1228 1647 1282 illis
1662 1243 1768 1282 non
1794 1227 1981 1281 fuisset
1998 1225 2098 1280 ba-

525 1320 633 1374 bita
662 1336 678 1371 :
707 1320 816 1387 jam
844 1334 967 1373 vero
993 1321 1143 1375 stella
1192 1335 1422 1388 superne
1450 1319 1680 1383 lucente,
1713 1318 1796 1373 vel
1824 1319 2101 1387 impudcno

526 1411 657 1465 tium
682 1425 773 1464 ora
795 1410 1222 1465 obstruebantur.
1243 1410 1443 1465 Deinde
1469 1425 1589 1463 cum
1608 1424 1774 1477 puero
1792 1408 2097 1463 immineret

527 1499 703 1561 stella,
731 1500 876 1553 stetit
913 1516 927 1552 :
956 1500 1008 1553 id
1031 1498 1171 1568 quod
1215 1498 1433 1567 majoris
1454 1506 1570 1553 erat
1594 1498 1890 1566 potestatis,
1940 1511 2099 1563 quam

526 1596 587 1641 ut
632 1587 799 1641 stellae
824 1596 1108 1651 competat,
1140 1586 1279 1655 quod
1325 1587 1530 1642 scilicet
1574 1585 1737 1641 modo
1772 1586 2099 1651 occultetur,

525 1675 688 1729 modo
711 1684 984 1745 appareat,
1005 1686 1061 1731 et
1078 1691 1197 1730 cum
1225 1684 1465 1745 apparet,
1490 1689 1710 1731 cursum
1745 1676 1917 1730 sistat.
1968 1673 2103 1727 Hinc

525 1766 606 1819 illi
632 1766 1013 1819 incrementum
1058 1764 1179 1819 ﬁdei
1222 1774 1479 1835 ceperunt
1510 1781 1523 1816 :
1554 1765 1675 1819 ideo
1722 1764 1885 1819 laitati
1932 1770 2100 1827 sunt,

530 1856 652 1921 quia
675 1855 816 1922 quod
838 1856 1145 1923 quaerebant
1170 1856 1507 1919 invenerunt,
1529 1856 1647 1925 quia
1671 1855 1841 1909 nuntii
1863 1854 2104 1909 veritatis

525 1943 697 1997 effecti
725 1950 868 2003 sunt,
891 1940 1011 2008 quia
1032 1952 1135 1991 non
1155 1938 1347 1989 frustra
1366 1945 1567 1988 tantum
1597 1944 1944 2001 susceperunt
1964 1935 2096 1990 iter:

524 2034 604 2084 sic
626 2030 831 2083 ardenti
852 2028 1047 2082 Christi
1069 2026 1333 2079 desiderio
1349 2023 1660 2092 ﬂagrabant.
1683 2022 1815 2077 Nam
1840 2023 2101 2079 accedens

524 2119 698 2183 stella,
730 2132 890 2183 super
934 2117 1105 2183 ipsum
1138 2113 1285 2181 pueri
1314 2120 1472 2180 caput
1498 2111 1666 2176 stetit,
1698 2110 1987 2165 ostendens
2018 2113 2102 2166 di-

528 2207 703 2259 vinam
728 2220 846 2259 esse
872 2203 1071 2271 prolem
1097 2218 1110 2253 :
1137 2214 1365 2268 cumque
1387 2200 1643 2264 stetisset,
1672 2198 1737 2252 ad
1767 2197 2096 2253 adorandum

528 2294 764 2359 adducit,
796 2308 899 2347 non
930 2291 1239 2359 simpliciter
1266 2290 1543 2357 barbaros,
1568 2289 1661 2343 sed
1686 2290 1776 2359 qui
1816 2289 1957 2343 inter
1984 2289 2102 2344 illos

528 2385 903 2454 sapientissimi
934 2391 1106 2437 erant.
1141 2382 1305 2436 Vides
1339 2380 1475 2433 banc
1504 2380 1711 2435 stellam
1746 2380 1868 2449 jure
1915 2380 2105 2433 merito

528 2475 877 2545 apparuisse?
907 2472 1177 2541 Siquidem
1200 2481 1255 2526 et
1278 2480 1396 2539 post
1419 2469 1773 2540 prophetiam,
1802 2478 1858 2524 et
1884 2480 2003 2537 post
2024 2486 2108 2523 sa-

529 2568 807 2621 cerdotum
835 2566 1237 2631 scribarumque
1262 2562 1774 2631 interpretationem,
1807 2560 1982 2615 adhuc
2016 2560 2104 2616 illa

530 2658 815 2711 utebantur
836 2655 991 2709 duce.

597 2797 821 2853 Marcion
846 2810 892 2852 et
918 2799 1117 2853 Paulus
1144 2800 1502 2857 Semosatenus
1522 2820 1583 2857 ea:
1601 2805 1747 2859 stella
1761 2806 2101 2876 confutati—

519 2888 812 2943 Erubescat
840 2889 1070 2943 Marcion
1096 2932 1110 2955 ,
1140 2892 1423 2946 erubescat
1462 2893 1656 2948 Paulus
1697 2895 2096 2965 Samosatenus,

517 2979 606 3047 qui
639 2980 916 3033 noluerunt
946 2995 1007 3032 ea
1037 2980 1236 3040 videre.
1271 2998 1390 3049 qua!
1439 2986 1573 3052 magi
1601 2986 1867 3052 viderunt,
1901 2987 2096 3044 Eccle-

520 3070 613 3122 sia:
640 3069 1001 3137 progenitores
1028 3071 1103 3141 (α)
1133 3088 1145 3122 :
1178 3086 1352 3137 neque
1380 3074 1519 3125 enim
1550 3076 1711 3143 pudet
1745 3091 1831 3129 me
1867 3078 1946 3131 sic
1975 3079 2095 3133 illos

516 3175 724 3214 vocare.
770 3159 1056 3213 Erubescat
1100 3160 1354 3228 Marcion,
1410 3164 1571 3218 Deum
1616 3166 1800 3220 videns
1852 3168 1901 3221 in
1931 3183 2094 3225 carne

516 3250 811 3303 adoratum.
842 3249 1132 3303 Erubescat.
1159 3252 1375 3314 Paulus,
1428 3254 1612 3307 videns
1640 3256 1784 3309 illum
1830 3275 1933 3311 non
1962 3260 2092 3313 sim-

517 3340 725 3408 pliciter
745 3350 800 3392 ul
833 3340 1101 3393 hominem
1128 3341 1359 3394 adorari.
1392 3341 1517 3395 Nam
1542 3345 1679 3411 quod
1708 3345 1759 3398 in
1782 3361 1941 3402 carne
1960 3349 2095 3401 ads-

516 3442 665 3484 ratus
692 3432 780 3494 sit,
814 3431 863 3482 id
888 3440 937 3482 et
964 3432 1121 3499 panni
1139 3432 1423 3484 ostendunt
1449 3443 1503 3485 et
1529 3449 1767 3501 prmsepe
1793 3452 1807 3487 :
1835 3437 1973 3504 quod
2000 3452 2094 3491 au-

519 3530 624 3575 tem
647 3536 748 3574 non
773 3522 921 3589 quasi
942 3521 1207 3573 hominem
1226 3536 1414 3588 purum
1444 3522 1801 3589 adoraverint,
1818 3525 2092 3583 declarant

518 3610 641 3663 dum
676 3610 972 3663 immatura:
1016 3610 1157 3662 mtati
1185 3610 1306 3663 talia
1352 3611 1625 3679 proferunt
1648 3613 1806 3677 dona,
1833 3630 1952 3683 qua:
1982 3616 2090 3669 Deo

516 3698 695 3754 olferri
726 3714 818 3767 par
844 3709 979 3753 erat.
1008 3698 1339 3753 Erubescant
1367 3716 1486 3755 cum
1512 3702 1613 3755 illis
1641 3712 1695 3756 et
1742 3703 1934 3769 Judaei,
1962 3706 2089 3759 dum

516 3794 770 3846 barbaros
792 3803 843 3847 et
872 3807 1051 3861 magos
1072 3792 1274 3857 vident,
1306 3794 1395 3861 qui
1420 3794 1564 3861 ipsos
1586 3793 1933 3860 praeveniunt,
1990 3808 2090 3849 nec

516 3889 635 3950 post
657 3881 781 3934 illos
806 3881 1059 3935 accedere
1090 3882 1289 3935 volunt.
1320 3882 1451 3936 Nam
1477 3880 1594 3951 qum
1624 3892 1731 3935 tum
1762 3883 1895 3935 facta
1924 3894 2085 3947 sunt,

514 3970 808 4023 futurorum
830 3980 983 4024 erant
1012 3969 1178 4039 ﬁgura
1213 3988 1227 4023 :
1256 3978 1414 4039 atque
1442 3973 1493 4023 in
1520 3970 1739 4024 exordio
1766 3971 1879 4039 ipso
1902 3970 2085 4024 decla-

511 4074 684 4114 ratum
714 4072 827 4126 est,
856 4071 1040 4127 gentes
1080 4062 1334 4131 populum
1364 4062 1509 4114 illum
1546 4072 1906 4129 praeventuras
1941 4076 2081 4116 esse.

514 4151 578 4203 Et
617 4166 712 4204 cur
738 4192 753 4212 ,
789 4152 1014 4217 inquies,
1048 4167 1153 4203 non
1192 4152 1259 4203 ab
1304 4151 1489 4211 initio,
1522 4150 1616 4204 sed
1644 4160 1824 4219 postea
1849 4151 2082 4214 dicebat,

512 4242 703 4295 Euntes
725 4243 894 4295 docete
912 4258 1084 4295 omnes
1103 4253 1273 4311 gentes
1302 4241 1515 4305 (Matth.
1547 4240 1635 4295 23.
1666 4241 1791 4310 19)?
1817 4242 1980 4307 Quia,
2027 4251 2086 4295 ut

509 4334 614 4401 jam
636 4333 743 4387 dixi
762 4374 778 4397 ,
810 4334 947 4398 quod
980 4344 1103 4386 tunc
1132 4333 1324 4387 factum
1353 4342 1451 4396 est,
1484 4333 1774 4387 futurorum
1816 4336 2003 4403 ﬁgura,
2031 4345 2085 4388 et

508 4425 658 4491 quasi
684 4424 955 4491 prmdictio
986 4434 1120 4487 erat.
1150 4424 1576 4479 Consentaneum
1605 4423 1803 4492 quippe
1828 4433 1975 4490 erat,
2024 4435 2083 4478 nt

510 4514 674 4567 Judaei
700 4523 920 4568 cmlems
947 4516 1305 4581 prmcedeuent
1328 4531 1342 4577 ;
1373 4515 1495 4583 quia
1520 4529 1644 4568 vero
1669 4517 1964 4582 prmstitum
1979 4516 2081 4569 sibi

514 4605 825 4659 benelicium
854 4614 1042 4671 sponte
1085 4608 1416 4673 rcSpuerunt,
1460 4621 1546 4658 res
1579 4616 1901 4673 przepostere
1928 4621 2078 4660 versa

508 4703 587 4747 est
624 4712 637 4748 :
665 4694 923 4761 siquidem
954 4707 1123 4762 neque
1166 4693 1252 4748 hic
1274 4710 1367 4763 par
1393 4703 1527 4759 erat,
1565 4703 1621 4747 ut
1665 4696 1800 4763 magi
1840 4705 1959 4749 ante
1990 4696 2079 4749 Ju-

510 4785 655 4837 .l:eos
703 4788 969 4846 rerum;
1022 4802 1192 4854 neque
1238 4795 1291 4839 ut
1331 4786 1363 4839 ii
1407 4787 1494 4852 qui
1536 4796 1679 4839 tanto
1708 4788 1877 4849 Spatio
1905 4789 2073 4841 dista-

509 4875 666 4933 bant,
699 4888 790 4927 eos
820 4890 905 4941 qu:
936 4875 1073 4928 circa
1124 4876 1307 4927 urbem
1363 4876 1529 4942 ipsam
1577 4875 1885 4929 habitabant
1922 4886 2076 4932 ante—

510 4963 762 5017 cedezent
788 5006 801 5024 .
842 4980 1011 5032 neque
1041 4974 1096 5017 ut
1124 4964 1177 5029 ii,
1212 4966 1298 5034 qui
1341 4965 1593 5017 nihildim
1639 4966 1912 5020 audierant
1941 4983 2032 5022 eos
2056 5008 2072 5032 ,

505 5055 593 5121 qui
641 5055 779 5108 inter
806 5064 879 5107 tot
910 5055 1216 5124 prophetias
1265 5056 1498 5109 iunutriti
1546 5055 1785 5121 fuerant,
1819 5059 2075 5126 prmveni-

505 5151 656 5206 rent;
690 5158 871 5197 verum
901 5146 1024 5215 quia
1055 5146 1105 5199 in
1135 5161 1341 5199 summa
1386 5146 1641 5204 bonorum
1674 5162 1888 5223 suorum
1919 5150 2073 5217 igno-

569 5412 646 5488 (α).
673 5412 1153 5488 ἓὲίῖῐητιείιίηοιξηιειτ
1186 5414 1406 5488 Ecclesia?
1444 5420 1799 5488 ρτθςοηίερςθθν
1832 5426 1944 5486 quia
1986 5428 2076 5488 ipsi

509 5475 649 5539 primi
675 5474 719 5519 iu
743 5484 947 5539 regione
966 5486 1067 5528 sua,
1094 5477 1359 5539 itnoretiam
1394 5474 1639 5537 iu'Juda'a,
1668 5474 1902 5533 Christum
1924 5474 2072 5536 advre:

510 5534 651 5600 nime
667 5534 991 5600 inanimarum.
1009 5542 1104 5589 Qua
1121 5538 1306 5586 ratione
1329 5546 1548 5589 auctores
1572 5534 1921 5597 et'ltmdatores
1941 5534 2071 5600 Chri-

514 5594 747 5645 stianismi
769 5593 861 5641 dici
884 5602 1100 5654 possunt.

1263 315 1323 373 S.
1353 312 1639 374 JOANMS
1672 314 2153 377 CHRYSOS'I‘OII
2192 310 2508 370 ARCHIEP.
2556 306 3095 365 CONS’I‘ANTINOP.

3678 302 3749 360 78

2203 420 2371 476 rantis
2396 419 2773 483 versabantur,
2800 419 2891 488 qui
2934 420 2988 474 in
3014 417 3251 483 Perside,
3297 430 3397 474 eos
3436 416 3534 488 qui
3574 417 3781 472 .leroso-

2203 511 2356 581 lymis
2381 520 2507 566 sunt
2555 518 2919 579 prtevertunt;
2948 510 2999 564 id
3036 510 3176 578 quod
3200 510 3365 564 etiam
3386 509 3520 564 dicit
3550 508 3780 565 Paulus:

2210 599 2364 656 Vobis
2409 599 2663 671 oportebat
2708 600 3013 654 animalia"
3078 602 3299 666 primum
3366 616 3586 671 regnant
3638 598 3731 651 Dei
3760 616 3781 654 :

2203 692 2290 748 sed
2332 693 2451 764 quia
2496 708 2582 746 nos
2631 691 2865 763 indignos
2915 690 3221 761 judicastis,
3267 705 3383 744 ecce
3446 690 3786 744 convertimur

2202 784 2269 837 ad
2297 794 2468 855 gestes
2497 784 2633 851 (Act.
2652 784 2740 839 15.
2760 782 2874 855 ιθ).
2904 782 3123 837 Etiamsi
3151 782 3294 837 enim
3328 792 3483 837 antea
3527 782 3787 837 increduli

2200 881 2375 939 erant,
2402 888 2433 929 a
2458 873 2624 942 magis
2649 871 2838 927 saltem
2858 870 3136 927 audientes
3158 883 3441 925 accurrere
3467 871 3788 941 oportebat;

2200 962 2293 1017 sed
2316 962 2600 1018 noluerunt
2628 978 2642 1015 :
2668 960 2915 1031 ideoque,
2947 960 3055 1019 illis
3089 959 3512 1027 dormientibus,
3546 959 3603 1015 bi
3649 973 3789 1029 prai—

2199 1060 2440 1106 currunt.

2260 1270 2314 1325 5.
2357 1268 2656 1323 Exhortatio
2675 1269 2901 1323 moralis.
2934 1268 3036 1335 Qui
3061 1269 3268 1340 indigne
3288 1272 3523 1338 mysteria
3549 1282 3781 1338 mutant,

2196 1358 2387 1413 Herodi
2404 1361 2610 1415 similes.
2641 1359 2976 1415 Theon-orum
3002 1361 3315 1415 obscaenitas.
3355 1390 3426 1401 —
3472 1362 3659 1433 Magos
3685 1364 3784 1418 ita-

2190 1464 2293 1519 que
2316 1465 2623 1519 sequamur,
2648 1459 2703 1503 et
2726 1464 2754 1501 a
2781 1448 3125 1503 barbarorum
3149 1458 3326 1504 tamen
3348 1451 3591 1505 moribus
3614 1454 3782 1510 multa

2189 1541 2580 1610 intercapedine
2615 1554 2711 1593 nos
2749 1554 3117 1595 removeamus
3141 1580 3155 1605 ,
3192 1551 3249 1595 ut
3285 1540 3553 1597 Christum
3596 1543 3780 1599 videa-

2186 1645 2305 1685 mus
2335 1646 2349 1682 :
2379 1630 2803 1700 quandoquidem
2830 1639 2881 1684 et
2909 1630 3009 1698 ipsi
3034 1630 3136 1685 nisi
3166 1631 3351 1700 procul
3375 1648 3403 1686 a
3426 1647 3523 1687 sua
3551 1633 3779 1703 regione

2181 1724 2566 1792 recessissent,
2606 1740 2713 1779 non
2757 1725 2903 1779 illum
2946 1725 3112 1781 visuri
3158 1733 3335 1780 erant.
3380 1725 3721 1780 Recedamus
3746 1742 3778 1782 a

2179 1813 2409 1868 terrenis
2434 1814 2676 1884 negotiis.
2726 1812 2935 1868 Etenim
2963 1815 3101 1884 magi
3128 1853 3144 1879 ,
3175 1812 3304 1868 dum
3346 1813 3397 1867 in
3429 1814 3659 1871 Per-side
3688 1829 3774 1870 es-

2180 1912 2317 1968 sent,
2340 1902 2545 1958 stellam
2571 1902 2818 1959 videbant
2842 1921 2856 1957 :
2879 1920 2998 1959 cum
3025 1916 3200 1959 autem
3227 1920 3256 1957 a
3286 1904 3505 1960 Perside
3529 1921 3779 1961 recesse-

2180 2004 2339 2055 runt,
2384 1993 2561 2049 Solem
2600 1994 2844 2063 justitim,
2862 2010 3228 2063 conspexere;
3278 1996 3388 2051 imo
3427 2011 3524 2051 nec
3554 1997 3775 2059 stellam

2180 2081 2316 2134 ultra
2348 2082 2509 2135 visuri
2545 2091 2733 2148 erant,
2765 2084 2867 2137 nisi
2907 2093 3154 2152 prompto
3184 2085 3363 2138 animo
3392 2084 3515 2139 inde
3542 2084 3777 2154 profecti

2177 2180 2377 2224 essent.
2442 2170 2732 2240 Surgamus
2795 2171 2954 2241 igitur
3008 2180 3064 2227 et
3121 2187 3260 2238 nos;
3321 2174 3531 2229 etiamsi
3586 2189 3780 2230 omnes

2179 2261 2575 2328 perturbentur,
2607 2261 2675 2316 ad
2700 2261 2916 2316 domum
2946 2263 3096 2330 pueri
3124 2277 3401 2317 curramus
3426 2282 3440 2318 :
3463 2268 3562 2319 etsi
3591 2279 3775 2335 reges,

2180 2350 2281 2403 etsi
2312 2351 2524 2419 populi,
2557 2352 2656 2405 etsi
2701 2352 2912 2421 tyranni
2942 2352 3077 2406 hanc
3104 2354 3242 2406 viam
3274 2352 3595 2422 intercipere
3630 2364 3778 2409 sata-

2179 2448 2307 2507 gant
2330 2478 2345 2502 ,
2377 2455 2444 2494 ne
2486 2441 2804 2495 desiderium
2844 2444 3131 2496 solvamus.
3176 2442 3266 2497 Sic
3299 2444 3440 2497 enim
3471 2448 3654 2498 omnia
3686 2446 3772 2498 in-

2177 2527 2421 2596 gruentia
2462 2530 2597 2581 mala
2637 2529 2985 2598 depellemus.
3033 2531 3305 2599 Siquidem
3344 2541 3399 2586 et
3434 2532 3485 2585 hi
3514 2549 3775 2604 quoque,

2178 2619 2278 2672 nisi
2322 2634 2541 2687 puerum
2569 2620 2866 2685 vidissent,
2906 2621 3196 2689 periculum
3222 2662 3238 2687 ,
3271 2623 3412 2691 quod
3442 2638 3472 2677 a
3500 2641 3628 2695 rege
3660 2641 3776 2681 me-

2178 2711 2437 2774 tuebant,
2483 2727 2586 2765 non
2630 2709 2959 2780 elIugissent.
3010 2716 3307 2781 Antequam
3352 2728 3578 2783 puerum
3625 2716 3777 2771 vide-

2179 2810 2321 2863 rent,
2351 2800 2591 2865 timores,
2620 2800 2875 2868 pericula,
2902 2800 3323 2869 perturbationes
3339 2802 3575 2870 undique
3603 2804 3774 2859 insta-

2178 2891 2346 2955 bant;
2406 2899 2523 2959 post
2574 2891 2937 2945 adorationem
2980 2905 3146 2955 vero,
3198 2892 3563 2961 tranquillitas
3611 2903 3776 2963 atque

2178 2983 2467 3046 securitas;
2516 2996 2686 3049 neque
2731 2981 2953 3035 ulterius
2998 2982 3147 3035 stella
3172 3024 3187 3046 ,
3226 2981 3319 3035 sed
3359 2985 3585 3051 angelus
3624 2985 3773 3051 ipsos

2178 3071 2411 3139 excipit,
2452 3070 2519 3123 ab
2562 3070 2872 3123 adoratione
2914 3070 3220 3125 sacerdotes
3265 3071 3481 3126 eﬂ'ectns
3518 3095 3530 3128 :
3563 3076 3767 3128 etenim

2178 3175 2394 3215 munera
2425 3160 2745 3213 obtulerunt.
2797 3159 3040 3215 Dimissis
3072 3161 3246 3229 itaque
3276 3160 3498 3218 Iudaico
3531 3165 3730 3233 populo
3755 3206 3771 3225 ,

2179 3252 2485 3321 perturbata
2524 3252 2734 3303 civitate
2761 3290 2775 3311 ,
2824 3251 3163 3318 sanguinario
3211 3261 3473 3322 tyranno,
3522 3258 3771 3311 smculari

2180 3355 2404 3409 pompa,
2441 3342 2491 3393 in
2532 3338 2841 3393 Bethlehem
2881 3340 2989 3393 cito
3028 3356 3221 3408 perge,
3250 3342 3340 3394 ubi
3384 3343 3576 3397 domus
3619 3348 3774 3413 panis

2179 3429 2489 3497 Spiritualis.
2523 3428 2633 3481 Etsi
2657 3429 2797 3482 enim
2828 3438 3008 3497 pastor
3032 3428 3212 3491 fueris,
3244 3443 3417 3497 eoque
3443 3432 3732 3488 adveneris
3752 3476 3767 3500 ,

2179 3534 2397 3587 puerum
2446 3520 2496 3571 in
2542 3517 2835 3572 diversorio
2877 3518 3100 3571 videbis.
3148 3517 3365 3572 Etiamsi
3409 3535 3505 3574 rex
3560 3520 3729 3577 fueris
3753 3566 3771 3588 ,

2179 3625 2276 3663 nec
2323 3620 2497 3662 tamen
2542 3608 2860 3671 adveneris,
2903 3607 3033 3661 nihil
3076 3607 3166 3662 tibi
3210 3622 3441 3677 purpura
3488 3611 3767 3679 proderit;

2180 3695 2595 3767 etiamsi'magns
2621 3698 2803 3761 fueris,
2834 3699 2963 3750 nihil
2992 3706 3042 3751 te
3073 3699 3174 3752 huc
3198 3699 3485 3765 impediet,
3518 3702 3563 3754 si
3596 3703 3763 3756 nme

2181 3791 2535 3845 honoraturus
2564 3787 2982 3857 adoraturusque
3004 3790 3295 3844 accesseris
3314 3831 3327 3851 ,
3358 3806 3457 3845 nec
3483 3794 3772 3847 conculca-

2181 3890 2327 3935 turus
2354 3880 2547 3935 Filium
2586 3879 2727 3933 Dei:
2758 3879 2804 3932 si
2843 3893 2964 3933 eum
3011 3888 3245 3934 tremore
3284 3880 3443 3935 simul
3483 3892 3538 3935 et
3573 3882 3773 3952 gaudio

2180 3972 2281 4027 hoc
2308 3972 2514 4041 egeris;
2549 3971 2661 4025 haec
2684 3971 2828 4025 enim
2860 3974 3018 4025 ambo
3042 3981 3265 4040 possunt
3290 3987 3627 4029 concurrere.
3658 3974 3770 4029 Sed

2178 4075 2308 4116 cave
2334 4076 2403 4115 ne
2431 4061 2623 4114 Herodi
2652 4062 2839 4115 similis
2867 4062 2940 4116 sis
2969 4070 3024 4115 et
3043 4062 3207 4125 dicas,
3242 4060 3308 4115 Ut
3335 4065 3533 4118 veniens
3558 4065 3770 4119 adorent

2181 4150 2685 4217 eum,vcniensque
2730 4151 2972 4205 occidere
3016 4160 3207 4205 tentes.
3259 4150 3334 4204 llli
3376 4153 3517 4206 enim
3563 4154 3772 4209 similes

2183 4248 2302 4294 sunt
2325 4277 2340 4303 ,
2365 4237 2456 4306 qui
2486 4237 2699 4307 indigne
2725 4240 3100 4308 atiysteriorum
3131 4243 3414 4311 participes
3445 4254 3589 4297 sunt.
3632 4245 3766 4299 Nam

2182 4333 2271 4402 qui
2296 4331 2593 4400 huiusmodi
2617 4345 2719 4399 est,
2746 4335 2880 4387 Reus
2897 4336 3009 4400 erit,
3034 4337 3222 4404 inquit,
3248 4340 3472 4405 ccrport's
3495 4349 3540 4393 et
3563 4338 3770 4405 stingui-

2184 4425 2261 4477 nis
2288 4422 2490 4477 Domini
2517 4423 2593 4495 (1.
2618 4424 2735 4479 Cor.
2762 4427 2846 4478 Η.
2870 4425 2981 4492 27).
3013 4425 3145 4478 Nam
3174 4428 3263 4495 qui
3290 4428 3591 4495 huiusmodi
3621 4437 3769 4492 sunt,

2186 4514 2381 4568 habent
2429 4515 2483 4568 in
2528 4532 2585 4567 se
2630 4526 2909 4585 tyrannum
2956 4515 3279 4571 invidentem
3325 4533 3488 4585 regno
3526 4517 3725 4570 Christi
3752 4558 3768 4580 .

2186 4620 2484 4658 mamonam
2513 4620 2700 4673 nempe
2730 4605 2936 4659 Herode
2965 4606 3298 4673 iniquiorem.
3328 4605 3426 4659 llic
3450 4607 3647 4673 quippe
3673 4609 3769 4661 imo

2187 4710 2374 4761 perure
2416 4694 2563 4760 vult,
2603 4697 2865 4763 mittitque
2906 4695 3139 4749 cultores
3180 4709 3306 4749 suos
3331 4736 3345 4759 ,
3387 4698 3475 4765 qui
3520 4696 3770 4753 simulate

2183 4784 2399 4853 quidem
2431 4784 2681 4848 adorent,
2715 4790 2807 4839 sed
2839 4784 3109 4837 adorando
3147 4785 3407 4853 jugulent.
3457 4786 3769 4841 Timeamus

2181 4874 2393 4943 itaque,
2425 4888 2491 4927 ne
2513 4874 2744 4941 speciem
2775 4874 3070 4941 supplicum
3119 4884 3170 4927 et
3196 4875 3535 4928 adoratorum
3569 4876 3767 4930 habea-

2184 4977 2302 5017 mus
2329 5004 2343 5026 ,
2390 4977 2550 5030 opere
2592 4974 2767 5017 autem
2810 4964 3072 5017 contraria
3104 4963 3468 5018 exhibeamus.
3519 4965 3770 5021 Omniae

2181 5055 2422 5108 manibus
2446 5055 2781 5122 projieiamus
2810 5055 3097 5109 adoraturi.
3132 5055 3185 5110 Si
3212 5071 3400 5109 aurum
3432 5056 3725 5111 habeamus
3748 5100 3766 5122 ,

2182 5144 2354 5211 ipsum
2391 5144 2675 5198 olferamus
2699 5187 2713 5209 ,
2748 5160 2845 5199 nec
2888 5142 3237 5199 defodiamus.
3282 5145 3336 5200 Si
3366 5147 3509 5200 enim
3556 5146 3768 5202 barbari

2179 5233 2253 5287 illi
2280 5234 2358 5286 ad.
2374 5234 2627 5288 honorem
2654 5250 2874 5289 munera
2905 5244 3030 5290 tunc
3056 5236 3384 5298 obtulerunt,
3428 5238 3549 5305 quis
3576 5248 3631 5291 tu
3658 5240 3767 5293 eris

2181 5324 2280 5379 nisi
2324 5324 2523 5378 tribuas
2551 5326 2836 5395 indigenti?
2864 5326 2909 5380 si
2940 5326 3011 5379 illi
3041 5336 3241 5380 tantam
3274 5342 3559 5396 suscepere
3583 5331 3720 5383 viam
3745 5370 3763 5395 ,

2179 5420 2239 5497 ut
2276 5424 2456 5467 natum
2486 5414 2761 5477 viderent,
2791 5430 2945 5484 quam
2982 5418 3380 5472 excusationem
3420 5418 3638 5474 habebis
3667 5432 3721 5474 tu
3746 5462 3763 5486 ,

2180 5503 2267 5573 qui
2294 5519 2362 5559 ne
2384 5504 2450 5559 ad
2480 5505 2647 5559 vicum
2668 5507 2880 5575 quidem
2907 5523 3069 5561 unum
3094 5523 3367 5576 properas,
3391 5518 3446 5563 ut
3473 5509 3761 5575 inﬁrmum,

2180 5601 2235 5648 et
2261 5592 2314 5648 in
2335 5592 2555 5650 vinculis
2577 5596 2848 5651 detentum
2871 5596 3093 5651 visites?
3120 5598 3278 5667 Atqui
3303 5613 3399 5654 nos
3425 5610 3476 5653 et
3499 5599 3762 5665 inﬁrmos,
