  <div class='ocr_page' id='page_1' title='image "/cluster/home/n/w/nwhite01/storage/ocr_20150623/57/ien.35556001660844/096.png"; bbox 0 0 4040 6424; ppageno 0'>
   <div class='ocr_carea' id='block_1_1' title="bbox 266 288 344 344">
    <p class='ocr_par' dir='ltr' id='par_1_1' title="bbox 266 288 344 344">
     <span class='ocr_line' id='line_1_1' title="bbox 266 288 344 344; baseline 0.026 -2"><span class='ocrx_word' id='word_1_1' title='bbox 266 288 344 344; x_wconf 71' lang='grc' dir='ltr'><strong>ἶῖθ</strong></span> 
     </span>
    </p>
   </div>
   <div class='ocr_carea' id='block_1_2' title="bbox 266 500 1864 578">
    <p class='ocr_par' dir='ltr' id='par_1_2' title="bbox 266 500 1864 578">
     <span class='ocr_line' id='line_1_2' title="bbox 266 500 1864 578; baseline 0.004 -17"><span class='ocrx_word' id='word_1_2' title='bbox 266 500 564 562; x_wconf 82' lang='lat' dir='ltr'><strong>beneficum</strong></span> <span class='ocrx_word' id='word_1_3' title='bbox 615 507 830 578; x_wconf 85' lang='lat' dir='ltr'><strong>quidem</strong></span> <span class='ocrx_word' id='word_1_4' title='bbox 877 518 930 562; x_wconf 91' lang='lat' dir='ltr'><strong>et</strong></span> <span class='ocrx_word' id='word_1_5' title='bbox 977 508 1260 563; x_wconf 89' lang='lat' dir='ltr'><strong>Dominum</strong></span> <span class='ocrx_word' id='word_1_6' title='bbox 1309 510 1501 562; x_wconf 88' lang='lat' dir='ltr'><strong>tuum?</strong></span> <span class='ocrx_word' id='word_1_7' title='bbox 1549 509 1627 564; x_wconf 93' lang='lat' dir='ltr'><strong>llli</strong></span> <span class='ocrx_word' id='word_1_8' title='bbox 1675 525 1864 567; x_wconf 90' lang='lat' dir='ltr'><strong>aurum</strong></span> 
     </span>
    </p>
   </div>
   <div class='ocr_carea' id='block_1_3' title="bbox 261 596 1862 670">
    <p class='ocr_par' dir='ltr' id='par_1_3' title="bbox 261 596 1862 670">
     <span class='ocr_line' id='line_1_3' title="bbox 261 596 1862 670; baseline 0.007 -21"><span class='ocrx_word' id='word_1_9' title='bbox 261 596 608 664; x_wconf 89' lang='lat' dir='ltr'><strong>obtulerunt;</strong></span> <span class='ocrx_word' id='word_1_10' title='bbox 640 609 695 654; x_wconf 93' lang='lat' dir='ltr'><strong>tu</strong></span> <span class='ocrx_word' id='word_1_11' title='bbox 726 615 915 670; x_wconf 88' lang='lat' dir='ltr'><strong>panem</strong></span> <span class='ocrx_word' id='word_1_12' title='bbox 945 601 1031 655; x_wconf 81' lang='lat' dir='ltr'><strong>vix</strong></span> <span class='ocrx_word' id='word_1_13' title='bbox 1059 600 1318 656; x_wconf 85' lang='lat' dir='ltr'><strong>dederis?</strong></span> <span class='ocrx_word' id='word_1_14' title='bbox 1362 602 1437 657; x_wconf 92' lang='lat' dir='ltr'><strong>llli</strong></span> <span class='ocrx_word' id='word_1_15' title='bbox 1470 603 1679 659; x_wconf 77' lang='lat' dir='ltr'><strong>stellam</strong></span> <span class='ocrx_word' id='word_1_16' title='bbox 1710 605 1862 661; x_wconf 87' lang='lat' dir='ltr'><strong>vide-</strong></span> 
     </span>
    </p>
   </div>
   <div class='ocr_carea' id='block_1_4' title="bbox 262 689 1863 768">
    <p class='ocr_par' dir='ltr' id='par_1_4' title="bbox 262 689 1863 768">
     <span class='ocr_line' id='line_1_4' title="bbox 262 689 1863 768; baseline 0.006 -26"><span class='ocrx_word' id='word_1_17' title='bbox 262 696 382 743; x_wconf 83' lang='lat' dir='ltr'><strong>rqu</strong></span> <span class='ocrx_word' id='word_1_18' title='bbox 405 728 420 753; x_wconf 95' lang='lat'><strong>,</strong></span> <span class='ocrx_word' id='word_1_19' title='bbox 463 699 514 743; x_wconf 88' lang='lat' dir='ltr'><strong>et</strong></span> <span class='ocrx_word' id='word_1_20' title='bbox 539 689 706 759; x_wconf 86' lang='lat' dir='ltr'><strong>gavisi</strong></span> <span class='ocrx_word' id='word_1_21' title='bbox 736 699 896 757; x_wconf 89' lang='lat' dir='ltr'><strong>sunt;</strong></span> <span class='ocrx_word' id='word_1_22' title='bbox 928 703 980 746; x_wconf 93' lang='lat' dir='ltr'><strong>tu</strong></span> <span class='ocrx_word' id='word_1_23' title='bbox 1011 706 1143 766; x_wconf 75' lang='lat' dir='ltr'><strong>vero</strong></span> <span class='ocrx_word' id='word_1_24' title='bbox 1168 692 1442 748; x_wconf 86' lang='lat' dir='ltr'><strong>Christum</strong></span> <span class='ocrx_word' id='word_1_25' title='bbox 1467 694 1654 750; x_wconf 88' lang='lat' dir='ltr'><strong>videns</strong></span> <span class='ocrx_word' id='word_1_26' title='bbox 1678 696 1863 768; x_wconf 87' lang='lat' dir='ltr'><strong>hospi-</strong></span> 
     </span>
    </p>
   </div>
   <div class='ocr_carea' id='block_1_5' title="bbox 261 780 1862 850">
    <p class='ocr_par' dir='ltr' id='par_1_5' title="bbox 261 780 1862 850">
     <span class='ocr_line' id='line_1_5' title="bbox 261 780 1862 850; baseline 0.008 -21"><span class='ocrx_word' id='word_1_27' title='bbox 261 785 370 835; x_wconf 85' lang='lat' dir='ltr'><strong>tem</strong></span> <span class='ocrx_word' id='word_1_28' title='bbox 401 787 456 834; x_wconf 93' lang='lat' dir='ltr'><strong>et</strong></span> <span class='ocrx_word' id='word_1_29' title='bbox 481 780 684 834; x_wconf 90' lang='lat' dir='ltr'><strong>nudum</strong></span> <span class='ocrx_word' id='word_1_30' title='bbox 708 823 722 841; x_wconf 91' lang='lat'><strong>,</strong></span> <span class='ocrx_word' id='word_1_31' title='bbox 756 797 861 836; x_wconf 91' lang='lat' dir='ltr'><strong>non</strong></span> <span class='ocrx_word' id='word_1_32' title='bbox 891 781 1121 837; x_wconf 88' lang='lat' dir='ltr'><strong>flecteris</strong></span> <span class='ocrx_word' id='word_1_33' title='bbox 1139 783 1328 850; x_wconf 72' lang='lat' dir='ltr'><strong>?~Quis</strong></span> <span class='ocrx_word' id='word_1_34' title='bbox 1354 785 1496 838; x_wconf 89' lang='lat' dir='ltr'><strong>enim</strong></span> <span class='ocrx_word' id='word_1_35' title='bbox 1532 795 1766 841; x_wconf 85' lang='lat' dir='ltr'><strong>vestrum</strong></span> <span class='ocrx_word' id='word_1_36' title='bbox 1796 803 1862 842; x_wconf 81' lang='lat' dir='ltr'><strong>ex</strong></span> 
     </span>
    </p>
   </div>
   <div class='ocr_carea' id='block_1_6' title="bbox 256 870 1863 947">
    <p class='ocr_par' dir='ltr' id='par_1_6' title="bbox 256 870 1863 947">
     <span class='ocr_line' id='line_1_6' title="bbox 256 870 1863 947; baseline 0.004 -22"><span class='ocrx_word' id='word_1_37' title='bbox 256 870 327 926; x_wconf 79' lang='lat' dir='ltr'><strong>iis</strong></span> <span class='ocrx_word' id='word_1_38' title='bbox 353 872 442 940; x_wconf 92' lang='lat' dir='ltr'><strong>qui</strong></span> <span class='ocrx_word' id='word_1_39' title='bbox 473 871 621 927; x_wconf 90' lang='lat' dir='ltr'><strong>mille</strong></span> <span class='ocrx_word' id='word_1_40' title='bbox 650 872 904 928; x_wconf 87' lang='lat' dir='ltr'><strong>beneficia</strong></span> <span class='ocrx_word' id='word_1_41' title='bbox 934 883 1277 944; x_wconf 89' lang='lat' dir='ltr'><strong>acceperunt,</strong></span> <span class='ocrx_word' id='word_1_42' title='bbox 1305 884 1503 931; x_wconf 87' lang='lat' dir='ltr'><strong>tantam</strong></span> <span class='ocrx_word' id='word_1_43' title='bbox 1531 892 1629 947; x_wconf 85' lang='lat' dir='ltr'><strong>pro</strong></span> <span class='ocrx_word' id='word_1_44' title='bbox 1651 877 1863 933; x_wconf 82' lang='lat' dir='ltr'><strong>Christo</strong></span> 
     </span>
    </p>
   </div>
   <div class='ocr_carea' id='block_1_7' title="bbox 259 963 1861 1036">
    <p class='ocr_par' dir='ltr' id='par_1_7' title="bbox 259 963 1861 1036">
     <span class='ocr_line' id='line_1_7' title="bbox 259 963 1861 1036; baseline 0.004 -18"><span class='ocrx_word' id='word_1_45' title='bbox 259 963 496 1030; x_wconf 81' lang='lat' dir='ltr'><strong>suscepit</strong></span> <span class='ocrx_word' id='word_1_46' title='bbox 525 966 1008 1035; x_wconf 73' lang='lat' dir='ltr'><strong>peregrinationem</strong></span> <span class='ocrx_word' id='word_1_47' title='bbox 1033 1008 1047 1030; x_wconf 96' lang='lat'><strong>,</strong></span> <span class='ocrx_word' id='word_1_48' title='bbox 1081 977 1333 1036; x_wconf 83' lang='lat' dir='ltr'><strong>quautam</strong></span> <span class='ocrx_word' id='word_1_49' title='bbox 1365 968 1438 1022; x_wconf 88' lang='lat' dir='ltr'><strong>illi</strong></span> <span class='ocrx_word' id='word_1_50' title='bbox 1471 969 1720 1036; x_wconf 90' lang='lat' dir='ltr'><strong>barbari,</strong></span> <span class='ocrx_word' id='word_1_51' title='bbox 1755 971 1861 1025; x_wconf 88' lang='lat' dir='ltr'><strong>imo</strong></span> 
     </span>
    </p>
   </div>
   <div class='ocr_carea' id='block_1_8' title="bbox 258 1051 1859 1130">
    <p class='ocr_par' dir='ltr' id='par_1_8' title="bbox 258 1051 1859 1130">
     <span class='ocr_line' id='line_1_8' title="bbox 258 1051 1859 1130; baseline 0.008 -25"><span class='ocrx_word' id='word_1_52' title='bbox 258 1051 331 1106; x_wconf 85' lang='lat' dir='ltr'><strong>illi</strong></span> <span class='ocrx_word' id='word_1_53' title='bbox 377 1053 712 1123; x_wconf 71' lang='lat' dir='ltr'><strong>philosOphis</strong></span> <span class='ocrx_word' id='word_1_54' title='bbox 757 1057 1150 1125; x_wconf 82' lang='lat' dir='ltr'><strong>sapientiores?</strong></span> <span class='ocrx_word' id='word_1_55' title='bbox 1201 1059 1262 1114; x_wconf 88' lang='lat' dir='ltr'><strong>Et</strong></span> <span class='ocrx_word' id='word_1_56' title='bbox 1315 1060 1440 1130; x_wconf 93' lang='lat' dir='ltr'><strong>quid</strong></span> <span class='ocrx_word' id='word_1_57' title='bbox 1487 1062 1608 1117; x_wconf 89' lang='lat' dir='ltr'><strong>dieo</strong></span> <span class='ocrx_word' id='word_1_58' title='bbox 1659 1071 1859 1118; x_wconf 88' lang='lat' dir='ltr'><strong>tantam</strong></span> 
     </span>
    </p>
   </div>
   <div class='ocr_carea' id='block_1_9' title="bbox 242 1143 1861 1220">
    <p class='ocr_par' dir='ltr' id='par_1_9' title="bbox 242 1143 1861 1220">
     <span class='ocr_line' id='line_1_9' title="bbox 242 1143 1861 1220; baseline 0.007 -22"><span class='ocrx_word' id='word_1_59' title='bbox 242 1143 446 1218; x_wconf 45' lang='lat' dir='ltr'><strong>.viam?</strong></span> <span class='ocrx_word' id='word_1_60' title='bbox 493 1147 667 1202; x_wconf 76' lang='lat' dir='ltr'><strong>Multa:</strong></span> <span class='ocrx_word' id='word_1_61' title='bbox 696 1149 836 1218; x_wconf 90' lang='lat' dir='ltr'><strong>apud</strong></span> <span class='ocrx_word' id='word_1_62' title='bbox 869 1164 966 1204; x_wconf 88' lang='lat' dir='ltr'><strong>nos</strong></span> <span class='ocrx_word' id='word_1_63' title='bbox 995 1150 1250 1206; x_wconf 86' lang='lat' dir='ltr'><strong>mulieres</strong></span> <span class='ocrx_word' id='word_1_64' title='bbox 1288 1152 1358 1207; x_wconf 89' lang='lat' dir='ltr'><strong>ita</strong></span> <span class='ocrx_word' id='word_1_65' title='bbox 1389 1147 1582 1208; x_wconf 71' lang='lat' dir='ltr'><strong>molles</strong></span> <span class='ocrx_word' id='word_1_66' title='bbox 1607 1165 1769 1220; x_wconf 92' lang='lat' dir='ltr'><strong>sunt,</strong></span> <span class='ocrx_word' id='word_1_67' title='bbox 1807 1166 1861 1209; x_wconf 92' lang='lat' dir='ltr'><strong>ut</strong></span> 
     </span>
    </p>
   </div>
   <div class='ocr_carea' id='block_1_10' title="bbox 252 1235 1854 1317">
    <p class='ocr_par' dir='ltr' id='par_1_10' title="bbox 252 1235 1854 1317">
     <span class='ocr_line' id='line_1_10' title="bbox 252 1235 1854 1317; baseline 0.006 -26"><span class='ocrx_word' id='word_1_68' title='bbox 252 1248 326 1291; x_wconf 87' lang='lat' dir='ltr'><strong>ne</strong></span> <span class='ocrx_word' id='word_1_69' title='bbox 366 1235 540 1290; x_wconf 86' lang='lat' dir='ltr'><strong>vicum</strong></span> <span class='ocrx_word' id='word_1_70' title='bbox 589 1255 752 1292; x_wconf 79' lang='grc' dir='ltr'><strong>ιιιιιιιη</strong></span> <span class='ocrx_word' id='word_1_71' title='bbox 804 1252 1134 1297; x_wconf 80' lang='lat' dir='ltr'><strong>transmeare</strong></span> <span class='ocrx_word' id='word_1_72' title='bbox 1178 1243 1381 1309; x_wconf 89' lang='lat' dir='ltr'><strong>velint,</strong></span> <span class='ocrx_word' id='word_1_73' title='bbox 1421 1252 1479 1298; x_wconf 91' lang='lat' dir='ltr'><strong>ut</strong></span> <span class='ocrx_word' id='word_1_74' title='bbox 1507 1244 1559 1298; x_wconf 89' lang='lat' dir='ltr'><strong>in</strong></span> <span class='ocrx_word' id='word_1_75' title='bbox 1591 1246 1854 1317; x_wconf 82' lang='lat' dir='ltr'><strong>Spirituali</strong></span> 
     </span>
    </p>
   </div>
   <div class='ocr_carea' id='block_1_11' title="bbox 251 1334 1853 1405">
    <p class='ocr_par' dir='ltr' id='par_1_11' title="bbox 251 1334 1853 1405">
     <span class='ocr_line' id='line_1_11' title="bbox 251 1334 1853 1405; baseline 0.007 -18"><span class='ocrx_word' id='word_1_76' title='bbox 251 1334 518 1404; x_wconf 65' lang='lat' dir='ltr'><strong>prasepio</strong></span> <span class='ocrx_word' id='word_1_77' title='bbox 563 1334 733 1405; x_wconf 89' lang='lat' dir='ltr'><strong>ipsum</strong></span> <span class='ocrx_word' id='word_1_78' title='bbox 778 1336 1032 1404; x_wconf 92' lang='lat' dir='ltr'><strong>videant,</strong></span> <span class='ocrx_word' id='word_1_79' title='bbox 1088 1339 1187 1393; x_wconf 91' lang='lat' dir='ltr'><strong>nisi</strong></span> <span class='ocrx_word' id='word_1_80' title='bbox 1226 1341 1382 1396; x_wconf 90' lang='lat' dir='ltr'><strong>mulis</strong></span> <span class='ocrx_word' id='word_1_81' title='bbox 1423 1341 1704 1398; x_wconf 72' lang='lat' dir='ltr'><strong>vehantur.</strong></span> <span class='ocrx_word' id='word_1_82' title='bbox 1749 1344 1853 1403; x_wconf 80' lang='lat' dir='ltr'><strong>Alii</strong></span> 
     </span>
    </p>
   </div>
   <div class='ocr_carea' id='block_1_12' title="bbox 239 1424 1852 1495">
    <p class='ocr_par' dir='ltr' id='par_1_12' title="bbox 239 1424 1852 1495">
     <span class='ocr_line' id='line_1_12' title="bbox 239 1424 1852 1495; baseline 0.01 -20"><span class='ocrx_word' id='word_1_83' title='bbox 239 1424 446 1494; x_wconf 71' lang='lat' dir='ltr'><strong>quibus</strong></span> <span class='ocrx_word' id='word_1_84' title='bbox 478 1425 616 1480; x_wconf 91' lang='lat' dir='ltr'><strong>inest</strong></span> <span class='ocrx_word' id='word_1_85' title='bbox 650 1428 956 1483; x_wconf 90' lang='lat' dir='ltr'><strong>ambulandi</strong></span> <span class='ocrx_word' id='word_1_86' title='bbox 986 1427 1210 1484; x_wconf 79' lang='lat' dir='ltr'><strong>facultas</strong></span> <span class='ocrx_word' id='word_1_87' title='bbox 1234 1472 1248 1495; x_wconf 95' lang='lat'><strong>,</strong></span> <span class='ocrx_word' id='word_1_88' title='bbox 1279 1433 1360 1486; x_wconf 77' lang='lat' dir='ltr'><strong>vel</strong></span> <span class='ocrx_word' id='word_1_89' title='bbox 1389 1433 1724 1489; x_wconf 68' lang='lat' dir='ltr'><strong>smeularium</strong></span> <span class='ocrx_word' id='word_1_90' title='bbox 1753 1451 1852 1492; x_wconf 82' lang='lat' dir='ltr'><strong>nc-</strong></span> 
     </span>
    </p>
   </div>
   <div class='ocr_carea' id='block_1_13' title="bbox 249 1513 1852 1594">
    <p class='ocr_par' dir='ltr' id='par_1_13' title="bbox 249 1513 1852 1594">
     <span class='ocr_line' id='line_1_13' title="bbox 249 1513 1852 1594; baseline 0.01 -28"><span class='ocrx_word' id='word_1_91' title='bbox 249 1513 517 1583; x_wconf 85' lang='lat' dir='ltr'><strong>gotiorum</strong></span> <span class='ocrx_word' id='word_1_92' title='bbox 560 1517 769 1572; x_wconf 84' lang='lat' dir='ltr'><strong>turbam</strong></span> <span class='ocrx_word' id='word_1_93' title='bbox 797 1559 812 1582; x_wconf 96' lang='lat'><strong>,</strong></span> <span class='ocrx_word' id='word_1_94' title='bbox 861 1519 943 1574; x_wconf 88' lang='lat' dir='ltr'><strong>vel</strong></span> <span class='ocrx_word' id='word_1_95' title='bbox 991 1518 1323 1576; x_wconf 85' lang='lat' dir='ltr'><strong>theatrorum</strong></span> <span class='ocrx_word' id='word_1_96' title='bbox 1369 1521 1852 1594; x_wconf 87' lang='lat' dir='ltr'><strong>frequentationem</strong></span> 
     </span>
    </p>
   </div>
   <div class='ocr_carea' id='block_1_14' title="bbox 242 1602 1852 1686">
    <p class='ocr_par' dir='ltr' id='par_1_14' title="bbox 242 1602 1852 1686">
     <span class='ocr_line' id='line_1_14' title="bbox 242 1602 1852 1686; baseline 0.011 -29"><span class='ocrx_word' id='word_1_97' title='bbox 242 1602 378 1659; x_wconf 85' lang='lat' dir='ltr'><strong>huic</strong></span> <span class='ocrx_word' id='word_1_98' title='bbox 413 1607 573 1661; x_wconf 65' lang='lat' dir='ltr'><strong>cretui</strong></span> <span class='ocrx_word' id='word_1_99' title='bbox 605 1618 958 1677; x_wconf 89' lang='lat' dir='ltr'><strong>anteponunt.</strong></span> <span class='ocrx_word' id='word_1_100' title='bbox 1012 1611 1075 1665; x_wconf 85' lang='lat' dir='ltr'><strong>Et</strong></span> <span class='ocrx_word' id='word_1_101' title='bbox 1108 1611 1316 1669; x_wconf 89' lang='lat' dir='ltr'><strong>barbari</strong></span> <span class='ocrx_word' id='word_1_102' title='bbox 1348 1615 1564 1686; x_wconf 88' lang='lat' dir='ltr'><strong>quidem</strong></span> <span class='ocrx_word' id='word_1_103' title='bbox 1598 1617 1668 1673; x_wconf 90' lang='lat' dir='ltr'><strong>illi</strong></span> <span class='ocrx_word' id='word_1_104' title='bbox 1696 1628 1852 1675; x_wconf 86' lang='lat' dir='ltr'><strong>ante-</strong></span> 
     </span>
    </p>
   </div>
   <div class='ocr_carea' id='block_1_15' title="bbox 240 1697 1851 1777">
    <p class='ocr_par' dir='ltr' id='par_1_15' title="bbox 240 1697 1851 1777">
     <span class='ocr_line' id='line_1_15' title="bbox 240 1697 1851 1777; baseline 0.011 -29"><span class='ocrx_word' id='word_1_105' title='bbox 240 1709 409 1765; x_wconf 85' lang='lat' dir='ltr'><strong>quam</strong></span> <span class='ocrx_word' id='word_1_106' title='bbox 437 1697 581 1751; x_wconf 90' lang='lat' dir='ltr'><strong>illum</strong></span> <span class='ocrx_word' id='word_1_107' title='bbox 613 1699 873 1768; x_wconf 80' lang='lat' dir='ltr'><strong>viderent,</strong></span> <span class='ocrx_word' id='word_1_108' title='bbox 904 1711 1107 1757; x_wconf 90' lang='lat' dir='ltr'><strong>tantum</strong></span> <span class='ocrx_word' id='word_1_109' title='bbox 1129 1703 1344 1760; x_wconf 79' lang='lat' dir='ltr'><strong>itineris</strong></span> <span class='ocrx_word' id='word_1_110' title='bbox 1371 1709 1576 1763; x_wconf 83' lang='lat' dir='ltr'><strong>emensi</strong></span> <span class='ocrx_word' id='word_1_111' title='bbox 1605 1721 1730 1766; x_wconf 89' lang='lat' dir='ltr'><strong>sunt</strong></span> <span class='ocrx_word' id='word_1_112' title='bbox 1751 1752 1766 1777; x_wconf 95' lang='lat'><strong>,</strong></span> <span class='ocrx_word' id='word_1_113' title='bbox 1797 1721 1851 1766; x_wconf 93' lang='lat' dir='ltr'><strong>tu</strong></span> 
     </span>
    </p>
   </div>
   <div class='ocr_carea' id='block_1_16' title="bbox 234 1793 1843 1872">
    <p class='ocr_par' dir='ltr' id='par_1_16' title="bbox 234 1793 1843 1872">
     <span class='ocr_line' id='line_1_16' title="bbox 234 1793 1843 1872; baseline 0.011 -32"><span class='ocrx_word' id='word_1_114' title='bbox 234 1801 378 1844; x_wconf 76' lang='lat' dir='ltr'><strong>vero</strong></span> <span class='ocrx_word' id='word_1_115' title='bbox 412 1804 511 1843; x_wconf 91' lang='lat' dir='ltr'><strong>nec</strong></span> <span class='ocrx_word' id='word_1_116' title='bbox 551 1800 832 1862; x_wconf 82' lang='lat' dir='ltr'><strong>postquam</strong></span> <span class='ocrx_word' id='word_1_117' title='bbox 873 1793 1049 1848; x_wconf 88' lang='lat' dir='ltr'><strong>vidisti</strong></span> <span class='ocrx_word' id='word_1_118' title='bbox 1094 1795 1319 1851; x_wconf 88' lang='lat' dir='ltr'><strong>imitaris</strong></span> <span class='ocrx_word' id='word_1_119' title='bbox 1363 1798 1514 1866; x_wconf 86' lang='lat' dir='ltr'><strong>illos;</strong></span> <span class='ocrx_word' id='word_1_120' title='bbox 1558 1801 1653 1856; x_wconf 89' lang='lat' dir='ltr'><strong>sed</strong></span> <span class='ocrx_word' id='word_1_121' title='bbox 1694 1811 1843 1872; x_wconf 75' lang='lat' dir='ltr'><strong>post.</strong></span> 
     </span>
    </p>
   </div>
   <div class='ocr_carea' id='block_1_17' title="bbox 240 1879 1848 1947">
    <p class='ocr_par' dir='ltr' id='par_1_17' title="bbox 240 1879 1848 1947">
     <span class='ocr_line' id='line_1_17' title="bbox 240 1879 1848 1947; baseline 0.011 -18"><span class='ocrx_word' id='word_1_122' title='bbox 240 1892 407 1945; x_wconf 85' lang='lat' dir='ltr'><strong>quam</strong></span> <span class='ocrx_word' id='word_1_123' title='bbox 438 1879 611 1934; x_wconf 81' lang='lat' dir='ltr'><strong>vidisti</strong></span> <span class='ocrx_word' id='word_1_124' title='bbox 638 1923 652 1946; x_wconf 94' lang='lat'><strong>,</strong></span> <span class='ocrx_word' id='word_1_125' title='bbox 687 1881 776 1936; x_wconf 93' lang='lat' dir='ltr'><strong>illo</strong></span> <span class='ocrx_word' id='word_1_126' title='bbox 801 1881 1023 1939; x_wconf 87' lang='lat' dir='ltr'><strong>dimisso</strong></span> <span class='ocrx_word' id='word_1_127' title='bbox 1045 1925 1060 1947; x_wconf 91' lang='lat'><strong>,</strong></span> <span class='ocrx_word' id='word_1_128' title='bbox 1090 1885 1156 1939; x_wconf 88' lang='lat' dir='ltr'><strong>ad</strong></span> <span class='ocrx_word' id='word_1_129' title='bbox 1191 1887 1412 1943; x_wconf 91' lang='lat' dir='ltr'><strong>mimum</strong></span> <span class='ocrx_word' id='word_1_130' title='bbox 1440 1889 1729 1947; x_wconf 92' lang='lat' dir='ltr'><strong>videndum</strong></span> <span class='ocrx_word' id='word_1_131' title='bbox 1756 1907 1848 1946; x_wconf 57' lang='lat' dir='ltr'><strong>ac.</strong></span> 
     </span>
    </p>
   </div>
   <div class='ocr_carea' id='block_1_18' title="bbox 238 1970 1849 2053">
    <p class='ocr_par' dir='ltr' id='par_1_18' title="bbox 238 1970 1849 2053">
     <span class='ocr_line' id='line_1_18' title="bbox 238 1970 1849 2053; baseline 0.011 -29"><span class='ocrx_word' id='word_1_132' title='bbox 238 1970 421 2026; x_wconf 89' lang='lat' dir='ltr'><strong>curris</strong></span> <span class='ocrx_word' id='word_1_133' title='bbox 436 1971 470 2044; x_wconf 63' lang='lat'><strong>»(</strong></span> <span class='ocrx_word' id='word_1_134' title='bbox 499 1971 689 2028; x_wconf 89' lang='lat' dir='ltr'><strong>iisdem</strong></span> <span class='ocrx_word' id='word_1_135' title='bbox 707 1975 862 2030; x_wconf 87' lang='lat' dir='ltr'><strong>enim</strong></span> <span class='ocrx_word' id='word_1_136' title='bbox 904 1976 1146 2032; x_wconf 79' lang='lat' dir='ltr'><strong>insistam</strong></span> <span class='ocrx_word' id='word_1_137' title='bbox 1177 1979 1370 2049; x_wconf 83' lang='lat' dir='ltr'><strong>quibus</strong></span> <span class='ocrx_word' id='word_1_138' title='bbox 1400 1997 1570 2052; x_wconf 84' lang='lat' dir='ltr'><strong>nuper</strong></span> <span class='ocrx_word' id='word_1_139' title='bbox 1597 1983 1615 2053; x_wconf 96' lang='lat'>)</span> <span class='ocrx_word' id='word_1_140' title='bbox 1646 1999 1660 2037; x_wconf 89' lang='lat'><em>:</em></span> <span class='ocrx_word' id='word_1_141' title='bbox 1689 1984 1849 2040; x_wconf 83' lang='lat' dir='ltr'><strong>Chri-</strong></span> 
     </span>
    </p>
   </div>
   <div class='ocr_carea' id='block_1_19' title="bbox 227 2062 1840 2141">
    <p class='ocr_par' dir='ltr' id='par_1_19' title="bbox 227 2062 1840 2141">
     <span class='ocr_line' id='line_1_19' title="bbox 227 2062 1840 2141; baseline 0.011 -25"><span class='ocrx_word' id='word_1_142' title='bbox 227 2069 388 2116; x_wconf 71' lang='lat' dir='ltr'><strong>stum</strong></span> <span class='ocrx_word' id='word_1_143' title='bbox 415 2062 467 2116; x_wconf 91' lang='lat' dir='ltr'><strong>in</strong></span> <span class='ocrx_word' id='word_1_144' title='bbox 504 2065 766 2135; x_wconf 72' lang='lat' dir='ltr'><strong>prtesepio</strong></span> <span class='ocrx_word' id='word_1_145' title='bbox 799 2065 1067 2135; x_wconf 89' lang='lat' dir='ltr'><strong>jaceutem</strong></span> <span class='ocrx_word' id='word_1_146' title='bbox 1100 2069 1357 2141; x_wconf 90' lang='lat' dir='ltr'><strong>relinquis</strong></span> <span class='ocrx_word' id='word_1_147' title='bbox 1378 2115 1394 2141; x_wconf 91' lang='lat'><strong>,</strong></span> <span class='ocrx_word' id='word_1_148' title='bbox 1424 2083 1482 2129; x_wconf 92' lang='lat' dir='ltr'><strong>ut</strong></span> <span class='ocrx_word' id='word_1_149' title='bbox 1507 2075 1758 2131; x_wconf 85' lang='lat' dir='ltr'><strong>mulieres</strong></span> <span class='ocrx_word' id='word_1_150' title='bbox 1791 2078 1840 2135; x_wconf 89' lang='lat' dir='ltr'><strong>in</strong></span> 
     </span>
    </p>
   </div>
   <div class='ocr_carea' id='block_1_20' title="bbox 234 2143 1844 2236">
    <p class='ocr_par' dir='ltr' id='par_1_20' title="bbox 234 2143 1844 2236">
     <span class='ocr_line' id='line_1_20' title="bbox 234 2143 1844 2236; baseline 0.012 -31"><span class='ocrx_word' id='word_1_151' title='bbox 234 2143 405 2206; x_wconf 73' lang='lat' dir='ltr'><strong>scena</strong></span> <span class='ocrx_word' id='word_1_152' title='bbox 443 2153 642 2210; x_wconf 84' lang='lat' dir='ltr'><strong>videas.</strong></span> <span class='ocrx_word' id='word_1_153' title='bbox 687 2155 893 2225; x_wconf 89' lang='lat' dir='ltr'><strong>Quibus</strong></span> <span class='ocrx_word' id='word_1_154' title='bbox 929 2157 1047 2214; x_wconf 60' lang='lat' dir='ltr'><strong>hare</strong></span> <span class='ocrx_word' id='word_1_155' title='bbox 1071 2159 1380 2218; x_wconf 83' lang='lat' dir='ltr'><strong>fulminibus</strong></span> <span class='ocrx_word' id='word_1_156' title='bbox 1404 2163 1562 2236; x_wconf 80' lang='lat' dir='ltr'><strong>digna</strong></span> <span class='ocrx_word' id='word_1_157' title='bbox 1591 2182 1696 2221; x_wconf 93' lang='lat' dir='ltr'><strong>non</strong></span> <span class='ocrx_word' id='word_1_158' title='bbox 1730 2166 1844 2223; x_wconf 74' lang='lat' dir='ltr'><strong>fue~</strong></span> 
     </span>
    </p>
   </div>
   <div class='ocr_carea' id='block_1_21' title="bbox 235 2241 394 2297">
    <p class='ocr_par' dir='ltr' id='par_1_21' title="bbox 235 2241 394 2297">
     <span class='ocr_line' id='line_1_21' title="bbox 235 2241 394 2297; baseline 0.006 -1"><span class='ocrx_word' id='word_1_159' title='bbox 235 2241 394 2297; x_wconf 73' lang='lat' dir='ltr'><strong>rint?</strong></span> 
     </span>
    </p>
   </div>
   <div class='ocr_carea' id='block_1_22' title="bbox 302 2410 1830 2495">
    <p class='ocr_par' dir='ltr' id='par_1_22' title="bbox 302 2410 1830 2495">
     <span class='ocr_line' id='line_1_22' title="bbox 302 2410 1830 2495; baseline 0.011 -30"><span class='ocrx_word' id='word_1_160' title='bbox 302 2410 356 2466; x_wconf 88' lang='lat'><strong>6.</strong></span> <span class='ocrx_word' id='word_1_161' title='bbox 387 2410 442 2467; x_wconf 90' lang='lat' dir='ltr'><strong>Si</strong></span> <span class='ocrx_word' id='word_1_162' title='bbox 470 2413 611 2483; x_wconf 88' lang='lat' dir='ltr'><strong>quis,</strong></span> <span class='ocrx_word' id='word_1_163' title='bbox 639 2428 843 2485; x_wconf 57' lang='lat' dir='ltr'><strong>quaeso,</strong></span> <span class='ocrx_word' id='word_1_164' title='bbox 873 2416 1239 2488; x_wconf 84' lang='lat' dir='ltr'><strong>polliceretur,</strong></span> <span class='ocrx_word' id='word_1_165' title='bbox 1272 2431 1324 2477; x_wconf 88' lang='lat' dir='ltr'><strong>te</strong></span> <span class='ocrx_word' id='word_1_166' title='bbox 1353 2422 1406 2478; x_wconf 90' lang='lat' dir='ltr'><strong>in</strong></span> <span class='ocrx_word' id='word_1_167' title='bbox 1436 2424 1633 2495; x_wconf 78' lang='lat' dir='ltr'><strong>regiam</strong></span> <span class='ocrx_word' id='word_1_168' title='bbox 1663 2424 1830 2482; x_wconf 82' lang='lat' dir='ltr'><strong>intro-</strong></span> 
     </span>
    </p>
   </div>
   <div class='ocr_carea' id='block_1_23' title="bbox 215 2497 1826 2585">
    <p class='ocr_par' dir='ltr' id='par_1_23' title="bbox 215 2497 1826 2585">
     <span class='ocr_line' id='line_1_23' title="bbox 215 2497 1826 2585; baseline 0.011 -28"><span class='ocrx_word' id='word_1_169' title='bbox 215 2497 446 2567; x_wconf 80' lang='lat' dir='ltr'><strong>ducere,</strong></span> <span class='ocrx_word' id='word_1_170' title='bbox 478 2505 969 2580; x_wconf 85' lang='lat' dir='ltr'><strong>lmperatoremque</strong></span> <span class='ocrx_word' id='word_1_171' title='bbox 992 2512 1271 2570; x_wconf 84' lang='lat' dir='ltr'><strong>sedentem</strong></span> <span class='ocrx_word' id='word_1_172' title='bbox 1300 2515 1389 2571; x_wconf 87' lang='lat' dir='ltr'><strong>tibi</strong></span> <span class='ocrx_word' id='word_1_173' title='bbox 1417 2524 1726 2585; x_wconf 78' lang='lat' dir='ltr'><strong>ostendere,</strong></span> <span class='ocrx_word' id='word_1_174' title='bbox 1759 2536 1826 2574; x_wconf 86' lang='lat' dir='ltr'><strong>an</strong></span> 
     </span>
    </p>
   </div>
   <div class='ocr_carea' id='block_1_24' title="bbox 226 2593 1829 2676">
    <p class='ocr_par' dir='ltr' id='par_1_24' title="bbox 226 2593 1829 2676">
     <span class='ocr_line' id='line_1_24' title="bbox 226 2593 1829 2676; baseline 0.012 -28"><span class='ocrx_word' id='word_1_175' title='bbox 226 2593 532 2665; x_wconf 91' lang='lat' dir='ltr'><strong>hujusmodi</strong></span> <span class='ocrx_word' id='word_1_176' title='bbox 554 2603 858 2669; x_wconf 90' lang='lat' dir='ltr'><strong>spectaculo</strong></span> <span class='ocrx_word' id='word_1_177' title='bbox 881 2603 1146 2661; x_wconf 85' lang='lat' dir='ltr'><strong>theatrum</strong></span> <span class='ocrx_word' id='word_1_178' title='bbox 1173 2609 1493 2676; x_wconf 77' lang='lat' dir='ltr'><strong>anteferres,</strong></span> <span class='ocrx_word' id='word_1_179' title='bbox 1517 2611 1723 2666; x_wconf 90' lang='lat' dir='ltr'><strong>etiamsi</strong></span> <span class='ocrx_word' id='word_1_180' title='bbox 1751 2614 1829 2667; x_wconf 71' lang='lat' dir='ltr'><strong>ni»</strong></span> 
     </span>
    </p>
   </div>
   <div class='ocr_carea' id='block_1_25' title="bbox 225 2684 1822 2775">
    <p class='ocr_par' dir='ltr' id='par_1_25' title="bbox 225 2684 1822 2775">
     <span class='ocr_line' id='line_1_25' title="bbox 225 2684 1822 2775; baseline 0.011 -34"><span class='ocrx_word' id='word_1_181' title='bbox 225 2684 301 2742; x_wconf 85' lang='lat' dir='ltr'><strong>hil</strong></span> <span class='ocrx_word' id='word_1_182' title='bbox 336 2690 458 2745; x_wconf 86' lang='lat' dir='ltr'><strong>hinc</strong></span> <span class='ocrx_word' id='word_1_183' title='bbox 490 2691 620 2746; x_wconf 92' lang='lat' dir='ltr'><strong>lucri</strong></span> <span class='ocrx_word' id='word_1_184' title='bbox 651 2692 852 2749; x_wconf 80' lang='lat' dir='ltr'><strong>referre</strong></span> <span class='ocrx_word' id='word_1_185' title='bbox 878 2699 1104 2766; x_wconf 85' lang='lat' dir='ltr'><strong>posses?</strong></span> <span class='ocrx_word' id='word_1_186' title='bbox 1131 2699 1227 2754; x_wconf 84' lang='lat' dir='ltr'><strong>Hic</strong></span> <span class='ocrx_word' id='word_1_187' title='bbox 1254 2717 1380 2756; x_wconf 85' lang='lat' dir='ltr'><strong>vero</strong></span> <span class='ocrx_word' id='word_1_188' title='bbox 1411 2701 1530 2758; x_wconf 89' lang='lat' dir='ltr'><strong>fons</strong></span> <span class='ocrx_word' id='word_1_189' title='bbox 1556 2702 1694 2775; x_wconf 90' lang='lat' dir='ltr'><strong>ignis</strong></span> <span class='ocrx_word' id='word_1_190' title='bbox 1717 2707 1822 2774; x_wconf 84' lang='lat' dir='ltr'><strong>spi-</strong></span> 
     </span>
    </p>
   </div>
   <div class='ocr_carea' id='block_1_26' title="bbox 226 2779 1823 2849">
    <p class='ocr_par' dir='ltr' id='par_1_26' title="bbox 226 2779 1823 2849">
     <span class='ocr_line' id='line_1_26' title="bbox 226 2779 1823 2849; baseline 0.009 -16"><span class='ocrx_word' id='word_1_191' title='bbox 226 2779 436 2834; x_wconf 88' lang='lat' dir='ltr'><strong>ritualis</strong></span> <span class='ocrx_word' id='word_1_192' title='bbox 463 2797 526 2836; x_wconf 81' lang='lat' dir='ltr'><strong>ex</strong></span> <span class='ocrx_word' id='word_1_193' title='bbox 557 2783 655 2837; x_wconf 88' lang='lat' dir='ltr'><strong>hac</strong></span> <span class='ocrx_word' id='word_1_194' title='bbox 679 2800 866 2840; x_wconf 89' lang='lat' dir='ltr'><strong>mensa</strong></span> <span class='ocrx_word' id='word_1_195' title='bbox 892 2790 1110 2842; x_wconf 84' lang='lat' dir='ltr'><strong>scaturit</strong></span> <span class='ocrx_word' id='word_1_196' title='bbox 1138 2807 1150 2842; x_wconf 87' lang='lat'><em>:</em></span> <span class='ocrx_word' id='word_1_197' title='bbox 1179 2799 1231 2843; x_wconf 92' lang='lat' dir='ltr'><strong>tu</strong></span> <span class='ocrx_word' id='word_1_198' title='bbox 1262 2806 1390 2846; x_wconf 86' lang='lat' dir='ltr'><strong>vero</strong></span> <span class='ocrx_word' id='word_1_199' title='bbox 1421 2791 1516 2846; x_wconf 83' lang='lat' dir='ltr'><strong>liae</strong></span> <span class='ocrx_word' id='word_1_200' title='bbox 1548 2793 1732 2849; x_wconf 89' lang='lat' dir='ltr'><strong>relicta</strong></span> <span class='ocrx_word' id='word_1_201' title='bbox 1761 2796 1823 2848; x_wconf 81' lang='lat' dir='ltr'><strong>ad</strong></span> 
     </span>
    </p>
   </div>
   <div class='ocr_carea' id='block_1_27' title="bbox 225 2869 1826 2952">
    <p class='ocr_par' dir='ltr' id='par_1_27' title="bbox 225 2869 1826 2952">
     <span class='ocr_line' id='line_1_27' title="bbox 225 2869 1826 2952; baseline 0.011 -28"><span class='ocrx_word' id='word_1_202' title='bbox 225 2869 490 2926; x_wconf 89' lang='lat' dir='ltr'><strong>theatrum</strong></span> <span class='ocrx_word' id='word_1_203' title='bbox 521 2875 758 2929; x_wconf 89' lang='lat' dir='ltr'><strong>accurris</strong></span> <span class='ocrx_word' id='word_1_204' title='bbox 786 2886 1034 2934; x_wconf 72' lang='lat' dir='ltr'><strong>natantes</strong></span> <span class='ocrx_word' id='word_1_205' title='bbox 1064 2881 1320 2940; x_wconf 84' lang='lat' dir='ltr'><strong>mulieres</strong></span> <span class='ocrx_word' id='word_1_206' title='bbox 1351 2895 1686 2952; x_wconf 85' lang='lat' dir='ltr'><strong>spectaturus</strong></span> <span class='ocrx_word' id='word_1_207' title='bbox 1709 2929 1723 2952; x_wconf 94' lang='lat'><strong>,</strong></span> <span class='ocrx_word' id='word_1_208' title='bbox 1764 2904 1826 2943; x_wconf 90' lang='lat' dir='ltr'><strong>ac</strong></span> 
     </span>
    </p>
   </div>
   <div class='ocr_carea' id='block_1_28' title="bbox 224 2964 1825 3048">
    <p class='ocr_par' dir='ltr' id='par_1_28' title="bbox 224 2964 1825 3048">
     <span class='ocr_line' id='line_1_28' title="bbox 224 2964 1825 3048; baseline 0.01 -30"><span class='ocrx_word' id='word_1_209' title='bbox 224 2975 412 3018; x_wconf 79' lang='lat' dir='ltr'><strong>sexum</strong></span> <span class='ocrx_word' id='word_1_210' title='bbox 466 2964 613 3020; x_wconf 90' lang='lat' dir='ltr'><strong>illum</strong></span> <span class='ocrx_word' id='word_1_211' title='bbox 662 2966 1106 3035; x_wconf 77' lang='lat' dir='ltr'><strong>dehoncsuitum,</strong></span> <span class='ocrx_word' id='word_1_212' title='bbox 1147 2972 1524 3046; x_wconf 81' lang='lat' dir='ltr'><strong>Christumque</strong></span> <span class='ocrx_word' id='word_1_213' title='bbox 1570 2979 1825 3048; x_wconf 84' lang='lat' dir='ltr'><strong>relinquis</strong></span> 
     </span>
    </p>
   </div>
   <div class='ocr_carea' id='block_1_29' title="bbox 223 3052 1821 3135">
    <p class='ocr_par' dir='ltr' id='par_1_29' title="bbox 223 3052 1821 3135">
     <span class='ocr_line' id='line_1_29' title="bbox 223 3052 1821 3135; baseline 0.009 -28"><span class='ocrx_word' id='word_1_214' title='bbox 223 3052 356 3109; x_wconf 79' lang='lat' dir='ltr'><strong>fonti</strong></span> <span class='ocrx_word' id='word_1_215' title='bbox 389 3054 756 3112; x_wconf 82' lang='lat' dir='ltr'><strong>assidentem?</strong></span> <span class='ocrx_word' id='word_1_216' title='bbox 785 3058 997 3114; x_wconf 80' lang='lat' dir='ltr'><strong>Etenim</strong></span> <span class='ocrx_word' id='word_1_217' title='bbox 1030 3077 1172 3116; x_wconf 91' lang='lat' dir='ltr'><strong>nunc</strong></span> <span class='ocrx_word' id='word_1_218' title='bbox 1200 3079 1414 3134; x_wconf 84' lang='lat' dir='ltr'><strong>quoque</strong></span> <span class='ocrx_word' id='word_1_219' title='bbox 1438 3066 1586 3135; x_wconf 76' lang='lat' dir='ltr'><strong>juxta</strong></span> <span class='ocrx_word' id='word_1_220' title='bbox 1620 3068 1821 3121; x_wconf 90' lang='lat' dir='ltr'><strong>fontem</strong></span> 
     </span>
    </p>
   </div>
   <div class='ocr_carea' id='block_1_30' title="bbox 221 3146 1824 3220">
    <p class='ocr_par' dir='ltr' id='par_1_30' title="bbox 221 3146 1824 3220">
     <span class='ocr_line' id='line_1_30' title="bbox 221 3146 1824 3220; baseline 0.007 -20"><span class='ocrx_word' id='word_1_221' title='bbox 221 3146 371 3200; x_wconf 81' lang='lat' dir='ltr'><strong>sedet</strong></span> <span class='ocrx_word' id='word_1_222' title='bbox 396 3189 409 3212; x_wconf 98' lang='lat'><strong>,</strong></span> <span class='ocrx_word' id='word_1_223' title='bbox 440 3163 543 3201; x_wconf 92' lang='lat' dir='ltr'><strong>non</strong></span> <span class='ocrx_word' id='word_1_224' title='bbox 559 3147 958 3212; x_wconf 68' lang='lat' dir='ltr'><strong>‘Samaritanam</strong></span> <span class='ocrx_word' id='word_1_225' title='bbox 984 3151 1293 3220; x_wconf 85' lang='lat' dir='ltr'><strong>alloquens,</strong></span> <span class='ocrx_word' id='word_1_226' title='bbox 1322 3155 1415 3209; x_wconf 79' lang='lat' dir='ltr'><strong>sed</strong></span> <span class='ocrx_word' id='word_1_227' title='bbox 1448 3165 1610 3210; x_wconf 88' lang='lat' dir='ltr'><strong>totam</strong></span> <span class='ocrx_word' id='word_1_228' title='bbox 1638 3159 1824 3212; x_wconf 84' lang='lat' dir='ltr'><strong>civita—</strong></span> 
     </span>
    </p>
   </div>
   <div class='ocr_carea' id='block_1_31' title="bbox 220 3236 1818 3313">
    <p class='ocr_par' dir='ltr' id='par_1_31' title="bbox 220 3236 1818 3313">
     <span class='ocr_line' id='line_1_31' title="bbox 220 3236 1818 3313; baseline 0.006 -21"><span class='ocrx_word' id='word_1_229' title='bbox 220 3247 329 3292; x_wconf 88' lang='lat' dir='ltr'><strong>tem</strong></span> <span class='ocrx_word' id='word_1_230' title='bbox 367 3255 380 3292; x_wconf 89' lang='lat'><strong>:</strong></span> <span class='ocrx_word' id='word_1_231' title='bbox 413 3236 638 3293; x_wconf 80' lang='lat' dir='ltr'><strong>fortasse</strong></span> <span class='ocrx_word' id='word_1_232' title='bbox 665 3255 792 3295; x_wconf 87' lang='lat' dir='ltr'><strong>vero</strong></span> <span class='ocrx_word' id='word_1_233' title='bbox 823 3257 961 3296; x_wconf 93' lang='lat' dir='ltr'><strong>nunc</strong></span> <span class='ocrx_word' id='word_1_234' title='bbox 991 3257 1201 3313; x_wconf 88' lang='lat' dir='ltr'><strong>quoque</strong></span> <span class='ocrx_word' id='word_1_235' title='bbox 1226 3245 1618 3302; x_wconf 89' lang='lat' dir='ltr'><strong>Samaritanam</strong></span> <span class='ocrx_word' id='word_1_236' title='bbox 1648 3249 1818 3304; x_wconf 83' lang='lat' dir='ltr'><strong>solam</strong></span> 
     </span>
    </p>
   </div>
   <div class='ocr_carea' id='block_1_32' title="bbox 217 3329 1820 3410">
    <p class='ocr_par' dir='ltr' id='par_1_32' title="bbox 217 3329 1820 3410">
     <span class='ocr_line' id='line_1_32' title="bbox 217 3329 1820 3410; baseline 0.007 -28"><span class='ocrx_word' id='word_1_237' title='bbox 217 3329 535 3398; x_wconf 86' lang='lat' dir='ltr'><strong>alloquitur.</strong></span> <span class='ocrx_word' id='word_1_238' title='bbox 581 3329 750 3384; x_wconf 85' lang='lat' dir='ltr'><strong>Nemo</strong></span> <span class='ocrx_word' id='word_1_239' title='bbox 779 3333 922 3386; x_wconf 90' lang='lat' dir='ltr'><strong>enim</strong></span> <span class='ocrx_word' id='word_1_240' title='bbox 955 3333 1051 3403; x_wconf 89' lang='lat' dir='ltr'><strong>ipsi</strong></span> <span class='ocrx_word' id='word_1_241' title='bbox 1083 3349 1223 3390; x_wconf 93' lang='lat' dir='ltr'><strong>nunc</strong></span> <span class='ocrx_word' id='word_1_242' title='bbox 1252 3335 1404 3391; x_wconf 89' lang='lat' dir='ltr'><strong>adest</strong></span> <span class='ocrx_word' id='word_1_243' title='bbox 1431 3378 1444 3401; x_wconf 92' lang='lat'><strong>,</strong></span> <span class='ocrx_word' id='word_1_244' title='bbox 1475 3339 1576 3393; x_wconf 87' lang='lat' dir='ltr'><strong>nisi</strong></span> <span class='ocrx_word' id='word_1_245' title='bbox 1605 3340 1820 3410; x_wconf 84' lang='lat' dir='ltr'><strong>quidam</strong></span> 
     </span>
    </p>
   </div>
   <div class='ocr_carea' id='block_1_33' title="bbox 215 3422 1821 3498">
    <p class='ocr_par' dir='ltr' id='par_1_33' title="bbox 215 3422 1821 3498">
     <span class='ocr_line' id='line_1_33' title="bbox 215 3422 1821 3498; baseline 0.007 -24"><span class='ocrx_word' id='word_1_246' title='bbox 215 3434 449 3490; x_wconf 75' lang='lat' dir='ltr'><strong>corpore</strong></span> <span class='ocrx_word' id='word_1_247' title='bbox 476 3429 697 3486; x_wconf 90' lang='lat' dir='ltr'><strong>tantum,</strong></span> <span class='ocrx_word' id='word_1_248' title='bbox 729 3422 816 3476; x_wconf 87' lang='lat' dir='ltr'><strong>alii</strong></span> <span class='ocrx_word' id='word_1_249' title='bbox 845 3433 1026 3478; x_wconf 89' lang='lat' dir='ltr'><strong>autem</strong></span> <span class='ocrx_word' id='word_1_250' title='bbox 1056 3441 1121 3479; x_wconf 91' lang='lat' dir='ltr'><strong>ue</strong></span> <span class='ocrx_word' id='word_1_251' title='bbox 1149 3440 1375 3495; x_wconf 85' lang='lat' dir='ltr'><strong>corpore</strong></span> <span class='ocrx_word' id='word_1_252' title='bbox 1399 3429 1639 3498; x_wconf 86' lang='lat' dir='ltr'><strong>quidem.</strong></span> <span class='ocrx_word' id='word_1_253' title='bbox 1670 3431 1821 3484; x_wconf 79' lang='lat' dir='ltr'><strong>Atta-</strong></span> 
     </span>
    </p>
   </div>
   <div class='ocr_carea' id='block_1_34' title="bbox 217 3511 1821 3590">
    <p class='ocr_par' dir='ltr' id='par_1_34' title="bbox 217 3511 1821 3590">
     <span class='ocr_line' id='line_1_34' title="bbox 217 3511 1821 3590; baseline 0.007 -26"><span class='ocrx_word' id='word_1_254' title='bbox 217 3526 343 3564; x_wconf 87' lang='lat' dir='ltr'><strong>men</strong></span> <span class='ocrx_word' id='word_1_255' title='bbox 376 3511 491 3581; x_wconf 87' lang='lat' dir='ltr'><strong>ipse</strong></span> <span class='ocrx_word' id='word_1_256' title='bbox 521 3527 627 3566; x_wconf 87' lang='lat' dir='ltr'><strong>non</strong></span> <span class='ocrx_word' id='word_1_257' title='bbox 661 3513 899 3578; x_wconf 88' lang='lat' dir='ltr'><strong>recedit;</strong></span> <span class='ocrx_word' id='word_1_258' title='bbox 929 3514 1022 3568; x_wconf 86' lang='lat' dir='ltr'><strong>sed</strong></span> <span class='ocrx_word' id='word_1_259' title='bbox 1066 3527 1247 3570; x_wconf 90' lang='lat' dir='ltr'><strong>manet</strong></span> <span class='ocrx_word' id='word_1_260' title='bbox 1275 3527 1455 3586; x_wconf 88' lang='lat' dir='ltr'><strong>potum</strong></span> <span class='ocrx_word' id='word_1_261' title='bbox 1482 3532 1512 3572; x_wconf 88' lang='lat' dir='ltr'><strong>a</strong></span> <span class='ocrx_word' id='word_1_262' title='bbox 1544 3519 1699 3575; x_wconf 89' lang='lat' dir='ltr'><strong>nobis</strong></span> <span class='ocrx_word' id='word_1_263' title='bbox 1728 3537 1821 3590; x_wconf 62' lang='lat' dir='ltr'><strong>po.</strong></span> 
     </span>
    </p>
   </div>
   <div class='ocr_carea' id='block_1_35' title="bbox 217 3602 1820 3680">
    <p class='ocr_par' dir='ltr' id='par_1_35' title="bbox 217 3602 1820 3680">
     <span class='ocr_line' id='line_1_35' title="bbox 217 3602 1820 3680; baseline 0.007 -25"><span class='ocrx_word' id='word_1_264' title='bbox 217 3602 446 3667; x_wconf 82' lang='lat' dir='ltr'><strong>stulans,</strong></span> <span class='ocrx_word' id='word_1_265' title='bbox 480 3618 585 3657; x_wconf 87' lang='lat' dir='ltr'><strong>non</strong></span> <span class='ocrx_word' id='word_1_266' title='bbox 617 3618 841 3672; x_wconf 88' lang='lat' dir='ltr'><strong>aquam,</strong></span> <span class='ocrx_word' id='word_1_267' title='bbox 871 3606 967 3660; x_wconf 89' lang='lat' dir='ltr'><strong>sed</strong></span> <span class='ocrx_word' id='word_1_268' title='bbox 997 3606 1333 3662; x_wconf 84' lang='lat' dir='ltr'><strong>sanctitatem</strong></span> <span class='ocrx_word' id='word_1_269' title='bbox 1367 3627 1380 3662; x_wconf 89' lang='lat'><strong>:</strong></span> <span class='ocrx_word' id='word_1_270' title='bbox 1413 3619 1597 3665; x_wconf 86' lang='lat' dir='ltr'><strong>saneta</strong></span> <span class='ocrx_word' id='word_1_271' title='bbox 1626 3613 1820 3680; x_wconf 83' lang='lat' dir='ltr'><strong>quippe</strong></span> 
     </span>
    </p>
   </div>
   <div class='ocr_carea' id='block_1_36' title="bbox 212 3691 1820 3773">
    <p class='ocr_par' dir='ltr' id='par_1_36' title="bbox 212 3691 1820 3773">
     <span class='ocr_line' id='line_1_36' title="bbox 212 3691 1820 3773; baseline 0.011 -32"><span class='ocrx_word' id='word_1_272' title='bbox 212 3691 418 3746; x_wconf 78' lang='lat' dir='ltr'><strong>sanctis</strong></span> <span class='ocrx_word' id='word_1_273' title='bbox 448 3695 647 3749; x_wconf 80' lang='lat' dir='ltr'><strong>tribuit.</strong></span> <span class='ocrx_word' id='word_1_274' title='bbox 681 3696 862 3768; x_wconf 86' lang='lat' dir='ltr'><strong>Neque</strong></span> <span class='ocrx_word' id='word_1_275' title='bbox 888 3699 1030 3754; x_wconf 88' lang='lat' dir='ltr'><strong>enim</strong></span> <span class='ocrx_word' id='word_1_276' title='bbox 1057 3715 1249 3769; x_wconf 88' lang='lat' dir='ltr'><strong>aquam</strong></span> <span class='ocrx_word' id='word_1_277' title='bbox 1278 3716 1343 3755; x_wconf 80' lang='lat' dir='ltr'><strong>ex</strong></span> <span class='ocrx_word' id='word_1_278' title='bbox 1373 3701 1474 3756; x_wconf 91' lang='lat' dir='ltr'><strong>hoc</strong></span> <span class='ocrx_word' id='word_1_279' title='bbox 1502 3701 1650 3758; x_wconf 92' lang='lat' dir='ltr'><strong>fonte</strong></span> <span class='ocrx_word' id='word_1_280' title='bbox 1680 3720 1820 3773; x_wconf 73' lang='lat' dir='ltr'><strong>pne-</strong></span> 
     </span>
    </p>
   </div>
   <div class='ocr_carea' id='block_1_37' title="bbox 213 3780 1816 3863">
    <p class='ocr_par' dir='ltr' id='par_1_37' title="bbox 213 3780 1816 3863">
     <span class='ocr_line' id='line_1_37' title="bbox 213 3780 1816 3863; baseline 0.01 -27"><span class='ocrx_word' id='word_1_281' title='bbox 213 3780 326 3846; x_wconf 85' lang='lat' dir='ltr'><strong>bet,</strong></span> <span class='ocrx_word' id='word_1_282' title='bbox 347 3784 442 3838; x_wconf 89' lang='lat' dir='ltr'><strong>sed</strong></span> <span class='ocrx_word' id='word_1_283' title='bbox 467 3788 779 3856; x_wconf 88' lang='lat' dir='ltr'><strong>sanguinem</strong></span> <span class='ocrx_word' id='word_1_284' title='bbox 804 3790 1091 3852; x_wconf 88' lang='lat' dir='ltr'><strong>viventem,</strong></span> <span class='ocrx_word' id='word_1_285' title='bbox 1114 3794 1203 3861; x_wconf 90' lang='lat' dir='ltr'><strong>qui</strong></span> <span class='ocrx_word' id='word_1_286' title='bbox 1231 3792 1533 3863; x_wconf 85' lang='lat' dir='ltr'><strong>symbolum</strong></span> <span class='ocrx_word' id='word_1_287' title='bbox 1557 3805 1639 3850; x_wconf 91' lang='lat' dir='ltr'><strong>est</strong></span> <span class='ocrx_word' id='word_1_288' title='bbox 1666 3811 1816 3851; x_wconf 83' lang='lat' dir='ltr'><strong>mor-</strong></span> 
     </span>
    </p>
   </div>
   <div class='ocr_carea' id='block_1_38' title="bbox 213 3876 1813 3957">
    <p class='ocr_par' dir='ltr' id='par_1_38' title="bbox 213 3876 1813 3957">
     <span class='ocr_line' id='line_1_38' title="bbox 213 3876 1813 3957; baseline 0.009 -29"><span class='ocrx_word' id='word_1_289' title='bbox 213 3876 302 3938; x_wconf 89' lang='lat' dir='ltr'><strong>tis,</strong></span> <span class='ocrx_word' id='word_1_290' title='bbox 336 3877 428 3930; x_wconf 76' lang='lat' dir='ltr'><strong>sed</strong></span> <span class='ocrx_word' id='word_1_291' title='bbox 451 3880 571 3933; x_wconf 69' lang='lat' dir='ltr'><strong>vita:</strong></span> <span class='ocrx_word' id='word_1_292' title='bbox 595 3896 753 3934; x_wconf 83' lang='lat' dir='ltr'><strong>causa</strong></span> <span class='ocrx_word' id='word_1_293' title='bbox 780 3891 881 3938; x_wconf 90' lang='lat' dir='ltr'><strong>est.</strong></span> <span class='ocrx_word' id='word_1_294' title='bbox 907 3883 986 3938; x_wconf 83' lang='lat' dir='ltr'><strong>Tu</strong></span> <span class='ocrx_word' id='word_1_295' title='bbox 1010 3895 1186 3938; x_wconf 88' lang='lat' dir='ltr'><strong>autem</strong></span> <span class='ocrx_word' id='word_1_296' title='bbox 1215 3885 1400 3940; x_wconf 90' lang='lat' dir='ltr'><strong>relicto</strong></span> <span class='ocrx_word' id='word_1_297' title='bbox 1420 3885 1568 3942; x_wconf 86' lang='lat' dir='ltr'><strong>fonte</strong></span> <span class='ocrx_word' id='word_1_298' title='bbox 1595 3889 1813 3957; x_wconf 87' lang='lat' dir='ltr'><strong>sangui-</strong></span> 
     </span>
    </p>
   </div>
   <div class='ocr_carea' id='block_1_39' title="bbox 208 3966 1810 4047">
    <p class='ocr_par' dir='ltr' id='par_1_39' title="bbox 208 3966 1810 4047">
     <span class='ocr_line' id='line_1_39' title="bbox 208 3966 1810 4047; baseline 0.007 -26"><span class='ocrx_word' id='word_1_299' title='bbox 208 3966 318 4034; x_wconf 84' lang='lat' dir='ltr'><strong>nis,</strong></span> <span class='ocrx_word' id='word_1_300' title='bbox 327 3969 529 4040; x_wconf 80' lang='lat' dir='ltr'><strong>poculo</strong></span> <span class='ocrx_word' id='word_1_301' title='bbox 545 3971 634 4024; x_wconf 92' lang='lat' dir='ltr'><strong>illo</strong></span> <span class='ocrx_word' id='word_1_302' title='bbox 655 3974 952 4039; x_wconf 82' lang='lat' dir='ltr'><strong>tremendo,</strong></span> <span class='ocrx_word' id='word_1_303' title='bbox 971 3974 1037 4028; x_wconf 84' lang='lat' dir='ltr'><strong>ad</strong></span> <span class='ocrx_word' id='word_1_304' title='bbox 1055 3974 1256 4030; x_wconf 89' lang='lat' dir='ltr'><strong>fontem</strong></span> <span class='ocrx_word' id='word_1_305' title='bbox 1276 3977 1452 4047; x_wconf 90' lang='lat' dir='ltr'><strong>pergis</strong></span> <span class='ocrx_word' id='word_1_306' title='bbox 1467 3977 1810 4046; x_wconf 91' lang='lat' dir='ltr'><strong>diabolicum,</strong></span> 
     </span>
    </p>
   </div>
   <div class='ocr_carea' id='block_1_40' title="bbox 205 4065 1811 4140">
    <p class='ocr_par' dir='ltr' id='par_1_40' title="bbox 205 4065 1811 4140">
     <span class='ocr_line' id='line_1_40' title="bbox 205 4065 1811 4140; baseline 0.009 -30"><span class='ocrx_word' id='word_1_307' title='bbox 205 4065 274 4111; x_wconf 86' lang='lat' dir='ltr'><strong>ut</strong></span> <span class='ocrx_word' id='word_1_308' title='bbox 317 4070 590 4118; x_wconf 84' lang='lat' dir='ltr'><strong>natantem</strong></span> <span class='ocrx_word' id='word_1_309' title='bbox 638 4068 972 4120; x_wconf 74' lang='lat' dir='ltr'><strong>meretricem</strong></span> <span class='ocrx_word' id='word_1_310' title='bbox 1017 4069 1346 4137; x_wconf 87' lang='lat' dir='ltr'><strong>conspicias,</strong></span> <span class='ocrx_word' id='word_1_311' title='bbox 1390 4076 1444 4122; x_wconf 87' lang='lat' dir='ltr'><strong>et</strong></span> <span class='ocrx_word' id='word_1_312' title='bbox 1479 4069 1811 4140; x_wconf 84' lang='lat' dir='ltr'><strong>naufragium</strong></span> 
     </span>
    </p>
   </div>
   <div class='ocr_carea' id='block_1_41' title="bbox 205 4151 1806 4229">
    <p class='ocr_par' dir='ltr' id='par_1_41' title="bbox 205 4151 1806 4229">
     <span class='ocr_line' id='line_1_41' title="bbox 205 4151 1806 4229; baseline 0.007 -23"><span class='ocrx_word' id='word_1_313' title='bbox 205 4151 404 4207; x_wconf 69' lang='lat' dir='ltr'><strong>anima:</strong></span> <span class='ocrx_word' id='word_1_314' title='bbox 432 4154 669 4223; x_wconf 88' lang='lat' dir='ltr'><strong>patiaris.</strong></span> <span class='ocrx_word' id='word_1_315' title='bbox 701 4158 850 4227; x_wconf 83' lang='lat' dir='ltr'><strong>Aqua</strong></span> <span class='ocrx_word' id='word_1_316' title='bbox 881 4159 1022 4212; x_wconf 91' lang='lat' dir='ltr'><strong>enim</strong></span> <span class='ocrx_word' id='word_1_317' title='bbox 1052 4160 1140 4213; x_wconf 88' lang='lat' dir='ltr'><strong>illa</strong></span> <span class='ocrx_word' id='word_1_318' title='bbox 1170 4160 1389 4229; x_wconf 81' lang='lat' dir='ltr'><strong>pelagus</strong></span> <span class='ocrx_word' id='word_1_319' title='bbox 1419 4171 1500 4214; x_wconf 84' lang='lat' dir='ltr'><strong>cst</strong></span> <span class='ocrx_word' id='word_1_320' title='bbox 1530 4161 1766 4217; x_wconf 92' lang='lat' dir='ltr'><strong>libidinis</strong></span> <span class='ocrx_word' id='word_1_321' title='bbox 1791 4205 1806 4228; x_wconf 95' lang='lat'><strong>,</strong></span> 
     </span>
    </p>
   </div>
   <div class='ocr_carea' id='block_1_42' title="bbox 208 4247 1808 4321">
    <p class='ocr_par' dir='ltr' id='par_1_42' title="bbox 208 4247 1808 4321">
     <span class='ocr_line' id='line_1_42' title="bbox 208 4247 1808 4321; baseline 0.007 -26"><span class='ocrx_word' id='word_1_322' title='bbox 208 4258 315 4296; x_wconf 86' lang='lat' dir='ltr'><strong>non</strong></span> <span class='ocrx_word' id='word_1_323' title='bbox 357 4259 584 4313; x_wconf 89' lang='lat' dir='ltr'><strong>corpora</strong></span> <span class='ocrx_word' id='word_1_324' title='bbox 628 4247 1014 4317; x_wconf 87' lang='lat' dir='ltr'><strong>suhmergens,</strong></span> <span class='ocrx_word' id='word_1_325' title='bbox 1061 4249 1155 4303; x_wconf 90' lang='lat' dir='ltr'><strong>sed</strong></span> <span class='ocrx_word' id='word_1_326' title='bbox 1197 4251 1492 4304; x_wconf 83' lang='lat' dir='ltr'><strong>animarum</strong></span> <span class='ocrx_word' id='word_1_327' title='bbox 1535 4251 1808 4321; x_wconf 73' lang='lat' dir='ltr'><strong>naufragia</strong></span> 
     </span>
    </p>
   </div>
   <div class='ocr_carea' id='block_1_43' title="bbox 208 4335 1810 4406">
    <p class='ocr_par' dir='ltr' id='par_1_43' title="bbox 208 4335 1810 4406">
     <span class='ocr_line' id='line_1_43' title="bbox 208 4335 1810 4406; baseline 0.008 -21"><span class='ocrx_word' id='word_1_328' title='bbox 208 4335 441 4402; x_wconf 86' lang='lat' dir='ltr'><strong>pariens.</strong></span> <span class='ocrx_word' id='word_1_329' title='bbox 483 4336 587 4391; x_wconf 86' lang='lat' dir='ltr'><strong>Sed</strong></span> <span class='ocrx_word' id='word_1_330' title='bbox 634 4338 721 4391; x_wconf 91' lang='lat' dir='ltr'><strong>illa</strong></span> <span class='ocrx_word' id='word_1_331' title='bbox 754 4348 898 4392; x_wconf 90' lang='lat' dir='ltr'><strong>natat</strong></span> <span class='ocrx_word' id='word_1_332' title='bbox 930 4341 1068 4393; x_wconf 91' lang='lat' dir='ltr'><strong>nuda</strong></span> <span class='ocrx_word' id='word_1_333' title='bbox 1095 4383 1110 4406; x_wconf 93' lang='lat'><strong>,</strong></span> <span class='ocrx_word' id='word_1_334' title='bbox 1147 4350 1199 4394; x_wconf 93' lang='lat' dir='ltr'><strong>tu</strong></span> <span class='ocrx_word' id='word_1_335' title='bbox 1227 4357 1356 4396; x_wconf 85' lang='lat' dir='ltr'><strong>vero</strong></span> <span class='ocrx_word' id='word_1_336' title='bbox 1383 4344 1568 4397; x_wconf 88' lang='lat' dir='ltr'><strong>videns</strong></span> <span class='ocrx_word' id='word_1_337' title='bbox 1595 4344 1810 4398; x_wconf 79' lang='lat' dir='ltr'><strong>denter-</strong></span> 
     </span>
    </p>
   </div>
   <div class='ocr_carea' id='block_1_44' title="bbox 204 4427 1804 4504">
    <p class='ocr_par' dir='ltr' id='par_1_44' title="bbox 204 4427 1804 4504">
     <span class='ocr_line' id='line_1_44' title="bbox 204 4427 1804 4504; baseline 0.008 -26"><span class='ocrx_word' id='word_1_338' title='bbox 204 4427 346 4496; x_wconf 84' lang='lat' dir='ltr'><strong>gcris</strong></span> <span class='ocrx_word' id='word_1_339' title='bbox 376 4428 428 4482; x_wconf 94' lang='lat' dir='ltr'><strong>in</strong></span> <span class='ocrx_word' id='word_1_340' title='bbox 462 4428 786 4497; x_wconf 89' lang='lat' dir='ltr'><strong>profundum</strong></span> <span class='ocrx_word' id='word_1_341' title='bbox 819 4431 1069 4486; x_wconf 89' lang='lat' dir='ltr'><strong>libidinis.</strong></span> <span class='ocrx_word' id='word_1_342' title='bbox 1105 4432 1248 4487; x_wconf 86' lang='lat' dir='ltr'><strong>Talis</strong></span> <span class='ocrx_word' id='word_1_343' title='bbox 1277 4434 1471 4504; x_wconf 88' lang='lat' dir='ltr'><strong>quippe</strong></span> <span class='ocrx_word' id='word_1_344' title='bbox 1500 4444 1582 4490; x_wconf 91' lang='lat' dir='ltr'><strong>est</strong></span> <span class='ocrx_word' id='word_1_345' title='bbox 1609 4437 1804 4491; x_wconf 81' lang='lat' dir='ltr'><strong>diaboli</strong></span> 
     </span>
    </p>
   </div>
   <div class='ocr_carea' id='block_1_45' title="bbox 199 4522 1806 4593">
    <p class='ocr_par' dir='ltr' id='par_1_45' title="bbox 199 4522 1806 4593">
     <span class='ocr_line' id='line_1_45' title="bbox 199 4522 1806 4593; baseline 0.007 -22"><span class='ocrx_word' id='word_1_346' title='bbox 199 4531 401 4587; x_wconf 77' lang='lat' dir='ltr'><strong>sagena</strong></span> <span class='ocrx_word' id='word_1_347' title='bbox 435 4537 448 4572; x_wconf 88' lang='lat'><strong>:</strong></span> <span class='ocrx_word' id='word_1_348' title='bbox 483 4536 588 4574; x_wconf 93' lang='lat' dir='ltr'><strong>non</strong></span> <span class='ocrx_word' id='word_1_349' title='bbox 620 4535 715 4578; x_wconf 88' lang='lat' dir='ltr'><strong>eos</strong></span> <span class='ocrx_word' id='word_1_350' title='bbox 741 4522 829 4592; x_wconf 89' lang='lat' dir='ltr'><strong>qui</strong></span> <span class='ocrx_word' id='word_1_351' title='bbox 864 4524 913 4575; x_wconf 92' lang='lat' dir='ltr'><strong>in</strong></span> <span class='ocrx_word' id='word_1_352' title='bbox 941 4539 1134 4593; x_wconf 90' lang='lat' dir='ltr'><strong>aquam</strong></span> <span class='ocrx_word' id='word_1_353' title='bbox 1163 4525 1531 4592; x_wconf 86' lang='lat' dir='ltr'><strong>descendunt,</strong></span> <span class='ocrx_word' id='word_1_354' title='bbox 1560 4529 1651 4582; x_wconf 91' lang='lat' dir='ltr'><strong>sed</strong></span> <span class='ocrx_word' id='word_1_355' title='bbox 1687 4531 1806 4583; x_wconf 83' lang='lat' dir='ltr'><strong>illos</strong></span> 
     </span>
    </p>
   </div>
   <div class='ocr_carea' id='block_1_46' title="bbox 201 4615 1806 4691">
    <p class='ocr_par' dir='ltr' id='par_1_46' title="bbox 201 4615 1806 4691">
     <span class='ocr_line' id='line_1_46' title="bbox 201 4615 1806 4691; baseline 0.007 -26"><span class='ocrx_word' id='word_1_356' title='bbox 201 4615 379 4682; x_wconf 90' lang='lat' dir='ltr'><strong>potius</strong></span> <span class='ocrx_word' id='word_1_357' title='bbox 409 4616 497 4683; x_wconf 91' lang='lat' dir='ltr'><strong>qui</strong></span> <span class='ocrx_word' id='word_1_358' title='bbox 530 4631 740 4670; x_wconf 90' lang='lat' dir='ltr'><strong>sursum</strong></span> <span class='ocrx_word' id='word_1_359' title='bbox 769 4617 960 4672; x_wconf 87' lang='lat' dir='ltr'><strong>sedent</strong></span> <span class='ocrx_word' id='word_1_360' title='bbox 984 4659 996 4679; x_wconf 89' lang='lat'><strong>,</strong></span> <span class='ocrx_word' id='word_1_361' title='bbox 1031 4634 1189 4688; x_wconf 87' lang='lat' dir='ltr'><strong>quam</strong></span> <span class='ocrx_word' id='word_1_362' title='bbox 1221 4634 1316 4674; x_wconf 88' lang='lat' dir='ltr'><strong>eos</strong></span> <span class='ocrx_word' id='word_1_363' title='bbox 1344 4619 1436 4690; x_wconf 88' lang='lat' dir='ltr'><strong>qui</strong></span> <span class='ocrx_word' id='word_1_364' title='bbox 1466 4621 1517 4674; x_wconf 92' lang='lat' dir='ltr'><strong>in</strong></span> <span class='ocrx_word' id='word_1_365' title='bbox 1546 4637 1681 4691; x_wconf 89' lang='lat' dir='ltr'><strong>aqua</strong></span> <span class='ocrx_word' id='word_1_366' title='bbox 1714 4638 1806 4676; x_wconf 85' lang='lat' dir='ltr'><strong>vo-</strong></span> 
     </span>
    </p>
   </div>
   <div class='ocr_carea' id='block_1_47' title="bbox 201 4705 1800 4783">
    <p class='ocr_par' dir='ltr' id='par_1_47' title="bbox 201 4705 1800 4783">
     <span class='ocr_line' id='line_1_47' title="bbox 201 4705 1800 4783; baseline 0.007 -26"><span class='ocrx_word' id='word_1_367' title='bbox 201 4705 443 4760; x_wconf 87' lang='lat' dir='ltr'><strong>lutantur</strong></span> <span class='ocrx_word' id='word_1_368' title='bbox 463 4747 477 4768; x_wconf 93' lang='lat'><strong>,</strong></span> <span class='ocrx_word' id='word_1_369' title='bbox 507 4708 855 4778; x_wconf 82' lang='lat' dir='ltr'><strong>submergere</strong></span> <span class='ocrx_word' id='word_1_370' title='bbox 884 4711 1054 4776; x_wconf 88' lang='lat' dir='ltr'><strong>solet,</strong></span> <span class='ocrx_word' id='word_1_371' title='bbox 1088 4712 1387 4780; x_wconf 74' lang='lat' dir='ltr'><strong>saeviusque</strong></span> <span class='ocrx_word' id='word_1_372' title='bbox 1418 4712 1639 4767; x_wconf 85' lang='lat' dir='ltr'><strong>suﬂ&#39;ocat</strong></span> <span class='ocrx_word' id='word_1_373' title='bbox 1665 4729 1757 4768; x_wconf 91' lang='lat' dir='ltr'><strong>eos</strong></span> <span class='ocrx_word' id='word_1_374' title='bbox 1782 4756 1800 4783; x_wconf 91' lang='lat'><strong>,</strong></span> 
     </span>
    </p>
   </div>
   <div class='ocr_carea' id='block_1_48' title="bbox 197 4796 1803 4872">
    <p class='ocr_par' dir='ltr' id='par_1_48' title="bbox 197 4796 1803 4872">
     <span class='ocr_line' id='line_1_48' title="bbox 197 4796 1803 4872; baseline 0.009 -25"><span class='ocrx_word' id='word_1_375' title='bbox 197 4811 357 4866; x_wconf 88' lang='lat' dir='ltr'><strong>quam</strong></span> <span class='ocrx_word' id='word_1_376' title='bbox 405 4796 738 4853; x_wconf 86' lang='lat' dir='ltr'><strong>Pharaonem</strong></span> <span class='ocrx_word' id='word_1_377' title='bbox 767 4842 780 4865; x_wconf 98' lang='lat'><strong>,</strong></span> <span class='ocrx_word' id='word_1_378' title='bbox 824 4801 912 4870; x_wconf 86' lang='lat' dir='ltr'><strong>qui</strong></span> <span class='ocrx_word' id='word_1_379' title='bbox 954 4817 1076 4856; x_wconf 89' lang='lat' dir='ltr'><strong>cum</strong></span> <span class='ocrx_word' id='word_1_380' title='bbox 1119 4805 1271 4872; x_wconf 87' lang='lat' dir='ltr'><strong>equis</strong></span> <span class='ocrx_word' id='word_1_381' title='bbox 1306 4813 1359 4858; x_wconf 89' lang='lat' dir='ltr'><strong>et</strong></span> <span class='ocrx_word' id='word_1_382' title='bbox 1401 4805 1646 4860; x_wconf 88' lang='lat' dir='ltr'><strong>curribus</strong></span> <span class='ocrx_word' id='word_1_383' title='bbox 1678 4816 1803 4863; x_wconf 90' lang='lat' dir='ltr'><strong>tunc</strong></span> 
     </span>
    </p>
   </div>
   <div class='ocr_carea' id='block_1_49' title="bbox 195 4887 1797 4966">
    <p class='ocr_par' dir='ltr' id='par_1_49' title="bbox 195 4887 1797 4966">
     <span class='ocr_line' id='line_1_49' title="bbox 195 4887 1797 4966; baseline 0.007 -26"><span class='ocrx_word' id='word_1_384' title='bbox 195 4887 480 4941; x_wconf 90' lang='lat' dir='ltr'><strong>demersus</strong></span> <span class='ocrx_word' id='word_1_385' title='bbox 507 4898 610 4944; x_wconf 83' lang='lat' dir='ltr'><strong>eSt.</strong></span> <span class='ocrx_word' id='word_1_386' title='bbox 646 4889 715 4943; x_wconf 89' lang='lat' dir='ltr'><strong>Et</strong></span> <span class='ocrx_word' id='word_1_387' title='bbox 740 4892 783 4944; x_wconf 89' lang='lat' dir='ltr'><strong>si</strong></span> <span class='ocrx_word' id='word_1_388' title='bbox 813 4892 1025 4959; x_wconf 88' lang='lat' dir='ltr'><strong>quidem</strong></span> <span class='ocrx_word' id='word_1_389' title='bbox 1053 4893 1258 4949; x_wconf 87' lang='lat' dir='ltr'><strong>animas</strong></span> <span class='ocrx_word' id='word_1_390' title='bbox 1289 4894 1468 4951; x_wconf 85' lang='lat' dir='ltr'><strong>videre</strong></span> <span class='ocrx_word' id='word_1_391' title='bbox 1497 4911 1797 4966; x_wconf 87' lang='lat' dir='ltr'><strong>possemus,</strong></span> 
     </span>
    </p>
   </div>
   <div class='ocr_carea' id='block_1_50' title="bbox 197 4978 1794 5058">
    <p class='ocr_par' dir='ltr' id='par_1_50' title="bbox 197 4978 1794 5058">
     <span class='ocr_line' id='line_1_50' title="bbox 197 4978 1794 5058; baseline 0.009 -28"><span class='ocrx_word' id='word_1_392' title='bbox 197 4978 461 5047; x_wconf 87' lang='lat' dir='ltr'><strong>plurimas</strong></span> <span class='ocrx_word' id='word_1_393' title='bbox 491 4979 644 5034; x_wconf 85' lang='lat' dir='ltr'><strong>vobis</strong></span> <span class='ocrx_word' id='word_1_394' title='bbox 673 4982 1011 5038; x_wconf 87' lang='lat' dir='ltr'><strong>ostenderem</strong></span> <span class='ocrx_word' id='word_1_395' title='bbox 1047 4984 1127 5038; x_wconf 89' lang='lat' dir='ltr'><strong>his</strong></span> <span class='ocrx_word' id='word_1_396' title='bbox 1157 4988 1309 5056; x_wconf 87' lang='lat' dir='ltr'><strong>aquis</strong></span> <span class='ocrx_word' id='word_1_397' title='bbox 1348 5000 1754 5058; x_wconf 87' lang='lat' dir='ltr'><strong>supernatautes</strong></span> <span class='ocrx_word' id='word_1_398' title='bbox 1781 5033 1794 5054; x_wconf 93' lang='lat'><strong>,</strong></span> 
     </span>
    </p>
   </div>
   <div class='ocr_carea' id='block_1_51' title="bbox 195 5071 1796 5155">
    <p class='ocr_par' dir='ltr' id='par_1_51' title="bbox 195 5071 1796 5155">
     <span class='ocr_line' id='line_1_51' title="bbox 195 5071 1796 5155; baseline 0.007 -29"><span class='ocrx_word' id='word_1_399' title='bbox 195 5071 335 5126; x_wconf 83' lang='lat' dir='ltr'><strong>sicut</strong></span> <span class='ocrx_word' id='word_1_400' title='bbox 381 5073 508 5126; x_wconf 87' lang='lat' dir='ltr'><strong>tunc</strong></span> <span class='ocrx_word' id='word_1_401' title='bbox 550 5071 925 5144; x_wconf 69' lang='lat' dir='ltr'><strong>Egyptiorum</strong></span> <span class='ocrx_word' id='word_1_402' title='bbox 965 5091 1210 5147; x_wconf 90' lang='lat' dir='ltr'><strong>corpora.</strong></span> <span class='ocrx_word' id='word_1_403' title='bbox 1261 5079 1367 5136; x_wconf 88' lang='lat' dir='ltr'><strong>Sed</strong></span> <span class='ocrx_word' id='word_1_404' title='bbox 1406 5084 1548 5152; x_wconf 90' lang='lat' dir='ltr'><strong>quod</strong></span> <span class='ocrx_word' id='word_1_405' title='bbox 1585 5087 1796 5155; x_wconf 84' lang='lat' dir='ltr'><strong>gravius</strong></span> 
     </span>
    </p>
   </div>
   <div class='ocr_carea' id='block_1_52' title="bbox 193 5162 1798 5247">
    <p class='ocr_par' dir='ltr' id='par_1_52' title="bbox 193 5162 1798 5247">
     <span class='ocr_line' id='line_1_52' title="bbox 193 5162 1798 5247; baseline 0.01 -30"><span class='ocrx_word' id='word_1_406' title='bbox 193 5171 310 5226; x_wconf 65' lang='lat' dir='ltr'><strong>est,</strong></span> <span class='ocrx_word' id='word_1_407' title='bbox 347 5162 503 5217; x_wconf 87' lang='lat' dir='ltr'><strong>talem</strong></span> <span class='ocrx_word' id='word_1_408' title='bbox 531 5165 820 5234; x_wconf 87' lang='lat' dir='ltr'><strong>perniciem</strong></span> <span class='ocrx_word' id='word_1_409' title='bbox 852 5167 1177 5236; x_wconf 83' lang='lat' dir='ltr'><strong>voluptatem</strong></span> <span class='ocrx_word' id='word_1_410' title='bbox 1208 5173 1511 5243; x_wconf 85' lang='lat' dir='ltr'><strong>appellant,</strong></span> <span class='ocrx_word' id='word_1_411' title='bbox 1539 5186 1594 5230; x_wconf 91' lang='lat' dir='ltr'><strong>et</strong></span> <span class='ocrx_word' id='word_1_412' title='bbox 1623 5180 1798 5247; x_wconf 82' lang='lat' dir='ltr'><strong>perdi—</strong></span> 
     </span>
    </p>
   </div>
   <div class='ocr_carea' id='block_1_53' title="bbox 196 5253 1793 5341">
    <p class='ocr_par' dir='ltr' id='par_1_53' title="bbox 196 5253 1793 5341">
     <span class='ocr_line' id='line_1_53' title="bbox 196 5253 1793 5341; baseline 0.013 -35"><span class='ocrx_word' id='word_1_413' title='bbox 196 5253 358 5308; x_wconf 89' lang='lat' dir='ltr'><strong>tionis</strong></span> <span class='ocrx_word' id='word_1_414' title='bbox 406 5257 628 5325; x_wconf 86' lang='lat' dir='ltr'><strong>pelagus</strong></span> <span class='ocrx_word' id='word_1_415' title='bbox 673 5257 1042 5314; x_wconf 90' lang='lat' dir='ltr'><strong>delectationis</strong></span> <span class='ocrx_word' id='word_1_416' title='bbox 1085 5265 1326 5333; x_wconf 84' lang='lat' dir='ltr'><strong>euripum</strong></span> <span class='ocrx_word' id='word_1_417' title='bbox 1371 5279 1579 5324; x_wconf 87' lang='lat' dir='ltr'><strong>vocant.</strong></span> <span class='ocrx_word' id='word_1_418' title='bbox 1636 5273 1793 5341; x_wconf 80' lang='lat' dir='ltr'><strong>Atqui</strong></span> 
     </span>
    </p>
   </div>
   <div class='ocr_carea' id='block_1_54' title="bbox 193 5344 1796 5429">
    <p class='ocr_par' dir='ltr' id='par_1_54' title="bbox 193 5344 1796 5429">
     <span class='ocr_line' id='line_1_54' title="bbox 193 5344 1796 5429; baseline 0.012 -33"><span class='ocrx_word' id='word_1_419' title='bbox 193 5344 399 5398; x_wconf 85' lang='lat' dir='ltr'><strong>facilius</strong></span> <span class='ocrx_word' id='word_1_420' title='bbox 425 5355 506 5399; x_wconf 90' lang='lat' dir='ltr'><strong>est</strong></span> <span class='ocrx_word' id='word_1_421' title='bbox 532 5345 775 5416; x_wconf 66' lang='lat' dir='ltr'><strong>Egmum</strong></span> <span class='ocrx_word' id='word_1_422' title='bbox 804 5360 860 5404; x_wconf 90' lang='lat' dir='ltr'><strong>et</strong></span> <span class='ocrx_word' id='word_1_423' title='bbox 890 5349 1276 5420; x_wconf 78' lang='lat' dir='ltr'><strong>Tyrrhenicqu</strong></span> <span class='ocrx_word' id='word_1_424' title='bbox 1308 5373 1476 5424; x_wconf 86' lang='lat' dir='ltr'><strong>mare,</strong></span> <span class='ocrx_word' id='word_1_425' title='bbox 1507 5376 1664 5429; x_wconf 88' lang='lat' dir='ltr'><strong>quam</strong></span> <span class='ocrx_word' id='word_1_426' title='bbox 1699 5362 1796 5415; x_wconf 87' lang='lat' dir='ltr'><strong>liu-</strong></span> 
     </span>
    </p>
   </div>
   <div class='ocr_carea' id='block_1_55' title="bbox 191 5433 1795 5523">
    <p class='ocr_par' dir='ltr' id='par_1_55' title="bbox 191 5433 1795 5523">
     <span class='ocr_line' id='line_1_55' title="bbox 191 5433 1795 5523; baseline 0.012 -36"><span class='ocrx_word' id='word_1_427' title='bbox 191 5433 422 5503; x_wconf 77' lang='lat' dir='ltr'><strong>iusmodi</strong></span> <span class='ocrx_word' id='word_1_428' title='bbox 465 5438 829 5505; x_wconf 86' lang='lat' dir='ltr'><strong>spectaculum</strong></span> <span class='ocrx_word' id='word_1_429' title='bbox 871 5448 984 5494; x_wconf 92' lang='lat' dir='ltr'><strong>tuto</strong></span> <span class='ocrx_word' id='word_1_430' title='bbox 1027 5444 1294 5512; x_wconf 87' lang='lat' dir='ltr'><strong>trajicere.</strong></span> <span class='ocrx_word' id='word_1_431' title='bbox 1338 5448 1468 5502; x_wconf 86' lang='lat' dir='ltr'><strong>Nam</strong></span> <span class='ocrx_word' id='word_1_432' title='bbox 1499 5453 1670 5520; x_wconf 89' lang='lat' dir='ltr'><strong>primo</strong></span> <span class='ocrx_word' id='word_1_433' title='bbox 1700 5470 1795 5523; x_wconf 89' lang='lat' dir='ltr'><strong>per</strong></span> 
     </span>
    </p>
   </div>
   <div class='ocr_carea' id='block_1_56' title="bbox 192 5529 1794 5607">
    <p class='ocr_par' dir='ltr' id='par_1_56' title="bbox 192 5529 1794 5607">
     <span class='ocr_line' id='line_1_56' title="bbox 192 5529 1794 5607; baseline 0.014 -30"><span class='ocrx_word' id='word_1_434' title='bbox 192 5531 357 5578; x_wconf 91' lang='lat' dir='ltr'><strong>totam</strong></span> <span class='ocrx_word' id='word_1_435' title='bbox 419 5537 630 5583; x_wconf 91' lang='lat' dir='ltr'><strong>noctem</strong></span> <span class='ocrx_word' id='word_1_436' title='bbox 691 5529 934 5586; x_wconf 88' lang='lat' dir='ltr'><strong>diabolus</strong></span> <span class='ocrx_word' id='word_1_437' title='bbox 995 5535 1072 5588; x_wconf 92' lang='lat' dir='ltr'><strong>rei</strong></span> <span class='ocrx_word' id='word_1_438' title='bbox 1134 5541 1535 5607; x_wconf 79' lang='lat' dir='ltr'><strong>exspectatione</strong></span> <span class='ocrx_word' id='word_1_439' title='bbox 1587 5545 1794 5600; x_wconf 88' lang='lat' dir='ltr'><strong>animos</strong></span> 
     </span>
    </p>
   </div>
   <div class='ocr_carea' id='block_1_57' title="bbox 190 5620 1794 5705">
    <p class='ocr_par' dir='ltr' id='par_1_57' title="bbox 190 5620 1794 5705">
     <span class='ocr_line' id='line_1_57' title="bbox 190 5620 1794 5705; baseline 0.014 -35"><span class='ocrx_word' id='word_1_440' title='bbox 190 5627 530 5690; x_wconf 73' lang='lat' dir='ltr'><strong>praeoccupat</strong></span> <span class='ocrx_word' id='word_1_441' title='bbox 555 5634 570 5675; x_wconf 88' lang='lat'><strong>:</strong></span> <span class='ocrx_word' id='word_1_442' title='bbox 592 5620 785 5679; x_wconf 89' lang='lat' dir='ltr'><strong>deinde</strong></span> <span class='ocrx_word' id='word_1_443' title='bbox 815 5632 1096 5694; x_wconf 89' lang='lat' dir='ltr'><strong>postquam</strong></span> <span class='ocrx_word' id='word_1_444' title='bbox 1126 5626 1180 5684; x_wconf 93' lang='lat' dir='ltr'><strong>id</strong></span> <span class='ocrx_word' id='word_1_445' title='bbox 1205 5630 1348 5701; x_wconf 91' lang='lat' dir='ltr'><strong>quod</strong></span> <span class='ocrx_word' id='word_1_446' title='bbox 1382 5636 1794 5705; x_wconf 81' lang='lat' dir='ltr'><strong>exspectabatur</strong></span> 
     </span>
    </p>
   </div>
   <div class='ocr_carea' id='block_1_58' title="bbox 1491 305 2401 371">
    <p class='ocr_par' dir='ltr' id='par_1_58' title="bbox 1491 305 2401 371">
     <span class='ocr_line' id='line_1_58' title="bbox 1491 305 2401 371; baseline 0.012 -11"><span class='ocrx_word' id='word_1_447' title='bbox 1491 305 1559 361; x_wconf 76' lang='grc' dir='ltr'><strong>ΙΝ</strong></span> <span class='ocrx_word' id='word_1_448' title='bbox 1597 309 1966 367; x_wconf 63' lang='grc' dir='ltr'><strong>ΜΑΊΊΙΑΞΕΜ</strong></span> <span class='ocrx_word' id='word_1_449' title='bbox 2011 309 2241 371; x_wconf 61' lang='grc' dir='ltr'><strong>ηοδῐιι.</strong></span> <span class='ocrx_word' id='word_1_450' title='bbox 2287 316 2401 371; x_wconf 73' lang='grc' dir='ltr'><strong>ἮΙ.</strong></span> 
     </span>
    </p>
   </div>
   <div class='ocr_carea' id='block_1_59' title="bbox 269 415 1870 483">
    <p class='ocr_par' dir='ltr' id='par_1_59' title="bbox 269 415 1870 483">
     <span class='ocr_line' id='line_1_59' title="bbox 269 415 1870 483; baseline 0.007 -19"><span class='ocrx_word' id='word_1_451' title='bbox 269 423 322 468; x_wconf 90' lang='lat' dir='ltr'><strong>et</strong></span> <span class='ocrx_word' id='word_1_452' title='bbox 350 415 556 470; x_wconf 83' lang='lat' dir='ltr'><strong>vinctos</strong></span> <span class='ocrx_word' id='word_1_453' title='bbox 578 455 596 483; x_wconf 92' lang='lat'><strong>,</strong></span> <span class='ocrx_word' id='word_1_454' title='bbox 629 416 737 470; x_wconf 90' lang='lat' dir='ltr'><strong>imo</strong></span> <span class='ocrx_word' id='word_1_455' title='bbox 766 423 821 472; x_wconf 89' lang='lat' dir='ltr'><strong>et</strong></span> <span class='ocrx_word' id='word_1_456' title='bbox 867 415 1111 472; x_wconf 90' lang='lat' dir='ltr'><strong>inimicos</strong></span> <span class='ocrx_word' id='word_1_457' title='bbox 1155 416 1512 483; x_wconf 76' lang='lat' dir='ltr'><strong>miserantur;</strong></span> <span class='ocrx_word' id='word_1_458' title='bbox 1555 428 1611 473; x_wconf 91' lang='lat' dir='ltr'><strong>tu</strong></span> <span class='ocrx_word' id='word_1_459' title='bbox 1644 434 1771 475; x_wconf 84' lang='lat' dir='ltr'><strong>vero</strong></span> <span class='ocrx_word' id='word_1_460' title='bbox 1803 435 1870 476; x_wconf 91' lang='lat' dir='ltr'><strong>nc</strong></span> 
     </span>
    </p>
   </div>
   <div class='ocr_carea' id='block_1_60' title="bbox 3552 362 3586 416">
    <p class='ocr_par' dir='ltr' id='par_1_60' title="bbox 3552 362 3586 416">
     <span class='ocr_line' id='line_1_60' title="bbox 3552 362 3586 416; baseline 0 0"><span class='ocrx_word' id='word_1_461' title='bbox 3552 362 3586 416; x_wconf 77' lang='lat'><strong>0</strong></span> 
     </span>
    </p>
   </div>
   <div class='ocr_carea' id='block_1_61' title="bbox 1991 362 3597 519">
    <p class='ocr_par' dir='ltr' id='par_1_61' title="bbox 1991 362 3597 519">
     <span class='ocr_line' id='line_1_61' title="bbox 2013 362 3586 416; baseline 0.018 -52"><span class='ocrx_word' id='word_1_462' title='bbox 2013 362 2241 371; x_wconf 33' lang='lat' dir='ltr'><strong>,s-_-_-_.</strong></span> <span class='ocrx_word' id='word_1_463' title='bbox 2306 362 2400 371; x_wconf 83' lang='lat'><strong>....</strong></span> <span class='ocrx_word' id='word_1_464' title='bbox 3552 362 3586 416; x_wconf 67' lang='grc' dir='ltr'><strong>θ</strong></span> 
     </span>
     <span class='ocr_line' id='line_1_62' title="bbox 1991 362 3597 519; baseline 0.019 -46"><span class='ocrx_word' id='word_1_465' title='bbox 1991 425 2242 496; x_wconf 86' lang='lat' dir='ltr'><strong>ostendit,</strong></span> <span class='ocrx_word' id='word_1_466' title='bbox 2263 433 2444 486; x_wconf 87' lang='lat' dir='ltr'><strong>statim</strong></span> <span class='ocrx_word' id='word_1_467' title='bbox 2464 432 2646 504; x_wconf 83' lang='lat' dir='ltr'><strong>alligat</strong></span> <span class='ocrx_word' id='word_1_468' title='bbox 2667 442 2718 490; x_wconf 84' lang='lat' dir='ltr'><strong>et</strong></span> <span class='ocrx_word' id='word_1_469' title='bbox 2739 438 2981 506; x_wconf 80' lang='lat' dir='ltr'><strong>captivos</strong></span> <span class='ocrx_word' id='word_1_470' title='bbox 3001 439 3183 496; x_wconf 88' lang='lat' dir='ltr'><strong>efficit.</strong></span> <span class='ocrx_word' id='word_1_471' title='bbox 3207 443 3283 501; x_wconf 86' lang='lat' dir='ltr'><strong>Ne</strong></span> <span class='ocrx_word' id='word_1_472' title='bbox 3309 445 3450 502; x_wconf 89' lang='lat' dir='ltr'><strong>enim</strong></span> <span class='ocrx_word' id='word_1_473' title='bbox 3472 362 3597 519; x_wconf 60' lang='lat' dir='ltr'><strong>qisua</strong></span> 
     </span>
    </p>
   </div>
   <div class='ocr_carea' id='block_1_62' title="bbox 1986 524 3592 604">
    <p class='ocr_par' dir='ltr' id='par_1_62' title="bbox 1986 524 3592 604">
     <span class='ocr_line' id='line_1_63' title="bbox 1986 524 3592 604; baseline 0.012 -30"><span class='ocrx_word' id='word_1_474' title='bbox 1986 534 2104 575; x_wconf 89' lang='lat' dir='ltr'><strong>cum</strong></span> <span class='ocrx_word' id='word_1_475' title='bbox 2135 524 2420 580; x_wconf 85' lang='lat' dir='ltr'><strong>meretrice</strong></span> <span class='ocrx_word' id='word_1_476' title='bbox 2447 540 2552 579; x_wconf 85' lang='lat' dir='ltr'><strong>non</strong></span> <span class='ocrx_word' id='word_1_477' title='bbox 2581 525 2812 592; x_wconf 87' lang='lat' dir='ltr'><strong>coivisti,</strong></span> <span class='ocrx_word' id='word_1_478' title='bbox 2839 536 2890 583; x_wconf 90' lang='lat' dir='ltr'><strong>te</strong></span> <span class='ocrx_word' id='word_1_479' title='bbox 2919 539 3071 598; x_wconf 85' lang='lat' dir='ltr'><strong>putes</strong></span> <span class='ocrx_word' id='word_1_480' title='bbox 3096 547 3124 583; x_wconf 87' lang='lat' dir='ltr'><strong>a</strong></span> <span class='ocrx_word' id='word_1_481' title='bbox 3151 545 3374 604; x_wconf 70' lang='lat' dir='ltr'><strong>peccato</strong></span> <span class='ocrx_word' id='word_1_482' title='bbox 3399 538 3592 594; x_wconf 84' lang='lat' dir='ltr'><strong>immu-</strong></span> 
     </span>
    </p>
   </div>
   <div class='ocr_carea' id='block_1_63' title="bbox 1983 618 3585 696">
    <p class='ocr_par' dir='ltr' id='par_1_63' title="bbox 1983 618 3585 696">
     <span class='ocr_line' id='line_1_64' title="bbox 1983 618 3585 696; baseline 0.012 -31"><span class='ocrx_word' id='word_1_483' title='bbox 1983 627 2104 667; x_wconf 88' lang='lat' dir='ltr'><strong>nem</strong></span> <span class='ocrx_word' id='word_1_484' title='bbox 2131 629 2253 670; x_wconf 88' lang='lat' dir='ltr'><strong>esse</strong></span> <span class='ocrx_word' id='word_1_485' title='bbox 2279 634 2291 670; x_wconf 91' lang='lat'>:</span> <span class='ocrx_word' id='word_1_486' title='bbox 2315 631 2378 671; x_wconf 79' lang='lat' dir='ltr'><strong>ex</strong></span> <span class='ocrx_word' id='word_1_487' title='bbox 2413 618 2846 687; x_wconf 75' lang='lat' dir='ltr'><strong>concupiscentia</strong></span> <span class='ocrx_word' id='word_1_488' title='bbox 2877 622 3074 694; x_wconf 90' lang='lat' dir='ltr'><strong>quippe</strong></span> <span class='ocrx_word' id='word_1_489' title='bbox 3101 634 3268 682; x_wconf 90' lang='lat' dir='ltr'><strong>totum</strong></span> <span class='ocrx_word' id='word_1_490' title='bbox 3292 629 3585 696; x_wconf 89' lang='lat' dir='ltr'><strong>perfecisti.</strong></span> 
     </span>
    </p>
   </div>
   <div class='ocr_carea' id='block_1_64' title="bbox 1980 701 3583 785">
    <p class='ocr_par' dir='ltr' id='par_1_64' title="bbox 1980 701 3583 785">
     <span class='ocr_line' id='line_1_65' title="bbox 1980 701 3583 785; baseline 0.013 -31"><span class='ocrx_word' id='word_1_491' title='bbox 1980 701 2110 758; x_wconf 80' lang='lat' dir='ltr'><strong>Nam</strong></span> <span class='ocrx_word' id='word_1_492' title='bbox 2149 706 2195 759; x_wconf 91' lang='lat' dir='ltr'><strong>si</strong></span> <span class='ocrx_word' id='word_1_493' title='bbox 2230 707 2664 780; x_wconf 83' lang='lat' dir='ltr'><strong>concupiscentia</strong></span> <span class='ocrx_word' id='word_1_494' title='bbox 2703 706 2981 778; x_wconf 82' lang='lat' dir='ltr'><strong>detineris,</strong></span> <span class='ocrx_word' id='word_1_495' title='bbox 3020 714 3280 785; x_wconf 85' lang='lat' dir='ltr'><strong>majorem</strong></span> <span class='ocrx_word' id='word_1_496' title='bbox 3310 717 3583 775; x_wconf 88' lang='lat' dir='ltr'><strong>flammam</strong></span> 
     </span>
    </p>
   </div>
   <div class='ocr_carea' id='block_1_65' title="bbox 1971 796 3567 874">
    <p class='ocr_par' dir='ltr' id='par_1_65' title="bbox 1971 796 3567 874">
     <span class='ocr_line' id='line_1_66' title="bbox 1971 796 3567 874; baseline 0.005 -22"><span class='ocrx_word' id='word_1_497' title='bbox 1971 796 2262 856; x_wconf 86' lang='lat' dir='ltr'><strong>aecendisti</strong></span> <span class='ocrx_word' id='word_1_498' title='bbox 2287 815 2301 865; x_wconf 92' lang='lat'><strong>;</strong></span> <span class='ocrx_word' id='word_1_499' title='bbox 2335 800 2417 856; x_wconf 86' lang='lat' dir='ltr'><strong>sin</strong></span> <span class='ocrx_word' id='word_1_500' title='bbox 2447 810 2624 856; x_wconf 88' lang='lat' dir='ltr'><strong>autem</strong></span> <span class='ocrx_word' id='word_1_501' title='bbox 2656 801 2770 856; x_wconf 59' lang='lat' dir='ltr'><strong>haec</strong></span> <span class='ocrx_word' id='word_1_502' title='bbox 2797 803 3106 874; x_wconf 89' lang='lat' dir='ltr'><strong>aspicieudo</strong></span> <span class='ocrx_word' id='word_1_503' title='bbox 3135 803 3266 859; x_wconf 88' lang='lat' dir='ltr'><strong>nihil</strong></span> <span class='ocrx_word' id='word_1_504' title='bbox 3297 803 3530 860; x_wconf 85' lang='lat' dir='ltr'><strong>moveris</strong></span> <span class='ocrx_word' id='word_1_505' title='bbox 3551 843 3567 869; x_wconf 85' lang='lat'><strong>,</strong></span> 
     </span>
    </p>
   </div>
   <div class='ocr_carea' id='block_1_66' title="bbox 1969 890 3574 965">
    <p class='ocr_par' dir='ltr' id='par_1_66' title="bbox 1969 890 3574 965">
     <span class='ocr_line' id='line_1_67' title="bbox 1969 890 3574 965; baseline 0.004 -21"><span class='ocrx_word' id='word_1_506' title='bbox 1969 890 2157 960; x_wconf 85' lang='lat' dir='ltr'><strong>majori</strong></span> <span class='ocrx_word' id='word_1_507' title='bbox 2187 891 2362 962; x_wconf 69' lang='lat' dir='ltr'><strong>culpa:</strong></span> <span class='ocrx_word' id='word_1_508' title='bbox 2401 893 2665 949; x_wconf 83' lang='lat' dir='ltr'><strong>obnoxius</strong></span> <span class='ocrx_word' id='word_1_509' title='bbox 2688 909 2749 949; x_wconf 88' lang='lat' dir='ltr'><strong>es</strong></span> <span class='ocrx_word' id='word_1_510' title='bbox 2774 936 2788 960; x_wconf 97' lang='lat'><strong>,</strong></span> <span class='ocrx_word' id='word_1_511' title='bbox 2833 894 2976 965; x_wconf 89' lang='lat' dir='ltr'><strong>quod</strong></span> <span class='ocrx_word' id='word_1_512' title='bbox 3007 896 3214 951; x_wconf 68' lang='lat' dir='ltr'><strong>caeteris</strong></span> <span class='ocrx_word' id='word_1_513' title='bbox 3249 895 3574 951; x_wconf 70' lang='lat' dir='ltr'><strong>offendicula</strong></span> 
     </span>
    </p>
   </div>
   <div class='ocr_carea' id='block_1_67' title="bbox 1966 981 3572 1054">
    <p class='ocr_par' dir='ltr' id='par_1_67' title="bbox 1966 981 3572 1054">
     <span class='ocr_line' id='line_1_68' title="bbox 1966 981 3572 1054; baseline 0.005 -20"><span class='ocrx_word' id='word_1_514' title='bbox 1966 981 2042 1034; x_wconf 88' lang='lat' dir='ltr'><strong>sis</strong></span> <span class='ocrx_word' id='word_1_515' title='bbox 2073 1023 2088 1048; x_wconf 97' lang='lat'><strong>,</strong></span> <span class='ocrx_word' id='word_1_516' title='bbox 2120 990 2175 1037; x_wconf 91' lang='lat' dir='ltr'><strong>ct</strong></span> <span class='ocrx_word' id='word_1_517' title='bbox 2217 982 2362 1052; x_wconf 90' lang='lat' dir='ltr'><strong>quod</strong></span> <span class='ocrx_word' id='word_1_518' title='bbox 2410 984 2732 1054; x_wconf 88' lang='lat' dir='ltr'><strong>spectaculis</strong></span> <span class='ocrx_word' id='word_1_519' title='bbox 2775 984 2989 1040; x_wconf 89' lang='lat' dir='ltr'><strong>illectus</strong></span> <span class='ocrx_word' id='word_1_520' title='bbox 3010 1027 3023 1051; x_wconf 94' lang='lat'><strong>,</strong></span> <span class='ocrx_word' id='word_1_521' title='bbox 3053 996 3111 1041; x_wconf 87' lang='lat' dir='ltr'><strong>et</strong></span> <span class='ocrx_word' id='word_1_522' title='bbox 3155 985 3340 1042; x_wconf 83' lang='lat' dir='ltr'><strong>oculos</strong></span> <span class='ocrx_word' id='word_1_523' title='bbox 3372 995 3490 1040; x_wconf 88' lang='lat' dir='ltr'><strong>tuos</strong></span> <span class='ocrx_word' id='word_1_524' title='bbox 3518 995 3572 1042; x_wconf 86' lang='lat' dir='ltr'><strong>et</strong></span> 
     </span>
    </p>
   </div>
   <div class='ocr_carea' id='block_1_68' title="bbox 1963 1072 3570 1146">
    <p class='ocr_par' dir='ltr' id='par_1_68' title="bbox 1963 1072 3570 1146">
     <span class='ocr_line' id='line_1_69' title="bbox 1963 1072 3570 1146; baseline 0.007 -26"><span class='ocrx_word' id='word_1_525' title='bbox 1963 1086 2087 1125; x_wconf 80' lang='lat' dir='ltr'><strong>cum</strong></span> <span class='ocrx_word' id='word_1_526' title='bbox 2119 1072 2292 1128; x_wconf 85' lang='lat' dir='ltr'><strong>oculis</strong></span> <span class='ocrx_word' id='word_1_527' title='bbox 2323 1073 2492 1143; x_wconf 84' lang='lat' dir='ltr'><strong>ipsam</strong></span> <span class='ocrx_word' id='word_1_528' title='bbox 2520 1075 2754 1133; x_wconf 87' lang='lat' dir='ltr'><strong>animam</strong></span> <span class='ocrx_word' id='word_1_529' title='bbox 2782 1076 3058 1146; x_wconf 87' lang='lat' dir='ltr'><strong>deturpes.</strong></span> <span class='ocrx_word' id='word_1_530' title='bbox 3088 1075 3283 1131; x_wconf 75' lang='lat' dir='ltr'><strong>Verum</strong></span> <span class='ocrx_word' id='word_1_531' title='bbox 3309 1090 3376 1132; x_wconf 80' lang='lat' dir='ltr'><strong>ne</strong></span> <span class='ocrx_word' id='word_1_532' title='bbox 3401 1078 3570 1132; x_wconf 87' lang='lat' dir='ltr'><strong>simus</strong></span> 
     </span>
    </p>
   </div>
   <div class='ocr_carea' id='block_1_69' title="bbox 1971 1165 3568 1238">
    <p class='ocr_par' dir='ltr' id='par_1_69' title="bbox 1971 1165 3568 1238">
     <span class='ocr_line' id='line_1_70' title="bbox 1971 1165 3568 1238; baseline 0.006 -24"><span class='ocrx_word' id='word_1_533' title='bbox 1971 1165 2331 1236; x_wconf 80' lang='lat' dir='ltr'><strong>:ncrepationc</strong></span> <span class='ocrx_word' id='word_1_534' title='bbox 2374 1167 2490 1222; x_wconf 90' lang='lat' dir='ltr'><strong>sola</strong></span> <span class='ocrx_word' id='word_1_535' title='bbox 2531 1169 2768 1223; x_wconf 90' lang='lat' dir='ltr'><strong>contenti</strong></span> <span class='ocrx_word' id='word_1_536' title='bbox 2795 1209 2810 1232; x_wconf 96' lang='lat'><strong>,</strong></span> <span class='ocrx_word' id='word_1_537' title='bbox 2873 1183 2972 1238; x_wconf 84' lang='lat' dir='ltr'><strong>age</strong></span> <span class='ocrx_word' id='word_1_538' title='bbox 3015 1167 3126 1238; x_wconf 87' lang='lat' dir='ltr'><strong>jam</strong></span> <span class='ocrx_word' id='word_1_539' title='bbox 3175 1167 3568 1223; x_wconf 85' lang='lat' dir='ltr'><strong>emendationis</strong></span> 
     </span>
    </p>
   </div>
   <div class='ocr_carea' id='block_1_70' title="bbox 1964 1256 3566 1336">
    <p class='ocr_par' dir='ltr' id='par_1_70' title="bbox 1964 1256 3566 1336">
     <span class='ocr_line' id='line_1_71' title="bbox 1964 1256 3566 1336; baseline 0.006 -28"><span class='ocrx_word' id='word_1_540' title='bbox 1964 1256 2182 1311; x_wconf 89' lang='lat' dir='ltr'><strong>modum</strong></span> <span class='ocrx_word' id='word_1_541' title='bbox 2216 1260 2607 1330; x_wconf 87' lang='lat' dir='ltr'><strong>perquiramus.</strong></span> <span class='ocrx_word' id='word_1_542' title='bbox 2651 1261 2781 1330; x_wconf 84' lang='lat' dir='ltr'><strong>Quis</strong></span> <span class='ocrx_word' id='word_1_543' title='bbox 2810 1277 2939 1336; x_wconf 89' lang='lat' dir='ltr'><strong>ergo</strong></span> <span class='ocrx_word' id='word_1_544' title='bbox 2970 1262 3160 1318; x_wconf 87' lang='lat' dir='ltr'><strong>modus</strong></span> <span class='ocrx_word' id='word_1_545' title='bbox 3189 1262 3331 1318; x_wconf 86' lang='lat' dir='ltr'><strong>erit?</strong></span> <span class='ocrx_word' id='word_1_546' title='bbox 3367 1261 3566 1319; x_wconf 79' lang='lat' dir='ltr'><strong>Uxori-</strong></span> 
     </span>
    </p>
   </div>
   <div class='ocr_carea' id='block_1_71' title="bbox 1963 1347 3562 1426">
    <p class='ocr_par' dir='ltr' id='par_1_71' title="bbox 1963 1347 3562 1426">
     <span class='ocr_line' id='line_1_72' title="bbox 1963 1347 3562 1426; baseline 0.009 -27"><span class='ocrx_word' id='word_1_547' title='bbox 1963 1347 2064 1402; x_wconf 87' lang='lat' dir='ltr'><strong>bus</strong></span> <span class='ocrx_word' id='word_1_548' title='bbox 2089 1353 2282 1406; x_wconf 89' lang='lat' dir='ltr'><strong>vestris</strong></span> <span class='ocrx_word' id='word_1_549' title='bbox 2310 1367 2404 1408; x_wconf 89' lang='lat' dir='ltr'><strong>vos</strong></span> <span class='ocrx_word' id='word_1_550' title='bbox 2446 1354 2658 1411; x_wconf 89' lang='lat' dir='ltr'><strong>tradere</strong></span> <span class='ocrx_word' id='word_1_551' title='bbox 2690 1355 2848 1422; x_wconf 87' lang='lat' dir='ltr'><strong>volo,</strong></span> <span class='ocrx_word' id='word_1_552' title='bbox 2883 1366 2938 1409; x_wconf 89' lang='lat' dir='ltr'><strong>ut</strong></span> <span class='ocrx_word' id='word_1_553' title='bbox 2982 1357 3111 1426; x_wconf 68' lang='lat' dir='ltr'><strong>ipsa:</strong></span> <span class='ocrx_word' id='word_1_554' title='bbox 3157 1371 3251 1412; x_wconf 89' lang='lat' dir='ltr'><strong>vos</strong></span> <span class='ocrx_word' id='word_1_555' title='bbox 3296 1357 3562 1413; x_wconf 91' lang='lat' dir='ltr'><strong>erudiant.</strong></span> 
     </span>
    </p>
   </div>
   <div class='ocr_carea' id='block_1_72' title="bbox 1959 1437 3564 1518">
    <p class='ocr_par' dir='ltr' id='par_1_72' title="bbox 1959 1437 3564 1518">
     <span class='ocr_line' id='line_1_73' title="bbox 1959 1437 3564 1518; baseline 0.007 -26"><span class='ocrx_word' id='word_1_556' title='bbox 1959 1437 2254 1508; x_wconf 83' lang='lat' dir='ltr'><strong>Oportebat</strong></span> <span class='ocrx_word' id='word_1_557' title='bbox 2291 1444 2507 1514; x_wconf 89' lang='lat' dir='ltr'><strong>quidem</strong></span> <span class='ocrx_word' id='word_1_558' title='bbox 2529 1487 2544 1510; x_wconf 95' lang='lat'><strong>,</strong></span> <span class='ocrx_word' id='word_1_559' title='bbox 2577 1446 2872 1501; x_wconf 92' lang='lat' dir='ltr'><strong>secundum</strong></span> <span class='ocrx_word' id='word_1_560' title='bbox 2916 1447 3065 1502; x_wconf 86' lang='lat' dir='ltr'><strong>Pauli</strong></span> <span class='ocrx_word' id='word_1_561' title='bbox 3095 1448 3265 1518; x_wconf 80' lang='lat' dir='ltr'><strong>legem</strong></span> <span class='ocrx_word' id='word_1_562' title='bbox 3293 1491 3308 1515; x_wconf 94' lang='lat'><strong>,</strong></span> <span class='ocrx_word' id='word_1_563' title='bbox 3341 1464 3437 1504; x_wconf 88' lang='lat' dir='ltr'><strong>vos</strong></span> <span class='ocrx_word' id='word_1_564' title='bbox 3464 1449 3564 1503; x_wconf 84' lang='lat' dir='ltr'><strong>do-</strong></span> 
     </span>
    </p>
   </div>
   <div class='ocr_carea' id='block_1_73' title="bbox 1957 1538 3564 1610">
    <p class='ocr_par' dir='ltr' id='par_1_73' title="bbox 1957 1538 3564 1610">
     <span class='ocr_line' id='line_1_74' title="bbox 1957 1538 3564 1610; baseline 0.006 -23"><span class='ocrx_word' id='word_1_565' title='bbox 1957 1542 2136 1589; x_wconf 88' lang='lat' dir='ltr'><strong>ctores</strong></span> <span class='ocrx_word' id='word_1_566' title='bbox 2177 1549 2336 1592; x_wconf 89' lang='lat' dir='ltr'><strong>esse:</strong></span> <span class='ocrx_word' id='word_1_567' title='bbox 2365 1538 2487 1608; x_wconf 90' lang='lat' dir='ltr'><strong>quia</strong></span> <span class='ocrx_word' id='word_1_568' title='bbox 2527 1553 2657 1594; x_wconf 84' lang='lat' dir='ltr'><strong>vero</strong></span> <span class='ocrx_word' id='word_1_569' title='bbox 2697 1555 2793 1610; x_wconf 90' lang='lat' dir='ltr'><strong>per</strong></span> <span class='ocrx_word' id='word_1_570' title='bbox 2832 1550 3108 1609; x_wconf 81' lang='lat' dir='ltr'><strong>peccatum</strong></span> <span class='ocrx_word' id='word_1_571' title='bbox 3149 1543 3395 1597; x_wconf 86' lang='lat' dir='ltr'><strong>inversus</strong></span> <span class='ocrx_word' id='word_1_572' title='bbox 3429 1541 3564 1597; x_wconf 92' lang='lat' dir='ltr'><strong>ordo</strong></span> 
     </span>
    </p>
   </div>
   <div class='ocr_carea' id='block_1_74' title="bbox 1957 1623 3559 1704">
    <p class='ocr_par' dir='ltr' id='par_1_74' title="bbox 1957 1623 3559 1704">
     <span class='ocr_line' id='line_1_75' title="bbox 1957 1623 3559 1704; baseline 0.006 -25"><span class='ocrx_word' id='word_1_573' title='bbox 1957 1623 2078 1692; x_wconf 90' lang='lat' dir='ltr'><strong>fuit,</strong></span> <span class='ocrx_word' id='word_1_574' title='bbox 2110 1635 2164 1682; x_wconf 93' lang='lat' dir='ltr'><strong>et</strong></span> <span class='ocrx_word' id='word_1_575' title='bbox 2189 1642 2387 1698; x_wconf 89' lang='lat' dir='ltr'><strong>corpus</strong></span> <span class='ocrx_word' id='word_1_576' title='bbox 2414 1631 2662 1701; x_wconf 87' lang='lat' dir='ltr'><strong>superius</strong></span> <span class='ocrx_word' id='word_1_577' title='bbox 2680 1673 2695 1697; x_wconf 96' lang='lat'><strong>,</strong></span> <span class='ocrx_word' id='word_1_578' title='bbox 2727 1641 2886 1702; x_wconf 87' lang='lat' dir='ltr'><strong>caput</strong></span> <span class='ocrx_word' id='word_1_579' title='bbox 2915 1647 3045 1687; x_wconf 89' lang='lat' dir='ltr'><strong>vero</strong></span> <span class='ocrx_word' id='word_1_580' title='bbox 3075 1626 3300 1688; x_wconf 87' lang='lat' dir='ltr'><strong>inferius</strong></span> <span class='ocrx_word' id='word_1_581' title='bbox 3327 1633 3559 1704; x_wconf 90' lang='lat' dir='ltr'><strong>positum</strong></span> 
     </span>
    </p>
   </div>
   <div class='ocr_carea' id='block_1_75' title="bbox 1956 1705 3560 1796">
    <p class='ocr_par' dir='ltr' id='par_1_75' title="bbox 1956 1705 3560 1796">
     <span class='ocr_line' id='line_1_76' title="bbox 1956 1705 3560 1796; baseline 0.006 -23"><span class='ocrx_word' id='word_1_582' title='bbox 1956 1705 2059 1784; x_wconf 82' lang='lat' dir='ltr'><strong>est,</strong></span> <span class='ocrx_word' id='word_1_583' title='bbox 2077 1719 2224 1777; x_wconf 79' lang='lat' dir='ltr'><strong>hanc</strong></span> <span class='ocrx_word' id='word_1_584' title='bbox 2244 1722 2432 1779; x_wconf 83' lang='lat' dir='ltr'><strong>saltem</strong></span> <span class='ocrx_word' id='word_1_585' title='bbox 2457 1724 2594 1779; x_wconf 90' lang='lat' dir='ltr'><strong>viam</strong></span> <span class='ocrx_word' id='word_1_586' title='bbox 2617 1724 2937 1796; x_wconf 87' lang='lat' dir='ltr'><strong>deligamus.</strong></span> <span class='ocrx_word' id='word_1_587' title='bbox 2956 1725 3107 1793; x_wconf 88' lang='lat' dir='ltr'><strong>Quod</strong></span> <span class='ocrx_word' id='word_1_588' title='bbox 3130 1726 3174 1780; x_wconf 86' lang='lat' dir='ltr'><strong>si</strong></span> <span class='ocrx_word' id='word_1_589' title='bbox 3197 1725 3560 1796; x_wconf 85' lang='lat' dir='ltr'><strong>magisterium</strong></span> 
     </span>
    </p>
   </div>
   <div class='ocr_carea' id='block_1_76' title="bbox 1956 1813 3560 1891">
    <p class='ocr_par' dir='ltr' id='par_1_76' title="bbox 1956 1813 3560 1891">
     <span class='ocr_line' id='line_1_77' title="bbox 1956 1813 3560 1891; baseline 0.005 -23"><span class='ocrx_word' id='word_1_590' title='bbox 1956 1813 2198 1869; x_wconf 87' lang='lat' dir='ltr'><strong>mulieris</strong></span> <span class='ocrx_word' id='word_1_591' title='bbox 2228 1816 2506 1874; x_wconf 83' lang='lat' dir='ltr'><strong>erubescis</strong></span> <span class='ocrx_word' id='word_1_592' title='bbox 2530 1860 2544 1882; x_wconf 92' lang='lat'><strong>,</strong></span> <span class='ocrx_word' id='word_1_593' title='bbox 2573 1818 2697 1890; x_wconf 85' lang='lat' dir='ltr'><strong>fuge</strong></span> <span class='ocrx_word' id='word_1_594' title='bbox 2722 1827 2998 1890; x_wconf 87' lang='lat' dir='ltr'><strong>peccatum</strong></span> <span class='ocrx_word' id='word_1_595' title='bbox 3018 1862 3034 1885; x_wconf 96' lang='lat'><strong>,</strong></span> <span class='ocrx_word' id='word_1_596' title='bbox 3063 1830 3118 1875; x_wconf 89' lang='lat' dir='ltr'><strong>et</strong></span> <span class='ocrx_word' id='word_1_597' title='bbox 3143 1820 3250 1874; x_wconf 87' lang='lat' dir='ltr'><strong>cito</strong></span> <span class='ocrx_word' id='word_1_598' title='bbox 3277 1822 3479 1891; x_wconf 83' lang='lat' dir='ltr'><strong>poteris</strong></span> <span class='ocrx_word' id='word_1_599' title='bbox 3505 1821 3560 1876; x_wconf 90' lang='lat' dir='ltr'><strong>iu</strong></span> 
     </span>
    </p>
   </div>
   <div class='ocr_carea' id='block_1_77' title="bbox 1952 1904 3560 1984">
    <p class='ocr_par' dir='ltr' id='par_1_77' title="bbox 1952 1904 3560 1984">
     <span class='ocr_line' id='line_1_78' title="bbox 1952 1904 3560 1984; baseline 0.007 -26"><span class='ocrx_word' id='word_1_600' title='bbox 1952 1904 2150 1960; x_wconf 85' lang='lat' dir='ltr'><strong>solium</strong></span> <span class='ocrx_word' id='word_1_601' title='bbox 2191 1921 2220 1963; x_wconf 88' lang='lat' dir='ltr'><strong>a</strong></span> <span class='ocrx_word' id='word_1_602' title='bbox 2266 1907 2374 1964; x_wconf 69' lang='lat' dir='ltr'><strong>[leo</strong></span> <span class='ocrx_word' id='word_1_603' title='bbox 2414 1909 2506 1984; x_wconf 73' lang='lat' dir='ltr'><strong>tibi</strong></span> <span class='ocrx_word' id='word_1_604' title='bbox 2545 1910 2727 1966; x_wconf 82' lang='lat' dir='ltr'><strong>datum</strong></span> <span class='ocrx_word' id='word_1_605' title='bbox 2762 1911 3072 1967; x_wconf 78' lang='lat' dir='ltr'><strong>ascende-re.</strong></span> <span class='ocrx_word' id='word_1_606' title='bbox 3113 1913 3376 1979; x_wconf 87' lang='lat' dir='ltr'><strong>Quamdiu</strong></span> <span class='ocrx_word' id='word_1_607' title='bbox 3413 1923 3560 1969; x_wconf 89' lang='lat' dir='ltr'><strong>certe</strong></span> 
     </span>
    </p>
   </div>
   <div class='ocr_carea' id='block_1_78' title="bbox 1953 1999 3557 2074">
    <p class='ocr_par' dir='ltr' id='par_1_78' title="bbox 1953 1999 3557 2074">
     <span class='ocr_line' id='line_1_79' title="bbox 1953 1999 3557 2074; baseline 0.006 -24"><span class='ocrx_word' id='word_1_608' title='bbox 1953 1999 2280 2074; x_wconf 81' lang='lat' dir='ltr'><strong>peccaveris,</strong></span> <span class='ocrx_word' id='word_1_609' title='bbox 2302 2016 2408 2054; x_wconf 91' lang='lat' dir='ltr'><strong>nou</strong></span> <span class='ocrx_word' id='word_1_610' title='bbox 2430 2001 2494 2056; x_wconf 90' lang='lat' dir='ltr'><strong>ad</strong></span> <span class='ocrx_word' id='word_1_611' title='bbox 2520 2002 2773 2060; x_wconf 83' lang='lat' dir='ltr'><strong>mulieres</strong></span> <span class='ocrx_word' id='word_1_612' title='bbox 2800 2013 3023 2069; x_wconf 83' lang='lat' dir='ltr'><strong>tantum,</strong></span> <span class='ocrx_word' id='word_1_613' title='bbox 3043 2003 3136 2059; x_wconf 91' lang='lat' dir='ltr'><strong>sed</strong></span> <span class='ocrx_word' id='word_1_614' title='bbox 3159 2004 3321 2059; x_wconf 86' lang='lat' dir='ltr'><strong>etiam</strong></span> <span class='ocrx_word' id='word_1_615' title='bbox 3339 2005 3404 2058; x_wconf 87' lang='lat' dir='ltr'><strong>ad</strong></span> <span class='ocrx_word' id='word_1_616' title='bbox 3428 2006 3557 2060; x_wconf 82' lang='lat' dir='ltr'><strong>bru-</strong></span> 
     </span>
    </p>
   </div>
   <div class='ocr_carea' id='block_1_79' title="bbox 1947 2093 3555 2171">
    <p class='ocr_par' dir='ltr' id='par_1_79' title="bbox 1947 2093 3555 2171">
     <span class='ocr_line' id='line_1_80' title="bbox 1947 2093 3555 2171; baseline 0.008 -29"><span class='ocrx_word' id='word_1_617' title='bbox 1947 2097 2128 2146; x_wconf 33' lang='lat' dir='ltr'><strong>‘torum</strong></span> <span class='ocrx_word' id='word_1_618' title='bbox 2152 2093 2460 2151; x_wconf 89' lang='lat' dir='ltr'><strong>animalium</strong></span> <span class='ocrx_word' id='word_1_619' title='bbox 2483 2095 2740 2151; x_wconf 90' lang='lat' dir='ltr'><strong>vilissima</strong></span> <span class='ocrx_word' id='word_1_620' title='bbox 2771 2103 2824 2151; x_wconf 93' lang='lat' dir='ltr'><strong>te</strong></span> <span class='ocrx_word' id='word_1_621' title='bbox 2851 2096 3014 2152; x_wconf 88' lang='lat' dir='ltr'><strong>mittit</strong></span> <span class='ocrx_word' id='word_1_622' title='bbox 3041 2096 3317 2168; x_wconf 90' lang='lat' dir='ltr'><strong>Scriptura</strong></span> <span class='ocrx_word' id='word_1_623' title='bbox 3344 2116 3357 2152; x_wconf 92' lang='lat'>:</span> <span class='ocrx_word' id='word_1_624' title='bbox 3383 2113 3555 2171; x_wconf 80' lang='lat' dir='ltr'><strong>neque</strong></span> 
     </span>
    </p>
   </div>
   <div class='ocr_carea' id='block_1_80' title="bbox 1949 2183 3554 2262">
    <p class='ocr_par' dir='ltr' id='par_1_80' title="bbox 1949 2183 3554 2262">
     <span class='ocr_line' id='line_1_81' title="bbox 1949 2183 3554 2262; baseline 0.006 -26"><span class='ocrx_word' id='word_1_625' title='bbox 1949 2183 2218 2239; x_wconf 79' lang='lat' dir='ltr'><strong>erubescit</strong></span> <span class='ocrx_word' id='word_1_626' title='bbox 2257 2186 2466 2248; x_wconf 85' lang='lat' dir='ltr'><strong>ratione</strong></span> <span class='ocrx_word' id='word_1_627' title='bbox 2502 2187 2782 2256; x_wconf 71' lang='lat' dir='ltr'><strong>prmditum</strong></span> <span class='ocrx_word' id='word_1_628' title='bbox 2814 2187 2882 2243; x_wconf 91' lang='lat' dir='ltr'><strong>ad</strong></span> <span class='ocrx_word' id='word_1_629' title='bbox 2920 2187 3196 2244; x_wconf 75' lang='lat' dir='ltr'><strong>formicam</strong></span> <span class='ocrx_word' id='word_1_630' title='bbox 3233 2191 3554 2262; x_wconf 88' lang='lat' dir='ltr'><strong>discipulum</strong></span> 
     </span>
    </p>
   </div>
   <div class='ocr_carea' id='block_1_81' title="bbox 1938 2274 3552 2351">
    <p class='ocr_par' dir='ltr' id='par_1_81' title="bbox 1938 2274 3552 2351">
     <span class='ocr_line' id='line_1_82' title="bbox 1938 2274 3552 2351; baseline 0.007 -23"><span class='ocrx_word' id='word_1_631' title='bbox 1938 2274 2185 2331; x_wconf 78' lang='lat' dir='ltr'><strong>mittere.</strong></span> <span class='ocrx_word' id='word_1_632' title='bbox 2206 2275 2390 2347; x_wconf 87' lang='lat' dir='ltr'><strong>Neque</strong></span> <span class='ocrx_word' id='word_1_633' title='bbox 2410 2278 2551 2333; x_wconf 91' lang='lat' dir='ltr'><strong>enim</strong></span> <span class='ocrx_word' id='word_1_634' title='bbox 2572 2278 2622 2334; x_wconf 94' lang='lat' dir='ltr'><strong>id</strong></span> <span class='ocrx_word' id='word_1_635' title='bbox 2644 2278 2934 2350; x_wconf 70' lang='lat' dir='ltr'><strong>Scriptura:</strong></span> <span class='ocrx_word' id='word_1_636' title='bbox 2951 2280 3104 2351; x_wconf 90' lang='lat' dir='ltr'><strong>culpa</strong></span> <span class='ocrx_word' id='word_1_637' title='bbox 3125 2291 3227 2347; x_wconf 89' lang='lat' dir='ltr'><strong>est,</strong></span> <span class='ocrx_word' id='word_1_638' title='bbox 3251 2281 3346 2338; x_wconf 84' lang='lat' dir='ltr'><strong>sed</strong></span> <span class='ocrx_word' id='word_1_639' title='bbox 3367 2297 3552 2339; x_wconf 86' lang='lat' dir='ltr'><strong>eorum</strong></span> 
     </span>
    </p>
   </div>
   <div class='ocr_carea' id='block_1_82' title="bbox 1947 2367 3552 2441">
    <p class='ocr_par' dir='ltr' id='par_1_82' title="bbox 1947 2367 3552 2441">
     <span class='ocr_line' id='line_1_83' title="bbox 1947 2367 3552 2441; baseline 0.008 -21"><span class='ocrx_word' id='word_1_640' title='bbox 1947 2367 2037 2436; x_wconf 86' lang='lat' dir='ltr'><strong>qui</strong></span> <span class='ocrx_word' id='word_1_641' title='bbox 2087 2367 2166 2423; x_wconf 91' lang='lat' dir='ltr'><strong>sic</strong></span> <span class='ocrx_word' id='word_1_642' title='bbox 2207 2367 2541 2425; x_wconf 83' lang='lat' dir='ltr'><strong>nobilitatem</strong></span> <span class='ocrx_word' id='word_1_643' title='bbox 2582 2371 2870 2441; x_wconf 85' lang='lat' dir='ltr'><strong>prodidere</strong></span> <span class='ocrx_word' id='word_1_644' title='bbox 2907 2387 3085 2428; x_wconf 87' lang='lat' dir='ltr'><strong>suam.</strong></span> <span class='ocrx_word' id='word_1_645' title='bbox 3138 2373 3249 2429; x_wconf 91' lang='lat' dir='ltr'><strong>lloc</strong></span> <span class='ocrx_word' id='word_1_646' title='bbox 3278 2385 3424 2432; x_wconf 89' lang='lat' dir='ltr'><strong>certe</strong></span> <span class='ocrx_word' id='word_1_647' title='bbox 3459 2391 3552 2433; x_wconf 76' lang='lat' dir='ltr'><strong>nos</strong></span> 
     </span>
    </p>
   </div>
   <div class='ocr_carea' id='block_1_83' title="bbox 1936 2453 3551 2536">
    <p class='ocr_par' dir='ltr' id='par_1_83' title="bbox 1936 2453 3551 2536">
     <span class='ocr_line' id='line_1_84' title="bbox 1936 2453 3551 2536; baseline 0.007 -22"><span class='ocrx_word' id='word_1_648' title='bbox 1936 2453 2162 2530; x_wconf 87' lang='lat' dir='ltr'><strong>quoque</strong></span> <span class='ocrx_word' id='word_1_649' title='bbox 2201 2462 2457 2518; x_wconf 77' lang='lat' dir='ltr'><strong>faciemus</strong></span> <span class='ocrx_word' id='word_1_650' title='bbox 2490 2483 2503 2516; x_wconf 92' lang='lat'><strong>:</strong></span> <span class='ocrx_word' id='word_1_651' title='bbox 2532 2478 2596 2518; x_wconf 90' lang='lat' dir='ltr'><strong>ac</strong></span> <span class='ocrx_word' id='word_1_652' title='bbox 2626 2479 2767 2520; x_wconf 84' lang='lat' dir='ltr'><strong>nunc</strong></span> <span class='ocrx_word' id='word_1_653' title='bbox 2793 2465 3008 2536; x_wconf 86' lang='lat' dir='ltr'><strong>quidem</strong></span> <span class='ocrx_word' id='word_1_654' title='bbox 3043 2475 3095 2523; x_wconf 90' lang='lat' dir='ltr'><strong>te</strong></span> <span class='ocrx_word' id='word_1_655' title='bbox 3121 2469 3331 2523; x_wconf 78' lang='lat' dir='ltr'><strong>mulieri</strong></span> <span class='ocrx_word' id='word_1_656' title='bbox 3375 2470 3551 2525; x_wconf 84' lang='lat' dir='ltr'><strong>trade-</strong></span> 
     </span>
    </p>
   </div>
   <div class='ocr_carea' id='block_1_84' title="bbox 1938 2553 3546 2628">
    <p class='ocr_par' dir='ltr' id='par_1_84' title="bbox 1938 2553 3546 2628">
     <span class='ocr_line' id='line_1_85' title="bbox 1938 2553 3546 2628; baseline 0.006 -20"><span class='ocrx_word' id='word_1_657' title='bbox 1938 2553 2170 2608; x_wconf 81' lang='lat' dir='ltr'><strong>muszsi</strong></span> <span class='ocrx_word' id='word_1_658' title='bbox 2211 2563 2391 2610; x_wconf 86' lang='lat' dir='ltr'><strong>autem</strong></span> <span class='ocrx_word' id='word_1_659' title='bbox 2427 2554 2564 2610; x_wconf 81' lang='lat' dir='ltr'><strong>hanc</strong></span> <span class='ocrx_word' id='word_1_660' title='bbox 2611 2556 2955 2628; x_wconf 79' lang='lat' dir='ltr'><strong>despexeris,</strong></span> <span class='ocrx_word' id='word_1_661' title='bbox 3005 2557 3072 2613; x_wconf 85' lang='lat' dir='ltr'><strong>ad</strong></span> <span class='ocrx_word' id='word_1_662' title='bbox 3103 2559 3546 2617; x_wconf 81' lang='lat' dir='ltr'><strong>irrationabilium</strong></span> 
     </span>
    </p>
   </div>
   <div class='ocr_carea' id='block_1_85' title="bbox 1945 2644 3547 2722">
    <p class='ocr_par' dir='ltr' id='par_1_85' title="bbox 1945 2644 3547 2722">
     <span class='ocr_line' id='line_1_86' title="bbox 1945 2644 3547 2722; baseline 0.006 -23"><span class='ocrx_word' id='word_1_663' title='bbox 1945 2654 1998 2699; x_wconf 88' lang='lat' dir='ltr'><strong>te</strong></span> <span class='ocrx_word' id='word_1_664' title='bbox 2023 2644 2387 2713; x_wconf 77' lang='lat' dir='ltr'><strong>magisterium</strong></span> <span class='ocrx_word' id='word_1_665' title='bbox 2417 2647 2692 2702; x_wconf 88' lang='lat' dir='ltr'><strong>mittemus</strong></span> <span class='ocrx_word' id='word_1_666' title='bbox 2716 2690 2730 2715; x_wconf 93' lang='lat'><strong>,</strong></span> <span class='ocrx_word' id='word_1_667' title='bbox 2760 2658 2813 2704; x_wconf 92' lang='lat' dir='ltr'><strong>et</strong></span> <span class='ocrx_word' id='word_1_668' title='bbox 2848 2650 3198 2711; x_wconf 81' lang='lat' dir='ltr'><strong>ostendemus</strong></span> <span class='ocrx_word' id='word_1_669' title='bbox 3229 2662 3358 2722; x_wconf 84' lang='lat' dir='ltr'><strong>quot</strong></span> <span class='ocrx_word' id='word_1_670' title='bbox 3387 2668 3514 2708; x_wconf 90' lang='lat' dir='ltr'><strong>aves</strong></span> <span class='ocrx_word' id='word_1_671' title='bbox 3535 2698 3547 2718; x_wconf 97' lang='lat'><strong>,</strong></span> 
     </span>
    </p>
   </div>
   <div class='ocr_carea' id='block_1_86' title="bbox 1942 2736 3550 2816">
    <p class='ocr_par' dir='ltr' id='par_1_86' title="bbox 1942 2736 3550 2816">
     <span class='ocr_line' id='line_1_87' title="bbox 1942 2736 3550 2816; baseline 0.008 -28"><span class='ocrx_word' id='word_1_672' title='bbox 1942 2745 2072 2804; x_wconf 91' lang='lat' dir='ltr'><strong>quot</strong></span> <span class='ocrx_word' id='word_1_673' title='bbox 2103 2736 2295 2804; x_wconf 90' lang='lat' dir='ltr'><strong>pisces,</strong></span> <span class='ocrx_word' id='word_1_674' title='bbox 2325 2745 2456 2807; x_wconf 90' lang='lat' dir='ltr'><strong>quot</strong></span> <span class='ocrx_word' id='word_1_675' title='bbox 2485 2738 2884 2808; x_wconf 90' lang='lat' dir='ltr'><strong>quadrupedes,</strong></span> <span class='ocrx_word' id='word_1_676' title='bbox 2902 2751 3038 2816; x_wconf 85' lang='lat' dir='ltr'><strong>quot</strong></span> <span class='ocrx_word' id='word_1_677' title='bbox 3069 2744 3277 2812; x_wconf 85' lang='lat' dir='ltr'><strong>reptilia</strong></span> <span class='ocrx_word' id='word_1_678' title='bbox 3305 2745 3550 2801; x_wconf 80' lang='lat' dir='ltr'><strong>animalia</strong></span> 
     </span>
    </p>
   </div>
   <div class='ocr_carea' id='block_1_87' title="bbox 1945 2825 3551 2902">
    <p class='ocr_par' dir='ltr' id='par_1_87' title="bbox 1945 2825 3551 2902">
     <span class='ocr_line' id='line_1_88' title="bbox 1945 2825 3551 2902; baseline 0.006 -24"><span class='ocrx_word' id='word_1_679' title='bbox 1945 2835 1996 2880; x_wconf 92' lang='lat' dir='ltr'><strong>te</strong></span> <span class='ocrx_word' id='word_1_680' title='bbox 2028 2825 2334 2882; x_wconf 87' lang='lat' dir='ltr'><strong>honestiora</strong></span> <span class='ocrx_word' id='word_1_681' title='bbox 2364 2835 2418 2882; x_wconf 91' lang='lat' dir='ltr'><strong>et</strong></span> <span class='ocrx_word' id='word_1_682' title='bbox 2447 2831 2863 2899; x_wconf 75' lang='lat' dir='ltr'><strong>temperantiam</strong></span> <span class='ocrx_word' id='word_1_683' title='bbox 2900 2831 3201 2890; x_wconf 81' lang='lat' dir='ltr'><strong>videantur.</strong></span> <span class='ocrx_word' id='word_1_684' title='bbox 3231 2834 3382 2902; x_wconf 86' lang='lat' dir='ltr'><strong>Quod</strong></span> <span class='ocrx_word' id='word_1_685' title='bbox 3412 2837 3457 2890; x_wconf 87' lang='lat' dir='ltr'><strong>si</strong></span> <span class='ocrx_word' id='word_1_686' title='bbox 3483 2835 3551 2891; x_wconf 81' lang='lat' dir='ltr'><strong>du</strong></span> 
     </span>
    </p>
   </div>
   <div class='ocr_carea' id='block_1_88' title="bbox 1933 2918 3547 2994">
    <p class='ocr_par' dir='ltr' id='par_1_88' title="bbox 1933 2918 3547 2994">
     <span class='ocr_line' id='line_1_89' title="bbox 1933 2918 3547 2994; baseline 0.009 -26"><span class='ocrx_word' id='word_1_687' title='bbox 1933 2918 2342 2986; x_wconf 87' lang='lat' dir='ltr'><strong>comparatione</strong></span> <span class='ocrx_word' id='word_1_688' title='bbox 2372 2919 2662 2976; x_wconf 90' lang='lat' dir='ltr'><strong>erubescas</strong></span> <span class='ocrx_word' id='word_1_689' title='bbox 2682 2964 2696 2988; x_wconf 94' lang='lat'><strong>,</strong></span> <span class='ocrx_word' id='word_1_690' title='bbox 2725 2923 2957 2978; x_wconf 90' lang='lat' dir='ltr'><strong>ascende</strong></span> <span class='ocrx_word' id='word_1_691' title='bbox 2987 2925 3052 2978; x_wconf 88' lang='lat' dir='ltr'><strong>ad</strong></span> <span class='ocrx_word' id='word_1_692' title='bbox 3085 2927 3362 2994; x_wconf 87' lang='lat' dir='ltr'><strong>pristinam</strong></span> <span class='ocrx_word' id='word_1_693' title='bbox 3397 2928 3547 2984; x_wconf 80' lang='lat' dir='ltr'><strong>nobi-</strong></span> 
     </span>
    </p>
   </div>
   <div class='ocr_carea' id='block_1_89' title="bbox 1926 3013 3541 3088">
    <p class='ocr_par' dir='ltr' id='par_1_89' title="bbox 1926 3013 3541 3088">
     <span class='ocr_line' id='line_1_90' title="bbox 1926 3013 3541 3088; baseline 0.001 -17"><span class='ocrx_word' id='word_1_694' title='bbox 1926 3020 2164 3080; x_wconf 78' lang='lat' dir='ltr'><strong>litatem,</strong></span> <span class='ocrx_word' id='word_1_695' title='bbox 2189 3030 2253 3070; x_wconf 91' lang='lat' dir='ltr'><strong>ae</strong></span> <span class='ocrx_word' id='word_1_696' title='bbox 2265 3014 2529 3086; x_wconf 65' lang='lat' dir='ltr'><strong>gehenna</strong></span> <span class='ocrx_word' id='word_1_697' title='bbox 2542 3014 2768 3085; x_wconf 83' lang='lat' dir='ltr'><strong>pelagus</strong></span> <span class='ocrx_word' id='word_1_698' title='bbox 2784 3013 3118 3086; x_wconf 83' lang='lat' dir='ltr'><strong>fluviumque</strong></span> <span class='ocrx_word' id='word_1_699' title='bbox 3140 3016 3360 3088; x_wconf 88' lang='lat' dir='ltr'><strong>igneum</strong></span> <span class='ocrx_word' id='word_1_700' title='bbox 3391 3017 3541 3088; x_wconf 89' lang='lat' dir='ltr'><strong>fuge,</strong></span> 
     </span>
    </p>
   </div>
   <div class='ocr_carea' id='block_1_90' title="bbox 1939 3106 3542 3179">
    <p class='ocr_par' dir='ltr' id='par_1_90' title="bbox 1939 3106 3542 3179">
     <span class='ocr_line' id='line_1_91' title="bbox 1939 3106 3542 3179; baseline 0.001 -17"><span class='ocrx_word' id='word_1_701' title='bbox 1939 3108 2089 3162; x_wconf 88' lang='lat' dir='ltr'><strong>illam</strong></span> <span class='ocrx_word' id='word_1_702' title='bbox 2121 3107 2245 3162; x_wconf 91' lang='lat' dir='ltr'><strong>dico</strong></span> <span class='ocrx_word' id='word_1_703' title='bbox 2274 3106 2542 3176; x_wconf 87' lang='lat' dir='ltr'><strong>piscinam</strong></span> <span class='ocrx_word' id='word_1_704' title='bbox 2574 3107 2916 3161; x_wconf 86' lang='lat' dir='ltr'><strong>theatralem.</strong></span> <span class='ocrx_word' id='word_1_705' title='bbox 2961 3107 3086 3163; x_wconf 69' lang='lat' dir='ltr'><strong>Haec</strong></span> <span class='ocrx_word' id='word_1_706' title='bbox 3130 3109 3276 3163; x_wconf 89' lang='lat' dir='ltr'><strong>enim</strong></span> <span class='ocrx_word' id='word_1_707' title='bbox 3329 3110 3542 3179; x_wconf 80' lang='lat' dir='ltr'><strong>piscina</strong></span> 
     </span>
    </p>
   </div>
   <div class='ocr_carea' id='block_1_91' title="bbox 1943 3196 3538 3268">
    <p class='ocr_par' dir='ltr' id='par_1_91' title="bbox 1943 3196 3538 3268">
     <span class='ocr_line' id='line_1_92' title="bbox 1943 3196 3538 3268; baseline 0.003 -18"><span class='ocrx_word' id='word_1_708' title='bbox 1943 3199 2170 3266; x_wconf 81' lang='lat' dir='ltr'><strong>pelagus</strong></span> <span class='ocrx_word' id='word_1_709' title='bbox 2204 3196 2335 3250; x_wconf 90' lang='lat' dir='ltr'><strong>illud</strong></span> <span class='ocrx_word' id='word_1_710' title='bbox 2378 3196 2476 3249; x_wconf 90' lang='lat' dir='ltr'><strong>tibi</strong></span> <span class='ocrx_word' id='word_1_711' title='bbox 2512 3196 2791 3255; x_wconf 88' lang='lat' dir='ltr'><strong>conciliat.</strong></span> <span class='ocrx_word' id='word_1_712' title='bbox 2825 3204 2880 3249; x_wconf 90' lang='lat' dir='ltr'><strong>et</strong></span> <span class='ocrx_word' id='word_1_713' title='bbox 2913 3197 3062 3251; x_wconf 88' lang='lat' dir='ltr'><strong>illam</strong></span> <span class='ocrx_word' id='word_1_714' title='bbox 3090 3196 3325 3253; x_wconf 69' lang='lat' dir='ltr'><strong>flantum</strong></span> <span class='ocrx_word' id='word_1_715' title='bbox 3369 3200 3538 3268; x_wconf 79' lang='lat' dir='ltr'><strong>abys-</strong></span> 
     </span>
    </p>
   </div>
   <div class='ocr_carea' id='block_1_92' title="bbox 1941 3284 2409 3343">
    <p class='ocr_par' dir='ltr' id='par_1_92' title="bbox 1941 3284 2409 3343">
     <span class='ocr_line' id='line_1_93' title="bbox 1941 3284 2409 3343; baseline 0.004 -2"><span class='ocrx_word' id='word_1_716' title='bbox 1941 3302 2062 3341; x_wconf 93' lang='lat' dir='ltr'><strong>sum</strong></span> <span class='ocrx_word' id='word_1_717' title='bbox 2101 3284 2409 3343; x_wconf 89' lang='lat' dir='ltr'><strong>succendit.</strong></span> 
     </span>
    </p>
   </div>
   <div class='ocr_carea' id='block_1_93' title="bbox 1999 3472 3542 3551">
    <p class='ocr_par' dir='ltr' id='par_1_93' title="bbox 1999 3472 3542 3551">
     <span class='ocr_line' id='line_1_94' title="bbox 1999 3472 3542 3551; baseline 0.006 -24"><span class='ocrx_word' id='word_1_718' title='bbox 1999 3474 2059 3528; x_wconf 84' lang='lat'><strong>‘7.</strong></span> <span class='ocrx_word' id='word_1_719' title='bbox 2084 3472 2216 3528; x_wconf 87' lang='lat' dir='ltr'><strong>Nam</strong></span> <span class='ocrx_word' id='word_1_720' title='bbox 2261 3475 2334 3539; x_wconf 89' lang='lat' dir='ltr'><strong>si,</strong></span> <span class='ocrx_word' id='word_1_721' title='bbox 2362 3476 2463 3544; x_wconf 83' lang='lat' dir='ltr'><strong>Qui</strong></span> <span class='ocrx_word' id='word_1_722' title='bbox 2497 3478 2708 3550; x_wconf 71' lang='lat' dir='ltr'><strong>respicit</strong></span> <span class='ocrx_word' id='word_1_723' title='bbox 2757 3480 3016 3533; x_wconf 76' lang='lat' dir='ltr'><strong>mulierem</strong></span> <span class='ocrx_word' id='word_1_724' title='bbox 3066 3480 3135 3534; x_wconf 80' lang='lat' dir='ltr'><strong>ad</strong></span> <span class='ocrx_word' id='word_1_725' title='bbox 3175 3483 3542 3551; x_wconf 80' lang='lat' dir='ltr'><strong>concupiscen-</strong></span> 
     </span>
    </p>
   </div>
   <div class='ocr_carea' id='block_1_94' title="bbox 1934 3567 3541 3646">
    <p class='ocr_par' dir='ltr' id='par_1_94' title="bbox 1934 3567 3541 3646">
     <span class='ocr_line' id='line_1_95' title="bbox 1934 3567 3541 3646; baseline 0.008 -28"><span class='ocrx_word' id='word_1_726' title='bbox 1934 3567 2078 3631; x_wconf 79' lang='lat' dir='ltr'><strong>dum,</strong></span> <span class='ocrx_word' id='word_1_727' title='bbox 2114 3568 2233 3636; x_wconf 85' lang='lat' dir='ltr'><strong>jam</strong></span> <span class='ocrx_word' id='word_1_728' title='bbox 2275 3571 2553 3624; x_wconf 64' lang='lat' dir='ltr'><strong>mae/tatus</strong></span> <span class='ocrx_word' id='word_1_729' title='bbox 2579 3581 2650 3625; x_wconf 75' lang='lat' dir='ltr'><strong>est</strong></span> <span class='ocrx_word' id='word_1_730' title='bbox 2687 3572 2705 3640; x_wconf 91' lang='lat'>(</span> <span class='ocrx_word' id='word_1_731' title='bbox 2731 3571 2916 3626; x_wconf 74' lang='lat' dir='ltr'><strong>Matth.</strong></span> <span class='ocrx_word' id='word_1_732' title='bbox 2941 3573 2996 3629; x_wconf 79' lang='lat'><strong>5.</strong></span> <span class='ocrx_word' id='word_1_733' title='bbox 3026 3573 3098 3630; x_wconf 74' lang='lat'><strong>28</strong></span> <span class='ocrx_word' id='word_1_734' title='bbox 3123 3574 3177 3645; x_wconf 81' lang='lat' dir='ltr'><strong>)z</strong></span> <span class='ocrx_word' id='word_1_735' title='bbox 3225 3577 3312 3646; x_wconf 84' lang='lat' dir='ltr'><strong>qui</strong></span> <span class='ocrx_word' id='word_1_736' title='bbox 3345 3577 3541 3631; x_wconf 89' lang='lat' dir='ltr'><strong>nudam</strong></span> 
     </span>
    </p>
   </div>
   <div class='ocr_carea' id='block_1_95' title="bbox 1929 3657 3540 3733">
    <p class='ocr_par' dir='ltr' id='par_1_95' title="bbox 1929 3657 3540 3733">
     <span class='ocr_line' id='line_1_96' title="bbox 1929 3657 3540 3733; baseline 0.007 -23"><span class='ocrx_word' id='word_1_737' title='bbox 1929 3657 2154 3714; x_wconf 90' lang='lat' dir='ltr'><strong>omnino</strong></span> <span class='ocrx_word' id='word_1_738' title='bbox 2183 3659 2454 3728; x_wconf 88' lang='lat' dir='ltr'><strong>respicere</strong></span> <span class='ocrx_word' id='word_1_739' title='bbox 2480 3677 2584 3715; x_wconf 90' lang='lat' dir='ltr'><strong>non</strong></span> <span class='ocrx_word' id='word_1_740' title='bbox 2617 3661 2842 3726; x_wconf 88' lang='lat' dir='ltr'><strong>dubitat,</strong></span> <span class='ocrx_word' id='word_1_741' title='bbox 2875 3663 3144 3733; x_wconf 85' lang='lat' dir='ltr'><strong>quomodo</strong></span> <span class='ocrx_word' id='word_1_742' title='bbox 3171 3680 3277 3719; x_wconf 89' lang='lat' dir='ltr'><strong>non</strong></span> <span class='ocrx_word' id='word_1_743' title='bbox 3305 3681 3540 3721; x_wconf 78' lang='lat' dir='ltr'><strong>sexcen-</strong></span> 
     </span>
    </p>
   </div>
   <div class='ocr_carea' id='block_1_96' title="bbox 1933 3747 3542 3827">
    <p class='ocr_par' dir='ltr' id='par_1_96' title="bbox 1933 3747 3542 3827">
     <span class='ocr_line' id='line_1_97' title="bbox 1933 3747 3542 3827; baseline 0.008 -27"><span class='ocrx_word' id='word_1_744' title='bbox 1933 3747 2033 3802; x_wconf 90' lang='lat' dir='ltr'><strong>ties</strong></span> <span class='ocrx_word' id='word_1_745' title='bbox 2075 3749 2316 3818; x_wconf 83' lang='lat' dir='ltr'><strong>captivus</strong></span> <span class='ocrx_word' id='word_1_746' title='bbox 2360 3750 2656 3804; x_wconf 85' lang='lat' dir='ltr'><strong>efficietur?</strong></span> <span class='ocrx_word' id='word_1_747' title='bbox 2703 3752 2820 3806; x_wconf 89' lang='lat' dir='ltr'><strong>Non</strong></span> <span class='ocrx_word' id='word_1_748' title='bbox 2871 3754 2940 3807; x_wconf 91' lang='lat' dir='ltr'><strong>ita</strong></span> <span class='ocrx_word' id='word_1_749' title='bbox 2988 3754 3250 3810; x_wconf 84' lang='lat' dir='ltr'><strong>diluvium</strong></span> <span class='ocrx_word' id='word_1_750' title='bbox 3299 3767 3542 3827; x_wconf 90' lang='lat' dir='ltr'><strong>tempore</strong></span> 
     </span>
    </p>
   </div>
   <div class='ocr_carea' id='block_1_97' title="bbox 1929 3836 3538 3912">
    <p class='ocr_par' dir='ltr' id='par_1_97' title="bbox 1929 3836 3538 3912">
     <span class='ocr_line' id='line_1_98' title="bbox 1929 3836 3538 3912; baseline 0.008 -21"><span class='ocrx_word' id='word_1_751' title='bbox 1929 3836 2058 3892; x_wconf 70' lang='lat' dir='ltr'><strong>Noae</strong></span> <span class='ocrx_word' id='word_1_752' title='bbox 2090 3838 2368 3894; x_wconf 90' lang='lat' dir='ltr'><strong>hominum</strong></span> <span class='ocrx_word' id='word_1_753' title='bbox 2415 3857 2589 3911; x_wconf 88' lang='lat' dir='ltr'><strong>genus</strong></span> <span class='ocrx_word' id='word_1_754' title='bbox 2637 3844 2887 3912; x_wconf 82' lang='lat' dir='ltr'><strong>perdidit,</strong></span> <span class='ocrx_word' id='word_1_755' title='bbox 2924 3855 2977 3900; x_wconf 93' lang='lat' dir='ltr'><strong>ut</strong></span> <span class='ocrx_word' id='word_1_756' title='bbox 3013 3846 3115 3901; x_wconf 87' lang='lat' dir='ltr'><strong>illae</strong></span> <span class='ocrx_word' id='word_1_757' title='bbox 3149 3858 3391 3904; x_wconf 86' lang='lat' dir='ltr'><strong>natantes</strong></span> <span class='ocrx_word' id='word_1_758' title='bbox 3417 3865 3538 3904; x_wconf 91' lang='lat' dir='ltr'><strong>eum</strong></span> 
     </span>
    </p>
   </div>
   <div class='ocr_carea' id='block_1_98' title="bbox 1929 3931 3536 4001">
    <p class='ocr_par' dir='ltr' id='par_1_98' title="bbox 1929 3931 3536 4001">
     <span class='ocr_line' id='line_1_99' title="bbox 1929 3931 3536 4001; baseline 0.007 -19"><span class='ocrx_word' id='word_1_759' title='bbox 1929 3931 2094 3983; x_wconf 86' lang='lat' dir='ltr'><strong>multa</strong></span> <span class='ocrx_word' id='word_1_760' title='bbox 2144 3932 2475 3999; x_wconf 88' lang='lat' dir='ltr'><strong>turpitudine</strong></span> <span class='ocrx_word' id='word_1_761' title='bbox 2524 3943 2854 4001; x_wconf 83' lang='lat' dir='ltr'><strong>spectatores</strong></span> <span class='ocrx_word' id='word_1_762' title='bbox 2885 3951 3072 3990; x_wconf 90' lang='lat' dir='ltr'><strong>omnes</strong></span> <span class='ocrx_word' id='word_1_763' title='bbox 3113 3939 3398 3993; x_wconf 72' lang='lat' dir='ltr'><strong>sufferant.</strong></span> <span class='ocrx_word' id='word_1_764' title='bbox 3448 3940 3536 3993; x_wconf 93' lang='lat' dir='ltr'><strong>llla</strong></span> 
     </span>
    </p>
   </div>
   <div class='ocr_carea' id='block_1_99' title="bbox 1926 4021 3535 4096">
    <p class='ocr_par' dir='ltr' id='par_1_99' title="bbox 1926 4021 3535 4096">
     <span class='ocr_line' id='line_1_100' title="bbox 1926 4021 3535 4096; baseline 0.009 -24"><span class='ocrx_word' id='word_1_765' title='bbox 1926 4021 2122 4090; x_wconf 89' lang='lat' dir='ltr'><strong>quippe</strong></span> <span class='ocrx_word' id='word_1_766' title='bbox 2144 4021 2329 4090; x_wconf 82' lang='lat' dir='ltr'><strong>pluvia</strong></span> <span class='ocrx_word' id='word_1_767' title='bbox 2362 4023 2571 4076; x_wconf 89' lang='lat' dir='ltr'><strong>etiamsi</strong></span> <span class='ocrx_word' id='word_1_768' title='bbox 2603 4033 2829 4078; x_wconf 90' lang='lat' dir='ltr'><strong>mortem</strong></span> <span class='ocrx_word' id='word_1_769' title='bbox 2859 4041 3145 4096; x_wconf 90' lang='lat' dir='ltr'><strong>corporum</strong></span> <span class='ocrx_word' id='word_1_770' title='bbox 3168 4026 3411 4096; x_wconf 78' lang='lat' dir='ltr'><strong>inferret,</strong></span> <span class='ocrx_word' id='word_1_771' title='bbox 3445 4046 3535 4086; x_wconf 88' lang='lat' dir='ltr'><strong>nc-</strong></span> 
     </span>
    </p>
   </div>
   <div class='ocr_carea' id='block_1_100' title="bbox 1925 4111 3535 4186">
    <p class='ocr_par' dir='ltr' id='par_1_100' title="bbox 1925 4111 3535 4186">
     <span class='ocr_line' id='line_1_101' title="bbox 1925 4111 3535 4186; baseline 0.009 -24"><span class='ocrx_word' id='word_1_772' title='bbox 1925 4111 2146 4179; x_wconf 87' lang='lat' dir='ltr'><strong>quitiam</strong></span> <span class='ocrx_word' id='word_1_773' title='bbox 2194 4121 2369 4166; x_wconf 90' lang='lat' dir='ltr'><strong>tamen</strong></span> <span class='ocrx_word' id='word_1_774' title='bbox 2413 4115 2607 4168; x_wconf 67' lang='lat' dir='ltr'><strong>anima:</strong></span> <span class='ocrx_word' id='word_1_775' title='bbox 2650 4113 2967 4170; x_wconf 83' lang='lat' dir='ltr'><strong>auferebat:</strong></span> <span class='ocrx_word' id='word_1_776' title='bbox 2998 4117 3113 4173; x_wconf 65' lang='lat' dir='ltr'><strong>hinc</strong></span> <span class='ocrx_word' id='word_1_777' title='bbox 3160 4130 3369 4186; x_wconf 89' lang='lat' dir='ltr'><strong>contra,</strong></span> <span class='ocrx_word' id='word_1_778' title='bbox 3418 4137 3535 4176; x_wconf 89' lang='lat' dir='ltr'><strong>ma-</strong></span> 
     </span>
    </p>
   </div>
   <div class='ocr_carea' id='block_1_101' title="bbox 1928 4208 3533 4275">
    <p class='ocr_par' dir='ltr' id='par_1_101' title="bbox 1928 4208 3533 4275">
     <span class='ocr_line' id='line_1_102' title="bbox 1928 4208 3533 4275; baseline 0.01 -18"><span class='ocrx_word' id='word_1_779' title='bbox 1928 4213 2090 4259; x_wconf 89' lang='lat' dir='ltr'><strong>nente</strong></span> <span class='ocrx_word' id='word_1_780' title='bbox 2129 4219 2356 4275; x_wconf 88' lang='lat' dir='ltr'><strong>corpore</strong></span> <span class='ocrx_word' id='word_1_781' title='bbox 2401 4208 2633 4261; x_wconf 89' lang='lat' dir='ltr'><strong>animam</strong></span> <span class='ocrx_word' id='word_1_782' title='bbox 2682 4209 2958 4264; x_wconf 89' lang='lat' dir='ltr'><strong>interimit.</strong></span> <span class='ocrx_word' id='word_1_783' title='bbox 2995 4211 3102 4266; x_wconf 84' lang='lat' dir='ltr'><strong>Vos</strong></span> <span class='ocrx_word' id='word_1_784' title='bbox 3140 4224 3288 4268; x_wconf 89' lang='lat' dir='ltr'><strong>certe</strong></span> <span class='ocrx_word' id='word_1_785' title='bbox 3316 4230 3438 4270; x_wconf 88' lang='lat' dir='ltr'><strong>cum</strong></span> <span class='ocrx_word' id='word_1_786' title='bbox 3469 4217 3533 4273; x_wconf 80' lang='lat' dir='ltr'><strong>de</strong></span> 
     </span>
    </p>
   </div>
   <div class='ocr_carea' id='block_1_102' title="bbox 1933 4296 3532 4373">
    <p class='ocr_par' dir='ltr' id='par_1_102' title="bbox 1933 4296 3532 4373">
     <span class='ocr_line' id='line_1_103' title="bbox 1933 4296 3532 4373; baseline 0.009 -26"><span class='ocrx_word' id='word_1_787' title='bbox 1933 4296 2106 4363; x_wconf 90' lang='lat' dir='ltr'><strong>primo</strong></span> <span class='ocrx_word' id='word_1_788' title='bbox 2152 4312 2409 4352; x_wconf 87' lang='lat' dir='ltr'><strong>consessu</strong></span> <span class='ocrx_word' id='word_1_789' title='bbox 2455 4299 2651 4369; x_wconf 84' lang='lat' dir='ltr'><strong>agitur,</strong></span> <span class='ocrx_word' id='word_1_790' title='bbox 2685 4314 2780 4354; x_wconf 89' lang='lat' dir='ltr'><strong>vos</strong></span> <span class='ocrx_word' id='word_1_791' title='bbox 2813 4310 2980 4356; x_wconf 92' lang='lat' dir='ltr'><strong>totum</strong></span> <span class='ocrx_word' id='word_1_792' title='bbox 3012 4303 3197 4357; x_wconf 90' lang='lat' dir='ltr'><strong>orbem</strong></span> <span class='ocrx_word' id='word_1_793' title='bbox 3230 4307 3532 4373; x_wconf 67' lang='lat' dir='ltr'><strong>prarecdcre</strong></span> 
     </span>
    </p>
   </div>
   <div class='ocr_carea' id='block_1_103' title="bbox 1924 4387 3525 4463">
    <p class='ocr_par' dir='ltr' id='par_1_103' title="bbox 1924 4387 3525 4463">
     <span class='ocr_line' id='line_1_104' title="bbox 1924 4387 3525 4463; baseline 0.007 -25"><span class='ocrx_word' id='word_1_794' title='bbox 1924 4387 2265 4454; x_wconf 90' lang='lat' dir='ltr'><strong>contenditis,</strong></span> <span class='ocrx_word' id='word_1_795' title='bbox 2301 4390 2554 4457; x_wconf 88' lang='lat' dir='ltr'><strong>quoniam</strong></span> <span class='ocrx_word' id='word_1_796' title='bbox 2586 4391 2774 4445; x_wconf 87' lang='lat' dir='ltr'><strong>civitas</strong></span> <span class='ocrx_word' id='word_1_797' title='bbox 2801 4403 2978 4448; x_wconf 87' lang='lat' dir='ltr'><strong>vestra</strong></span> <span class='ocrx_word' id='word_1_798' title='bbox 3008 4395 3179 4463; x_wconf 90' lang='lat' dir='ltr'><strong>prima</strong></span> <span class='ocrx_word' id='word_1_799' title='bbox 3197 4393 3525 4452; x_wconf 88' lang='lat' dir='ltr'><strong>Christiano-</strong></span> 
     </span>
    </p>
   </div>
   <div class='ocr_carea' id='block_1_104' title="bbox 1925 4481 3530 4554">
    <p class='ocr_par' dir='ltr' id='par_1_104' title="bbox 1925 4481 3530 4554">
     <span class='ocr_line' id='line_1_105' title="bbox 1925 4481 3530 4554; baseline 0.008 -23"><span class='ocrx_word' id='word_1_800' title='bbox 1925 4494 2039 4532; x_wconf 91' lang='lat' dir='ltr'><strong>rum</strong></span> <span class='ocrx_word' id='word_1_801' title='bbox 2068 4494 2262 4534; x_wconf 85' lang='lat' dir='ltr'><strong>nomen</strong></span> <span class='ocrx_word' id='word_1_802' title='bbox 2301 4481 2632 4553; x_wconf 90' lang='lat' dir='ltr'><strong>adhihuit(a)</strong></span> <span class='ocrx_word' id='word_1_803' title='bbox 2657 4485 2790 4551; x_wconf 74' lang='lat' dir='ltr'><strong>(Act.</strong></span> <span class='ocrx_word' id='word_1_804' title='bbox 2826 4486 2908 4539; x_wconf 88' lang='lat' dir='ltr'><strong>ll.</strong></span> <span class='ocrx_word' id='word_1_805' title='bbox 2938 4485 3068 4554; x_wconf 75' lang='lat'><strong>9.6);</strong></span> <span class='ocrx_word' id='word_1_806' title='bbox 3101 4502 3222 4542; x_wconf 91' lang='lat' dir='ltr'><strong>cum</strong></span> <span class='ocrx_word' id='word_1_807' title='bbox 3249 4497 3426 4544; x_wconf 91' lang='lat' dir='ltr'><strong>autem</strong></span> <span class='ocrx_word' id='word_1_808' title='bbox 3464 4489 3530 4544; x_wconf 84' lang='lat' dir='ltr'><strong>de</strong></span> 
     </span>
    </p>
   </div>
   <div class='ocr_carea' id='block_1_105' title="bbox 1922 4571 3524 4647">
    <p class='ocr_par' dir='ltr' id='par_1_105' title="bbox 1922 4571 3524 4647">
     <span class='ocr_line' id='line_1_106' title="bbox 1922 4571 3524 4647; baseline 0.008 -24"><span class='ocrx_word' id='word_1_809' title='bbox 1922 4571 2168 4627; x_wconf 87' lang='lat' dir='ltr'><strong>castitate</strong></span> <span class='ocrx_word' id='word_1_810' title='bbox 2197 4576 2388 4642; x_wconf 85' lang='lat' dir='ltr'><strong>agitur,</strong></span> <span class='ocrx_word' id='word_1_811' title='bbox 2444 4588 2510 4627; x_wconf 90' lang='lat' dir='ltr'><strong>ne</strong></span> <span class='ocrx_word' id='word_1_812' title='bbox 2553 4574 2620 4626; x_wconf 89' lang='lat' dir='ltr'><strong>ab</strong></span> <span class='ocrx_word' id='word_1_813' title='bbox 2661 4577 3042 4645; x_wconf 79' lang='lat' dir='ltr'><strong>agrestioribus</strong></span> <span class='ocrx_word' id='word_1_814' title='bbox 3082 4579 3296 4647; x_wconf 90' lang='lat' dir='ltr'><strong>quidem</strong></span> <span class='ocrx_word' id='word_1_815' title='bbox 3343 4581 3524 4636; x_wconf 85' lang='lat' dir='ltr'><strong>civita-</strong></span> 
     </span>
    </p>
   </div>
   <div class='ocr_carea' id='block_1_106' title="bbox 1924 4663 3528 4742">
    <p class='ocr_par' dir='ltr' id='par_1_106' title="bbox 1924 4663 3528 4742">
     <span class='ocr_line' id='line_1_107' title="bbox 1924 4663 3528 4742; baseline 0.007 -27"><span class='ocrx_word' id='word_1_816' title='bbox 1924 4663 2063 4718; x_wconf 93' lang='lat' dir='ltr'><strong>tibus</strong></span> <span class='ocrx_word' id='word_1_817' title='bbox 2091 4666 2334 4734; x_wconf 88' lang='lat' dir='ltr'><strong>superari</strong></span> <span class='ocrx_word' id='word_1_818' title='bbox 2365 4666 2698 4721; x_wconf 87' lang='lat' dir='ltr'><strong>erubescitis.</strong></span> <span class='ocrx_word' id='word_1_819' title='bbox 2733 4668 2890 4722; x_wconf 88' lang='lat' dir='ltr'><strong>Certe</strong></span> <span class='ocrx_word' id='word_1_820' title='bbox 2922 4670 3128 4738; x_wconf 86' lang='lat' dir='ltr'><strong>inquies</strong></span> <span class='ocrx_word' id='word_1_821' title='bbox 3163 4691 3174 4724; x_wconf 93' lang='lat'><strong>:</strong></span> <span class='ocrx_word' id='word_1_822' title='bbox 3208 4672 3334 4739; x_wconf 89' lang='lat' dir='ltr'><strong>quid</strong></span> <span class='ocrx_word' id='word_1_823' title='bbox 3372 4673 3528 4742; x_wconf 82' lang='lat' dir='ltr'><strong>igitur</strong></span> 
     </span>
    </p>
   </div>
   <div class='ocr_carea' id='block_1_107' title="bbox 1921 4755 3528 4826">
    <p class='ocr_par' dir='ltr' id='par_1_107' title="bbox 1921 4755 3528 4826">
     <span class='ocr_line' id='line_1_108' title="bbox 1921 4755 3528 4826; baseline 0.007 -19"><span class='ocrx_word' id='word_1_824' title='bbox 1921 4770 2015 4808; x_wconf 81' lang='lat' dir='ltr'><strong>nos</strong></span> <span class='ocrx_word' id='word_1_825' title='bbox 2041 4755 2198 4824; x_wconf 84' lang='lat' dir='ltr'><strong>juch</strong></span> <span class='ocrx_word' id='word_1_826' title='bbox 2223 4755 2440 4811; x_wconf 75' lang='lat' dir='ltr'><strong>facere?</strong></span> <span class='ocrx_word' id='word_1_827' title='bbox 2467 4773 2533 4812; x_wconf 92' lang='lat' dir='ltr'><strong>an</strong></span> <span class='ocrx_word' id='word_1_828' title='bbox 2564 4768 2775 4814; x_wconf 84' lang='lat' dir='ltr'><strong>montes</strong></span> <span class='ocrx_word' id='word_1_829' title='bbox 2804 4761 3119 4826; x_wconf 80' lang='lat' dir='ltr'><strong>ascendere,</strong></span> <span class='ocrx_word' id='word_1_830' title='bbox 3151 4772 3210 4817; x_wconf 88' lang='lat' dir='ltr'><strong>et</strong></span> <span class='ocrx_word' id='word_1_831' title='bbox 3237 4764 3528 4820; x_wconf 88' lang='lat' dir='ltr'><strong>monachos</strong></span> 
     </span>
    </p>
   </div>
   <div class='ocr_carea' id='block_1_108' title="bbox 1919 4846 3528 4921">
    <p class='ocr_par' dir='ltr' id='par_1_108' title="bbox 1919 4846 3528 4921">
     <span class='ocr_line' id='line_1_109' title="bbox 1919 4846 3528 4921; baseline 0.009 -22"><span class='ocrx_word' id='word_1_832' title='bbox 1919 4847 2075 4901; x_wconf 87' lang='lat' dir='ltr'><strong>esse?</strong></span> <span class='ocrx_word' id='word_1_833' title='bbox 2103 4846 2304 4904; x_wconf 82' lang='lat' dir='ltr'><strong>Idcirco</strong></span> <span class='ocrx_word' id='word_1_834' title='bbox 2332 4849 2564 4920; x_wconf 87' lang='lat' dir='ltr'><strong>ingemo,</strong></span> <span class='ocrx_word' id='word_1_835' title='bbox 2595 4851 2736 4921; x_wconf 89' lang='lat' dir='ltr'><strong>quod</strong></span> <span class='ocrx_word' id='word_1_836' title='bbox 2766 4852 2868 4906; x_wconf 91' lang='lat' dir='ltr'><strong>illis</strong></span> <span class='ocrx_word' id='word_1_837' title='bbox 2898 4861 3098 4906; x_wconf 89' lang='lat' dir='ltr'><strong>tantum</strong></span> <span class='ocrx_word' id='word_1_838' title='bbox 3129 4854 3445 4910; x_wconf 89' lang='lat' dir='ltr'><strong>modestiam</strong></span> <span class='ocrx_word' id='word_1_839' title='bbox 3473 4871 3528 4915; x_wconf 90' lang='lat' dir='ltr'><strong>et</strong></span> 
     </span>
    </p>
   </div>
   <div class='ocr_carea' id='block_1_109' title="bbox 1917 4939 3522 5013">
    <p class='ocr_par' dir='ltr' id='par_1_109' title="bbox 1917 4939 3522 5013">
     <span class='ocr_line' id='line_1_110' title="bbox 1917 4939 3522 5013; baseline 0.008 -23"><span class='ocrx_word' id='word_1_840' title='bbox 1917 4939 2214 4994; x_wconf 88' lang='lat' dir='ltr'><strong>castitatem</strong></span> <span class='ocrx_word' id='word_1_841' title='bbox 2253 4951 2565 5012; x_wconf 90' lang='lat' dir='ltr'><strong>competere</strong></span> <span class='ocrx_word' id='word_1_842' title='bbox 2603 4943 2821 5013; x_wconf 83' lang='lat' dir='ltr'><strong>putetis,</strong></span> <span class='ocrx_word' id='word_1_843' title='bbox 2853 4944 2976 4998; x_wconf 90' lang='lat' dir='ltr'><strong>licet</strong></span> <span class='ocrx_word' id='word_1_844' title='bbox 3003 4945 3250 4999; x_wconf 89' lang='lat' dir='ltr'><strong>Christus</strong></span> <span class='ocrx_word' id='word_1_845' title='bbox 3276 4961 3522 5003; x_wconf 83' lang='lat' dir='ltr'><strong>commu-</strong></span> 
     </span>
    </p>
   </div>
   <div class='ocr_carea' id='block_1_110' title="bbox 1915 5032 3523 5108">
    <p class='ocr_par' dir='ltr' id='par_1_110' title="bbox 1915 5032 3523 5108">
     <span class='ocr_line' id='line_1_111' title="bbox 1915 5032 3523 5108; baseline 0.007 -25"><span class='ocrx_word' id='word_1_846' title='bbox 1915 5045 2012 5085; x_wconf 88' lang='lat' dir='ltr'><strong>nes</strong></span> <span class='ocrx_word' id='word_1_847' title='bbox 2040 5032 2183 5102; x_wconf 87' lang='lat' dir='ltr'><strong>lcgcs</strong></span> <span class='ocrx_word' id='word_1_848' title='bbox 2213 5035 2472 5103; x_wconf 86' lang='lat' dir='ltr'><strong>posuerit.</strong></span> <span class='ocrx_word' id='word_1_849' title='bbox 2505 5034 2635 5088; x_wconf 87' lang='lat' dir='ltr'><strong>Nam</strong></span> <span class='ocrx_word' id='word_1_850' title='bbox 2664 5052 2782 5090; x_wconf 90' lang='lat' dir='ltr'><strong>cum</strong></span> <span class='ocrx_word' id='word_1_851' title='bbox 2816 5035 2964 5101; x_wconf 90' lang='lat' dir='ltr'><strong>dicit,</strong></span> <span class='ocrx_word' id='word_1_852' title='bbox 3002 5037 3060 5090; x_wconf 88' lang='lat' dir='ltr'><strong>Si</strong></span> <span class='ocrx_word' id='word_1_853' title='bbox 3088 5038 3203 5108; x_wconf 83' lang='lat' dir='ltr'><strong>quis</strong></span> <span class='ocrx_word' id='word_1_854' title='bbox 3247 5043 3523 5108; x_wconf 75' lang='lat' dir='ltr'><strong>respexerit</strong></span> 
     </span>
    </p>
   </div>
   <div class='ocr_carea' id='block_1_111' title="bbox 1914 5126 3518 5202">
    <p class='ocr_par' dir='ltr' id='par_1_111' title="bbox 1914 5126 3518 5202">
     <span class='ocr_line' id='line_1_112' title="bbox 1914 5126 3518 5202; baseline 0.005 -25"><span class='ocrx_word' id='word_1_855' title='bbox 1914 5126 2175 5180; x_wconf 81' lang='lat' dir='ltr'><strong>mulierem</strong></span> <span class='ocrx_word' id='word_1_856' title='bbox 2220 5127 2288 5178; x_wconf 80' lang='lat' dir='ltr'><strong>ad</strong></span> <span class='ocrx_word' id='word_1_857' title='bbox 2331 5126 2784 5194; x_wconf 81' lang='lat' dir='ltr'><strong>concupiscendum</strong></span> <span class='ocrx_word' id='word_1_858' title='bbox 2810 5143 2919 5180; x_wconf 87' lang='lat' dir='ltr'><strong>eam</strong></span> <span class='ocrx_word' id='word_1_859' title='bbox 2951 5128 2970 5198; x_wconf 89' lang='lat'>(</span> <span class='ocrx_word' id='word_1_860' title='bbox 3001 5128 3183 5182; x_wconf 70' lang='lat' dir='ltr'><strong>Mdu/1.</strong></span> <span class='ocrx_word' id='word_1_861' title='bbox 3215 5131 3267 5186; x_wconf 83' lang='lat'><strong>5.</strong></span> <span class='ocrx_word' id='word_1_862' title='bbox 3302 5131 3371 5185; x_wconf 66' lang='lat'><strong>28</strong></span> <span class='ocrx_word' id='word_1_863' title='bbox 3393 5134 3433 5202; x_wconf 86' lang='lat'><strong>),</strong></span> <span class='ocrx_word' id='word_1_864' title='bbox 3463 5131 3518 5185; x_wconf 84' lang='lat' dir='ltr'><strong>id</strong></span> 
     </span>
    </p>
   </div>
   <div class='ocr_carea' id='block_1_112' title="bbox 1913 5217 3516 5290">
    <p class='ocr_par' dir='ltr' id='par_1_112' title="bbox 1913 5217 3516 5290">
     <span class='ocr_line' id='line_1_113' title="bbox 1913 5217 3516 5290; baseline 0.004 -19"><span class='ocrx_word' id='word_1_865' title='bbox 1913 5233 2020 5271; x_wconf 87' lang='lat' dir='ltr'><strong>non</strong></span> <span class='ocrx_word' id='word_1_866' title='bbox 2063 5218 2326 5272; x_wconf 88' lang='lat' dir='ltr'><strong>monacho</strong></span> <span class='ocrx_word' id='word_1_867' title='bbox 2356 5217 2504 5281; x_wconf 88' lang='lat' dir='ltr'><strong>dicit,</strong></span> <span class='ocrx_word' id='word_1_868' title='bbox 2555 5218 2649 5274; x_wconf 86' lang='lat' dir='ltr'><strong>sed</strong></span> <span class='ocrx_word' id='word_1_869' title='bbox 2691 5218 3020 5290; x_wconf 83' lang='lat' dir='ltr'><strong>conjugato:</strong></span> <span class='ocrx_word' id='word_1_870' title='bbox 3067 5237 3189 5275; x_wconf 88' lang='lat' dir='ltr'><strong>nam</strong></span> <span class='ocrx_word' id='word_1_871' title='bbox 3231 5239 3386 5279; x_wconf 85' lang='lat' dir='ltr'><strong>mons</strong></span> <span class='ocrx_word' id='word_1_872' title='bbox 3433 5224 3516 5278; x_wconf 91' lang='lat' dir='ltr'><strong>ille</strong></span> 
     </span>
    </p>
   </div>
   <div class='ocr_carea' id='block_1_113' title="bbox 1914 5309 3516 5387">
    <p class='ocr_par' dir='ltr' id='par_1_113' title="bbox 1914 5309 3516 5387">
     <span class='ocr_line' id='line_1_114' title="bbox 1914 5309 3516 5387; baseline 0.006 -25"><span class='ocrx_word' id='word_1_873' title='bbox 1914 5316 2040 5363; x_wconf 83' lang='lat' dir='ltr'><strong>tunc</strong></span> <span class='ocrx_word' id='word_1_874' title='bbox 2097 5309 2402 5378; x_wconf 84' lang='lat' dir='ltr'><strong>hujusmodi</strong></span> <span class='ocrx_word' id='word_1_875' title='bbox 2455 5309 2583 5366; x_wconf 83' lang='lat' dir='ltr'><strong>viris</strong></span> <span class='ocrx_word' id='word_1_876' title='bbox 2636 5310 2871 5380; x_wconf 89' lang='lat' dir='ltr'><strong>repletus</strong></span> <span class='ocrx_word' id='word_1_877' title='bbox 2922 5321 3057 5368; x_wconf 88' lang='lat' dir='ltr'><strong>erat.</strong></span> <span class='ocrx_word' id='word_1_878' title='bbox 3110 5311 3296 5382; x_wconf 81' lang='lat' dir='ltr'><strong>Cogita</strong></span> <span class='ocrx_word' id='word_1_879' title='bbox 3340 5315 3516 5387; x_wconf 84' lang='lat' dir='ltr'><strong>itaque</strong></span> 
     </span>
    </p>
   </div>
  </div>
