4040 6418
555 313 610 368 αι
1266 291 1316 347 5.
1351 290 1639 348 JOANNIS
1673 290 2162 349 CHRYSOSTOMI
2197 286 2522 344 ARCIIIEP.
2568 285 3114 344 CONSTANTINOI’.
3730 283 3797 345 εξ
3839 283 3854 299 “

548 426 830 480 theatrum
866 422 1023 489 illud,
1049 431 1104 477 ct
1130 421 1235 478 hoc
1259 424 1591 480 diabolicum
1633 422 1908 476 theatrum
1949 430 2108 472 aver-

559 542 701 590 sare,
731 542 794 582 ac
819 527 930 581 noli
974 529 1129 597 quasi
1165 529 1470 585 onerosum
1503 529 1728 598 culpare
1776 537 2107 580 sermonem.

560 629 747 700 Neque
793 631 942 686 enim
989 633 1262 702 prohibeo
1313 630 1566 701 nuptias,
1617 645 1723 684 nec
1775 628 2112 696 voluptatem

558 749 785 803 prorsus
813 736 1118 802 interdico;
1171 738 1264 793 sed
1289 752 1410 792 cum
1448 735 1701 792 castitate
1735 734 1792 790 id
1835 733 1954 789 fieri
1987 746 2114 800 per-

557 852 710 913 Opto,
743 859 853 899 non
882 859 1006 900 cum
1035 845 1261 914 probro,
1281 843 1440 915 culpa
1468 851 1526 899 et
1548 845 1822 900 sexcentis
1849 839 2113 895 reatibus.

565 947 968 1018 Nampraeoipio
993 960 1208 1006 montes
1236 961 1293 1007 et
1323 951 1656 1006 solitudines
1686 949 1839 1004 adire
1860 988 1875 1012 ,
1897 946 1993 1001 sed
2024 945 2121 1001 be-

549 1054 791 1124 :oignum
815 1070 960 1120 esse,
990 1057 1298 1112 modestum
1327 1067 1385 1113 et
1406 1068 1618 1112 castum
1642 1070 1796 1121 eum,
1820 1053 1916 1125 qui
1938 1052 2121 1108 media

554 1170 618 1211 ἰη
665 1157 807 1214 urbe
843 1158 1077 1216 habitat.
1109 1160 1318 1216 omnes
1364 1160 1567 1231 quippe
1605 1159 1758 1231 leges
1802 1156 2136 1215 communes‘

567 1271 695 1317 sunt
719 1263 879 1320 nobis
905 1281 1031 1320 cum
1069 1266 1372 1332 monachis,
1419 1282 1532 1321 uno
1572 1274 1801 1335 excepto
1825 1263 2078 1335 conjugio
2104 1279 2120 1326 ;

569 1381 680 1422 imo
715 1367 880 1422 etiam
925 1368 1029 1424 hac
1060 1368 1116 1423 in
1150 1385 1208 1425 re
1254 1359 1575 1442 coniugatos
1609 1369 1718 1424 illis
1746 1368 1958 1424 similes
2002 1381 2124 1422 esse

569 1469 718 1534 lubet
743 1470 944 1528 Paulus
983 1490 996 1526 :
1043 1473 1289 1529 Praeterit
1322 1476 1463 1529 enim
1483 1473 1659 1545 ﬁgura
1710 1474 1870 1543 hujus
1917 1473 2124 1538 mundi,

570 1582 624 1626 ut
680 1584 730 1628 et
784 1577 874 1646 qui
924 1576 1117 1633 habent
1173 1594 1363 1634 uxores
1413 1589 1672 1650 tanquam
1731 1595 1836 1633 non
1877 1579 2127 1633 habentes

573 1680 678 1733 sint
707 1682 725 1751 (
760 1683 783 1736 1
820 1682 941 1738 Cor.
990 1685 1042 1738 7.
1075 1685 1189 1756 29).
1221 1684 1411 1757 Itaque
1444 1727 1458 1751 ,
1492 1686 1590 1752 ait,
1645 1700 1755 1740 non
1805 1685 1978 1756 jubeo
2033 1696 2133 1736 vos

573 1784 840 1839 montium
873 1788 1157 1844 cacumina
1189 1804 1462 1862 occupare
1498 1811 1510 1847 :
1542 1790 1597 1846 id
1643 1791 1846 1846 vellem
1882 1787 2130 1858 quidem,

569 1886 710 1955 quia
743 1890 912 1946 urbes
961 1892 1368 1951 Sodomitarum
1400 1895 1632 1951 crimina
1675 1896 1999 1962 imitantur;
2052 1901 2138 1947 at-

579 1999 760 2047 tamen
787 1995 852 2050 ad
888 1996 941 2051 id
974 2013 1087 2055 non
1121 2016 1278 2072 cogo.
1306 2002 1574 2057 Permane
1615 2001 1670 2056 in
1698 1999 1863 2055 domo
1890 2009 1981 2055 tua
2012 2014 2137 2054 cum

577 2095 763 2152 liberis
792 2107 849 2154 et
877 2116 1076 2169 uxore;
1118 2103 1214 2160 sed
1268 2119 1340 2161 ne
1385 2105 1718 2161 contumelia
1748 2119 1975 2161 uxorem
2021 2102 2141 2158 afﬁ-

578 2202 726 2268 cias,
775 2219 952 2276 neque
991 2206 1136 2264 filios
1175 2210 1468 2276 traducas.
1515 2226 1697 2281 neque
1750 2209 1954 2267 theatri
1992 2209 2139 2265 luem

580 2305 800 2362 domum
833 2308 1091 2367 inducas.
1147 2313 1267 2370 Non
1334 2315 1496 2371 audis
1548 2316 1780 2372 Paulum
1815 2313 2090 2370 dicentem
2122 2353 2140 2380 ,

587 2410 672 2466 Vir
707 2416 790 2468 sui
830 2420 1066 2488 corporis
1109 2427 1420 2488 potestatem
1466 2436 1571 2475 non
1621 2421 1795 2486 habet,
1826 2415 2144 2474 sed'ﬁulier

584 2520 601 2589 (
635 2519 686 2574 Ι.
716 2519 838 2578 Cor.
877 2525 930 2578 7.
956 2522 1034 2593 4),
1072 2538 1138 2578 ac
1170 2539 1489 2581 communes
1534 2527 1756 2596 utrique
1798 2526 1947 2597 leges
1976 2526 2141 2582 indu-

577 2625 843 2679 centem?
891 2626 973 2680 Tu
1017 2634 1175 2695 vero,
1219 2629 1264 2685 si
1299 2631 1588 2686 ecclesiam
1623 2647 1763 2687 uxor
1805 2631 2140 2702 frequentet,

579 2730 760 2796 gravis
797 2739 1088 2787 accusator
1115 2749 1209 2798 es;
1255 2741 1313 2789 tn
1347 2735 1392 2790 si
1430 2736 1483 2790 in
1520 2736 1752 2792 theatris
1781 2736 1901 2792 dies
1935 2736 2142 2808 exigas,

587 2848 695 2889 non
727 2843 780 2890 te
819 2837 1155 2909 culpandum
1189 2840 1382 2910 putas?
1415 2839 1522 2897 Sed
1564 2841 1632 2897 de
1670 2843 1860 2899 uxoris
1893 2843 2147 2899 castitate

587 2939 873 3005 sollicitus,
915 2941 1018 2998 hac
1047 2943 1104 2999 in
1141 2959 1200 2999 re
1237 2944 1569 3014 superﬂuam
1615 2947 2148 3018 immoderatamque

588 3057 773 3098 curam
808 3043 1055 3114 adhibes,
1096 3047 1170 3103 ita
1205 3057 1264 3104 ut
1293 3063 1362 3104 ne
1391 3049 1615 3118 quidem
1655 3052 2004 3109 necessarios
2031 3054 2150 3109 cxi-

2218 419 2307 465 tus
2333 411 2385 465 ei
2417 409 2708 481 permittas
2741 425 2756 462 :
2791 408 2892 463 tibl
2923 423 3058 464 vcro
3093 403 3277 460 omnia
3304 405 3480 459 licere
3509 410 3696 473 putas.
3723 403 3790 460 At

2217 517 2319 572 tibi
2373 517 2477 571 hoc
2527 530 2637 569 non
2684 513 2959 584 permittit
3003 512 3224 574 Paulus,
3271 510 3367 578 qui
3413 507 3675 564 eamdem
3708 507 3796 563 dat

2219 621 2376 675 uxori
2426 628 2755 690 potestatem
2813 616 2902 671 bis
2955 615 3140 670 verbis
3186 631 3200 666 :
3237 611 3399 668 UxOri
3441 613 3521 665 vir
3566 609 3797 663 debitum

2221 727 2469 779 honorem
2509 723 2696 778 reddat
2730 721 2804 793 (l.
2841 720 2964 776 Car.
2997 720 3050 772 7.
3081 718 3157 787 5).
3209 717 3417 785 Ecquis
3461 714 3556 769 ille
3599 713 3800 774 honor,

2223 831 2356 886 dum
2382 830 2529 884 illam
2561 829 2617 882 in
2651 843 2711 882 re
2741 826 3020 897 praecipua
3049 822 3405 886 dehonestas,
3430 820 3566 875 dum
3599 829 3804 886 corpus

2226 937 2346 1006 ejus
2377 933 2769 989 meretricibus
2793 929 3008 987 tradis?
3038 929 3188 1000 (nam
3221 941 3423 997 corpus
3449 935 3610 980 tuum
3632 921 3807 994 ipsius

2225 1039 2388 1112 est;)
2421 1039 2553 1095 dum
2590 1037 2789 1093 turbas
2823 1044 2881 1092 et
2903 1035 3034 1091 lites
3077 1034 3304 1088 domum
3354 1029 3618 1085 inducis?
3674 1024 3808 1082 dum

2230 1147 2358 1201 talia
2386 1146 2506 1217 agis
2529 1144 2588 1198 in
2620 1144 2764 1207 foro,
2791 1157 2914 1212 qua
2939 1154 3067 1195 cum
3113 1136 3265 1193 domi
3306 1149 3519 1199 narras,
3569 1132 3645 1187 ad
3677 1144 3810 1187 eru-

2228 1249 2568 1306 bescendum
2622 1247 2774 1318 cogis
2802 1258 3028 1300 uxorem
3076 1240 3402 1297 audientem
3433 1277 3449 1304 ,
3491 1245 3550 1292 et
3591 1233 3815 1306 pudore

2230 1355 2507 1412 suffundis
2550 1353 2718 1409 filiam
2748 1357 3079 1423 praesentem
3111 1387 3128 1414 ,
3182 1355 3349 1416 atque
3395 1353 3527 1398 ante
3569 1342 3700 1395 illas
3740 1349 3816 1394 te-

2233 1462 2449 1535 ipsum?
2486 1461 2720 1516 Necesse
2739 1456 2887 1513 enim
2909 1464 2996 1510 est
3025 1463 3122 1510 aut
3153 1462 3357 1518 tacere,
3388 1460 3484 1504 aut
3507 1448 3624 1502 hoc
3653 1443 3819 1500 modo

2233 1565 2614 1629 dehonestari,
2647 1579 2750 1635 pro
2765 1563 2971 1633 quibus
3001 1559 3169 1615 rebus
3199 1557 3288 1612 vel
3318 1554 3664 1612 domesticos
3691 1566 3820 1606 ver-

2237 1677 2468 1733 beribus
2490 1673 2670 1743 excipi
2707 1687 2808 1743 par
2852 1677 2960 1726 est.
3000 1667 3175 1736 Quam
3215 1664 3418 1735 igitur,
3469 1674 3692 1731 quaeso,
3725 1672 3822 1712 ex-

2238 1778 2583 1836 cusationem
2610 1749 2864 1840 habebis,
2911 1771 3044 1828 dum
3075 1785 3139 1826 ea
3176 1776 3330 1824 tanto
3378 1764 3568 1821 studio
3597 1760 3823 1832 conspio

2238 1887 2338 1950 cis,
2371 1898 2493 1954 qua!
2519 1896 2588 1936 nc
2611 1893 2838 1935 narrare
2871 1876 3098 1948 quidem
3128 1874 3211 1930 fas
3243 1873 3376 1929 est?
3422 1871 3555 1937 Quae
3600 1883 3678 1923 ne
3712 1880 3826 1921 me-

2238 2004 2454 2046 morare
2491 1985 2716 2058 quidem
2745 1985 2897 2048 licet,
2919 1998 2984 2038 ea
3017 1979 3277 2036 omnibus
3302 1974 3600 2046 anteponis
3618 1973 3645 2027 2
3675 1971 3826 2027 Inte-

2238 2097 2345 2150 rim
2378 2094 2549 2165 igitur
2579 2132 2594 2158 ,
2635 2106 2706 2146 ne
2745 2090 2848 2146 sim
2880 2086 3193 2149 onerosior,
3236 2083 3330 2138 hic
3356 2081 3522 2137 tinem
3554 2075 3828 2148 loquendi

2239 2201 2459 2257 faciam.
2491 2197 2548 2253 Si
2578 2205 2764 2251 autem
2791 2193 2989 2248 iisdem
3021 2184 3358 2260 persistatis,
3395 2183 3653 2250 acutiore
3681 2180 3830 2235 ferro

2240 2305 2573 2380 profundius
2604 2302 2809 2356 vulnus
2830 2297 3071 2369 infligam
3102 2311 3116 2346 :
3146 2306 3327 2363 neque
3363 2288 3621 2352 cessabo,
3650 2285 3832 2342 donec

2241 2412 2509 2482 dissipato
2561 2407 2656 2464 illo
2687 2403 2962 2460 diabolico
3012 2400 3228 2453 theatro
3255 2437 3270 2463 ,
3329 2408 3532 2466 purum
3559 2388 3833 2447 Ecclesia

2241 2527 2444 2575 emtum
2475 2515 2738 2571 effecero.
2787 2511 2866 2566 lla
2913 2507 3063 2564 enim
3105 2519 3136 2560 a
3171 2500 3432 2575 prasenti
3477 2493 3833 2568 turpitudine

2241 2624 2628 2685 liberabimur,
2661 2627 2719 2676 et
2748 2617 2992 2673 futuram
3029 2621 3440 2678 consequemur
3477 2604 3679 2666 vitam,
3706 2613 3831 2671 gra-

2246 2734 2320 2787 tia
2381 2739 2438 2785 et
2500 2723 2887 2784 misericordia
2966 2716 3185 2775 Domini
3227 2710 3403 2769 nostri
3466 2709 3600 2765 Jesu
3667 2703 3834 2760 Chri-

2247 2837 2339 2899 sti,
2380 2835 2470 2890 cui
2497 2833 2670 2905 gloria
2710 2838 2767 2885 ct
2806 2824 3099 2910 imperium
3153 2822 3208 2877 in
3247 2815 3443 2874 saecula
3475 2812 3833 2870 saeculorum.

2251 2943 2448 2998 Amen.

1944 4559 2280 4620 HOMILIA
2340 4540 2502 4617 Vm.

612 4835 736 4891 Car.
768 4834 832 4888 ll.
870 4833 1039 4886 v.11.
1088 4831 1160 4885 Et
1201 4831 1461 4883 intrantes
1492 4825 1729 4889 domum,
1765 4823 2006 4878 viderunt
2045 4836 2173 4891 pue-

687 4958 800 4993 rum
830 4956 946 4993 cum
968 4936 1140 4992 Maria
1175 4945 1346 4990 matre
1369 4935 1512 5003 ejus;
1540 4940 1588 4985 et
1614 4931 1937 5001 procidentes
1977 4929 2176 4982 adora-

685 5055 877 5100 uerunt
927 5059 1091 5097 eum:
1149 5051 1195 5094 et
1238 5042 1435 5110 apertis
1479 5038 1740 5092 thesauris
1781 5034 2080 5089 obtulerunt
2130 5036 2177 5088 ei

688 5167 932 5214 munera,
976 5165 1189 5210 aurum,
1230 5148 1346 5199 thus
1381 5153 1430 5198 et
1457 5147 1731 5216 myrrham
1767 5143 1871 5214 (α),

687 5274 730 5326 1.
770 5271 938 5341 Magis
967 5270 1094 5339 quid
1142 5269 1328 5331 suasit,
1365 5275 1419 5320 ut
1454 5264 1717 5321 Christum
1763 5264 2071 5327 adorarent,
2122 5263 2174 5313 in

689 5449 757 5509 (η)
780 5447 1073 5514 Longiorem
1109 5443 1187 5492 hic
1213 5441 1407 5514 titulum
1439 5440 1585 5514 habet
1617 5436 2178 5514 ldore‘lliquamhsofn'ilu

624 5497 859 5618 ﬁdem
886 5497 1106 5568 “quidem
1145 5519 1156 5552 :
1195 5517 1304 5554 nam
1345 5504 1451 5553 hac
1487 5513 1583 5551 non
1625 5497 1921 5564 repetuntur
1964 5497 2084 5545 infra
2130 5497 2179 5544 in

2282 4820 2436 4868 tanta
2480 4812 2658 4882 inapia
2714 4815 2926 4864 natum.
2982 4805 3093 4875 Ipsi
3145 4803 3405 4860 Christum
3438 4811 3497 4857 ut
3548 4801 3719 4856 Deum
3764 4803 3862 4858 hu-

2280 4922 2623 4975 buerunt.—-
2663 4912 2953 4983 Quomodo
3005 4926 3136 4982 ergo
3193 4910 3272 4964 ait
3326 4909 3544 4973 Lucas,
3600 4907 3749 4978 quod
3801 4907 3858 4962 in

2280 5023 2550 5097 praesepio
2599 5022 2816 5092 positus
2869 5027 3016 5074 esset
3077 5017 3225 5086 (Luc.
3278 5017 3331 5071 2.
3379 5015 3504 5084 7.)?
3547 5013 3690 5080 Quia
3752 5024 3864 5068 sta—

2284 5134 2583 5198 tim.atque
2621 5134 2915 5198 pepererat
2941 5139 3069 5179 eum
3123 5122 3196 5177 ibi
3224 5120 3531 5176 reclinavit.
3555 5117 3864 5173 ‘Ccnllucn-

2285 5238 2436 5293 tibus
2493 5233 2638 5289 enim
2691 5232 2757 5286 ad
2828 5244 3052 5285 censum
3119 5225 3360 5290 Iudaeis,
3441 5224 3595 5278 nulla
3635 5233 3863 5293 poterat

2287 5337 2522 5409 reperiri
2581 5336 2781 5391 domus
2808 5351 2821 5387 :
2869 5332 3017 5404 quod
3039 5332 3203 5386 etiam
3230 5329 3410 5383 Lucas
3439 5326 3715 5397 signiﬁcat
3738 5341 3862 5380 cum

2290 5445 2390 5507 ait,
2435 5439 2573 5505 Quia
2613 5457 2717 5494 non
2770 5447 2884 5492 erat
2933 5437 3105 5500 locus,
3149 5432 3424 5486 reclinavit
3467 5430 3641 5484 illum.
3686 5429 3840 5498 (Ibid.

2293 5547 2489 5602 Postea
2536 5559 2670 5599 vero
2728 5541 2955 5597 sustulit
2996 5548 3054 5594 et
3108 5551 3272 5606 supra
3320 5547 3497 5604 genua
3554 5531 3866 5589 collocavit.
