4040 6418
287 409 358 466 85

279 527 407 583 Nam
423 527 598 581 statim
612 535 770 596 atque
791 523 840 577 in
861 520 1169 576 Bethlehem
1187 519 1450 590 pervenit,
1469 519 1631 573 tilium
1647 520 1880 590 peperit,

278 628 332 674 ut
365 618 488 672 hinc
511 627 673 672 totam
704 613 910 668 ediscas
930 612 1306 674 oeconomiam,
1339 617 1519 665 etnon
1541 623 1668 664 casu
1692 621 1744 664 et
1762 612 1880 664 sine

277 711 502 766 consilio
524 716 696 780 gesta,
726 707 818 761 sed
851 721 948 776 per
979 705 1365 774 providentiam
1406 702 1694 774 quamdam
1737 703 1876 757 divi-

275 817 400 856 nam
431 815 493 854 ac
519 796 814 853 secundum
846 795 1138 865 prophetia:
1163 796 1356 849 seriem
1387 793 1602 863 impleta
1627 793 1878 847 ha‘com-

275 892 365 948 nia
395 891 574 944 fuisse.
609 887 808 943 Verum
853 885 981 956 quid
1027 886 1148 940 illos
1173 877 1244 946 ad
1277 900 1500 954 puerum
1545 883 1878 938 adorandum

274 981 517 1036 induxit?
544 978 728 1049 Neque
747 978 894 1033 enim
917 976 1080 1047 Virgo
1121 976 1329 1046 insigne
1358 976 1630 1046 quidpiam
1681 990 1791 1044 prta
1819 990 1880 1029 se

273 1074 500 1138 terebat,
531 1087 702 1141 neque
732 1071 924 1125 domus
951 1069 1229 1139 magnitica
1263 1076 1399 1133 erat,
1433 1084 1606 1138 neque
1637 1069 1756 1122 istic
1781 1069 1880 1122 ali-

273 1164 403 1235 quid
434 1161 578 1218 aliud
611 1170 745 1225 crat,
784 1159 926 1230 quod
957 1167 1141 1228 posset
1181 1158 1303 1214 illos
1344 1158 1429 1213 vel
1473 1157 1770 1228 percellere
1798 1158 1880 1212 vel

274 1255 516 1310 allicere.
548 1251 626 1307 llli
661 1267 788 1306 vero
816 1265 920 1304 non
949 1249 1109 1304 modo
1135 1249 1383 1311 adorant,
1414 1249 1509 1304 sed
1541 1250 1744 1319 apertis
1765 1252 1883 1303 the-

271 1347 453 1404 sauris
491 1345 601 1399 suis
633 1359 856 1398 munera
899 1343 1151 1407 oll'erunt,
1205 1359 1425 1397 munera
1477 1345 1717 1413 inquam,
1774 1358 1880 1397 non

275 1438 428 1510 quasi
459 1435 684 1498 homini,
716 1435 809 1489 sed
840 1435 989 1504 quasi
1026 1434 1154 1488 Deo.
1197 1433 1342 1488 Thus
1384 1436 1526 1488 enim
1571 1444 1626 1488 et
1657 1437 1840 1504 myrrh

277 1528 373 1583 Dei
406 1525 637 1581 maxime
658 1524 959 1596 symbolum
989 1534 1125 1578 erat.
1155 1523 1294 1592 Quid
1323 1525 1482 1594 igitur
1503 1525 1606 1579 hoc
1634 1525 1738 1579 illis
1754 1541 1881 1579 sua-

277 1617 382 1674 sit?
413 1616 646 1686 ldipsum
675 1615 815 1684 quod
841 1614 1092 1669 excitavit
1121 1615 1262 1678 illos,
1290 1625 1346 1668 ut
1371 1616 1557 1669 relicta
1587 1615 1748 1670 domo
1769 1626 1882 1668 tan-

279 1717 393 1764 tum
441 1708 545 1762 iter
591 1706 961 1776 susciperent:
997 1705 1250 1760 nimirum
1293 1706 1446 1759 stella
1497 1715 1551 1760 et
1594 1706 1884 1761 illustratio

277 1804 474 1858 mentis
502 1818 530 1856 a
567 1803 675 1858 Deo
706 1803 836 1873 ipsis
867 1806 1067 1872 indita;
1094 1823 1211 1878 qum
1245 1809 1499 1879 paulatim
1529 1810 1649 1864 illos
1669 1811 1734 1866 ad
1759 1829 1880 1883 per-

276 1895 551 1950 fectiorem
582 1896 824 1951 notitiam
854 1897 1097 1954 deduxit.
1146 1899 1258 1954 Nisi
1287 1902 1432 1956 enim
1469 1916 1557 1957 res
1588 1903 1657 1956 ita
1689 1920 1748 1960 se
1780 1907 1877 1961 ha-

272 1986 449 2052 beret,
486 2002 607 2041 cum
635 1989 814 2043 omnia
846 2005 965 2058 quae
993 1990 1112 2045 istic
1149 1992 1468 2047 videbantur
1516 1995 1640 2048 vilia
1670 2007 1875 2065 essent,

272 2093 382 2132 non
408 2081 456 2132 ei
505 2089 707 2134 tantum
755 2081 1123 2136 exhibuisscnt
1178 2083 1459 2140 honorem.
1518 2087 1642 2142 ideo
1695 2100 1875 2170 autem

270 2172 403 2225 nihil
424 2187 609 2227 eorum
633 2189 753 2243 qua:
783 2175 882 2228 sub
910 2190 1126 2229 sensum
1147 2178 1338 2231 cadunt
1369 2180 1436 2230 ihi
1469 2197 1716 2246 maguum
1736 2192 1872 2250 erat,

268 2261 366 2316 sed
396 2277 660 2332 prtesepe,
695 2265 982 2331 tugurium.
1015 2277 1187 2320 mater
1232 2269 1408 2338 inops,
1436 2281 1491 2324 ιιι
1519 2273 1713 2342 undam
1755 2289 1872 2330 ma—

262 2368 457 2423 gorum
489 2354 878 2432 philosophiam
899 2361 1211 2428 perspicias,
1245 2371 1404 2431 atque
1432 2364 1630 2431 discas,
1651 2383 1745 2419 eos
1765 2384 1870 2421 non

265 2453 326 2499 ut
356 2445 627 2501 ltOmittem
658 2462 870 2516 purum,
899 2449 994 2503 sed
1023 2460 1076 2504 ut
1097 2451 1263 2505 Deum
1291 2463 1344 2507 et
1371 2454 1670 2512 beneficum
1697 2458 1869 2526 ipsmn

261 2536 485 2592 adiisse.
510 2538 850 2611 Quapropter
877 2544 1022 2598 nullo
1049 2560 1236 2600 eorum
1266 2565 1384 2616 qua:
1416 2553 1751 2606 extrinsecus
1787 2553 1864 2607 vi-

259 2628 530 2685 debantur
555 2632 746 2689 oﬂ'ensi
794 2648 937 2703 sunt,
966 2642 1059 2695 sed
1091 2642 1381 2698 adorarunt
1408 2652 1464 2702 et
1489 2646 1624 2701 dona
1654 2648 1859 2704 obtule-

258 2729 406 2785 runt,
437 2737 556 2790 qure
584 2723 720 2779 dona
753 2729 976 2785 multum
1016 2747 1046 2786 a
1090 2732 1312 2790 Jud-aica
1358 2739 1602 2794 crassitie
1646 2742 1863 2796 dill'ere-

260 2808 412 2864 baut.
442 2810 627 2884 Neque
657 2817 800 2870 enim
845 2834 975 2875 oves
1025 2832 1080 2877 et
1128 2825 1324 2879 vitulos
1371 2828 1737 2896 itnmolarunt,
1769 2835 1862 2887 sed

255 2916 379 2968 qua:
405 2902 784 2962 ecclesiastica:
811 2908 1162 2982 philosotthia:
1186 2910 1356 2971 vicina
1387 2929 1574 2973 erant:
1599 2922 1861 2988 siquidem

253 2993 562 3058 scientiam,
587 2996 946 3055 obedientiam
975 3013 1029 3058 et
1051 3004 1392 3064 dilectionem
1417 3011 1516 3078 ipsi
1538 3010 1859 3070 oll‘er'ebant.

255 3081 349 3136 12.
376 3082 446 3138 Et
477 3103 718 3156 responso
746 3106 951 3162 accepto
982 3097 1034 3148 in
1063 3099 1273 3163 somnis,
1308 3117 1370 3155 ne
1401 3103 1622 3157 redirent
1649 3106 1718 3158 ad
1747 3107 1858 3160 lle-

252 3175 456 3241 rodem,
495 3194 583 3246 per
608 3180 764 3234 aliam
786 3184 920 3237 viam
951 3188 1136 3242 reversi
1175 3201 1291 3243 sunt
1326 3193 1378 3245 in
1405 3194 1658 3262 regionem
1689 3213 1856 3251 suam.

255 3266 356 3321 llic
379 3269 507 3321 mihi
538 3271 656 3325 vide
687 3273 846 3327 iidem
873 3276 1128 3345 ipsorum,
1156 3282 1425 3348 quomodo
1447 3301 1553 3338 non
1580 3287 1860 3342 olieudan-

251 3368 362 3422 tttr,
392 3359 486 3414 sed
515 3360 619 3414 sint
649 3364 814 3432 quieti
843 3375 896 3420 et
927 3369 1381 3436 obtemperantes,
1413 3391 1588 3443 neque
1633 3380 1856 3431 turben-

251 3459 357 3512 tur,
394 3466 566 3520 ncque
599 3452 721 3506 talin
769 3466 955 3510 mutuo
1003 3458 1324 3529 loquantur:
1352 3463 1493 3519 Sane
1537 3468 1581 3521 si
1633 3483 1857 3537 magnus

248 3540 340 3596 hic
369 3556 503 3611 puer
529 3553 629 3608 est,
662 3547 783 3601 etsi
824 3565 984 3618 quam
1019 3550 1180 3607 habet
1218 3557 1532 3621 potentiam,
1567 3559 1690 3626 quid
1721 3576 1856 3628 opus

244 3635 368 3703 luga
399 3645 451 3688 ct
483 3638 690 3693 occulto
718 3639 994 3696 discessu?
1021 3659 1118 3697 cur
1168 3661 1296 3701 vero
1340 3663 1439 3700 nos
1473 3650 1560 3716 qui
1597 3652 1768 3718 palam
1799 3663 1854 3707 et

244 3739 369 3778 cum
394 3724 585 3780 ﬁducia
608 3732 934 3786 accessimus
960 3733 1025 3786 ad
1055 3737 1309 3805 pupulum
1341 3746 1566 3804 tantum,
1593 3751 1639 3794 et
1669 3757 1850 3798 coram

243 3814 457 3870 furente
485 3833 610 3885 rege
641 3820 911 3886 stetimus,
947 3825 1096 3894 quasi
1139 3826 1391 3897 fugitivos
1433 3846 1496 3882 ex
1525 3831 1740 3886 civitate
1769 3834 1850 3887 tli-

246 3907 410 3959 mittit
435 3909 693 3976 angelus?
719 3910 788 3964 At
817 3912 948 3966 nihil
984 3913 1090 3968 tale
1119 3916 1201 3969 vcl
1232 3916 1484 3972 dixerunt
1514 3921 1594 3972 vel
1640 3923 1843 3992 cogita-

242 4007 388 4052 runt.
422 3997 551 4052 lllud
581 4001 726 4055 enim
768 4005 1004 4061 mxime
1034 4006 1101 4061 ad
1129 4007 1286 4062 iidem
1333 4011 1585 4080 pertinet,
1622 4022 1676 4066 at
1706 4016 1844 4069 nulla

236 4091 611 4146 ttaundatortttn
646 4097 780 4148 ratio
809 4099 1138 4165 exquiratur,
1168 4105 1258 4154 sed
1283 4105 1448 4171 jussis
1483 4118 1684 4163 tantum
1715 4111 1836 4168 obe-

236 4184 436 4237 diatut‘.
469 4183 553 4238 15.
591 4185 692 4250 Qui
722 4203 834 4239 cum
862 4188 1125 4255 abiissent,
1150 4210 1262 4246 erre
1290 4199 1499 4265 angelus
1517 4199 1722 4256 Domini
1743 4221 1841 4274 ap-

234 4274 408 4344 paruit
446 4277 499 4328 iu
542 4278 731 4330 somnis
761 4277 976 4349 Joseplt,
1002 4283 1213 4338 dicens:
1246 4285 1413 4357 Surge
1438 4301 1482 4343 et
1515 4294 1690 4364 accipe
1719 4312 1839 4364 pue-

233 4380 351 4417 rum
377 4375 423 4418 ιε
454 4376 664 4420 matrem
691 4370 821 4438 ejus,
849 4381 893 4425 et
921 4374 1039 4442 fuge
1065 4375 1115 4427 iu
1151 4375 1457 4447 rEgyptwu.
1494 4381 1589 4436 llic
1616 4383 1762 4439 subit
1785 4386 1836 4439 in

232 4470 472 4514 mentem
500 4461 745 4529 quadam
773 4463 1034 4518 dubitati..-
1066 4469 1209 4524 circa
1236 4486 1441 4541 magos,
1467 4484 1521 4527 et
1541 4475 1678 4530 circa
1701 4493 1837 4548 pue~

232 4566 376 4606 rum.
410 4551 522 4606 Etsi
552 4554 696 4607 enim
729 4555 804 4608 illi
837 4559 1030 4612 turbati
1062 4577 1166 4612 non
1197 4562 1324 4626 sint,
1351 4566 1443 4618 sed
1473 4565 1699 4624 fideliter
1722 4586 1840 4625 om-

233 4642 318 4695 nia
350 4644 709 4712 susceperint,
745 4646 900 4701 nobis
944 4657 1122 4703 tamen
1162 4654 1508 4721 qumt‘endttttt
1553 4659 1829 4726 incumbit,

231 4747 329 4786 cur
357 4748 465 4788 non
495 4745 548 4790 et
577 4735 652 4789 illi
685 4745 742 4792 et
776 4752 912 4806 puer
951 4753 1248 4809 praesentes
1287 4759 1598 4813 servantur;
1633 4750 1726 4804 sed
1758 4751 1834 4808 illi

231 4824 286 4877 in
321 4824 620 4892 Persidem,
657 4827 744 4884 hic
777 4831 829 4883 iu
863 4830 1160 4902 Egyptum
1209 4853 1328 4891 cum
1379 4851 1550 4894 matre.
1598 4841 1826 4913 fugatur.

230 4916 338 4971 Sed
370 4917 537 4987 quid?
564 4935 630 4974 an
672 4922 952 4991 oportebat
982 4925 1127 4980 illum
1159 4928 1392 4985 incidere
1423 4933 1473 4986 in
1504 4949 1692 4990 manus
1722 4935 1830 4991 He-

233 5010 399 5075 rodis,
433 5023 487 5064 et
515 5025 730 5080 captum
764 5031 870 5071 non
898 5017 1163 5075 interﬁci?
1194 5025 1263 5076 At
1288 5038 1391 5077 noo
1435 5036 1672 5096 putatum
1703 5029 1831 5084 luis-

230 5112 314 5157 set
346 5103 518 5172 ipsum
550 5107 822 5174 accepisse
866 5125 1105 5180 carnem,
1140 5131 1312 5184 neque
1357 5122 1673 5174 mconomiae
1712 5138 1829 5176 ma-

228 5196 453 5265 gnitudo
485 5197 685 5251 credita
727 5198 931 5256 fuisset.
980 5203 1112 5258 Nam
1159 5206 1203 5259 si
1244 5206 1325 5263 his
1368 5211 1436 5262 ita
1465 5213 1648 5281 gestis,
1681 5224 1826 5282 post-

228 5302 389 5355 quam
420 5288 585 5343 multa
616 5288 851 5345 humano
877 5295 1038 5349 modo
1077 5298 1385 5367 dispensata
1430 5316 1576 5370 sunt,
1610 5307 1824 5376 quidam

231 5379 412 5433 dicere
438 5380 552 5433 ausi
582 5390 706 5434 sunt
733 5384 909 5436 carnis
947 5391 1369 5458 assumptionem
1416 5409 1537 5448 esse
1568 5395 1821 5466 fabulam,

229 5487 336 5538 quo
367 5473 658 5541 impietatis
689 5491 796 5528 non
825 5479 1213 5548 prorupissent,
1239 5485 1280 5536 si
1314 5487 1488 5539 omnia
1515 5488 1695 5542 divino
1712 5506 1826 5544 mo-

227 5562 298 5617 do
326 5571 382 5618 et
408 5566 697 5621 secundum
725 5584 874 5622 suam
905 5573 1194 5640 potentiam
1234 5575 1486 5631 fecisset?
1523 5580 1702 5651 Magos
1728 5599 1791 5637 au
1809 5614 1822 5623 -

231 5667 338 5714 tem
370 5659 623 5714 celeriter
654 5664 871 5726 emittit.
902 5665 1056 5719 simul
1088 5668 1340 5725 doctores
1372 5673 1590 5728 mittens
1622 5676 1671 5730 in
1700 5677 1823 5731 Per-

229 5767 410 5809 sarum
443 5754 738 5825 regionem,
768 5769 820 5812 et
853 5761 1064 5828 tyranni
1107 5762 1339 5820 furerem
1387 5777 1730 5835 pnevcrtens,
1771 5781 1821 5824 ut

1429 405 1494 458 IN
1534 404 1850 461 ΜΑΤΤΠᾹΞ

1995 409 2228 467 uouit.
2277 412 2405 468 vut.
3525 409 3592 460 δι

2001 528 2288 590 edisceret,
2319 539 2380 579 se
2403 537 2492 578 res
2517 537 2637 592 qua:
2661 519 2773 574 ﬁeri
2805 535 2910 572 .ton
2937 529 3154 588 possent
3180 519 3417 589 aggredi.
3444 522 3602 572 iram—

1999 635 2104 690 quc
2132 619 2248 689 cjus
2275 616 2516 683 sedaret,
2545 625 2600 670 et-
2619 631 2648 668 a
2673 627 2810 667 vano
2831 610 3016 668 labore
3045 612 3364 666 retraheret.
3391 611 3469 665 Ad
3489 611 3605 678 ejus

2000 710 2144 763 enim
2177 708 2472 778 potentiam
2519 705 2772 776 pertinet.
2819 719 2926 758 non
2958 703 3120 758 modo
3151 702 3398 757 inimicos
3430 702 3603 770 palam

2000 802 2307 872 prodigam,
2331 799 2426 854 sed
2457 800 2620 860 etiam
2667 800 2814 867 ipsos
2855 797 3008 851 facile
3037 795 3310 865 decipere.
3344 796 3436 851 Sic
3461 797 3604 849 enim

1997 893 2282 964 Aigyptios
2313 892 2368 945 in
2401 889 2711 946 Judazorum
2738 889 2964 959 gratiam
2987 887 3219 957 decepit.
3251 897 3299 942 ct
3331 902 3452 942 cum
3483 900 3606 955 pos-

1998 996 2081 1041 set
2098 982 2311 1039 illorum
2331 983 2544 1038 divitias
2570 982 2623 1036 in
2648 995 2837 1035 manus
2860 980 3205 1036 llebrteorum
3235 981 3408 1050 palam
3432 988 3605 1034 trans-

1995 1066 2156 1132 ferre,
2201 1067 2339 1122 clam
2370 1068 2419 1121 id
2448 1079 2501 1123 et
2528 1084 2650 1124 cum
2681 1074 2876 1128 astutia
2909 1074 3023 1130 ﬁeri
3051 1076 3203 1146 jubet
3237 1094 3250 1130 :
3286 1078 3336 1134 id
3367 1080 3509 1149 quod
3534 1081 3602 1137 il-

1994 1158 2102 1213 lum
2135 1175 2239 1232 Imp
2260 1162 2436 1216 minus
2460 1161 2854 1222 formidabilem
2885 1169 3126 1224 hostibus
3143 1171 3419 1236 reddebat.
3439 1189 3598 1244 quam

1992 1249 2092 1302 alia
2125 1250 2299 1318 signa.

2060 1341 2114 1395 2.
2159 1340 2451 1397 Potentiam
2476 1345 2568 1399 Dei
2589 1348 2647 1400 in
2669 1348 2978 1418 decipiendis
3005 1351 3229 1407 hostibus
3259 1354 3453 1409 elucere
3476 1357 3599 1410 olim

1988 1435 2210 1503 confessi
2230 1446 2348 1489 sunt
2364 1436 2691 1504 Ascaloniae.
2719 1439 2975 1496 Herodem
3002 1445 3183 1498 ntaluit
3206 1444 3346 1500 Deus
3367 1446 3600 1519 decipere

1984 1539 2138 1592 quam
2167 1530 2578 1597 perterrefacere.
2613 1529 2842 1586 Christus
2867 1549 2959 1586 cur
2983 1535 3037 1587 in
3067 1533 3592 1607 AEgyptum-missus.

1986 1643 2054 1653 -——
2072 1615 2395 1671 Ascalonitm
2427 1634 2656 1689 namque
2679 1623 2969 1692 caeterique
2996 1641 3183 1682 omnes
3207 1639 3486 1698 postquam
3508 1648 3595 1686 ar-

1983 1719 2102 1759 cam
2148 1717 2425 1777 ceperant,
2463 1712 2701 1778 percussi
2729 1713 2925 1783 deinde
2970 1715 3329 1774 hortabantur
3365 1735 3494 1776 suos
3525 1740 3594 1778 tte

1984 1808 2302 1867 pugnarent,
2336 1816 2510 1870 neque
2557 1803 2843 1860 adversum
2875 1817 3102 1874 starent,
3133 1827 3197 1866 ac
3225 1827 3348 1867 cum
3377 1817 3592 1870 caeteris

1982 1889 2262 1946 miraculis
2292 1891 2396 1946 hoc
2421 1893 2582 1948 etiam
2609 1896 2660 1950 in
2691 1897 2925 1952 medium
2957 1900 3297 1970 proferebant
3316 1904 3588 1964 dicentes:

1981 1983 2157 2044 Quare
2175 1987 2463 2054 aggravatis
2484 1988 2641 2042 corda
2664 2000 2848 2056 vestra,
2867 1992 2996 2047 sicut
3011 1998 3304 2065 aggravavit
3322 1996 3590 2069 ﬁguptus

1978 2085 2023 2127 et
2059 2073 2306 2130 Pharao?
2332 2095 2501 2132 nonne
2529 2090 2795 2151 postquam
2819 2084 2978 2138 illusit
3005 2087 3096 2152 eis,
3128 2096 3246 2142 tunc
3277 2090 3469 2143 dimisit
3497 2107 3587 2159 po-

1977 2167 2153 2234 pulum
2182 2183 2350 2235 suum,
2385 2180 2430 2224 et
2455 2172 2689 2227 abierunt
2716 2175 2790 2245 (ι.
2820 2175 2950 2246 Reg.
2975 2180 3027 2231 6.
3053 2177 3145 2250 6)?
3168 2179 3292 2234 Hmc
3313 2181 3583 2256 dicebant,

1977 2267 2224 2326 putantes
2255 2259 2357 2315 hoc
2390 2273 2721 2331 postremum
2751 2267 2962 2335 signum
2993 2286 3097 2324 nou
3126 2272 3306 2326 minus
3336 2289 3458 2330 esse
3481 2292 3586 2330 cte-

1974 2349 2101 2401 teris
2131 2349 2307 2416 palam
2335 2355 2524 2419 gestis,
2550 2354 2617 2407 ad
2646 2355 2765 2424 ejus
2785 2357 3262 2416 demonstrandam
3289 2369 3580 2432 potentiam

1974 2449 2130 2507 :tque
2158 2443 2602 2511 magnitudinem.
2635 2446 2686 2501 ld
2717 2448 2861 2517 quod
2904 2451 3064 2505 etiam
3115 2453 3201 2507 hic
3249 2455 3444 2511 factum
3475 2471 3578 2525 cst,

1971 2539 2286 2602 poteratque
2335 2544 2624 2605 tyrannum
2683 2545 3131 2609 perterrefacerc.
3194 2548 3579 2606 Animadverte

1969 2640 2200 2694 namque
2232 2637 2430 2696 quanta
2466 2644 2707 2697 passum,
2739 2642 2788 2686 et
2822 2644 3023 2701 quanto
3054 2637 3404 2704 prmiocatum
3438 2656 3576 2696 ma:-

1969 2731 2088 2770 rore
2112 2715 2381 2772 Herodem
2416 2720 2578 2774 fuisse
2613 2724 2904 2779 verisimile
2927 2728 3015 2785 sit,
3053 2729 3130 2781 sic
3156 2743 3184 2780 a
3215 2733 3384 2798 magis
3415 2731 3577 2789 dece-

1967 2817 2114 2875 ptum
2143 2817 2194 2862 et
2228 2808 2464 2864 illusum.
2497 2812 2632 2879 Quid
2663 2817 2830 2880 enim,
2866 2818 2908 2871 si
2953 2835 3058 2874 non
3091 2823 3286 2876 melior
3328 2826 3400 2879 sit
3441 2829 3574 2883 ell'c-

1965 2900 2119 2952 Cltls'.’
2151 2897 2198 2951 id
2232 2910 2380 2954 certe
2410 2917 2515 2956 non
2549 2903 2612 2955 ad
2641 2921 2765 2958 eum
2794 2908 2881 2974 qui
2917 2908 3032 2964 ltatc
3059 2911 3393 2982 dispensavit
3430 2920 3575 2973 refe-

1965 2989 2191 3042 rendum
2224 2999 2328 3053 est,
2365 2991 2458 3045 sed
2491 2993 2556 3045 ad
2587 2994 2858 3064 ingentem
2895 3001 3132 3056 furorem
3174 3005 3317 3060 illius
3343 3009 3430 3077 qui
3465 3027 3572 3064 noti

1962 3079 2125 3131 cessit
2154 3080 2237 3144 iis,
2261 3096 2382 3150 qua:
2413 3083 2585 3150 ipsum
2613 3087 2878 3141 consolari
2904 3101 2956 3144 et
2982 3108 3010 3144 a
3039 3095 3276 3164 nequitia
3301 3099 3572 3157 abducere

1963 3168 2264 3234 debebant;
2298 3172 2391 3226 sed
2423 3174 2646 3230 ulterius
2695 3182 2977 3247 processit,
3029 3193 3085 3236 ut
3135 3195 3297 3242 tanta:
3347 3189 3572 3250 insania:

1960 3260 2233 3329 graviores
2263 3263 2434 3316 lueret
2467 3279 2673 3333 ptenas.
2709 3269 2773 3320 Et
2797 3284 2913 3336 cur,
2935 3271 3164 3342 inquies,
3197 3278 3248 3330 in
3272 3278 3568 3352 Egyptum

1960 3364 2092 3417 puer
2125 3353 2388 3406 mittitur?
2415 3354 2643 3409 Causam
2675 3357 2725 3410 itt
2757 3359 2941 3426 primis
2987 3367 3208 3431 protulit
3239 3375 3568 3443 evangelista

1962 3441 2176 3496 dicens:
2206 3445 2290 3499 l5.
2311 3442 2380 3498 Ut
2408 3447 2704 3516 impleretur
2731 3449 2862 3504 illud
2881 3469 2899 3506 :
2930 3452 3013 3508 Ea:
3037 3455 3275 3530 zEgypto
3301 3441 3475 3521 vocavi
3501 3473 3569 3537 ﬁ-

1962 3532 2081 3586 lium
2107 3551 2272 3589 meum
2304 3537 2475 3608 (Osce.
2512 3542 2598 3594 ll.
2634 3543 2720 3611 l):
2753 3544 3020 3618 simulque
3052 3550 3204 3606 bona:
3230 3559 3347 3624 spei
3384 3532 3564 3627 prote-

1966 3634 2067 3686 mia
2093 3636 2186 3689 toti
2210 3635 2325 3691 Otbi
2357 3646 2875 3707 prmnuntiahantur.
2903 3651 3035 3720 Quia
3075 3659 3220 3714 enim
3248 3662 3486 3736 Babylon
3520 3683 3570 3727 et

1963 3723 2229 3794 Aﬂgyplus
2260 3729 2381 3798 plus
2427 3749 2585 3803 quam
2637 3739 2875 3808 reliquus
2905 3747 3052 3802 orbis
3085 3723 3381 3821 impietatis
3409 3763 3570 3819 arde-

1962 3815 2085 3869 bant
2112 3817 2349 3888 ﬂamma,
2378 3823 2446 3876 ab
2477 3828 2699 3883 exordio
2732 3831 3013 3893 declarans
3035 3856 3092 3894 se
3115 3846 3303 3901 ambas
3336 3849 3456 3907 illas
3487 3870 3568 3912 re-

1957 3906 2144 3975 gioncs
2170 3913 2602 3983 emendaturum,
2637 3931 2685 3975 et
2715 3924 2780 3977 ad
2824 3928 3043 3985 meliora
3075 3932 3452 4007 deducturum,
3505 3949 3565 4000 si-

1956 4000 2174 4068 mulque
2204 4017 2297 4070 per
2325 4003 2439 4060 haec
2469 4009 2710 4068 indicans
2738 4017 2896 4072 etiam
2927 4024 3019 4075 toti
3043 4035 3304 4084 terrarum
3333 4035 3450 4091 orbi
3479 4037 3564 4091 Lo-

1955 4102 2021 4140 na
2053 4095 2414 4160 exspectanda
2445 4113 2582 4165 esse,
2615 4113 2667 4156 et
2690 4121 2872 4173 magos
2897 4111 3060 4180 misit,
3087 4127 3140 4171 et
3164 4119 3276 4187 ipse
3301 4138 3426 4180 cum
3457 4145 3561 4182 ma-

1955 4186 2034 4231 tre
2065 4197 2158 4233 sua
2194 4185 2469 4251 profectus
2500 4200 2600 4244 est.
2651 4195 2729 4248 Ad
2763 4196 2878 4253 h:.ec
2909 4218 3038 4258 vero
3069 4185 3212 4264 aliud
3244 4214 3404 4270 etiam
3440 4218 3566 4277 inde

1952 4267 2228 4339 timemur,
2255 4277 2399 4345 quod
2426 4295 2528 4333 non
2560 4293 2744 4350 parum
2777 4306 2873 4344 nos
2902 4294 2967 4347 ad
2999 4296 3394 4370 philosophiam
3429 4312 3564 4368 inei-

1953 4368 2045 4412 tet.
2076 4362 2363 4429 Qttodttatu
2391 4369 2721 4439 iiltttl?Quod
2749 4379 2814 4432 ab
2836 4380 2950 4448 ipso
2981 4362 3133 4442 initio
3162 4362 3564 4458 tcittationcs'rt

1951 4454 2186 4520 pericula
2220 4458 2328 4512 sint
2355 4467 2738 4530 exSpectanda.
2764 4470 2891 4527 Vide
2911 4490 3142 4549 namque
3165 4484 3214 4537 id
3247 4486 3346 4556 ipsi
3376 4491 3445 4545 ab
3476 4494 3525 4547 in
3546 4528 3560 4535 -

1947 4545 2224 4599 cunabulis
2253 4552 2532 4607 accidisse.
2564 4555 2694 4611 Nam
2718 4559 2804 4612 illo
2825 4573 2950 4618 nato
2977 4545 3104 4623 furit
3128 4545 3413 4645 lyratintts;
3438 4583 3562 4639 hinc

1947 4634 2064 4704 fuga
2094 4649 2145 4692 et
2171 4644 2568 4712 transmigratio
2601 4649 2649 4702 in
2675 4654 2847 4707 exsilii
2877 4656 3076 4723 locum,
3101 4672 3155 4717 ct
3179 4667 3363 4725 insons
3388 4685 3559 4731 mater

1945 4726 1996 4779 in
2033 4727 2380 4786 barbarorum
2424 4738 2699 4806 regionem
2733 4759 2792 4798 se
2839 4749 3064 4818 proripit
3093 4771 3105 4806 :
3137 4766 3194 4810 ut
3227 4768 3279 4812 tu
3311 4761 3427 4818 haec
3457 4780 3555 4817 au-

1943 4818 2096 4874 dicns
2127 4823 2305 4891 aliquo
2335 4827 2596 4894 Spirituali
2627 4834 2922 4891 ministerio
2965 4842 3230 4915 dignatus,
3279 4853 3322 4906 si
3356 4855 3556 4914 videris

1942 4922 1991 4962 te
2015 4910 2131 4965 dira
2159 4915 2451 4980 patientem
2485 4961 2498 4984 ,
2528 4934 2582 4975 et
2625 4924 2762 4978 inter
2787 4943 3040 4986 sexcenta
3073 4952 3376 4996 versantem
3412 4949 3555 5015 peri-

1939 5001 2079 5065 enla,
2103 5017 2169 5057 ne
2199 5006 2451 5075 tut-heris,
2481 5027 2614 5066 neve
2638 5015 2785 5070 dicas
2809 5037 2820 5069 τ
2845 5019 3109 5087 Quidnam
3134 5028 3234 5083 hoc
3256 5035 3372 5087 est?
3392 5001 3553 5104 dpor-

1941 5091 2085 5146 tebat
2115 5094 2294 5164 utique
2323 5114 2410 5154 me
2435 5107 2702 5166 coronari,
2736 5108 2964 5175 laudari,
2988 5115 3194 5172 clarum
3215 5132 3268 5175 et
3287 5091 3550 5186 illustrem

1937 5195 2079 5246 esse,
2103 5186 2191 5254 qui
2217 5189 2527 5245 mandatum
2560 5195 2765 5250 Domini
2799 5200 3084 5269 impleam:
3111 5209 3203 5263 sed
3233 5212 3335 5269 hoc
3365 5231 3551 5274 exem-

1924 5273 2026 5358 plo
2059 5273 2218 5330 fultus
2251 5277 2458 5335 fortiter
2489 5282 2647 5348 feras,
2678 5302 2895 5358 gnarus,
2923 5293 3060 5351 hanc
3080 5313 3199 5354 cum
3221 5304 3407 5371 primis
3426 5327 3548 5368 esse

1924 5359 2294 5430 spiritualium
2327 5371 2562 5427 virorum
2589 5387 2813 5445 sortem,
2847 5391 2908 5436 ut
2936 5385 3136 5458 ubique
3159 5359 3548 5455 mutationibus

1945 5464 2294 5532 impetantur.
2324 5472 2707 5530 Animadverte
2725 5477 2956 5548 igiturid
2975 5499 3082 5539 non
3101 5487 3274 5542 solum
3303 5507 3470 5561 puero
3492 5510 3546 5553 et

1943 5560 2103 5614 matri
2122 5562 2368 5619 accidere
2392 5566 2405 5595 ²
2432 5584 2446 5633 ;
2481 5569 2572 5622 sed
2592 5570 2757 5626 etiam
2785 5573 3035 5632 barbaris
3055 5579 3180 5634 illis.
3221 5560 3352 5638 Nam
3377 5596 3430 5642 ct
3458 5589 3535 5644 illi

1990 5778 2001 5806 ¹
2036 5775 2152 5836 Alii,
2182 5775 2231 5825 ill
2266 5791 2357 5828 non
2384 5784 2537 5830 solum
2561 5783 2704 5832 matri
2726 5799 2864 5848 purrt
2892 5790 3115 5843 umidam;
