4050 6440
536 374 603 429 85
1733 373 1796 428 IN
1837 373 1926 427 ΜἉ
1936 372 2103 428 ΤΤΙΙΛ

2212 369 2242 423 il
2284 368 2512 424 ιιθδῖιι.
2555 368 2694 422 γηιι

526 499 662 553 clam
692 496 1142 566 disceduntqnasi
1167 492 1402 562 fugitivi;
1433 501 1488 546 et
1509 491 1642 549 haec,
1670 491 1790 558 quae
1827 499 2112 556 numquam

531 608 562 645 e
588 590 746 644 domo
766 601 977 658 egressa
1001 587 1190 649 fuerat,
1211 595 1314 637 tam
1339 583 1552 650 longum
1572 588 1624 632 ct
1643 590 1997 632 aerumnosum
2016 575 2115 628 iter

531 681 804 750 suscipere
824 677 1058 746 jubetur,
1090 675 1159 730 ob
1189 673 1484 727 mirabilem
1511 670 1649 723 hunc
1668 666 1866 720 editum
1891 677 2115 734 puerum

532 778 587 823 et
611 767 936 837 spirituaiem
962 775 1195 834 partum.
1225 763 1356 816 item
1382 761 1570 814 iterum
1600 754 1914 824 stnpeudam
1942 755 2119 807 consi-

533 855 684 913 dera.
729 855 1010 911 Palmstina
1039 852 1337 913 insidiatur,
1368 846 1633 918 Egyptns
1677 859 1808 899 vero
1836 843 2039 912 excipit
2067 852 2122 897 et

536 963 713 1009 servat
741 952 945 1008 insidiis
973 953 1288 1022 impetitum.
1317 951 1502 1023 Neque
1521 954 1660 1010 enim
1685 965 1888 1009 tantum
1920 955 1972 1010 in
1999 955 2121 1011 filiis

537 1043 871 1115 patriurchm,
901 1043 996 1099 sed
1024 1044 1183 1099 etiam
1216 1043 1267 1098 in
1300 1045 1524 1098 Domino
1553 1046 1661 1115 typi
1689 1055 1742 1100 et
1769 1045 1948 1116 ﬁgura:
1985 1061 2117 1102 con-

536 1139 788 1208 tigerunt.
816 1136 920 1191 Per
946 1150 1009 1190 ea
1029 1136 1170 1190 enim
1210 1151 1328 1204 qua:
1352 1135 1421 1189 ab
1463 1137 1575 1205 ipso
1599 1144 1746 1205 gesta
1773 1144 1918 1202 sunt,
1952 1137 2118 1191 multa

537 1227 1030 1298 prmnuntiahantur
1056 1242 1263 1286 eorum,
1296 1242 1414 1296 quae
1443 1237 1623 1294 postea
1652 1235 1906 1281 eventura
1932 1237 2118 1282 erant:

534 1320 676 1389 quod
692 1328 746 1375 ct
765 1320 819 1374 in
847 1319 1000 1373 asina
1025 1329 1078 1373 et
1103 1320 1152 1371 in
1183 1318 1327 1386 pullo
1355 1316 1550 1372 factum
1579 1326 1679 1372 est.
1709 1318 1942 1386 Angelus
1962 1318 2120 1387 igitur

534 1411 624 1480 qui
650 1410 916 1479 apparuit,
950 1424 1054 1462 non
1086 1408 1322 1471 Mariam,
1355 1409 1452 1462 sed
1471 1405 1762 1478 Joseplzum
1789 1406 2114 1478 alloquitur:

533 1511 582 1552 et
616 1499 741 1567 quid
770 1498 936 1552 dicit?
981 1498 1205 1568 Surgcns
1235 1500 1406 1567 accipe
1433 1514 1646 1568 puerum
1684 1509 1733 1553 ct
1773 1508 1984 1555 matrem
2007 1500 2118 1566 eius

535 1589 754 1657 (Matth.
782 1591 832 1643 i.
865 1589 983 1656 20).
1029 1590 1122 1644 llic
1149 1605 1253 1645 non
1284 1591 1418 1644 ultra
1444 1591 1590 1652 dicit,
1625 1589 1902 1663 Conjugcm
1941 1607 2078 1651 tuam
2096 1609 2117 1658 ;

533 1680 648 1744 scd,
678 1674 892 1732 Hatram
922 1681 1048 1750 ejus.
1077 1680 1207 1745 Quia
1239 1682 1378 1734 enim
1415 1691 1597 1750 partus
1617 1675 1858 1752 conligit,
1886 1684 2117 1754 sns'picio

532 1771 706 1824 soluta
734 1777 838 1834 est,
869 1779 923 1823 et
953 1769 1067 1823 viro
1094 1769 1226 1824 ﬁdes
1253 1768 1388 1823 facta
1416 1779 1520 1834 est,
1554 1772 1720 1827 libere
1739 1771 1851 1841 jam
1884 1773 2116 1844 loquitur

535 1859 777 1928 angelus,
810 1875 984 1931 neque
1009 1859 1172 1914 filium
1203 1877 1376 1931 neque
1413 1861 1692 1932 coniugi-tn
1741 1863 1858 1933 ejus
1899 1864 2116 1932 dicens;

533 1951 650 2017 sed,
683 1951 906 2006 Puerum
932 1961 979 2006 et
1010 1962 1217 2006 matrem
1237 1953 1378 2023 ejus;
1404 1964 1450 2007 et
1469 1955 1590 2026 fuge
1609 1955 1660 2008 in
1687 1953 1975 2027 ﬁgyptum
1991 1975 2010 2022 ;
2037 1959 2119 2012 ln-

531 2055 720 2110 gtequo
762 2056 975 2097 causam
1025 2041 1174 2096 addit
1206 2061 1220 2096 :
1248 2042 1504 2098 Futurum
1543 2055 1616 2100 est
1655 2046 1810 2112 enim,
1841 2047 2026 2117 inquit,
2065 2059 2118 2102 ut

540 2130 770 2187 Herodes
791 2143 983 2201 qua-rat
1007 2135 1229 2189 animam
1255 2135 1419 2205 putri.

594 2315 646 2369 5.
663 2312 697 2366 J
706 2313 878 2384 oseplti
892 2313 1196 2370 ιαμ-Μία
1206 2312 1400 2370 auditis
1412 2313 1609 2385 Ioseph
1627 2329 1736 2370 non
1749 2314 1983 2371 odensus
2004 2325 2108 2384 est,

525 2423 698 2479 neque
732 2407 866 2464 dixit
895 2425 908 2462 :
950 2407 1200 2478 Ainigma
1246 2419 1330 2464 est
1363 2406 1487 2463 hoc.
1530 2407 1610 2462 Tu
1640 2422 1807 2477 nnper
1846 2406 2062 2464 dicebas
2094 2426 2109 2466 :

525 2498 734 2552 Salvum
752 2499 899 2570 faciet
914 2497 1158 2569 populum
1172 2513 1324 2552 suum
1337 2495 1551 2567 (lauti.
1569 2498 1617 2550 i.
1635 2495 1728 2569 2i)
1749 2515 1761 2551 :
1781 2512 1919 2552 nunc
1933 2507 2112 2554 autem

523 2601 622 2642 nec
661 2586 892 2655 seipsum
928 2594 1100 2655 potest
1127 2600 1342 2640 servare
1361 2625 1376 2650 ,
1414 2585 1507 2638 sed
1531 2583 1651 2653 fuga
1678 2585 1832 2640 nobis
1861 2595 1946 2642 est
1977 2601 2112 2655 opus

522 2686 574 2730 et
596 2677 1019 2746 peregrinatione
1037 2691 1100 2731 ac
1118 2675 1401 2746 longinqua
1434 2675 1897 2746 lransmigratione
1921 2677 1945 2732 τ
1971 2678 2111 2733 Con-

521 2766 678 2820 traria
700 2777 821 2820 sunt
850 2765 964 2821 inec
990 2766 1328 2835 promissioni
1357 2775 1479 2820 tum.
1508 2765 1614 2822 Sed
1641 2767 1774 2822 nihil
1801 2768 2104 2837 ltujusmodi

519 2856 695 2921 dixit;
728 2855 896 2910 iideiis
925 2857 1069 2910 enim
1116 2859 1196 2910 vir
1231 2863 1387 2918 erat;
1422 2871 1592 2926 neque
1621 2858 1943 2913 reversionis
1973 2869 2107 2914 tem-

520 2960 618 3015 pus
643 2945 876 3015 inquirit,
899 2944 1105 3000 etiamsi
1122 2944 1343 3015 angelus
1362 2944 1636 3001 indeﬁnite
1662 2945 1912 3016 loquutus
1933 2960 2106 3016 esset;

519 3051 643 3091 nam
683 3036 756 3089 ait
788 3053 800 3088 :
836 3033 959 3088 Esto
985 3036 1049 3089 ibi
1078 3077 1090 3099 ,
1137 3037 1417 3106 usquedum
1445 3039 1609 3090 dicant
1640 3038 1749 3091 tibi.
1793 3037 1988 3094 Verum
2020 3042 2108 3098 ille

522 3142 628 3180 non
666 3126 789 3181 ideo
815 3124 1033 3195 segnior
1071 3125 1242 3179 factus
1270 3133 1353 3180 est
1374 3167 1386 3190 ,
1419 3126 1512 3180 sed
1552 3135 1707 3196 paret
1741 3136 1797 3182 et
1831 3129 2106 3200 obtempe-

521 3227 618 3281 rat,
657 3217 1080 3286 tentalioncsqtte
1105 3231 1294 3271 omnes
1318 3229 1438 3272 cum
1468 3217 1663 3287 gaudio
1686 3220 1898 3276 tolerat.
1927 3223 2108 3278 Enim-

519 3323 644 3368 vero
673 3309 932 3376 benignus
962 3309 1102 3362 Deus
1130 3309 1213 3361 his
1240 3308 1509 3364 iiibOl‘iti‘JS
1549 3308 1727 3366 dulcia
1759 3313 1972 3368 miscuit
2007 3334 2021 3369 :
2054 3317 2106 3371 id

513 3411 654 3474 quod
683 3410 840 3461 etiam
870 3410 922 3461 in
960 3411 1157 3466 sanctis
1188 3412 1435 3468 omnibus
1478 3419 1727 3470 observat
1760 3434 1774 3470 :
1803 3433 1977 3488 neque
2003 3437 2094 3490 pe-

509 3497 697 3564 ricula,
731 3513 903 3569 neque
929 3501 1158 3569 quietem
1187 3503 1496 3557 continuam
1527 3514 1743 3574 praestat
1772 3547 1788 3572 ,
1817 3509 1909 3562 sed
1939 3521 1993 3562 et
2017 3513 2096 3566 his

507 3599 564 3644 et
599 3589 702 3645 illis
744 3593 1046 3662 permixtim
1082 3597 1271 3665 positis
1317 3597 1481 3650 vitam
1525 3597 1796 3668 justorum
1837 3601 2092 3657 ordinat:

507 3678 560 3734 id
587 3681 727 3751 quod
757 3683 916 3737 etiam
957 3683 1042 3738 hic
1064 3685 1186 3739 fecit
1220 3703 1234 3739 :
1267 3686 1426 3756 idque
1467 3689 1766 3756 perpendas
1796 3691 1976 3744 velim.
2012 3691 2097 3746 Vi-

505 3770 601 3827 det
633 3772 722 3828 ille
747 3773 1013 3844 Virginem
1043 3786 1250 3831 uterum
1279 3789 1578 3847 gestantem
1607 3798 1621 3833 :
1653 3795 1713 3835 ea
1742 3780 1809 3835 de
1834 3798 1891 3837 re
1921 3783 2096 3838 turba-

507 3870 613 3928 tur,
640 3870 694 3916 et
715 3863 998 3919 admodum
1021 3867 1211 3922 anxius
1235 3877 1316 3921 est
1340 3884 1354 3921 :
1377 3868 1672 3923 adulteram
1697 3871 1840 3924 enim
1869 3873 2094 3939 puellam

504 3967 626 4007 esse
669 3955 1074 4024 suspicabatur;
1123 3957 1217 4011 sed
1259 3959 1439 4012 statim
1480 3958 1685 4014 adstitit
1711 3962 1932 4032 angelus
1957 4004 1970 4026 ,
2003 3964 2090 4034 qni

501 4043 858 4112 suspicionem
883 4045 1117 4102 solveret
1143 4063 1206 4101 ac
1238 4058 1433 4102 metum
1465 4051 1790 4105 eiiminaret.
1844 4053 1978 4107 Cum
2010 4056 2087 4107 vi-

501 4133 579 4186 «ιιι
601 4143 778 4188 natum
811 4150 1051 4204 puerum,
1078 4137 1272 4206 gaudio
1303 4153 1496 4206 magno
1520 4139 1769 4208 perfusus
1800 4152 1884 4196 est
1922 4161 1934 4196 :
1965 4160 2090 4197 rur-

2231 503 2428 563 turuin,
2479 507 2696 565 propter
2750 501 3018 563 pastores,
3070 501 3287 565 propter
3339 485 3556 565 niagosi;

2225 584 2457 642 intimos.
2489 585 2547 642 Si
2585 584 2728 641 enim
2755 585 2818 640 iis
2843 600 2963 656 qua
2990 584 3310 654 gerebantur
3336 584 3568 644 accurali

2227 686 2346 732 sent
2369 675 2666 740 attendere,
2697 690 2804 730 non
2836 691 3057 745 parvum
3089 676 3212 731 hinc
3239 677 3307 731 ad
3337 675 3770 756 futurum"

2229 768 2460 823 fructum
2502 768 2828 824 retulissent.
2862 768 3016 835 Quod
3059 768 3104 823 si
3135 767 3412 839 propheta:
3437 768 3505 824 de
3534 765 3710 838 magis
3738 757 3758 822 ί

2227 859 2297 912 hil
2333 857 2643 928 pradicant,
2686 875 2754 914 ne
2795 858 2914 914 ideo
2947 859 3212 925 turberis;
3247 875 3422 930 neque
3459 860 3604 916 enim
3634 858 3819 915 omnia

2225 950 2619 1020 prmdixerunt,
2670 966 2845 1021 neque
2881 951 3038 1005 etiam
3093 951 3272 1006 omnia
3323 962 3623 1008 tacuerunt.
3668 951 3820 1007 Sient

2222 1039 2366 1093 enim
2408 1039 2552 1095 nulla
2581 1054 2640 1096 re
2667 1051 2791 1095 ante
2815 1040 2991 1094 audita
3011 1083 3027 1107 ,
3073 1055 3164 1096 res
3190 1040 3498 1110 huiusmodi
3525 1053 3710 1113 gestas
3737 1043 3816 1097 vi-

2223 1128 2370 1194 dere,
2401 1146 2650 1201 magnum
2697 1143 3006 1202 stuporem,
3054 1148 3409 1204 magnamque
3458 1134 3819 1203 perturbatio-

2225 1236 2345 1276 nem
2391 1222 2735 1292 peperisset:
2781 1223 2859 1278 sic
2887 1224 2931 1277 si
2965 1224 3142 1278 omnia
3185 1224 3497 1281 didicissent
3538 1225 3820 1282 auditores

2223 1311 2501 1368 dormituri
2546 1324 2730 1377 erant,
2775 1330 2875 1370 nec
2923 1315 3209 1386 quidquam
3249 1318 3588 1386 evangelistis
3619 1313 3820 1374 fuisset

2224 1402 2486 1458 relictum.
2519 1405 2670 1472 Quod
2712 1406 2756 1459 si
2803 1405 2870 1460 de
2911 1405 3186 1474 prophetia
3230 1407 3503 1476 ambigant
3531 1406 3705 1462 Judaei
3736 1406 3820 1461 di-

2222 1501 2428 1560 centes,
2461 1495 2627 1561 illud,
2661 1493 2747 1549 Ea:
2787 1494 3020 1566 ﬁgypto
3065 1496 3236 1550 vocavi
3275 1497 3441 1566 litium
3484 1513 3651 1551 meum
3677 1538 3692 1561 ,
3750 1497 3818 1553 de

2221 1583 2412 1654 seipsis
2440 1586 2456 1616 ³
2502 1584 2705 1639 dictum
2754 1600 2875 1641 esse
2923 1605 2935 1639 :
2987 1587 3427 1656 respondebimus
3477 1587 3620 1650 illis,
3673 1586 3819 1643 hunc

2220 1673 2380 1728 etiam
2413 1690 2531 1730 esse
2560 1673 2857 1745 prophetiae
2890 1692 3116 1742 morem,
3147 1689 3208 1731 ut
3236 1678 3402 1732 multa
3433 1693 3575 1748 sa-pe
3603 1678 3674 1733 de
3695 1679 3818 1734 aliis

2219 1764 2484 1828 dicantur.
2515 1775 2572 1822 et
2610 1768 2662 1821 in
2708 1768 2831 1823 aliis
2856 1768 3202 1837 impleantur,
3249 1769 3409 1838 quale
3437 1769 3563 1825 illud
3600 1769 3672 1825 de
3709 1769 3814 1842 Sy-

2221 1867 2378 1910 moon
2423 1863 2480 1911 et
2505 1853 2634 1910 Levi
2675 1855 2874 1912 dictum
2907 1876 2920 1912 :
2949 1855 3190 1911 Dividam
3222 1874 3310 1912 eos
3350 1859 3403 1911 in
3445 1857 3629 1924 Jacob,
3653 1869 3707 1915 et
3732 1860 3814 1914 di-

2219 1963 2455 2019 spergant
2480 1964 2568 2002 eos
2613 1948 2666 2002 in
2711 1947 2882 2003 Israel
2906 1953 2923 2018 (
2945 1947 3074 2004 Gen.
3099 1948 3191 2003 49.
3216 1950 3248 2003 7
3273 1949 3294 2022 )
3325 1967 3339 2004 :
3367 1949 3419 2004 id
3445 1951 3588 2005 enim
3620 1966 3733 2006 non
3761 1951 3814 2007 in

2218 2033 2368 2106 ipsis,
2401 2037 2498 2093 sed
2537 2038 2589 2093 in
2620 2039 2852 2109 posteris
2882 2055 3069 2095 eorum
3102 2040 3377 2110 impletum
3422 2053 3505 2097 est
3538 2061 3551 2096 :
3584 2052 3641 2098 et
3685 2041 3814 2098 illud

2215 2130 2356 2202 quod
2383 2129 2451 2185 de
2475 2129 2728 2188 Chanaan
2756 2148 2784 2185 a
2815 2131 2928 2188 Noe
2954 2133 3350 2202 pronuntiatum
3382 2143 3496 2199 est,
3542 2133 3816 2191 Gabaoni-

2218 2221 2283 2277 tls
2311 2237 2376 2278 ex
2422 2223 2590 2294 stirpe
2623 2223 2898 2279 Chanaanl
2926 2224 3169 2294 contigit.
3215 2224 3369 2292 Quod
3403 2225 3574 2294 ipsum
3605 2225 3814 2283 Iacobo

2215 2313 2375 2368 etiam
2423 2315 2683 2370 accidisse
2727 2314 3147 2385 deprehenditur
3179 2334 3191 2369 :
3220 2315 3622 2372 henedictiones
3664 2318 3811 2373 enim

2217 2402 2338 2470 illae,
2370 2401 2492 2459 Esto
2521 2406 2757 2460 dominus
2777 2407 2951 2476 fratris
2985 2407 3062 2460 tui
3079 2449 3094 2471 .
3130 2416 3177 2463 et
3213 2407 3426 2462 adorent
3448 2417 3496 2463 te
3515 2409 3611 2476 lilii
3650 2409 3818 2480 patris—

2216 2495 2289 2546 ηιξ
2332 2491 2502 2567 (Gen.
2539 2496 2631 2550 9.7.
2681 2495 2824 2567 29).
2873 2511 2977 2550 non
3012 2497 3064 2551 in
3096 2497 3211 2566 ipso
3247 2497 3408 2554 linem
3453 2511 3811 2572 acceperunt,

2215 2585 2530 2654 (quomodo
2577 2587 2723 2641 enim
2760 2586 2829 2640 ad
2882 2587 3058 2656 ipsum
3109 2589 3398 2657 pertineat,
3450 2591 3542 2660 qui
3584 2591 3808 2650 fratrem

2213 2674 2435 2729 timebat
2457 2675 2844 2745 tremebatquc,
2877 2691 2942 2733 ac
2960 2681 3265 2735 sexcenties
3294 2681 3465 2750 ipsum
3493 2683 3806 2757 adoravit?)

2211 2763 2305 2820 sed
2343 2766 2412 2820 de
2453 2766 2603 2836 prole
2637 2766 2755 2838 ejus
2779 2767 2982 2822 dictum
3026 2779 3127 2823 est.
3171 2770 3324 2839 Quod
3361 2774 3522 2828 etiam
3553 2773 3660 2832 hoc
3687 2777 3812 2833 loco

2213 2855 2316 2911 dici
2347 2855 2533 2926 possit.
2561 2855 2693 2923 Quis
2715 2857 2860 2912 enim
2893 2858 3076 2913 verius
3107 2859 3197 2915 Dei
3225 2860 3366 2917 [ilius
3389 2864 3603 2921 dicatur
3630 2883 3646 2921 :
3671 2883 3740 2924 an
3759 2869 3806 2924 is

2213 2960 2302 3028 qui
2348 2957 2569 3012 vitulum
2617 2958 2877 3024 adoravit,
2905 2969 2962 3015 et
3009 2961 3355 3032 Beelphegori
3407 2965 3646 3022 initiatus
3693 2975 3799 3034 est,

2212 3048 2411 3117 quique
2453 3047 2594 3103 filios
2636 3064 2763 3104 suos
2811 3049 3094 3108 daemoniis
3143 3053 3480 3122 immolavit;
3509 3071 3576 3110 an
3617 3057 3669 3113 is
3707 3057 3797 3128 qui

2213 3147 2402 3191 natura
2451 3137 2590 3192 illius
2639 3149 2789 3206 erat,
2835 3152 2890 3194 et
2931 3140 3233 3212 genitorem
3259 3143 3540 3201 honoravit
3569 3147 3592 3201 τ
3617 3146 3798 3218 itaque

2212 3226 2313 3281 nisi
2353 3226 2442 3283 hic
2469 3227 2802 3296 advenisset,
2839 3231 3118 3303 prophetia
3148 3233 3365 3307 dignum
3412 3252 3521 3294 non
3551 3237 3794 3295 habitura

2213 3316 2372 3373 linem
2392 3329 2531 3374 erat.

2383 3489 2513 3584 inde
2565 3508 2694 3565 ergo
2747 3500 3020 3568 quomodo
3075 3504 3181 3561 hoc
3247 3507 3422 3577 ipsum
3471 3514 3795 3584 evangelista

2210 3579 2511 3638 subiudicet
2539 3585 2744 3655 dicens,
2782 3588 2852 3645 Ut
2895 3593 3211 3664 impleretur,
3250 3603 3540 3660 ostendens
3570 3579 3678 3663 nisi
3707 3624 3797 3665 ve-

2209 3670 2394 3737 nisset,
2427 3688 2533 3729 non
2581 3676 2910 3747 implendum
2957 3683 3086 3740 illud
3113 3687 3297 3744 fuisse.
3347 3691 3459 3750 line
3498 3711 3626 3754 vero
3672 3697 3791 3754 Vir-

2205 3761 2385 3830 ginem
2426 3765 2596 3834 ipsam
2642 3785 2748 3826 non
2791 3774 3132 3832 mediocriter
3158 3780 3358 3838 claram
3385 3784 3551 3842 efﬁcit
3575 3799 3631 3846 et
3673 3791 3792 3847 illu-

2205 3861 2388 3908 strem.
2435 3855 2566 3913 Nam
2598 3863 2740 3929 quod
2773 3873 2915 3920 totus
2959 3869 3186 3937 populus
3228 3877 3457 3930 eucomii
3488 3877 3790 3938 incubabo-

2203 3943 2309 4011 hat,
2365 3948 2467 4004 hoc
2510 3950 2683 4020 ipsum
2737 3955 2934 4012 habere
2965 3962 3137 4028 potuit
3175 3973 3230 4018 et
3259 3965 3394 4035 ipsa.
3443 3968 3600 4037 Quod
3645 3975 3788 4030 enim

2198 4037 2363 4093 altum
2408 4043 2687 4112 sapiehant
2730 4058 2783 4102 et
2834 4065 2957 4106 sese
3005 4051 3282 4122 iactabant
3334 4060 3404 4115 ob
3445 4062 3678 4119 reditum
3721 4083 3783 4123 ex

2199 4126 2455 4222 flgypto,
2493 4134 2510 4200 (
2546 4133 2598 4188 id
2647 4137 2801 4205 quod
2837 4141 3182 4199 subindicans
3227 4149 3482 4215 propheta
3529 4153 3740 4210 dicebat
3764 4201 3779 4222 ,

3461 130 3987 640 '

3445 315 3508 340 .'i

3444 589 3568 640 ura'
3867 623 3870 628 -

3576 640 3604 676 ἰ’
3847 679 3854 682 .

503 4237 725 4292 sumque
762 4225 1008 4293 gaudium
1055 4225 1358 4295 bujusmodi
1401 4229 1693 4296 periculum
1723 4247 1826 4284 non
1861 4247 2085 4300 parvum

2212 4216 2386 4319 Nonne
2423 4224 2730 4319 aiimigenas
2771 4230 2966 4285 adduxi
3004 4235 3067 4287 de
3101 4234 3449 4308 Cappadocia,
3472 4252 3523 4298 et
3551 4216 3782 4319 Assyriae

502 4317 736 4386 excipit,
775 4317 991 4372 civitate
1040 4319 1342 4386 perturbata
1369 4359 1385 4382 ,
1429 4334 1492 4372 ac
1536 4335 1662 4390 rege
1691 4321 1923 4389 furente,
1963 4340 2090 4394 pue-

2282 4311 2513 4407 fo-se-ai)
2561 4317 2579 4386 (
2609 4320 2762 4373 Amos
2795 4319 2848 4376 9.
2879 4321 2936 4392 7)
2991 4325 3117 4378 illud
3166 4327 3336 4396 ipsum
3375 4311 3779 4407 praerogativam

502 4422 726 4476 rumque
757 4409 1113 4477 perquirente.
1167 4410 1236 4462 At
1277 4409 1733 4480 perturbationem
1767 4413 1914 4466 illam
1946 4415 2090 4469 aliud

2212 4400 2427 4472 Virginis
2454 4405 2594 4461 facit.
2623 4407 2735 4463 imo
2762 4426 2891 4467 vero
2921 4423 2974 4469 et
3006 4419 3228 4484 papulas
3253 4432 3307 4476 et
3348 4399 3650 4492 patriarcha
3679 4431 3774 4488 de-

501 4498 751 4567 gaudinm
780 4499 997 4567 excipit,
1027 4500 1178 4553 stella
1206 4515 1412 4569 nempe,
1439 4509 1493 4556 et
1523 4516 1798 4571 magorum
1825 4502 2079 4560 adoratio.

2212 4493 2507 4551 scendentes
2533 4507 2586 4553 et
2611 4501 2961 4560 ascendentes
3016 4510 3157 4574 inde,
3205 4511 3357 4568 istius
3395 4531 3655 4575 ascensus
3682 4539 3778 4580 seu

505 4597 717 4650 Rursus
763 4613 889 4652 vero
933 4606 1054 4665 post
1093 4596 1233 4651 hanc
1260 4595 1520 4658 laetitiam,
1565 4595 1729 4650 timor
1767 4609 1831 4648 ac
1856 4593 2076 4663 pericu-
2190 4583 2392 4639 τεάίίυε
2430 4595 2606 4656 typum
2640 4591 2953 4658 implebant
2996 4597 3127 4654 Nam
3167 4602 3244 4656 iiii
3269 4605 3686 4679 descenderunt,
3720 4625 3775 4671 ut

505 4688 649 4741 lum;
685 4685 1071 4753 ρυτενηεηεηι,
1099 4686 1274 4754 ίηρυίι
1298 4726 1311 4748 ,
1343 4683 1581 4741 “prodes
1623 4685 1858 4739 animam
1892 4684 2077 4752 pueri;
2187 4685 2416 4730 mortem
2467 4693 2531 4732 ex
2566 4680 2702 4736 {ante
2749 4685 3116 4746 imminentem
3161 4693 3492 4754 ellntterent:
3521 4700 3607 4754 hic
3646 4720 3773 4754 sm

505 4688 649 4741 lum:
685 4685 1071 4753 Qumritenim,
1099 4686 1311 4754 inquit,
1343 4683 1581 4741 Herodes
1623 4685 1858 4739 animam
1892 4684 2077 4752 pueri;
2187 4685 2416 4730 ηιοτιεηι
2467 4693 2531 4732 ει
2566 4680 2702 4736 {ante
2749 4685 3116 4746 ίτηωῖηεῐιωπι
3161 4693 3492 4766 εηιιεετεηις
3521 4700 3607 4759 hic
3646 4720 3773 4764 vero

504 4776 809 4845 iterumque
885 4776 1198 4846 fugiendum
1280 4784 1363 4829 est
1440 4786 1493 4829 et
1577 4773 2076 4842 transmigrandum
2186 4775 2244 4818 ut
2271 4767 2460 4821 Vitare!
2494 4781 2718 4827 mortem
2744 4775 2953 4833 insidiis
2979 4792 3241 4848 paratam.
3269 4787 3530 4846 Atiiiieo
3559 4798 3769 4852 venien-
3941 4759 3947 4902 ἵ

505 4868 745 4902 Lumen".
809 4886 988 4902 mnru-
1067 4869 1303 4902 nnnslnln
1383 4869 1525 4902 anim
1596 4864 1857 4902 min-amula
1919 4865 2077 4902 mlum
2185 4865 2265 4902 tes
2292 4873 2355 4902 ρι
2388 4858 2523 4902 [απυδ
2584 4874 2706 4902 limo
2735 4867 2944 4902 ΙῖΙω-αος
2985 4884 3145 4902 ειη-ι.
3193 4877 3282 4902 ξι]Δ
3321 4892 3441 4902 η---
3492 4893 3545 4902 __.
3691 4889 3704 4902 .
3755 4866 3758 4868 ’

505 4868 746 4926 humano
809 4886 990 4934 more;
1065 4869 1304 4923 nondum
1381 4869 1527 4923 enim
1596 4864 1858 4920 miracula
1919 4865 2079 4919 edere
2185 4865 2265 4911 ῑεε
2292 4873 2356 4912 εἰ
2385 4858 2553 4926 fame.
2583 4874 2706 4921 ιυηο
2735 4867 2945 4924 liberali
2984 4884 3148 4938 sum;
3193 4877 3285 4933 ille
3321 4892 3446 4936 vero
3492 4893 3551 4939 ut
3579 4866 3765 4946 eode?

2180 4949 2407 5014 scendit,
2441 4953 2710 5022 regionem
2743 4966 2908 5014 totam
2940 4977 3037 5031 per
3064 4964 3349 5024 adventum
3379 4987 3535 5030 suum
3563 4981 3764 5035 sancti-

505 5051 695 5117 disset,
727 5052 887 5108 homo
917 5068 1020 5105 non
1047 5053 1282 5108 creditus
1316 5050 1528 5106 fuisset.
1579 5048 1785 5106 idcirco
1816 5062 1921 5103 non
1942 5047 2072 5103 sim-
2178 5036 2374 5095 ῧοδνίι·
2401 5042 2720 5104 εοηδίάθτεε
2747 5049 2926 5120 itaque
2956 5054 3115 5110 velim
3137 5062 3406 5128 quomodo
3426 5063 3567 5122 inter
3592 5068 3762 5126 humi-

507 5144 718 5212 pliciter
746 5145 1002 5212 templum
1029 5144 1312 5208 formatur,
1337 5144 1427 5196 sed
1449 5142 1783 5197 uteritumor.
1803 5140 2072 5209 conspici—
2177 5130 2244 5184 ηδ
2279 5149 2396 5202 qua:
2424 5135 2491 5191 ad
2531 5137 2855 5197 divinitatem
2885 5147 3154 5214 pertinent
3187 5154 3513 5212 revetenmr,
3553 5160 3756 5219 Etenim

506 5243 615 5297 tur,
635 5243 690 5287 et
718 5248 904 5289 novem
943 5235 1207 5288 mensium
1231 5234 1489 5302 Spatium,
1523 5241 1576 5286 et
1599 5242 1811 5302 partus,
1843 5239 1895 5284 et
1917 5232 2073 5284 lactis
2173 5236 2294 5276 Cﬂm
2326 5224 2459 5280 ἀίιίῑ
2484 5228 2706 5298 αηεεῐιιε
2726 5272 2741 5298 ο
2776 5230 2923 5308 Fuge
2946 5235 3001 5290 in
3044 5237 3350 5312 Egyptian,
3387 5261 3491 5302 non
3515 5253 3760 5320 promisit

507 5323 916 5388 nutrimentum,
947 5325 1102 5393 quies
1132 5340 1226 5393 per
1254 5325 1480 5379 multum
1518 5324 1800 5394 temporis;
1831 5331 1964 5376 tetas
1993 5321 2072 5373 vi-

506 4963 808 5030 oportehat.
900 4960 1033 5014 Nam
1080 4962 1122 5014 si
1175 4976 1203 5014 a
1249 4960 1422 5030 prima
1474 4967 1629 5012 aetate
1669 4955 1929 5009 miracula
1957 4955 2071 5009 edi-

508 5407 627 5462 rilis
657 5417 1019 5478 exspectatur,
1054 5420 1114 5464 ut
1144 5428 1240 5481 per
1269 5414 1446 5466 omnia
1476 5413 1725 5467 cridibiie
1753 5412 2072 5465 redderetur

507 5500 825 5554 meonomia:
855 5501 1188 5571 mysterium.
1216 5501 1333 5568 Qua
1361 5517 1489 5573 ergo
1517 5503 1584 5556 tie
1621 5516 1808 5564 causa,
1833 5500 2070 5570 inquies,

509 5589 625 5644 haec
655 5590 724 5644 ab
769 5591 925 5646 initio
975 5591 1116 5646 facta
1153 5601 1279 5647 sunt
1308 5592 1504 5664 signa?
1549 5591 1774 5661 PrOpter
1804 5597 2029 5645 matrem
2055 5631 2072 5657 ,

507 5687 725 5750 propter
752 5676 1064 5748 Josephum,
1088 5689 1306 5746 propter
1337 5681 1642 5738 Simeonem
1662 5680 1889 5752 jamjam
1911 5681 2078 5736 meri-

2182 5432 2484 5556 nimi;
2505 5437 2772 5556 iisan:
2790 5450 3766 5556 "imasiiitswsamm

2178 5516 3018 5643 Ξῖιῇξὲἒ
3048 5516 3313 5639 ἓὲἲέυῗέἷῗιᾞ
3330 5527 3510 5643 εἶεῗὲξὲ

2177 5602 2838 5681 ουηόὶιιῖῗρὸῗᾶἷᾶρῖηπδω
2859 5602 3016 5684 ’ᾞ”⁸”’³
3048 5602 3227 5654 mu?"
3245 5602 3310 5634 αθ
3330 5602 3510 5654 ³θ¹Ρδ¹δ
3525 5602 3648 5666 {ﬁcii
3681 5615 3763 5672 ξε.

2177 5675 2290 5717 [Tum
2316 5679 2477 5717 m-im-n
2499 5696 2726 5717 ,ιηηαηηη
2761 5639 3135 5717 ,ﬁﬁﬂmfebant,
3163 5644 3209 5695 Id
3227 5659 3322 5698 non
3343 5652 3410 5702 de
3436 5654 3632 5710 abnuo
3649 5663 3758 5717 did.

2174 5675 2290 5724 Cum
2315 5675 2477 5741 Pl‘iorc
2499 5675 2730 5741 consensi
2752 5675 2982 5748 Eia-ti;
