4050 6444
323 398 394 456 37
1050 402 1106 459 s.
1149 402 1440 460 JOANNIS
1478 402 1969 462 cttursasrout
2009 404 2331 464 ARCHIEP.
2368 389 2923 466 CONSTANTINOP.
3535 401 3603 456 98

310 553 376 596 se
404 536 619 594 itineris
649 531 908 592 comitem
943 531 1186 586 futurum
1216 530 1302 587 vel
1336 531 1798 589 descendentibus
1828 535 1912 588 vel

315 631 703 693 redeuntibus,
735 626 1089 682 subindicans
1126 625 1246 682 illos
1283 641 1536 694 maguum
1577 627 1777 683 habere
1811 644 1909 684 co-

315 724 529 790 mitem,
553 735 749 776 recens
778 728 964 773 natum
998 703 1254 789 puerum,
1279 717 1372 787 qui
1403 718 1588 772 statim
1621 728 1786 788 atque
1815 733 1910 787 apo

311 799 513 883 paruit,
555 810 739 866 omnia
786 811 1046 872 mutavit,
1071 819 1236 890 atque
1276 809 1328 862 id
1369 808 1566 873 eﬁ'ecit,
1607 817 1664 862 ut
1704 810 1910 866 inimici

312 907 380 962 ad
419 907 559 959 hanc
591 903 953 960 oeconomiam
988 901 1276 956 admodum
1313 901 1659 957 inservirent.
1693 901 1905 958 Etenim

313 998 453 1068 magi
485 1006 540 1052 et
572 996 813 1064 barbari,
848 1003 1072 1065 paterna
1106 995 1499 1063 superstitione
1531 994 1742 1059 relicta,
1776 995 1907 1050 ado-

313 1089 485 1144 raturi
517 1089 772 1157 veniunt;
803 1087 1078 1156 Augustus
1108 1083 1566 1139 Bethlehemitico
1597 1086 1774 1154 partui
1809 1085 1909 1138 mi-

310 1181 531 1247 nistrat,
563 1182 688 1236 dum
719 1194 944 1236 censum
979 1178 1093 1233 Iieri
1121 1179 1310 1246 jubet;
1340 1175 1635 1248 Egyptus,
1665 1179 1792 1232 dum
1826 1178 1909 1231 l‘n-

308 1274 547 1344 gientem
576 1270 876 1326 et-insitliis
909 1270 1209 1338 appetitum
1237 1270 1466 1338 excipit,
1493 1278 1676 1323 servat
1707 1270 1904 1336 ipsum,

310 1363 548 1432 hincque
581 1362 871 1431 quamdam
911 1359 1302 1416 familiaritatis
1338 1375 1461 1415 cum
1502 1360 1621 1430 ipso
1654 1361 1908 1416 occasio-

310 1472 436 1512 nem
475 1455 694 1524 accipit,
733 1462 792 1508 ut
836 1468 957 1508 cum
1001 1452 1151 1507 illum
1194 1462 1381 1521 postea
1422 1453 1633 1507 audiret
1671 1453 1738 1507 ab
1776 1465 1909 1522 apo-

309 1548 470 1603 stolis
518 1547 840 1617 praedicari,
885 1548 950 1602 de
1001 1547 1085 1602 his
1132 1545 1484 1618 gloriaretur,
1529 1547 1670 1615 quod
1725 1545 1906 1615 ipsum

311 1638 488 1709 prima
523 1638 833 1708 excepisset

380 1800 447 1854 In
495 1797 730 1868 Egypto
772 1795 1010 1850 monachi
1064 1804 1112 1848 et
1155 1804 1310 1850 coetus
1355 1792 1629 1864 uirginum.
1657 1820 1729 1831 —
1754 1789 1913 1859 Atqui

303 1890 478 1944 solius
528 1888 828 1943 Palazstinae
887 1895 1005 1940 crat
1073 1886 1188 1939 haec
1250 1883 1607 1954 prmrogativa
1653 1900 1667 1936 :
1727 1895 1915 1936 verum

297 1979 576 2050 iJEgyptus
605 1977 899 2033 ferventior
929 1976 1014 2030 illa
1054 1973 1170 2029 fuit.
1200 1974 1352 2029 Nunc
1377 1983 1529 2028 certe
1556 1971 1599 2027 si
1627 1987 1816 2042 pergas
1861 1972 1912 2024 in

309 2070 586 2126 desertum
637 2067 896 2139 Egypti,
948 2066 1141 2134 quovis
1187 2064 1436 2134 paradiso
1483 2063 1914 2134 praestantiorem

307 2160 656 2218 solifttdincm
701 2157 973 2220 invenies,
1022 2164 1308 2209 sexcentos
1356 2154 1671 2223 angelorum
1719 2151 1916 2207 choros

309 2251 542 2309 humana
573 2252 762 2313 forma,
803 2256 1098 2319 martyrum
1131 2246 1380 2316 populos,
1410 2254 1584 2300 ctetus
1625 2244 1914 2314 virginum,

223 2365 244 2388 ο
309 2345 541 2400 solutam
569 2342 765 2396 diaboli
796 2338 1137 2412 tyrannidem
1172 2349 1358 2404 totam,
1390 2337 1588 2394 Christi
1618 2346 1796 2392 autem
1823 2351 1913 2390 rc-

307 2453 476 2508 gnmn
509 2447 818 2490 coruscans.
857 2431 1004 2486 Illam
1029 2446 1156 2485 vero
1189 2446 1310 2500 qua:
1340 2440 1641 2499 poetarum,
1673 2429 1916 2499 philoso-

308 2529 540 2598 phorum
589 2536 643 2582 et
683 2539 960 2596 magorum
1003 2532 1174 2578 mater
1214 2532 1348 2588 erat,
1375 2540 1492 2593 qua:
1520 2539 1682 2578 omne
1706 2522 1917 2592 praesti-

306 2621 518 2690 giarum
563 2631 732 2687 genus
776 2617 1072 2678 invenerat,
1114 2614 1344 2683 aliisque
1387 2614 1701 2679 tradiderat,
1748 2615 1914 2679 illam,

309 2714 560 2780 inquam,
593 2708 796 2763 videbis
836 2708 903 2762 de
951 2705 1306 2776 piscatoribus
1351 2706 1694 2776 gloriantem,
1735 2714 1794 2761 et
1827 2706 1916 2760 illa

306 2801 526 2872 quidem
553 2809 731 2853 vetera
764 2798 946 2852 omnia
988 2795 1397 2865 deSpicientem,
1447 2796 1790 2864 publicanum
1829 2811 1921 2851 ve-

309 2910 372 2948 ro
415 2902 470 2947 et
514 2891 864 2946 tentoriorum
905 2887 1165 2942 artilicem
1198 2887 1396 2955 ubique
1421 2885 1915 2953 circumferentem,

305 3001 371 3042 ac
423 2999 638 3040 crucem
685 2988 1209 3051 praemonstrantem.
1243 2978 1367 3032 llmc
1400 2993 1560 3046 porro
1591 2993 1697 3032 non
1729 2979 1779 3032 in
1821 2994 1913 3032 ur-

306 3077 466 3132 bibus
510 3082 739 3135 tantntn,
787 3069 880 3126 sed
912 3070 1073 3124 etiam
1119 3069 1172 3122 in
1210 3067 1429 3122 deserto
1459 3068 1630 3137 magis
1672 3083 1833 3137 quam
1864 3068 1917 3121 in

308 3166 554 3221 urbibus.
603 3163 703 3217 Per
731 3169 898 3215 totam
928 3159 1072 3214 enim
1120 3159 1398 3228 regionem
1427 3157 1586 3212 istam
1617 3158 1802 3213 videre
1832 3169 1914 3214 est

305 3257 508 3314 Christi
541 3254 864 3315 exercitum,
905 3251 1216 3320 regiumque
1256 3263 1498 3318 gregem,
1528 3263 1916 3319 supernarum-

308 3366 415 3420 que
443 3349 699 3404 virtutum
734 3349 894 3401 vitam
924 3363 940 3413 ;
982 3345 1146 3415 idque
1186 3360 1292 3398 non
1323 3345 1464 3414 apud
1494 3341 1641 3398 viros
1678 3351 1910 3409 tantum,

293 3444 506 3508 -sed_et
533 3443 586 3496 in
638 3439 884 3494 muliebri
928 3453 1059 3492 sexu
1109 3437 1368 3507 reperias.
1407 3434 1620 3491 Etenim
1665 3433 1770 3490 illa:
1806 3447 1914 3488 non

311 3536 490 3590 minus
537 3549 697 3604 quam
728 3532 826 3586 viri
871 3530 1352 3601 pltil050phantur,
1390 3543 1502 3584 non
1528 3538 1740 3583 scutum
1769 3528 1915 3581 acri-

312 3628 544 3696 pientes,
574 3639 746 3694 neque
769 3638 968 3692 equum
997 3620 1444 3684 conscendentes,
1479 3627 1540 3675 ut
1563 3619 1756 3690 jubent
1784 3619 1917 3674 clari

311 3719 389 3774 illi
416 3719 730 3774 Grmcorum
779 3714 1111 3784 legislatures
1147 3722 1204 3768 et
1251 3709 1597 3782 philosophi;
1648 3711 1743 3766 sed
1776 3711 1918 3765 aliud

313 3810 473 3878 longe
512 3806 729 3877 gravius
760 3804 958 3859 bellum
1003 3803 1325 3874 suscipiunt.
1362 3798 1663 3857 Commune
1692 3800 1834 3855 enim
1867 3808 1924 3855 et

312 3901 446 3970 ipsis
487 3909 541 3954 et
568 3899 699 3952 viris
729 3897 924 3951 bellum
966 3902 1050 3949 est
1078 3903 1262 3950 contra
1295 3891 1570 3948 diabolum
1597 3902 1651 3946 et
1683 3900 1922 3962 potesta-

316 4001 398 4047 tes
426 3990 769 4044 tenebrarnm
802 4006 814 4041 :
848 3987 913 4040 ad
945 3984 1251 4056 hujusmodi
1281 3998 1411 4039 vero
1448 3982 1732 4038 conﬂictus
1758 3997 1918 4036 num-

316 4096 480 4150 quam
506 4080 610 4133 illis
639 4092 801 4132 sexus
823 4076 1069 4131 debilitas
1092 4072 1476 4145 impedimento
1498 4081 1579 4127 est
1602 4087 1619 4138 ;
1645 4087 1748 4125 non
1777 4073 1920 4125 enim

317 4172 558 4241 corporis
587 4180 794 4233 natura,
833 4166 927 4222 sed
960 4167 1122 4221 animi
1156 4166 1431 4235 proposito
1459 4162 1767 4233 huiusmodi
1789 4178 1923 4231 pra:-

318 4264 389 4317 lia
412 4262 796 4317 decernuntur.
823 4258 1052 4328 ldeoqnc
1070 4271 1214 4326 sarpe
1238 4256 1494 4311 mulieres
1523 4253 1716 4309 fortius
1763 4268 1926 4324 quam

319 4354 426 4409 viri
472 4362 888 4424 pugnaverunt,
938 4360 994 4404 et
1033 4348 1323 4419 insigniora
1370 4358 1566 4418 tropum
1613 4356 1922 4402 erexerunt.

321 4445 438 4502 Non
484 4448 556 4499 ita
586 4443 778 4498 ctrlum
818 4441 1158 4511 splendidum
1209 4451 1290 4495 est
1321 4439 1470 4494 vario
1505 4438 1600 4493 illo
1647 4438 1926 4493 stellarum

320 4539 511 4604 choro,
539 4546 594 4592 ut
619 4535 840 4607 Egypti
873 4533 1107 4589 solitudo
1127 4575 1142 4598 ,
1173 4548 1292 4604 qua:
1325 4530 1558 4603 undique
1589 4531 1744 4588 nobis
1770 4531 1925 4588 exhi-

325 4631 416 4687 bct
443 4628 784 4684 tabernacula
816 4623 1225 4680 monachorum.

395 4801 450 4854 5.
489 4799 544 4854 Si
576 4796 696 4867 quis
721 4805 956 4851 veterem
988 4795 1131 4849 illam
1162 4791 1451 4866 Egyptum
1483 4795 1650 4860 novit,
1689 4795 1781 4849 Dei
1816 4795 1918 4849 ini-

325 4890 520 4945 micam
547 4898 598 4943 et
626 4887 912 4948 furentem,
939 4885 1117 4942 felium
1146 4886 1446 4953 cultricem,
1472 4901 1594 4957 qua:
1623 4901 1786 4956 cepas
1813 4886 1926 4940 for-

327 4979 564 5036 midabat
607 4989 660 5031 et
715 4978 1001 5041 tremebat,
1052 4976 1139 5032 hic
1183 4979 1386 5048 optime
1422 4975 1621 5033 Christi
1676 4979 1926 5033 virtutem

326 5075 483 5129 sciet.
517 5072 629 5126 lmo
650 5087 779 5126 vero
815 5086 920 5125 non
949 5085 1083 5141 opus
1114 5081 1196 5126 est
1235 5068 1389 5127 nobis
1413 5072 1636 5128 vetustis
1666 5072 1930 5126 narratio—

329 5166 487 5220 nibus
523 5181 536 5216 :
567 5178 689 5218 nam
749 5161 1015 5232 hodieque
1073 5163 1273 5218 insanae
1330 5163 1468 5218 illius
1510 5164 1684 5233 gentis
1729 5178 1927 5218 monu-

329 5263 509 5310 menta
530 5242 840 5323 supersunt,
870 5268 988 5321 quae
1016 5255 1244 5321 priscam
1272 5254 1438 5323 ipsius
1465 5255 1755 5310 amentiam
1783 5255 1933 5310 testi-

333 5349 580 5403 ﬁcantur.
619 5350 870 5400 Attamen
899 5344 950 5398 hi
978 5344 1072 5415 qui
1102 5347 1230 5400 olim
1264 5361 1454 5402 omnes
1497 5347 1548 5400 in
1579 5356 1776 5401 tantam
1808 5362 1929 5416 pro-

332 5449 590 5509 ruperant
617 5438 928 5502 amentiam,
961 5438 1028 5491 de
1058 5438 1208 5503 caelo,
1239 5439 1414 5510 deque
1443 5437 1747 5495 caelestibus
1770 5438 1933 5494 rebus

345 5541 820 5611 philosophantur,
874 5548 1231 5610 paternosque
1275 5557 1452 5595 mures
1490 5542 1752 5608 derident,
1806 5556 1934 5594 avos

343 5647 470 5687 suos
513 5631 737 5686 miseros
771 5630 1086 5701 praedicant,
1135 5641 1188 5685 et
1231 5631 1577 5701 philosophos
1620 5635 1742 5689 illos
1785 5634 1934 5688 nihili

347 5721 604 5793 pendunt.
638 5721 713 5777 Ex
761 5723 889 5792 ipsis
912 5723 1054 5777 enim
1081 5722 1241 5778 rebus
1271 5725 1603 5781 cdidieerunt
1631 5725 1833 5795 priscas
1867 5727 1928 5781 il-

2020 517 2095 570 las
2133 514 2308 570 aniles
2341 513 2552 570 fabulas
2575 514 2849 569 ebriorum
2889 525 3009 568 esse
3037 511 3272 575 iuventa,
3310 526 3492 567 veram
3519 525 3619 568 au-

2020 617 2128 665 tem
2159 607 2476 680 sapientiam
2505 607 2654 662 caelis
2695 620 2817 662 esse
2857 604 3092 676 dignam.
3127 603 3253 660 Huic
3297 614 3381 659 est
3425 619 3548 674 qua
3589 618 3622 657 a

2020 698 2376 768 piscatoribus
2401 697 2717 752 annuntiata
2747 696 2876 766 ipsis
2905 693 3025 749 fuit.
3056 693 3289 764 Ideoque
3313 709 3436 748 eum
3461 709 3624 749 accu-

2022 801 2136 845 rata
2160 789 2472 862 dogmatum
2517 789 2745 844 veritate
2789 787 3009 842 multam
3052 787 3312 842 exhibent
3355 788 3490 841 bene
3534 787 3623 840 vi-

2019 881 2175 936 vendi
2204 880 2559 951 diligentiam.
2591 879 2867 951 Siquidem
2891 879 3034 934 exuti
3061 879 3224 933 rebus
3253 879 3460 933 cunctis
3483 892 3625 946 pra:-

2017 973 2282 1041 sentibus,
2303 972 2614 1042 mundoque
2645 971 2908 1034 cruciﬁxi,
2931 971 3068 1024 ultra
3101 971 3260 1024 etiam
3294 968 3622 1040 procedunt,

2017 1064 2202 1119 labore
2227 1063 2471 1133 corporis
2511 1073 2724 1118 utentes
2764 1063 2830 1115 ad
2859 1062 3056 1115 victum
3089 1061 3274 1130 egenis
3302 1073 3624 1130 comparan-

2019 1155 2168 1211 dum.
2201 1155 2386 1225 Neque
2407 1153 2550 1209 enim
2573 1152 2958 1224 qniajejunant
2983 1163 3039 1208 et
3068 1153 3306 1222 vigilant,
3336 1166 3396 1205 se
3423 1151 3624 1206 idcirco

2015 1247 2220 1304 dedunt
2256 1247 2388 1312 otio,
2439 1245 2535 1303 sed
2583 1254 2770 1302 noctes
2811 1247 3027 1316 hymnis
3070 1260 3135 1299 ac
3163 1243 3472 1314 pervigiliis,
3504 1242 3624 1299 dies

2019 1341 2269 1411 precibus
2290 1347 2344 1397 et
2368 1339 2518 1412 operi
2537 1353 2792 1394 manuum
2822 1337 3102 1406 deputant,
3132 1336 3359 1404 apostoli
3386 1334 3620 1389 studium

2015 1434 2307 1488 imitantes.
2336 1431 2394 1488 Si
2419 1431 2589 1499 enim,
2621 1428 2890 1501 inquiunt,
2922 1428 3031 1494 ille,
3059 1437 3168 1480 toto
3200 1427 3331 1482 orbe
3350 1426 3417 1481 ad
3445 1428 3620 1496 ipsum

2016 1522 2361 1592 reSpiciente,
2413 1532 2469 1576 ut
2522 1521 2713 1591 inopes
2753 1519 2943 1586 aleret,
2985 1518 3256 1574 ofﬁcinam
3309 1517 3515 1584 habuit,
3568 1525 3623 1572 et

2015 1625 2186 1671 artem
2235 1614 2503 1678 tractavit,
2559 1612 2835 1668 insomnes
2875 1612 3086 1666 interim
3137 1620 3321 1665 noctes
3373 1612 3617 1666 ducens:

2017 1706 2186 1760 multo
2219 1705 2387 1774 magis
2415 1719 2534 1769 nos,
2566 1705 2654 1774 qui
2685 1702 2738 1756 in
2777 1702 2993 1756 deserto
3022 1701 3344 1767 habitamus,
3377 1701 3621 1770 nihilque

2016 1811 2301 1852 commune
2326 1795 2587 1849 habemus
2607 1809 2728 1849 cum
2760 1793 2971 1848 urbium
3011 1793 3350 1858 tumultibus,
3377 1791 3618 1846 vacatio-

2016 1890 2098 1943 nis
2141 1888 2253 1943 otio
2299 1886 2366 1942 ad
2410 1886 2706 1955 spiritualia
2753 1899 2916 1956 Opera
2954 1885 3029 1939 uti
3063 1899 3157 1953 par
3185 1893 3288 1938 est.
3323 1882 3618 1938 Erubesca-

2016 1994 2132 2033 mus
2173 1977 2353 2048 itaque
2393 1991 2604 2039 omnes,
2653 1985 2708 2029 et
2737 1975 2951 2041 divites,
2995 1985 3046 2030 et
3091 1989 3375 2043 pauperes,
3404 1971 3619 2042 quando

2020 2072 2093 2124 illi
2136 2070 2266 2125 nihil
2307 2083 2528 2142 prorsus
2579 2069 2865 2134 habentes,
2912 2068 3014 2121 nisi
3054 2082 3252 2133 corpus
3307 2074 3514 2121 tantum
3563 2074 3620 2121 et

2016 2175 2227 2224 manus,
2275 2168 2537 2215 conantur
2578 2167 2632 2212 et
2673 2157 3006 2212 contendunt
3039 2165 3095 2209 ttt
3139 2156 3263 2209 hinc
3290 2156 3487 2210 victum
3519 2171 3616 2224 pa-

2013 2263 2132 2308 rent
2169 2253 2485 2323 egentibus:
2512 2267 2611 2308 nos
2643 2267 2792 2314 vero,
2838 2250 2963 2304 dum
3014 2250 3294 2304 innumera
3343 2247 3490 2301 domi
3531 2262 3620 2304 re-

2013 2344 2228 2399 condita
2277 2342 2422 2409 sunt,
2474 2359 2539 2398 ne
2585 2341 2853 2411 superﬂua
2886 2341 3103 2410 quidem
3147 2339 3228 2393 bis
3275 2338 3615 2394 adhibemus.

2011 2435 2182 2501 Quam
2237 2434 2434 2504 igitur,
2493 2447 2712 2504 quaeso,
2782 2433 3182 2486 excusationem
3237 2430 3618 2500 proferemus?

2015 2541 2174 2596 quam
2229 2540 2622 2596 consequemur
2674 2523 2930 2578 veniam?
2983 2523 3142 2592 Atqui
3197 2522 3401 2592 cogites
3456 2522 3614 2577 velim

2009 2628 2266 2686 quantum
2306 2617 2390 2671 isti
2420 2617 2544 2669 olim
2578 2616 2820 2685 pecunia:
2846 2625 3115 2669 amatores
3141 2624 3317 2675 erant,
3351 2623 3612 2684 quantum

2009 2711 2146 2778 gnlre
2172 2709 2358 2774 dediti,
2391 2724 2514 2762 cum
2544 2708 2753 2763 eacteris
2779 2707 2940 2761 vitiis.
2992 2705 3065 2758 lbi
3112 2707 3256 2760 enim
3299 2714 3454 2759 erant
3489 2705 3614 2758 olla:

2012 2812 2254 2866 carnium
2304 2810 2497 2881 (Exod.
2526 2810 2613 2863 16.
2646 2808 2713 2877 5)
2736 2848 2749 2870 ,
2789 2819 2922 2874 quas
2970 2812 3272 2858 memorant
3299 2801 3470 2857 Jndmi
3503 2820 3517 2856 :
3547 2800 3618 2856 ibi

2016 2917 2203 2972 magna
2228 2900 2429 2956 ventris
2452 2898 2712 2970 tyrannis.
2747 2901 2996 2951 Attamen
3023 2895 3145 2965 quia
3169 2895 3476 2978 voluerunt,
3503 2908 3622 2946 mu-

2017 2995 2107 3048 tati
2133 3003 2276 3058 sunt,
2309 3001 2361 3046 et
2395 2993 2513 3061 igne
2539 2988 2736 3044 Christi
2775 2997 3047 3056 suscepto,
3096 2987 3146 3040 in
3175 2987 3366 3040 caalum
3394 2994 3619 3054 repente

2015 3085 2333 3139 advolarunt
2385 3100 2398 3136 :
2436 3086 2636 3150 quippe
2677 3081 2824 3146 prius
2871 3079 3208 3132 ardentiorcs
3255 3079 3376 3131 aliis
3429 3085 3617 3132 erant.

2015 3187 2176 3244 atque
2215 3174 2281 3228 ad
2310 3173 2444 3226 iram
2488 3180 2542 3226 et
2571 3171 2636 3224 ad
2665 3169 2913 3238 corporis
2943 3170 3270 3236 voluptatem
3303 3167 3616 3236 propensio-

2017 3280 2125 3332 res,
2166 3265 2512 3332 incorporeas
2547 3269 2839 3330 potestates
2883 3257 3294 3312 mansuetudine
3331 3267 3387 3312 et
3413 3258 3618 3323 reliqua

2019 3356 2371 3424 philosophiae
2396 3368 2506 3408 sua:
2530 3350 2814 3406 tolerantia
2837 3349 3134 3404 imitantur.
3163 3349 3417 3419 Quisquis
3445 3349 3496 3402 in
3524 3349 3628 3404 hac

2020 3447 2237 3517 regione
2269 3445 2387 3512 fuit,
2419 3459 2538 3525 qua:
2569 3442 2688 3498 dico
2713 3441 2862 3496 novit

2092 3624 2301 3679 Antonii
2357 3622 2538 3695 Magni
2586 3621 2954 3676 monachorum
3010 3620 3172 3692 patris
3223 3619 3418 3675 laudes.
3461 3651 3529 3662 -—
3569 3621 3625 3678 Si

2017 3718 2137 3788 quis
2161 3733 2288 3772 vero
2318 3713 2662 3771 tabernacula
2705 3714 2791 3768 illa
2821 3728 3114 3783 numquam
3159 3713 3308 3777 adiit,
3337 3713 3536 3783 cogitet
3565 3714 3625 3767 il.

2019 3809 2126 3862 lum
2159 3808 2248 3878 qui
2277 3807 2536 3861 hactenus
2578 3806 2631 3860 in
2679 3806 2918 3859 omnium
2952 3804 3122 3859 fertur
3158 3819 3272 3871 ore,
3317 3820 3476 3874 quem
3505 3814 3620 3875 post

2016 3900 2292 3968 apostolos
2335 3898 2601 3970 {Egyptus
2648 3899 2766 3952 tulit
2796 3898 3010 3951 beatum
3055 3908 3108 3951 et
3152 3912 3401 3967 magnum
3451 3898 3621 3952 Anto-

2020 3994 2192 4056 nium,
2236 4000 2290 4045 et
2338 4005 2522 4045 secum
2577 3997 2791 4058 reputet
2850 3989 3003 4042 illum
3060 3989 3110 4041 in
3158 3990 3345 4043 eadem
3405 3990 3620 4059 regione

2021 4081 2202 4144 fuisse,
2238 4080 2290 4131 in
2317 4093 2418 4145 qua
2449 4079 2678 4131 Pharao.
2711 4079 2962 4132 Attamen
2997 4079 3130 4132 nihil
3162 4079 3287 4131 hinc
3310 4078 3619 4134 detrimenti

2018 4171 2246 4239 accepit,
2278 4169 2374 4223 sed
2403 4169 2564 4223 etiam
2588 4169 2768 4222 divina
2796 4169 3002 4224 visione
3033 4169 3285 4239 dignatus
3321 4179 3422 4234 est,
3454 4179 3509 4224 et
3539 4179 3619 4224 ta-

2021 4260 2128 4314 lem
2155 4259 2320 4314 vitam
2367 4257 2637 4322 exhibuit,
2670 4259 2882 4328 qualem
2924 4257 3124 4312 Chriin
3157 4259 3301 4329 leges
3331 4262 3620 4328 postulant.

2021 4352 2087 4406 Et
2115 4352 2217 4406 hoc
2244 4351 2378 4406 sciet
2407 4349 2649 4421 quisquis
2679 4359 2931 4405 accurate
2963 4351 3158 4405 librum
3191 4351 3401 4422 legerit,
3435 4354 3487 4407 in
3518 4369 3619 4423 qun

2020 4453 2102 4498 est
2139 4442 2362 4497 historia
2393 4442 2516 4496 vitrc
2559 4441 2804 4512 cjus(a),
2854 4441 2942 4495 ubi
2990 4445 3210 4497 multum
3257 4443 3620 4512 deprehench

2019 4535 2376 4606 prOphetiam.
2423 4533 2556 4588 Nam
2601 4535 2688 4589 illa
2728 4549 2849 4605 qua:
2901 4535 3156 4590 Arianico
3203 4537 3391 4592 morbo
3440 4549 3625 4610 captos

2019 4626 2372 4697 spectabant,
2429 4640 2638 4681 necnon
2685 4625 3066 4682 detrimentum
3120 4627 3244 4683 inde
3288 4644 3620 4685 emersurum

2020 4721 2419 4791 pramuntiavit,
2471 4720 2582 4774 Deo
2624 4719 2810 4788 utique
2859 4721 3152 4786 revelante,
3203 4731 3256 4775 et
3299 4723 3476 4776 omnia
3507 4739 3624 4792 quze

2022 4813 2194 4868 futura
2240 4822 2394 4868 erant
2424 4828 2534 4880 pra:
2576 4812 2746 4866 oculis
2789 4812 2888 4880 ipsi
2933 4824 3164 4880 ponente
3195 4830 3209 4865 :
3247 4813 3296 4868 id
3329 4816 3471 4885 quod
3502 4831 3619 4871 cum

2021 4906 2141 4959 aliis
2168 4903 2328 4959 etiam
2353 4904 2618 4972 adjunctis
2646 4905 2938 4957 maximum
2964 4917 3047 4959 est
3068 4906 3308 4960 veritatis
3333 4923 3620 4977 argumen-

2025 5005 2156 5060 tum,
2189 4993 2330 5064 quod
2373 4994 2622 5048 videlicet
2659 4993 2804 5049 nulla
2854 4995 3075 5050 haeresis
3122 4995 3282 5050 talem
3315 4997 3510 5052 habeat
3536 5000 3617 5053 vi-

2023 5104 2162 5143 rum.
2190 5086 2298 5143 Sed
2324 5103 2392 5141 ne
2423 5088 2563 5143 ultra
2599 5087 2713 5142 haec
2742 5102 2773 5141 a
2799 5088 2954 5144 nobis
2979 5089 3169 5145 audire
3192 5094 3449 5162 pergatis,
3486 5093 3531 5146 si
3560 5094 3624 5146 li-

2027 5182 2179 5236 brum
2210 5181 2262 5235 in
2288 5197 2394 5251 quo
2417 5179 2532 5236 haec
2559 5180 2758 5250 scripta
2781 5189 2905 5235 sunt
2932 5179 3142 5250 legatis,
3175 5196 3424 5238 accurate
3447 5187 3620 5236 omnia

2037 5284 2283 5343 ediscere
2310 5278 2585 5352 poteritis,
2622 5286 2674 5333 et
2709 5279 2938 5332 multam
2982 5279 3108 5333 inde
3140 5280 3357 5334 haurire
3385 5281 3619 5350 philoso-

2038 5377 2247 5449 phiam.
2269 5372 2382 5427 Hoc
2406 5380 2587 5426 autem
2619 5388 2750 5442 rogo
2781 5389 2887 5426 non
2916 5384 2973 5426 ut
3000 5372 3196 5426 librum
3229 5373 3494 5428 adeamus
3516 5382 3652 5429 tan...

2085 5667 2157 5739 (ᾳ)
2192 5669 2275 5716 ttic
2301 5669 2598 5743 lla-lltltllillle
2625 5669 2836 5743 loquitur
2858 5671 3051 5743 \‘ita
3075 5679 3120 5724 S.
3151 5683 3336 5731 Antonii
3367 5695 3455 5743 per
3479 5686 3634 5736 Aula...

2023 5731 2209 5779 uasium
2235 5731 2654 5794 archiepiswptun
2679 5732 3079 5786 Alexandrinum.
