4050 6500
476 419 680 489 ωσιῖδ

489 560 628 613 tum,
659 548 757 605 sed
809 557 864 604 et
920 563 981 601 ea
1012 561 1132 616 quae
1186 544 1260 600 ibi
1305 544 1507 614 scripta
1547 551 1679 598 sunt
1735 541 2037 600 imitemur,

479 668 662 723 neque
700 653 903 714 locum,
945 652 1031 706 vel
1068 651 1452 717 educationem
1476 692 1490 716 ,
1517 651 1601 706 vel
1635 649 1904 719 majorum
1939 659 2042 699 no-

471 763 717 812 strorum
762 757 1064 826 nequitiam
1104 755 1491 811 obtendamus.
1540 753 1597 808 Si
1628 754 1776 808 enim
1806 751 2040 806 velimus

477 863 789 927 attendere,
823 862 963 916 nihil
1015 863 1210 916 horum
1261 861 1424 917 nobis
1455 859 1850 929 impedimento
1908 857 2036 913 erit.

475 966 611 1020 Nam
662 965 937 1020 Abraham
986 965 1214 1034 impium
1272 972 1483 1042 patrem
1523 962 1738 1027 habuit,
1786 961 1883 1017 sed
1925 963 2046 1032 ejus

478 1069 786 1139 nequitiam
815 1084 924 1122 non
956 1068 1206 1137 excepit;
1237 1068 1500 1122 Ezechias
1522 1066 1668 1120 illius
1687 1066 1890 1120 Achaei
1921 1066 2045 1129 fuit,

477 1181 534 1226 et
581 1180 766 1225 tamen
795 1171 892 1224 Dei
922 1171 1133 1225 amicus
1159 1171 1392 1226 ell'ectus
1429 1181 1551 1236 est;
1594 1170 1797 1240 Joseph
1829 1185 1960 1225 vero
1989 1169 2046 1223 in

479 1273 660 1328 media
689 1272 921 1345 Egypto
955 1273 1222 1328 castitatis
1254 1289 1458 1329 corona
1497 1275 1789 1329 redimitus
1822 1281 1939 1339 est;
1981 1289 2046 1329 ac

475 1385 587 1433 tres
612 1378 771 1448 pueri
794 1378 848 1432 in
883 1378 1061 1434 media
1084 1379 1382 1450 Babylone,
1408 1379 1574 1450 inque
1599 1379 1798 1435 mediis
1812 1378 2042 1444 :edibus,

485 1492 610 1532 cum
647 1479 953 1551 Sybaritica
1002 1498 1192 1538 mensa
1237 1492 1496 1554 apparata
1549 1493 1714 1550 esset,
1775 1499 2042 1540 summam

469 1573 773 1639 exhibuere
802 1584 1237 1656 philosophiam;
1263 1596 1323 1642 ut
1344 1595 1400 1642 et
1427 1585 1639 1657 Moyses
1660 1588 1714 1641 in
1733 1585 1966 1659 Egypto
1986 1597 2045 1643 et

1221 405 1279 460 Β.
1319 404 1604 463 JOANNIS
1641 407 2132 465 CllllYSOSTOMI
2175 407 2490 466 ARCIIIEP.
2531 393 3080 462 CONSTANTINOI‘.

3514 388 3607 440 90.
3628 385 3727 444 175

2146 535 2349 590 Paulus
2389 535 2445 588 in
2479 532 2614 588 orbe
2641 549 2655 585 :
2682 530 2933 598 nihilque
2973 528 3060 581 his
3091 524 3356 580 omnibus
3386 523 3453 578 ad
3497 521 3733 578 virtutis

2148 655 2374 694 cursum
2412 639 2516 693 fuit
2549 635 2974 708 impedimento.
3003 632 3127 686 llaec
3149 631 3333 700 itaque
3354 628 3541 682 omnia
3571 628 3735 698 cogi-

2143 752 2340 807 tantes,
2375 741 2696 798 occasiones
2739 750 2798 794 et
2837 737 3100 792 obtentus
3137 733 3453 803 huiusmodi
3500 731 3576 787 de
3611 744 3739 785 me—

2138 849 2230 905 dio
2265 849 2540 910 tollamus,
2586 845 2924 914 sudoresque
2951 857 3053 913 pro
3081 840 3292 894 virtute
3322 835 3590 892 sectanda
3624 832 3736 888 ad-

2145 969 2357 1009 eamus.
2381 953 2472 1009 Sic
2491 953 2639 1008 enim
2679 951 2849 1004 Deum
2879 947 2948 1003 ad
2977 947 3244 1017 majorem
3268 957 3397 1012 erga
3425 957 3526 994 nos
3550 940 3739 995 bene-

2148 1059 2446 1114 volentiam
2503 1055 2892 1119 attrahemus,
2954 1048 3482 1120 impetrabimusque
3547 1055 3619 1099 ut
3681 1045 3737 1098 in

2147 1162 2546 1218 certaminibus
2589 1159 2750 1214 nobis
2775 1157 3099 1227 Opituletur,
3131 1163 3296 1221 atque
3331 1148 3556 1204 :eternis
3579 1147 3749 1201 frue-

2147 1288 2273 1326 mur
2306 1269 2571 1326 coronis:
2603 1283 2742 1338 quas
2797 1266 3008 1321 utinam
3063 1276 3255 1316 onmes
3295 1270 3739 1326 consequamur,

2157 1377 2333 1448 gratia
2380 1386 2437 1431 et
2485 1374 2824 1444 benignitate
2888 1369 3105 1426 Domini
3160 1365 3335 1421 nostri
3387 1362 3516 1418 Jesu
3565 1359 3741 1415 Chri-

2150 1482 2241 1547 sti,
2285 1482 2372 1536 cui
2419 1480 2593 1550 gloria
2624 1487 2680 1533 et
2707 1477 2998 1547 imperium
3030 1475 3085 1528 in
3115 1471 3314 1528 saecula
3370 1466 3740 1523 saeculorum.

2149 1587 2350 1643 Amen.

1883 2053 2303 2158 Ψ

1849 2838 2195 2899 HOMILIA
2241 2839 2356 2898 1X.

469 3081 598 3140 CAP.
625 3082 681 3150 2,
718 3099 768 3136 ν.
802 3083 891 3138 16.
943 3082 1084 3136 Tunc
1133 3081 1366 3137 Herodes
1405 3081 1585 3135 videns
1629 3079 1882 3149 quoniam
1919 3075 2049 3130 illu-

537 3203 627 3241 sus
664 3196 792 3242 esset
837 3206 868 3241 a
929 3188 1118 3256 "regis,
1157 3188 1330 3240 iratus
1373 3195 1449 3238 est
1495 3182 1650 3238 ualde
1689 3191 1783 3236 :ret
1840 3183 2048 3235 mittens

553 3291 740 3344 occidit
781 3306 958 3344 omnes
992 3305 1203 3360 pueros,
1238 3289 1330 3359 qui
1368 3297 1521 3342 erant
1555 3288 1610 3340 in
1646 3285 1964 3348 Betlileltem,
2001 3294 2050 3336 et

541 3392 600 3446 in
633 3394 868 3446 omnibus
902 3393 1097 3458 ﬁnibus
1123 3393 1256 3461 ejus,
1297 3409 1328 3444 a
1360 3391 1559 3443 bimatu
1599 3397 1647 3442 et
1669 3391 1835 3457 infra,
1871 3405 2053 3441 secun-

552 3497 678 3549 dum
719 3507 922 3566 tempus
955 3495 1094 3565 quod
1120 3495 1442 3564 exquisierat
1482 3511 1513 3546 (ι
1551 3493 1740 3558 magis.

556 3713 607 3768 l.
644 3711 804 3764 Certe
839 3726 950 3764 non
986 3708 1276 3778 oportebat
1303 3708 1458 3762 illum
1508 3709 1692 3771 irasci,
1735 3706 1828 3761 sed
1869 3706 2054 3777 potius

488 3816 685 3869 timere
712 3822 764 3867 et
796 3813 1107 3881 comprimi,
1145 3820 1312 3880 atque
1344 3810 1649 3880 intelligere
1683 3825 1743 3863 se
1779 3824 1894 3864 rem
1938 3819 2055 3863 teu-

477 3927 618 3980 tare,
649 3932 812 3984 quam
835 3930 946 3969 non
981 3925 1167 3984 posset
1193 3913 1458 3984 perlicere
1481 3916 1519 3968 ⁸.
1553 3913 1624 3969 At
1653 3914 1743 3968 ille
1766 3929 1874 3968 non
1897 3927 2053 3967 coer-

483 4030 662 4076 cetur.
686 4019 919 4086 Quando
950 4007 1095 4090 enim
1125 4017 1412 4088 improbus
1439 4008 1656 4072 animus
1687 4028 1743 4072 et
1771 4018 2049 4072 insanabi-

484 4125 558 4179 lis
587 4133 692 4185 est,
728 4123 863 4178 nulli
893 4121 1091 4176 cedita
1116 4121 1228 4176 Deo
1258 4135 1533 4175 concessae
1572 4121 1874 4176 medicinae.
1911 4121 2046 4176 Vide

485 4227 656 4298 igitur
680 4226 832 4279 illum
862 4225 1144 4295 prioribus
1188 4223 1529 4277 insistentem
1552 4265 1566 4287 ,
1608 4234 1663 4277 et
1689 4225 1887 4278 ca-dem
1912 4224 2045 4298 caedi

471 4334 819 4404 jungentem,
852 4337 1014 4398 atque
1039 4345 1138 4398 per
1164 4328 1462 4398 praecipitia
1491 4329 1735 4397 undique
1774 4295 2045 4383 ruentem.

473 4439 609 4494 Nam
645 4437 800 4507 quasi
832 4451 862 4489 a
890 4437 1127 4505 quodam
1165 4436 1411 4489 daemone
1448 4435 1549 4489 hac
1602 4435 1680 4488 ira
1731 4436 2044 4505 invidiaque

474 4541 736 4611 percitus,
765 4540 914 4594 nulla
959 4539 1170 4593 ratione
1208 4538 1475 4602 frenatur,
1511 4537 1607 4592 sed
1641 4548 1828 4593 contra
1866 4540 2038 4608 ipsam

476 4647 611 4702 furit
635 4655 906 4710 naturam,
944 4644 1210 4712 iramque,
1243 4659 1402 4714 quam
1424 4654 1612 4700 contra
1632 4657 1816 4714 magos
1839 4644 1942 4699 'sihi
1977 4645 2036 4699 il-

477 4750 730 4806 ludentes
748 4758 1091 4818 coner-perat,
1119 4761 1307 4803 contra
1339 4748 1587 4802 insontes
1616 4762 1817 4817 pueros
1841 4764 2040 4803 exone-

477 4863 578 4917 rat,
609 4853 786 4908 simile
832 4853 1045 4907 facinus
1074 4852 1128 4906 in
1154 4852 1440 4906 Palaestina
1478 4865 1766 4922 aggressus
1793 4853 1844 4905 ei
1890 4853 2036 4922 quod

477 4957 611 5013 olim
646 4959 702 5011 in
733 4955 964 5027 Algypto
988 4963 1363 5024 perpetratum
1397 4957 1598 5008 fuerat.
1622 4953 1760 5008 Nam
1791 4953 1886 5020 ait,
1913 4955 2037 5009 Mit-

475 5072 590 5117 tens
619 5063 803 5118 occidit
827 5078 1004 5115 omnes
1031 5078 1216 5129 pueros
1243 5063 1295 5115 in
1318 5060 1636 5125 Bst/iteitem,
1661 5070 1710 5114 et
1732 5063 1783 5114 in
1803 5063 2040 5119 omnibus

473 5166 664 5234 ﬁnibus
721 5171 855 5236 ejus,
901 5184 933 5220 a
971 5166 1171 5219 bimam
1203 5174 1251 5217 et
1295 5167 1460 5234 infra,
1513 5168 1797 5220 secundum
1836 5176 2037 5240 tempus

475 5269 612 5339 quod
664 5271 986 5336 exquisicrut
1031 5287 1060 5322 a
1096 5270 1284 5338 magis.
1323 5268 1423 5324 llic
1453 5269 1589 5324 mihi
1636 5271 1926 5342 diligenter
1956 5283 2038 5329 at-

538 5532 558 5605 ‘7
598 5528 885 5605 S‘ie‘Savil.‘
908 5538 963 5605 et
1001 5545 1173 5601 omnes
1207 5547 1334 5605 pene
1370 5533 1694 5605 Blsslhl‘orel.
1736 5537 1959 5605 legit_.....
1986 5553 2037 5589 se

472 5598 801 5704 miiétmre
843 5593 1063 5654 stultam;
1103 5593 1174 5645 sic
1205 5593 1355 5647 etiam
1397 5595 1522 5659 legit
1563 5593 1814 5662 Georgius
1849 5600 2039 5664 Trape-

2153 3075 2381 3132 tendite.
2422 3076 2640 3133 Etenim
2675 3079 2835 3133 multi
2885 3079 3119 3150 plurima
3169 3085 3315 3139 circa
3357 3099 3566 3155 pueros
3589 3088 3739 3144 istos

2152 3191 2449 3261 unguntur,
2479 3184 2806 3252 injustitiam
2830 3186 2958 3240 facti
2983 3187 3372 3258 criminantes;
3392 3191 3483 3246 alii
3504 3191 3741 3262 quidem

2150 3286 2459 3342 modestius
2509 3288 2613 3341 hac
2645 3288 2713 3341 de
2764 3304 2822 3343 re
2868 3288 3036 3345 dubia
3078 3303 3430 3362 proponunt;
3466 3295 3561 3350 alii
3601 3313 3739 3353 vero

2155 3391 2418 3446 audacius
2447 3402 2503 3446 et
2554 3392 2837 3449 furiosius.
2892 3395 2962 3451 Ut
3007 3397 3176 3465 igitur
3218 3399 3320 3455 hos
3349 3402 3420 3454 ab
3463 3403 3736 3469 amentia,

2151 3493 2290 3548 alios
2319 3511 2351 3549 a
2372 3495 2721 3550 dubitatione
2758 3499 3081 3564 liberemus,
3114 3502 3389 3570 patienter
3417 3521 3517 3560 nos
3541 3495 3738 3565 auditu

2150 3599 2218 3653 de
2251 3599 2342 3652 tali
2376 3610 2699 3668 argumento
2732 3601 2976 3656 breviter
3006 3603 3372 3674 disputantes.
3410 3607 3548 3662 Nam
3581 3610 3625 3664 si
3662 3626 3737 3666 ea

2150 3707 2219 3760 de
2251 3722 2309 3760 re
2341 3707 2731 3768 criminantur,
2763 3708 2909 3777 quod
2934 3723 3233 3778 puerorum
3264 3712 3443 3765 caedes
3483 3715 3736 3785 neglecta

2152 3809 2340 3872 fuerit,
2373 3810 2742 3863 criminentur
2767 3811 2931 3864 etiam
2951 3811 3022 3865 ob
3049 3811 3282 3867 militum
3303 3814 3526 3869 Petrum
3543 3827 3733 3874 custo-

2152 3913 2421 3968 dientium
2473 3929 2686 3970 necem.
2726 3914 3198 3981 Quemadmodum
3241 3919 3388 3973 enim
3421 3917 3513 3974 hic
3551 3936 3734 3990 puero

2150 4016 2412 4087 fugiente,
2446 4018 2537 4071 alii
2569 4017 2724 4088 pueri
2760 4034 2863 4087 pro
2898 4034 2966 4073 eo
3005 4020 3098 4090 qui
3135 4023 3488 4091 qua-rebatur
3519 4024 3735 4080 interﬂ-

2151 4120 2411 4176 ciuntur:
2434 4122 2510 4176 ita
2529 4130 2658 4176 tunc
2676 4139 2799 4177 cum
2814 4124 3014 4179 Petrus
3038 4142 3340 4181 exeareere
3360 4138 3419 4182 et
3440 4144 3506 4182 ex
3520 4130 3734 4185 catenis

2149 4225 2218 4279 ab
2242 4225 2436 4294 angelo
2465 4226 2729 4280 liberatus
2750 4235 2916 4291 esset,
2935 4227 3156 4296 quidam
3183 4235 3416 4298 tyranno
3436 4231 3657 4287 nomine
3671 4241 3731 4288 et

2154 4329 2404 4384 moribus
2421 4330 2642 4397 similis,
2662 4347 2792 4385 cum
2809 4348 2935 4386 eum
2952 4333 3260 4401 quaesisset,
3285 4349 3386 4390 nec
3402 4335 3728 4404 invenisset,

2153 4431 2361 4487 milites
2397 4433 2490 4503 qui
2515 4449 2642 4488 eum
2674 4435 3063 4489 custodiebant
3083 4451 3184 4506 pro
3202 4437 3295 4491 illo
3314 4439 3594 4494 interfecit
3620 4439 3714 4509 (ο).

2150 4539 2216 4592 Et
2242 4538 2374 4609 quid
2401 4540 2537 4594 hoc?
2563 4540 2819 4610 inquies;
2839 4542 2956 4597 hzee
2984 4557 3093 4597 non
3114 4545 3548 4610 cstsolutio,sed
3568 4546 3725 4600 addi-

2148 4652 2454 4697 tamentum
2481 4644 2546 4697 ad
2569 4649 2950 4713 quaestionem.
2983 4645 3098 4702 Hoc
3126 4647 3261 4703 bene
3289 4647 3416 4702 novi
3442 4665 3543 4719 ego
3563 4666 3576 4702 :
3598 4650 3722 4705 ideo

2147 4755 2258 4811 Ιτχίρ
2280 4755 2457 4811 omnia
2485 4759 2538 4808 tn
2567 4754 2800 4810 medium
2826 4754 3060 4825 pri-itero,
3088 4764 3147 4810 ut
3169 4758 3415 4812 omnibus
3439 4777 3600 4817 unam
3628 4762 3724 4818 ad-

2146 4848 2267 4902 dam
2295 4845 2632 4901 solutionem.
2658 4845 2912 4913 Qnmnam
2946 4845 3106 4915 igitur
3147 4858 3224 4900 est
3272 4847 3358 4899 illa
3399 4846 3636 4902 solutio?
3672 4859 3729 4906 et

2144 4953 2300 5007 quam
2324 4937 2649 5009 probabilem
2667 4938 2988 4993 solutionem
3009 4937 3203 4993 afferre
3227 4941 3543 5008 possumus?
3567 4942 3722 4997 Chri-

2147 5061 2290 5106 stum
2319 5052 2528 5104 scilicet
2548 5066 2656 5106 uou
2679 5049 2850 5104 fuisse
2871 5047 3004 5117 ipsis
3025 5048 3174 5100 necis
3197 5061 3436 5109 (ausam,
3456 5045 3551 5100 sed
3576 5043 3721 5104 regis

2148 5159 2553 5223 crudelitatem,
2567 5156 3026 5228 quemadmodum
3038 5168 3221 5225 neque
3237 5153 3345 5208 illis
3359 5153 3603 5216 Petrum,
3621 5150 3718 5206 sed

2208 5412 2278 5473 (α)
2302 5409 2438 5473 Quod
2462 5411 2542 5458 hic
2565 5409 2681 5473 dicit
2701 5407 3094 5473 Chrysustomus,
3119 5403 3401 5473 Herodem,
3419 5401 3587 5473 elapso
3612 5396 3714 5473 lle:

2144 5459 2238 5531 Iro,
2266 5459 2450 5520 milites
2475 5469 2707 5531 custodes
2732 5459 3004 5531 oc'cidisse,
3040 5459 3150 5513 cum
3168 5467 3347 5531 Alirzeeo
3379 5459 3610 5531 Actutum,
3635 5459 3713 5517 ἴε,

2147 5522 2502 5592 19.ὀοηεοηει.
2529 5531 2614 5580 uhi
2648 5528 2846 5592 dicitur,
2883 5522 3131 5592 ἐιέᾉὲυσεν
3159 5527 3446 5592 angam},

2141 5581 2526 5660 nit'supplicjum
2555 5588 2750 5660 abduci.
2771 5581 2935 5658 utsic
2966 5581 3345 5652 intelligendum
3371 5581 3568 5634 videtur
3588 5581 3716 5632 illud

2144 5650 2384 5720 Vulgata,
2399 5652 2546 5716 jussit
2563 5666 2645 5704 eos
2667 5650 2798 5702 duci.
