4050 6422
265 290 354 340 lt}

261 411 496 467 llcrodis
515 417 827 464 amentiam.
851 405 982 461 Nam
1008 404 1053 458 si
1086 403 1339 458 ell'ossum
1364 413 1577 454 murum
1605 400 1851 466 vidisset,

256 507 340 562 vel
372 512 558 576 portas
583 514 818 559 eversas,
843 498 966 568 jure
1011 496 1148 552 forte
1197 492 1460 565 potuisset
1509 491 1731 555 milites,
1763 491 1854 561 qul

249 598 558 667 apostolum
608 591 1001 657 custodiebant,
1050 587 1386 659 negligentiae
1430 598 1726 640 accusare:
1759 598 1853 635 ve-

250 705 374 743 rum
406 689 476 742 ibi
506 684 686 738 omnia
708 685 759 738 in
782 698 881 739 suo
909 690 1047 737 statu
1077 677 1363 734 manebant
1392 695 1404 730 :
1446 676 1626 747 jauute
1655 675 1856 731 clausa:

249 791 430 841 erant,
462 787 664 832 catenae
689 774 1106 832 custodientium
1131 771 1386 846 inanibus
1413 770 1642 840 alligatae
1667 767 1856 837 (erant

251 873 396 927 enim
429 871 501 925 illi
535 869 694 925 simul
724 885 845 924 cum
872 867 1033 921 Petro
1059 865 1221 920 vincti
1241 867 1280 932 ),
1323 870 1638 932 poteratque
1663 874 1727 914 ex
1771 857 1855 913 his

253 978 437 1020 secum
469 973 738 1033 reputare,
767 961 811 1015 si
839 959 1053 1030 quidem
1082 968 1228 1012 reete
1253 955 1568 1025 judicasset,
1595 950 1735 1023 quod
1762 965 1856 1022 ge-

251 1065 394 1110 stum
427 1055 601 1110 fuerat
645 1069 749 1108 non
798 1052 1023 1108 humana
1061 1051 1277 1112 virtute,
1310 1063 1481 1117 neque
1528 1045 1714 1100 fraude
1758 1043 1855 1098 ali-

251 1164 380 1217 qua,
417 1148 512 1204 sed
543 1147 720 1204 divina
749 1145 974 1217 quadam
1007 1159 1069 1197 ac
1102 1142 1329 1197 mirabili
1367 1141 1602 1208 potentia
1649 1137 1846 1192 factum

253 1241 438 1306 fuisse,
479 1249 640 1309 atque
691 1238 837 1292 illum
887 1236 1133 1300 adorare,
1182 1234 1269 1303 qui
1317 1233 1431 1286 haec
1481 1231 1718 1294 fecisset,
1751 1245 1852 1284 nec

253 1347 441 1402 paruas
460 1332 526 1388 de
554 1329 867 1385 custodibus
888 1336 1168 1396 expetere.
1187 1324 1329 1380 Deus
1355 1324 1552 1393 quippe
1576 1322 1646 1375 ita
1674 1319 1853 1375 omnia

252 1420 398 1486 fecit,
430 1430 489 1476 ut
513 1436 620 1477 non
645 1419 803 1474 modo
832 1417 1084 1472 custodes
1112 1432 1216 1469 non
1244 1415 1527 1484 proderet;
1556 1412 1650 1468 sed
1690 1414 1853 1467 etiam

253 1525 313 1570 ut
342 1530 436 1586 per
470 1515 593 1569 illos
623 1527 805 1583 regem
837 1511 902 1565 ad
933 1509 1210 1566 veritatem
1243 1507 1554 1561 adduceret.
1586 1506 1640 1560 Si
1672 1513 1854 1559 autem

253 1607 344 1662 ille
393 1606 673 1675 improbus
728 1604 1073 1673 ingratusque
1121 1602 1238 1667 fuit,
1271 1600 1396 1671 quid
1443 1600 1510 1652 ad
1556 1600 1852 1668 sapientem

253 1699 555 1760 animarum
587 1694 882 1759 medicum,
902 1694 990 1764 qui
1013 1693 1190 1747 omnia
1220 1693 1408 1762 agebat
1435 1690 1501 1745 ad
1533 1689 1852 1745 beneﬁcium

253 1789 615 1860 prtestandum
649 1789 718 1855 ei,
750 1789 838 1858 qui
870 1787 1059 1842 morbo
1088 1784 1512 1854 inobsequentite
1543 1783 1854 1838 laborabat?

242 1882 486 1954 Idipsum
518 1882 606 1936 hic
644 1896 857 1952 quoque
882 1878 1165 1935 dicendmn
1213 1885 1314 1932 est.
1349 1875 1476 1941 Cur,
1509 1891 1542 1928 o
1585 1875 1850 1940 llcrodes,

247 1985 278 2022 ε
311 1976 481 2046 magis
508 1975 697 2028 illusus
730 1974 896 2026 iratus
931 1971 1035 2025 es?
1067 1986 1171 2023 non
1203 1983 1430 2023 noveras
1461 1967 1706 2020 divinum
1732 1981 1855 2022 esse

253 2067 504 2137 partem?
535 2081 712 2120 annon
766 2075 818 2118 tu
863 2063 1132 2133 principes
1173 2059 1515 2115 sacerdotum
1549 2059 1852 2113 advocave-

250 2159 378 2215 ras?
403 2173 583 2214 annon
626 2157 831 2213 scribas
851 2153 1321 2225 congregaveras?
1359 2167 1539 2204 annon
1582 2149 1754 2204 vocati
1778 2148 1850 2203 illl

250 2253 592 2325 prophetam,
615 2251 703 2322 qui
735 2250 849 2305 lucc
869 2251 997 2305 olim
1033 2245 1504 2317 prmnuntiaverat,
1527 2244 1593 2297 ad
1619 2242 1851 2298 tribunal

250 2356 402 2401 tuum
433 2343 812 2399 adduxerunt?
843 2357 1018 2396 annon
1061 2338 1241 2393 vidisti
1270 2347 1451 2392 vetera
1482 2337 1632 2390 novis
1657 2349 1853 2391 conso-

247 2434 424 2490 nare?
452 2449 631 2489 annon
659 2432 854 2487 audisti
875 2430 1084 2485 stellam
1113 2429 1194 2483 his
1214 2426 1642 2484 ministravisse?
1672 2440 1849 2479 annon

254 2526 526 2582 reveritus
556 2539 616 2580 es
643 2523 994 2578 barbarorum
1023 2520 1388 2591 diligentiam?
1416 2534 1592 2574 annon
1626 2520 1852 2572 miratus

247 2633 308 2672 es
333 2631 524 2672 eorum
569 2614 820 2670 ﬁduciam
859 2626 925 2667 ac
973 2611 1224 2682 loquendi
1272 2610 1616 2666 libertatem?
1670 2623 1848 2662 annon

251 2701 528 2756 horruisti
576 2701 645 2755 ad
689 2717 879 2755 veram
926 2701 1216 2771 prophetae
1262 2703 1493 2754 vocem?
1542 2719 1727 2758 annon
1785 2719 1853 2758 ex

252 2793 544 2864 prioribus
592 2801 871 2863 postrema
920 2793 1073 2862 sequi
1125 2792 1417 2862 cogitasti?
1453 2791 1566 2846 Cur
1621 2808 1731 2845 non
1789 2808 1857 2846 ex

259 2886 348 2940 his
396 2885 655 2939 omnibus
709 2894 888 2940 tecum
939 2883 1238 2953 reputasti,
1294 2899 1402 2936 non
1452 2897 1518 2935 ex
1571 2898 1857 2951 magorum

258 2978 459 3032 fraude
495 2979 610 3031 haec
650 2977 922 3038 evenisse,
962 2976 1055 3030 sed
1092 2975 1278 3028 divina
1318 2975 1524 3027 virtute
1559 2974 1766 3034 omnia,
1800 2981 1861 3026 ut

256 3085 363 3138 par
416 3076 555 3131 erat,
601 3066 969 3136 providente?
1023 3064 1252 3118 Etiamsi
1310 3079 1444 3117 vero
1500 3062 1696 3117 illusus
1753 3061 1862 3116 fui-

255 3157 330 3210 sti
373 3171 402 3208 a
443 3156 647 3226 magis,
704 3157 835 3226 quid
894 3155 1028 3209 illud
1076 3155 1145 3208 ad
1200 3168 1440 3224 pueros,
1481 3153 1576 3223 qui
1616 3153 1757 3207 nihil
1807 3162 1858 3208 te

258 3248 556 3302 ltcserant?

330 3454 382 3507 Ξ.
427 3451 530 3505 Cur
571 3449 714 3505 Deus
756 3447 1040 3518 permiserit
1081 3445 1303 3515 infantes
1342 3445 1525 3497 occidi.
1571 3443 1671 3509 Qui
1716 3442 1854 3496 utala

251 3544 456 3616 fortiter
473 3542 642 3612 [erum
669 3557 770 3595 non
797 3539 1072 3602 luduntur,
1087 3537 1178 3591 etsi
1199 3535 1318 3590 lazdi
1343 3535 1626 3587 rideantur.
1665 3532 1851 3600 Recte,

255 3637 502 3706 inquies;
543 3633 635 3688 sed
694 3630 956 3687 Herodem
986 3629 1200 3700 quidem
1231 3628 1372 3681 omni
1405 3625 1720 3681 defensione
1764 3640 1857 3679 va-

256 3744 458 3796 cuum,
513 3736 569 3782 et
626 3725 1026 3795 sanguinarium
1083 3721 1248 3791 probe
1298 3719 1578 3774 ostendisti
1624 3736 1636 3771 :
1683 3733 1856 3796 neque

259 3793 646 3878 tamenvadhuc
677 3793 882 3874 solvisti
911 3816 1269 3885 objectionem
1299 3814 1441 3868 circa
1490 3811 1613 3866 facti
1648 3793 1856 3881 injusti-

259 3915 411 3968 tiam.
437 3911 565 3965 Nam
596 3911 638 3964 si
671 3911 758 3964 ille
789 3910 985 3974 injuste
1025 3907 1152 3976 egit,
1183 3921 1281 3960 cur
1317 3905 1454 3957 Deus
1497 3903 1546 3956 id
1579 3904 1856 3971 permisit?

261 4007 402 4075 Quid
429 4009 555 4074 ergo
585 4003 648 4056 ad
675 4004 790 4055 lucc
815 3999 1088 4054 dixerim?
1132 3997 1363 4064 ldipsum
1395 3991 1535 4064 quod
1565 4009 1780 4062 semper
1804 4003 1858 4048 et

262 4099 317 4150 in
347 4095 591 4155 ecrlcsia,
618 4103 668 4146 et
701 4093 752 4145 in
802 4090 938 4153 foro,
970 4099 1023 4144 ct
1056 4089 1250 4157 ubique
1291 4086 1471 4141 dicere
1511 4100 1615 4138 non
1643 4083 1855 4148 desino,

259 4188 405 4259 quod
437 4187 592 4241 velim
625 4201 715 4238 vos
747 4183 1029 4251 diligenter
1058 4180 1347 4234 observare
1373 4195 1385 4233 ι
1419 4193 1541 4230 nam
1566 4175 1747 4245 regula
1777 4184 1861 4230 est

263 4281 330 4333 ad
363 4294 577 4333 onmem
607 4273 972 4346 hujuscemodi
1006 4271 1356 4341 quaestionem
1389 4265 1861 4332 adhibentla.Qtt:e

264 4371 466 4441 regula,
501 4383 687 4438 qureve
718 4367 854 4420 ratio
882 4363 1004 4419 est?
1033 4363 1131 4430 Qui
1178 4361 1376 4415 laalant
1404 4360 1622 4422 multos,
1650 4357 1739 4426 qui
1770 4356 1861 4410 lte-

263 4463 424 4518 datur
460 4460 670 4514 nullum
695 4473 834 4511 esse.
865 4455 932 4509 Et
959 4470 1027 4508 ne
1049 4453 1150 4506 hoc
1178 4452 1403 4520 muigma
1435 4464 1530 4502 vos
1556 4447 1860 4512 conturbet,

263 4555 375 4608 cito
405 4551 730 4608 solutionem
759 4545 1043 4600 adhibebo.
1072 4543 1203 4598 Nam
1233 4557 1324 4596 eas
1352 4556 1484 4610 quas
1503 4555 1530 4592 a
1553 4540 1742 4609 quovis
1767 4538 1863 4592 ho-

265 4644 414 4698 mine
444 4642 640 4712 injuste
670 4640 902 4709 patimur
947 4636 1192 4703 injurias,
1219 4634 1359 4688 Deus
1409 4631 1560 4685 nobis
1590 4639 1868 4700 computat

267 4741 359 4786 aut
391 4733 442 4786 in
476 4739 821 4800 peccatorum
853 4726 1251 4788 remissionem,
1284 4729 1378 4776 aut
1408 4723 1458 4774 in
1491 4721 1752 4775 mercedis
1777 4737 1866 4775 re—

270 4824 643 4879 tributionem.
696 4823 869 4889 Atque
914 4826 972 4872 ut
1017 4817 1069 4870 id
1117 4815 1258 4886 quod
1306 4815 1508 4868 dictum
1557 4824 1640 4868 est
1672 4813 1870 4868 clarius

271 4916 486 4979 evadat,
520 4914 585 4968 ad
616 4914 920 4980 exemplum
945 4910 1244 4963 veniamus.
1282 4909 1547 4961 Ponamus
1580 4906 1722 4961 enim
1750 4921 1870 4960 esse

273 5023 490 5062 servum
524 5005 756 5073 aliquem
785 5002 981 5056 multas
1010 4999 1266 5070 pecunias
1293 4998 1513 5052 domino
1541 5013 1637 5050 suo
1666 4997 1869 5050 deben-

277 5112 383 5151 tem
402 5117 414 5149 :
436 5097 524 5166 qui
555 5109 741 5150 servus
760 5092 826 5146 ab
847 5093 1042 5161 iniquis
1065 5090 1372 5144 hominibus
1400 5090 1703 5157 impetatur,
1723 5093 1792 5141 ita
1817 5097 1873 5141 ut

277 5192 544 5244 bonorum
575 5196 724 5257 parte
747 5187 918 5255 aliqua
950 5186 1254 5238 tuulctetur.
1279 5183 1334 5237 Si
1365 5197 1493 5252 ergo
1511 5181 1762 5235 dominus
1784 5181 1873 5250 qui

280 5289 552 5348 raptorem
573 5277 826 5331 cohibere
851 5276 1038 5345 potuit,
1055 5285 1232 5343 raptas
1254 5273 1467 5343 quidem
1487 5272 1737 5341 pecunias
1768 5285 1873 5324 nou

280 5369 550 5430 restituat,
570 5368 662 5422 sed
687 5380 864 5437 raptas
881 5375 1058 5421 tamen
1083 5367 1221 5419 inter
1238 5382 1329 5420 eas
1346 5381 1462 5435 quae
1485 5365 1584 5418 sibi
1603 5363 1875 5419 debeban-

286 5472 372 5516 tur
393 5469 692 5526 computet:
712 5474 780 5513 an
809 5458 968 5514 lznsus
990 5458 1086 5512 fuit
1103 5461 1322 5512 servus?
1352 5458 1714 5521 Nequaquam.
1735 5457 1872 5524 Quid

282 5567 414 5605 vero
435 5554 478 5605 si
509 5554 657 5619 plura
686 5555 786 5622 ipsi
806 5557 1054 5607 dominus
1079 5555 1322 5608 dederit?
1352 5571 1528 5609 annon
1555 5559 1674 5626 plus
1705 5562 1880 5616 lucra-

285 5652 373 5698 tus
400 5651 505 5709 eat,
536 5659 695 5714 quam
729 5645 1064 5715 perdiderit?
1095 5645 1151 5700 ld
1180 5647 1425 5704 omnibus
1451 5649 1630 5720 palam
1660 5659 1762 5708 est.
1798 5650 1880 5708 ld-

1453 305 1519 360 IN
1557 301 1966 360 llATTll/EUM
2008 298 2241 356 llUMlL.
2289 304 2378 363 ΙΧ.

3463 297 3563 354 173

1967 407 2140 478 ipsum
2183 416 2237 463 et
2267 421 2369 462 nos
2417 416 2662 477 putemus
2705 420 2825 461 cum
2873 403 3072 477 aquuid
3122 407 3374 478 patimur.
3415 407 3569 477 Quod

1965 502 2111 556 enim
2143 515 2240 570 per
2267 514 2537 554 aerumnas
2584 499 2720 560 illas,
2766 506 2859 553 aut
2901 507 3113 568 peccata
3161 499 3448 566 diluamus,
3478 511 3574 556 aut

1965 590 2009 643 si
2044 606 2149 644 non
2178 589 2468 666 admodum
2500 591 2734 659 peccatis
2761 589 2979 644 obnoxii
3011 591 3211 656 simus,
3237 591 3572 660 splendidio-

1965 697 2054 737 res
2080 684 2410 752 accipiamus
2454 698 2705 748 coronas,
2738 683 2861 736 audi
2914 683 3136 738 Paulum
3185 684 3455 741 dicentem
3503 687 3574 742 de

1965 771 2256 828 fornicario
2303 792 2316 828 :
2366 773 2572 830 Tradite
2626 774 2921 846 Itujusmodi
2991 785 3160 829 atauo:
3215 777 3269 830 in
3311 775 3571 830 interitum

1965 866 2154 931 carnis,
2202 876 2254 920 ut
2296 868 2506 938 spiritus
2546 867 2716 922 saluus
2756 867 2822 920 sit
2865 868 2945 936 (Ι.
2976 867 3098 921 Cor.
3128 869 3178 923 5.
3212 869 3288 932 5).
3327 868 3401 922 Et"
3439 869 3568 938 quid

1967 960 2068 1016 hoc
2087 961 2113 1013 ?
2140 960 2273 1016 Nam
2295 959 2363 1016 de
2389 961 2455 1014 iis
2475 960 2565 1030 qui
2596 959 2864 1014 lteduntur
2893 959 2961 1013 ab
2985 960 3106 1013 aliis
3129 975 3308 1014 sermo
3333 970 3438 1024 est,
3462 976 3569 1014 non

1965 1050 2032 1107 de
2063 1051 2128 1105 iis
2156 1052 2247 1122 qui
2273 1038 2303 1105 a
2334 1051 2647 1106 doctoribus
2675 1051 3035 1120 corriguntur.
3073 1048 3229 1104 Certe
3257 1051 3459 1105 nullum
3488 1061 3574 1104 est

1965 1141 2108 1197 inter
2142 1143 2229 1196 illa
2260 1142 2537 1196 medium:
2571 1157 2693 1195 nam
2726 1141 2794 1196 de
2835 1142 2980 1196 dicto
3025 1141 3330 1210 hujusmodi
3357 1158 3569 1212 quzere-

1963 1232 2140 1297 batur,
2191 1233 2250 1288 ln
2293 1235 2552 1288 aerumnis
2604 1233 2810 1287 nullum
2867 1233 3119 1303 patientis
3166 1235 3419 1288 damnum
3462 1245 3565 1289 est.

1962 1324 2070 1380 Sed
2109 1333 2165 1379 ut
2191 1340 2497 1380 sermonem
2547 1324 2866 1379 transferam
2909 1324 2976 1379 ad
3023 1323 3073 1378 id
3106 1323 3245 1393 quod
3279 1325 3446 1395 magis
3475 1340 3569 1379 ac-

1963 1418 2106 1474 cedit
2139 1418 2206 1474 ad
2235 1420 2623 1490 qumstiouem;
2671 1417 2958 1473 recordare
2989 1417 3222 1484 Davidis,
3253 1415 3346 1488 qui
3387 1417 3568 1474 Semei

1963 1513 2155 1568 videns
2184 1514 2471 1568 instantem
2498 1523 2552 1568 et
2577 1511 2864 1567 calamitati
2897 1526 3011 1566 sua:
3042 1512 3410 1574 insultantem,
3444 1525 3568 1564 sex-

1965 1608 2242 1677 centisque
2295 1605 2509 1676 probris
2557 1613 2967 1675 aSpcrgentem,
3017 1619 3137 1657 cum
3196 1603 3395 1658 vellent
3443 1618 3566 1657 eum

1964 1696 2129 1753 duces
2157 1699 2427 1753 exercitus
2457 1696 2784 1761 interﬁcere,
2826 1695 3062 1751 Cohibuit
3094 1694 3177 1748 his
3221 1695 3437 1748 verbis:
3468 1692 3569 1746 Di-

1964 1790 2147 1844 mittite
2165 1788 2312 1843 illum
2341 1788 2664 1855 maledicere,
2684 1797 2739 1842 ut
2766 1788 2931 1842 rideat
2959 1786 3204 1841 Dominus
3236 1787 3570 1841 humilitatem

1963 1901 2149 1949 meam,
2182 1893 2227 1938 et
2269 1882 2512 1938 retribuat
2543 1882 2671 1936 milii
2698 1883 2827 1936 bona
2859 1898 2952 1952 pro
2982 1881 3076 1934 hoc
3105 1880 3376 1935 maledicto
3402 1881 3453 1933 in
3475 1880 3569 1932 hac

1966 1977 2049 2030 die
2076 1975 2154 2046 (2.
2189 1976 2320 2046 Reg.
2350 1975 2439 2030 16.
2473 1976 2560 2029 ll.
2596 1974 2711 2047 η).
2756 1974 2816 2029 Et
2845 1974 2898 2027 in
2928 1972 3156 2026 Psalmis
3183 1986 3383 2025 canens
3417 1970 3568 2025 dice-

1965 2071 2086 2124 bat;
2122 2059 2336 2139 Respice
2361 2070 2592 2125 inimicos
2619 2085 2777 2135 meos,
2810 2066 3052 2140 quoniam
3086 2064 3410 2135 multiplicati
3430 2071 3567 2123 sunt,

1964 2171 2010 2214 et
2037 2163 2154 2214 odio
2186 2163 2359 2231 iniquo
2385 2160 2601 2214 oderunt
2642 2176 2722 2214 me
2753 2176 2772 2214 :
2814 2167 2862 2213 et
2908 2159 3104 2212 dimitte
3147 2156 3317 2209 omnia
3359 2165 3566 2228 peccata

1963 2269 2071 2306 mea
2103 2251 2256 2324 (l’sal
2292 2251 2380 2307 Si.
2411 2252 2492 2306 l9.
2524 2250 2632 2323 l8).
2659 2251 2724 2305 Et
2753 2250 2990 2305 Lazarus
3018 2247 3250 2318 quietem
3270 2261 3573 2317 consequa--

1965 2355 2047 2400 tus
2073 2344 2322 2415 cst(l.ac.
2356 2343 2466 2412 ιϐ),
2498 2343 2618 2414 quia
2650 2344 2929 2397 innumera
2955 2341 3089 2395 mala
3125 2357 3218 2409 per
3248 2339 3387 2395 hanc
3405 2339 3566 2394 vitam

1969 2450 2256 2505 perpessus
2287 2445 2387 2488 cst.
2421 2434 2536 2488 Non
2564 2449 2695 2503 ergo
2723 2432 3118 2503 la‘duntur,qui
3145 2431 3266 2486 laedi
3295 2430 3562 2495 videntur,

1962 2527 2005 2581 si
2041 2528 2174 2581 mala
2209 2529 2387 2581 omnia
2420 2525 2628 2582 fortiter
2656 2528 2859 2590 ferant;
2887 2525 3003 2580 imo
3033 2525 3204 2594 majus
3245 2525 3454 2580 lucrum
3480 2538 3570 2579 re-

1963 2627 2198 2686 portant,
2228 2619 2339 2672 sive
2377 2635 2405 2670 a
2439 2618 2545 2671 Deo
2579 2619 2973 2686 percutiantur,
3003 2617 3115 2670 sive
3145 2633 3172 2669 a
3203 2615 3417 2673 diabolo
3445 2631 3569 2672 ver-

1966 2709 2238 2762 bereatur.
2274 2708 2491 2777 Ecquod
2539 2718 2818 2776 peccatum
2853 2706 3090 2762 habuere
3121 2707 3292 2776 pueri,
3335 2707 3568 2776 inquies,

1961 2797 2101 2866 quod
2153 2798 2434 2852 clm-rent?
2474 2797 2540 2854 de
2590 2798 2656 2852 iis
2699 2797 2842 2851 enim
2894 2797 2986 2867 qui
3035 2804 3249 2854 tnta'tcm
3297 2798 3571 2869 assequuti

1965 2896 2179 2956 peccata
2221 2887 2444 2955 plurima
2479 2888 3026 2958 perpetraruut,jure
3055 2890 3174 2959 quis
3208 2875 3562 2956 luec'dixcrit;

1962 2978 2050 3046 qui
2091 2993 2221 3031 vero
2253 2987 2358 3030 tam
2411 2977 2697 3030 immatura
2751 2989 2926 3032 morte
2976 2979 3226 3046 prmrepti
3274 2988 3565 3049 suntmotti.

1966 3077 2182 3136 peccata
2224 3067 2289 3120 iis
2316 3066 2490 3120 allecti
2524 3067 2680 3120 malis
2712 3065 3073 3121 deleverunt?
3098 3066 3214 3122 Non
3259 3068 3453 3123 audisti
3486 3085 3572 3124 me

1962 3157 2249 3220 dicentem,
2285 3157 2493 3210 etiamsi
2524 3157 2669 3209 nulla
2702 3155 2810 3209 sint
2838 3166 3076 3224 peccata,
3110 3159 3376 3213 mercedis
3410 3160 3571 3213 retri-

1963 3248 2235 3301 butionem
2257 3247 2324 3299 ibi
2341 3261 2562 3300 manere
2575 3261 2668 3300 eos
2681 3245 2770 3316 qui
2792 3245 2880 3300 hic
2894 3247 3048 3301 malis
3066 3257 3189 3301 sunt
3208 3248 3570 3316 alfecti?Quid

1963 3354 2094 3408 ergo
2124 3338 2428 3392 detrimenti
2466 3351 2726 3405 accepere
2759 3337 2909 3406 pueri
2948 3353 3045 3406 pro
3074 3338 3164 3392 tali
3194 3353 3356 3393 causa
3381 3340 3572 3404 occisi,

1963 3433 2052 3501 qui
2096 3431 2272 3484 statim
2319 3429 2384 3482 ad
2429 3429 2775 3498 tranquillum
2831 3438 3042 3497 portum
3089 3430 3457 3500 appulerunt?
3505 3433 3576 3487 At

1964 3522 2151 3587 multa,
2179 3520 2410 3589 inquies,
2437 3519 2576 3574 forte
2608 3520 2745 3574 bona
2789 3520 2988 3574 edituri
3015 3530 3189 3589 erant,
3219 3523 3264 3576 si
3291 3523 3571 3578 vixissent.

1962 3613 2066 3668 Sed
2096 3614 2218 3668 ideo
2243 3628 2348 3666 non
2380 3628 2474 3680 par
2502 3612 2633 3681 ipsis
2665 3626 2873 3666 merces
2901 3615 3136 3682 reposita
3169 3623 3274 3682 est,
3304 3617 3448 3685 quod
3477 3633 3576 3686 pro

1965 3707 2054 3759 tali
2098 3720 2258 3759 causa
2309 3704 2562 3759 obierint.
2613 3702 2864 3774 Alioquin
2914 3719 3043 3758 vero
3089 3720 3197 3759 non
3244 3708 3574 3776 permisisset

1965 3812 2160 3867 pueros
2215 3807 2537 3865 prtematura
2594 3805 2770 3851 morte
2819 3796 3023 3867 abripi,
3075 3798 3120 3850 si
3177 3799 3353 3869 magni
3410 3798 3576 3856 futuri

1965 3900 2141 3944 erant.
2205 3889 2339 3944 Nam
2393 3890 2436 3943 si
2483 3903 2576 3942 eos
2624 3888 2714 3958 qui
2764 3888 2817 3942 in
2868 3889 3106 3958 nequitia
3157 3889 3351 3945 victuri
3413 3901 3575 3958 sunt,

1963 3996 2085 4034 cmn
2117 3989 2258 4034 tanta
2309 3979 2412 4032 fert
2453 3979 2729 4046 patientia,
2773 3979 2940 4031 multo
2995 3980 3162 4048 magis
3207 3981 3307 4035 hos
3347 3997 3453 4036 non
3501 3983 3579 4037 si-

1966 4081 2118 4125 neret
2149 4072 2221 4125 ita
2266 4069 2488 4133 auferri,
2510 4070 2554 4123 si
2600 4084 2792 4139 magna
2821 4069 3067 4138 quasdam
3098 4071 3341 4128 edituros
3380 4075 3576 4143 prteri-

1966 4160 2143 4217 deret?

2050 4357 2104 4412 5.
2135 4356 2199 4411 Et
2229 4357 2280 4409 hi
2315 4357 2528 4424 quidem
2564 4354 2733 4408 nostri
2763 4361 2888 4407 sunt
2917 4367 3233 4418 sermones;
3280 4368 3379 4407 nec
3409 4363 3585 4409 tamen

1974 4446 2028 4502 hi
2060 4448 2159 4502 soli
2191 4455 2415 4517 possunt
2448 4445 2649 4510 alien-ri,
2679 4444 2773 4498 sed
2817 4453 2942 4498 sunt
2969 4444 3130 4498 etiam
3174 4443 3263 4497 alii
3313 4443 3398 4498 his
3429 4447 3588 4514 longe

1975 4539 2360 4602 abstrusiores,
2382 4551 2515 4606 quos
2545 4537 2681 4590 bene
2712 4536 2862 4589 novit
2893 4537 2937 4588 is
2965 4536 3054 4604 qui
3091 4535 3206 4589 hare
3229 4536 3586 4603 dispensavit.

1977 4635 2082 4703 lpsi
2127 4636 2306 4703 itaque
2350 4633 2685 4687 accuratiore
2719 4631 2973 4685 harumce
3021 4646 3198 4684 rerum
3229 4631 3592 4700 comprehcn-

1977 4728 2129 4781 sionc
2160 4739 2438 4788 concessa,
2474 4725 2537 4778 iis
2567 4740 2685 4793 qua:
2736 4731 3034 4791 sequuntur
3080 4722 3401 4787 luerenmus,
3445 4731 3498 4775 et
3525 4736 3593 4776 ex

1981 4820 2207 4872 aliorum
2241 4817 2632 4871 calamitatibus
2678 4815 2742 4870 ad
2796 4817 2975 4870 omnia
3023 4814 3231 4869 fortiter
3264 4814 3482 4869 ferenda
3511 4817 3594 4868 in-

1979 4913 2288 4965 stituamur.
2319 4909 2434 4964 Non
2466 4926 2622 4979 parva
2655 4910 2799 4963 enim
2836 4909 3090 4978 tragoedia
3125 4918 3250 4961 tunc
3274 4907 3590 4962 Bethlehcm

1984 5003 2288 5071 occupavit,
2315 5002 2495 5070 pueris
2527 5016 2588 5055 ex
2621 5001 2748 5070 ipsis
2773 5010 3005 5053 matrum
3042 4999 3299 5053 uberibus
3328 4999 3592 5066 abreptis,

1985 5102 2039 5148 ct
2068 5093 2133 5146 ad
2183 5093 2321 5147 hanc
2354 5093 2587 5162 iniquam
2619 5092 2820 5146 caedem
2863 5091 3130 5146 abductis.
3162 5091 3314 5158 Quod
3347 5092 3390 5145 si
3421 5090 3597 5145 adhuc

1987 5188 2162 5256 pusilli
2191 5203 2248 5240 es
2278 5186 2462 5250 animi,
2493 5201 2590 5241 nec
2635 5195 2835 5239 tantam
2885 5196 3036 5252 potes
3081 5183 3475 5253 philOSOpltiam
3519 5193 3598 5236 at-

1992 5280 2216 5348 tingere,
2248 5279 2395 5333 disce
2438 5279 2595 5333 linem
2646 5279 2788 5332 illius
2817 5279 2904 5347 qui
2955 5278 3069 5332 haec
3111 5292 3275 5332 ausus
3306 5286 3408 5343 est,
3441 5274 3598 5345 spiri-

1989 5385 2204 5444 tumque
2239 5371 2782 5427 rcsume.Celcrrima
2804 5375 3001 5442 quippe
3030 5371 3177 5424 illum
3201 5369 3452 5424 facinoris
3482 5367 3595 5420 vin-

1993 5465 2131 5518 dicta
2159 5466 2436 5533 corripuit,
2474 5469 2714 5534 tantique
2743 5465 2966 5518 sceleris
2992 5463 3181 5532 dignas
3207 5461 3356 5515 dedit
3383 5474 3596 5529 poenas,

1990 5556 2105 5609 dira
2152 5566 2323 5609 morte
2369 5568 2423 5610 et
2467 5571 2528 5608 ea
2574 5571 2732 5624 quam
2781 5554 2961 5608 intulit
3012 5553 3404 5607 miserabiliorc
3434 5553 3596 5604 vitam

1995 5650 2270 5716 claudens,
2305 5663 2692 5720 tumtmeraque
2734 5647 2835 5702 alia
2885 5662 3072 5718 passus
3123 5646 3258 5700 mala
3296 5664 3310 5699 :
3360 5661 3474 5717 qurc
3519 5643 3597 5696 di-
