4050 6420
568 306 664 364 179

561 440 718 490 scere
769 423 1013 495 poteritis
1077 418 1122 473 si
1169 411 1389 484 Josepbi
1436 411 1723 468 Historiam
1766 403 2025 464 evolvatis
2041 401 2138 478 (a),

564 533 748 588 quam,
779 530 848 572 ne
878 504 1117 584 longiore
1143 518 1356 566 utamur
1384 518 1657 588 sermone,
1684 515 1786 556 neu
1811 497 2010 556 seriem
2042 507 2146 588 no-

564 585 732 666 stram
779 601 1200 674 iutercipismus,
1247 587 1597 668 pratentibus
1651 605 1758 646 non
1806 585 2145 644 inserendam

566 714 686 756 esse
714 695 1032 770 putavimus.
1068 691 1157 748 Π.
1200 688 1347 745 Tunc
1389 686 1650 757 impletum
1691 690 1764 737 est
1791 678 2146 770 «addictum

562 799 638 846 est
811 785 1087 841 Jerentiant
1135 783 1428 854 prophetam
1470 776 1718 830 dicentem
1746 788 1766 827 .'
1804 771 1893 827 i8.
1930 767 2044 823 Vos:
2096 768 2155 824 in

561 877 731 939 Ruina
754 881 930 936 “dita
957 889 1053 944 est,
1087 879 1335 948 ploratus,
1361 882 1408 929 et
1430 874 1580 942 ﬂetus
1604 880 1651 926 et
1677 868 1900 924 ululatus
1917 863 2143 926 inultus:

566 973 763 1032 Rachel
813 973 1020 1043 plorans
1058 971 1195 1040 ﬁlios
1238 982 1378 1033 suos,
1405 975 1454 1020 et
1501 963 1666 1019 noluit
1711 957 1984 1020 consolari,
2026 953 2146 1026 quia

567 1082 669 1122 non
684 1073 801 1119 sunt
820 1062 950 1136 (lor.
970 1062 1030 1116 3i
1045 1101 1060 1116 .
1082 1060 1193 1131 15).
1213 1057 1474 1125 Quoniam
1491 1053 1634 1110 enim
1655 1049 1951 1107 auditorem
1969 1045 2147 1136 reple-

565 1157 643 1211 vit
664 1135 911 1220 horrore,
931 1153 1032 1208 hac
1050 1151 1301 1215 violenta,
1324 1145 1693 1203 crudelissima
1721 1151 1775 1198 et
1793 1141 1973 1212 iniqua
1998 1135 2147 1194 caede

565 1254 809 1310 narrata,
863 1245 1036 1316 ipsum
1083 1242 1408 1304 consolatur,
1460 1236 1683 1303 decem,
1725 1233 1844 1290 hac
1873 1247 1980 1288 non
2026 1230 2148 1286 ideo

566 1336 846 1402 accidisse,
875 1333 1015 1405 quod
1049 1333 1188 1388 Deus
1213 1345 1313 1387 nec
1357 1337 1540 1401 posset
1564 1325 1844 1396 impedire,
1877 1337 1976 1378 nec
2004 1336 2145 1392 pra:-

564 1427 803 1492 vidisset,
836 1426 929 1482 sed
959 1441 1081 1482 eum
1112 1425 1226 1480 hmc
1253 1433 1306 1478 ct
1347 1422 1525 1477 futura
1553 1420 1791 1484 novisse,
1817 1425 1874 1473 et
1899 1429 2147 1486 premin-

566 1521 726 1574 tiasse
751 1533 844 1589 per
865 1516 1198 1588 prophetam.
1223 1514 1300 1570 Ne
1323 1515 1501 1584 itaque
1529 1510 1778 1574 turberis,
1799 1516 1853 1564 et
1871 1505 2142 1570 concidas,

565 1613 616 1665 in
666 1612 1047 1682 providentiam
1096 1609 1211 1680 ejus
1265 1606 1586 1663 ineffabilem
1632 1603 1949 1674 respiciens,
1984 1613 2143 1670 quam

563 1713 674 1757 tum
716 1719 781 1757 ex
826 1702 890 1756 iis
929 1716 1047 1770 qua:
1080 1709 1352 1769 Operatur,
1383 1707 1494 1752 tum
1535 1711 1600 1751 ex
1646 1694 1710 1750 iis
1737 1708 1858 1764 qum
1888 1690 2145 1761 permittit

560 1792 741 1848 videre
772 1801 852 1846 est
884 1808 898 1844 :
945 1791 994 1844 id
1022 1789 1163 1859 quod
1199 1790 1357 1843 etiam
1385 1774 1514 1842 alibi
1541 1785 1833 1856 discipulos
1861 1782 2142 1852 alloquens

561 1881 934 1947 subindicavit.
985 1882 1119 1947 Quia
1167 1880 1311 1934 enim
1363 1876 1671 1941 tribunalia,
1702 1875 2048 1930 abductiones
2075 1871 2143 1927 ad

560 1983 808 2039 multem,
836 1973 984 2029 orbis
1011 1974 1147 2028 bella
1177 1970 1614 2040 internecinaque
1639 1969 1822 2040 ρτιιίἰει
1854 1967 1982 2038 ipsis
2012 1979 2146 2034 prte-

560 2066 912 2125 nuntiarerat.
941 2080 1128 2119 eorum
1157 2063 1366 2118 animos
1407 2063 1642 2132 erigens,
1671 2071 1726 2117 et
1755 2069 1812 2115 ut
1835 2059 2144 2115 consoletur

559 2157 677 2213 illos
705 2154 779 2210 ait
807 2173 821 2210 :
853 2153 1040 2209 Nonne
1064 2155 1166 2209 duo
1196 2169 1424 2223 passeres
1451 2169 1566 2209 asse
1589 2161 1822 2215 uomat,
1851 2159 1898 2204 et
1925 2165 2055 2203 unus
2076 2164 2140 2202 ea:

557 2246 660 2300 illis
688 2261 789 2299 non
826 2244 971 2299 cadet
1015 2261 1168 2314 super
1197 2253 1386 2304 terrain
1424 2244 1534 2298 sine
1565 2242 1720 2297 Patre
1764 2249 1949 2303 oestro,
1975 2241 2058 2308 qui
2088 2239 2142 2292 in

559 2338 696 2393 ralis
716 2347 788 2392 est
804 2335 1018 2408 (Matth.
1034 2338 1122 2391 io.
1135 2335 1262 2408 9.9)?
1281 2335 1392 2390 Hoc
1412 2343 1590 2390 autem
1606 2333 1836 2398 dicebat,
1852 2329 2142 2386 ostendens

559 2430 651 2485 illo
671 2431 955 2501 ignorante
991 2428 1122 2483 nihil
1152 2428 1304 2493 lieri;
1335 2428 1430 2482 sed
1457 2427 1595 2481 seire
1641 2426 1788 2480 illum
1817 2423 2017 2487 omnia,
2044 2435 2144 2476 nec

558 2531 735 2581 tamen
765 2528 954 2576 cuncta
977 2518 1170 2574 facere.
1192 2517 1268 2572 Ne
1296 2518 1474 2587 igitur,
1499 2515 1688 2586 inquit,
1714 2510 2022 2577 turbemini,
2042 2524 2141 2565 nec

555 2609 1018 2666 commoveamini.
1046 2608 1180 2663 Nam
1208 2609 1297 2678 qui
1325 2608 1426 2661 scit
1452 2621 1513 2660 ea
1540 2621 1660 2676 qua:
1685 2603 1979 2666 sustinetis,
2001 2608 2056 2655 et
2076 2614 2139 2655 ea

554 2708 732 2770 potest
778 2699 1059 2769 impedire,
1109 2700 1226 2753 sine
1267 2696 1434 2751 dubio
1473 2711 1577 2750 non
1627 2694 1849 2763 impedit
1874 2693 1996 2762 quia
2043 2706 2137 2747 vc-

555 2803 726 2847 strum
752 2807 935 2847 curam
960 2799 1018 2846 et
1061 2789 1448 2860 providentiam
1485 2787 1667 2856 gerit:
1698 2783 1839 2855 quod
1879 2783 2038 2838 etiam
2085 2782 2139 2836 in

531 2883 936 2947 .teutationibus
976 2882 1212 2951 cogitare
1242 2887 1487 2949 Oportet,
1519 2877 1744 2946 hincque
1788 2890 1894 2928 non
1923 2887 2140 2944 parvam

555 2973 975 3028 consolationem
1021 2971 1368 3039 accipiemus.
1419 2969 1484 3023 Et
1512 2968 1637 3038 quid
1667 2981 1951 3022 commune
1981 2965 2142 3020 habet

560 3062 759 3119 Rachel
801 3078 922 3117 cum
963 3061 1316 3116 Bethlehem?
1358 3061 1559 3114 dixerit
1586 3060 1810 3112 fortasse
1839 3041 2134 3126 quispiam;

558 3155 769 3219 Rachel,
811 3153 1001 3224 inquit,
1030 3153 1237 3221 plorans
1268 3151 1403 3216 ﬁlios
1445 3167 1581 3204 suos.
1622 3149 1756 3216 Quid
1802 3149 1928 3204 item
1969 3146 2137 3202 Roma

551 3263 674 3301 cum
702 3245 974 3300 Racheiei
1001 3244 1195 3298 Rachel
1224 3254 1397 3297 mater
1425 3254 1541 3296 erat
1568 3243 1901 3310 Denjamiui;
1940 3242 2138 3311 ipsam-

552 3352 657 3405 que
683 3345 946 3391 mortuam
972 3334 1299 3405 sepelierunt
1328 3333 1382 3387 in
1422 3332 1772 3403 hippodromo
1801 3346 1968 3402 prope
1998 3334 2138 3385 hunc

557 3430 748 3482 locum.
779 3426 910 3494 Quia
933 3425 1092 3496 igitur
1113 3424 1419 3494 sepulcrum
1449 3439 1613 3492 prepe
1634 3432 1768 3486 erat,
1790 3431 1846 3477 et
1874 3422 1990 3476 iure
2017 3437 2136 3477 sors

552 3528 667 3574 erat
696 3517 988 3588 Bcnjamini
1017 3516 1108 3572 lilii
1137 3519 1252 3586 ejus
1287 3533 1300 3571 :
1334 3530 1455 3569 nam
1481 3515 1645 3569 [tanta
1669 3515 1734 3568 ad
1764 3514 1958 3568 tribum
1994 3514 2132 3568 Ben-

547 3612 713 3677 jamiu
755 3609 1088 3682 pertinebat;
1117 3619 1171 3664 et
1209 3624 1238 3663 a
1271 3608 1508 3677 principe
1550 3608 1738 3672 tribus,
1766 3617 1815 3660 et
1845 3623 1875 3661 a
1903 3605 2132 3675 sepulcri

551 3705 701 3766 loco,
751 3712 1009 3756 mactatos
1064 3714 1263 3770 pueros
1303 3699 1425 3768 jure
1475 3697 1723 3752 Rachclis
1773 3696 1909 3750 ﬁlios
1958 3703 2133 3750 vocat.

555 3791 756 3849 Deinde
783 3791 1071 3846 ostendens
1094 3790 1390 3845 insanabile
1414 3799 1661 3843 essetam
1679 3788 1895 3843 crudele
1921 3787 2131 3851 vulnus,

550 3885 664 3939 ait:
699 3881 882 3936 Noluit
907 3881 1180 3946 consolari,
1216 3881 1333 3949 quia
1361 3896 1461 3933 non
1486 3889 1623 3932 sunt.
1660 3878 1754 3932 His
1784 3893 1992 3931 rursum
2031 3877 2132 3930 hoc

551 3975 722 4044 ipsum
765 3971 1036 4034 docemur.
1072 3969 1211 4039 quod
1243 3968 1387 4037 prius
1429 3967 1693 4031 dicebam,
1727 3982 1832 4020 non
1879 3975 2131 4036 oportere

552 4066 771 4129 turbari,
803 4080 921 4118 cum
947 4079 1008 4119 ea
1038 4077 1157 4132 qua:
1183 4061 1451 4124 accidunt,
1496 4058 1592 4112 Dei
1620 4059 1959 4127 promissioni
1998 4075 2130 4111 con—

553 4160 712 4212 traria
734 4157 1001 4212 videntur.
1031 4155 1170 4208 Ecce
1199 4152 1340 4206 enim
1368 4167 1488 4205 cum
1517 4149 1734 4205 advenit
1759 4151 1870 4218 ipse
1898 4149 1965 4202 ad
1993 4148 2134 4201 salu-

553 4256 656 4301 tem
683 4246 881 4316 populi,
905 4246 1014 4299 imo
1041 4242 1106 4297 ad
1131 4242 1354 4296 salutem
1373 4241 1674 4309 orbis.qua:
1702 4239 1918 4318 exordia
1951 4237 2132 4293 luere?

551 4339 717 4394 Mater
756 4337 904 4406 fugit.
939 4335 1106 4404 patria
1133 4332 1251 4402 ejus
1280 4331 1701 4386 intolerabilibus
1739 4331 2130 4386 calamitatibus

551 4428 820 4499 afﬂigitur,
867 4425 1044 4481 ca-des
1100 4433 1434 4493 perpetretur
1474 4424 1711 4478 omnium
1759 4423 2127 4487 acerbissima,

552 4519 791 4589 ploratus
839 4525 896 4571 et
920 4514 1152 4569 ululatus
1201 4513 1399 4568 multus
1447 4522 1606 4584 atque
1654 4511 1881 4582 ejulstus
1909 4513 2126 4582 ubique.

554 4609 751 4663 Verum
779 4621 844 4661 ne
887 4605 1118 4659 turberis
1149 4620 1163 4657 :
1201 4603 1338 4658 solet
1366 4604 1508 4658 enim
1560 4619 1654 4673 per
1683 4604 1950 4658 contraria
1979 4619 2128 4659 (Bco-

552 4696 784 4754 nomiam
824 4703 974 4750 suam
1019 4694 1263 4762 implere,
1297 4694 1584 4747 maximam
1626 4693 1750 4748 inde
1781 4693 1988 4747 \it‘lttlis
2017 4709 2129 4748 suae

554 4789 707 4843 nobis
735 4786 975 4855 praebens
1004 4784 1537 4839 demonstrationem.
1565 4783 1651 4838 Sic
1680 4783 1971 4852 discipulos
2005 4800 2130 4839 suos

553 4878 755 4935 induxit
786 4885 943 4947 atque
963 4874 1213 4940 instituit,
1247 4883 1303 4928 ut
1328 4875 1397 4928 ita
1426 4874 1603 4929 omnia
1635 4884 1972 4944 peragerent,
1999 4891 2130 4930 con—

554 4969 715 5024 traria
760 4967 1042 5024 contrariis
1085 4967 1421 5035 dispensans,
1452 4982 1560 5036 quo
1603 4967 1777 5036 majus
1816 4967 2125 5023 miraculum

553 5061 808 5115 elucerct.
842 5057 1116 5127 Flageilati
1147 5057 1324 5126 itaque
1351 5057 1445 5129 illi,
1477 5067 1530 5111 et
1559 5058 1714 5126 pulsi,
1746 5066 1798 5112 el
1826 5058 2129 5113 innumeras

551 5152 818 5222 patientes
855 5163 1139 5215 aerumnas,
1171 5148 1251 5205 sic
1288 5147 1672 5218 ﬂagellanitibus
1700 5159 1858 5221 atque
1884 5152 2128 5221 pellenti-

556 5243 652 5296 bus
679 5235 983 5310 superiores
1008 5247 1309 5295 evaserunt.
1333 5239 1417 5294 l9.
1443 5239 1689 5312 Defuncto
1714 5252 1879 5295 autent
1906 5242 2124 5309 Herode,

554 5343 668 5384 eece‘
701 5330 912 5400 angelus
963 5329 1168 5384 Domini
1206 5332 1445 5400 apparuit
1483 5332 1534 5384 in
1578 5335 1767 5387 somnis
1795 5332 2003 5404 Joseplt,
2034 5336 2122 5392 20.

557 5421 726 5477 dicens
759 5436 780 5475 :
836 5421 1061 5494 Surgeus
1112 5421 1284 5492 accipe
1329 5438 1538 5492 puerum
1579 5435 1621 5477 et
1661 5435 1869 5478 matrem
1909 5428 2037 5492 ejus,
2081 5437 2127 5482 et

640 5682 714 5740 (al
734 5683 983 5745 Josephus
999 5685 1045 5732 in
1068 5683 1280 5734 Historia
1303 5693 1388 5731 sua
1413 5680 1613 5731 Herodis
1643 5684 1788 5731 vitam
1810 5683 2061 5735 describit.

1293 313 1350 367 5.
1389 305 1668 364 JOANNIS
1702 296 2168 362 (ῖιιῐιγεοδτῡδιι
2207 294 2524 354 Αιιεηιερ.
2566 288 3096 348 CDNSTAN'i‘i-NOP.

3729 271 3815 337 '8')

2252 398 2379 459 eode
2424 399 2478 452 in
2521 405 2709 450 terram
2757 392 2943 450 Israel.
2994 393 3109 450 Non
3144 393 3256 463 jam
3303 393 3458 460 dicit,
3505 389 3673 461 Fuge,
3717 395 3821 459 sed.

2263 485 2421 543 Vade.

2320 579 2376 634 4.
2420 576 2608 633 Viden‘
2639 591 2852 632 rursum
2895 575 3130 648 quietem
3161 586 3284 647 post
3315 575 3668 631 tentationem
3689 574 3715 626 ἲ
3739 572 3828 630 de-

2250 668 2376 724 inde
2401 676 2520 740 post
2557 667 2791 738 quietem
2831 681 3019 723 rursus
3047 665 3382 736 periculum?
3407 665 3542 721 Nam
3585 674 3707 736 post
3731 666 3833 722 exi-

2251 759 2379 816 lium
2424 759 2710 825 dimissus,
2737 767 2794 814 et
2827 759 2880 813 iu
2927 743 3080 814 suam
3133 757 3405 828 regionem
3446 772 3700 815 reversus
3726 766 3831 821 est,

2250 850 2487 921 viditque
2537 864 2822 920 puerorum
2885 849 3284 906 interfectorem
3336 850 3703 919 exstinctum;
3753 849 3837 906 ubi

2251 956 2383 996 vero
2410 942 2464 996 in
2493 940 2719 1013 patriam
2748 941 3026 1010 pervenit,
3062 939 3316 1011 reliquias
3342 940 3539 998 iterum
3587 940 3835 1010 pristino-

2251 1048 2371 1089 rum
2401 1033 2753 1103 periculorum
2798 1031 3020 1101 reperit,
3055 1030 3220 1086 lilium
3253 1031 3464 1103 tyranni
3491 1031 3762 1086 viventem
3789 1037 3838 1086 α

2251 1133 2583 1195 regnantem.
2614 1124 2680 1178 Et
2720 1123 2991 1194 quomodo
3034 1122 3330 1179 Archelaus
3372 1123 3634 1194 regnabat
3676 1123 3727 1177 in
3751 1121 3838 1178 Ju-

2252 1215 2366 1271 dtea
2389 1255 2406 1281 ,
2433 1230 2555 1271 cum
2583 1215 2803 1271 Pontius
2831 1214 3032 1271 Pilatus
3060 1229 3264 1286 praeses
3290 1215 3477 1270 esset?
3511 1215 3722 1271 Recens
3745 1213 3837 1270 ad-

2253 1306 2356 1363 huc
2392 1316 2510 1362 erat
2548 1322 2696 1364 mors
2724 1307 2985 1376 Herodis,
3017 1308 3246 1364 necdum
3293 1322 3516 1379 regnum
3555 1308 3610 1362 in
3655 1307 3839 1363 multas

2252 1409 2433 1469 partes
2456 1398 2685 1455 divisum
2714 1399 2889 1455 fuerat
2915 1417 2929 1453 :
2959 1384 3055 1454 sed
3083 1402 3212 1474 quia
3234 1414 3404 1468 nuper
3430 1397 3674 1455 Herodes
3700 1398 3840 1454 obie-

2251 1501 2356 1556 rat,
2386 1490 2596 1546 interim
2641 1490 2782 1548 lilius
2810 1489 3042 1546 Herodis
3075 1488 3359 1560 imperium
3395 1489 3652 1553 tenebat;
3684 1489 3839 1546 frater

2251 1582 2450 1652 quippe
2481 1581 2726 1637 Archelai
2776 1580 3017 1636 lierodes
3041 1591 3095 1637 et
3123 1581 3238 1651 ipse
3279 1579 3652 1652 appellabatur
3685 1596 3699 1631 :
3729 1579 3841 1635 ideo

2248 1671 2454 1726 addidit
2476 1672 2801 1742 evangelista
2824 1712 2840 1738 ,
2870 1671 2964 1726 22.
2987 1670 3093 1726 Pro
3120 1670 3328 1727 Herode
3353 1681 3497 1742 patre
3520 1686 3635 1726 suo.
3664 1669 3770 1726 Sed
3798 1671 3839 1726 si

2250 1761 2489 1818 Judmam
2530 1765 2678 1818 adire
2706 1762 3025 1818 formidabat
3050 1771 3268 1833 propter
3298 1762 3620 1820 Archelaum
3646 1803 3664 1829 ,
3690 1777 3841 1832 opor-

2251 1855 2397 1910 tebat
2438 1865 2493 1910 et
2535 1853 2808 1909 Galilaeam
2858 1861 3099 1908 metuere
3149 1862 3366 1924 propter
3412 1853 3707 1909 Herodem.
3741 1853 3840 1910 Sed

2251 1947 2340 2000 ubi
2366 1946 2538 2000 locum
2567 1945 2811 2010 mutavit,
2831 1959 2919 2000 res
2945 1956 3129 2014 postea
3161 1945 3214 1999 in
3245 1945 3476 2000 obscuro
3505 1946 3738 2001 mansit:
3766 1954 3844 2000 to-

2249 2044 2335 2090 tus
2363 2035 2559 2106 quippe
2607 2035 2836 2105 impetus
2878 2043 3067 2089 contra
3099 2034 3413 2090 Betlilehem
3458 2044 3579 2091 erat
3622 2046 3679 2090 et
3714 2035 3844 2091 ﬁnes

2246 2128 2384 2197 ejus.
2413 2127 2574 2183 Crede
2604 2129 2780 2197 itaque
2806 2137 3036 2198 patrata,
3066 2127 3360 2191 Archelaus
3389 2126 3527 2183 ﬁlius
3551 2143 3670 2184 rem
3702 2143 3842 2198 pera-

2246 2227 2385 2274 Ctam
2415 2218 2634 2288 putabat
2657 2258 2672 2283 ,
2712 2229 2871 2288 atque
2897 2233 3018 2273 eum
3046 2219 3135 2288 qui
3165 2218 3506 2286 qumrebatur
3533 2218 3678 2274 inter
3707 2220 3840 2274 mul-

2249 2319 2330 2365 tos
2355 2311 2590 2365 occisum
2620 2309 2806 2365 fuisse.
2837 2309 3085 2380 Alioquin
3114 2325 3237 2364 eum
3269 2310 3489 2366 vidisset
3515 2319 3726 2381 patrem
3754 2311 3840 2366 tali

2247 2411 2419 2457 morte
2441 2399 3184 2471 consumptum,moderatior
3210 2400 3326 2466 fuit,
3351 2416 3510 2471 quam
3537 2411 3598 2456 ut
3624 2402 3841 2458 ulterius

2245 2491 2583 2562 procederet,
2605 2499 2662 2548 et
2679 2491 2748 2548 de
2777 2491 3054 2561 iniquitate
3076 2491 3452 2548 contenderet.
3477 2491 3640 2549 Venit
3667 2495 3840 2565 itaque

2245 2585 2444 2656 Ioseph
2475 2585 2719 2652 Nazarct,
2751 2595 2810 2640 ut
2859 2602 2962 2641 una
2992 2595 3047 2642 et
3073 2586 3365 2656 periculum
3395 2586 3608 2658 lugeret
3628 2628 3645 2653 ,
3674 2597 3730 2644 et
3764 2588 3840 2643 di-

2244 2674 2436 2730 lectam
2466 2677 2691 2746 patriam
2712 2677 2987 2732 incoleret.
3013 2676 3083 2733 Ut
3109 2677 3296 2746 majori
3324 2677 3682 2735 instrueretur
3711 2679 3840 2734 lida.

2245 2765 2325 2819 cia
2353 2806 2368 2830 ,
2396 2767 2672 2829 oraculum
2716 2765 2786 2820 ab
2825 2766 3018 2836 angelo
3055 2767 3155 2822 hac
3197 2769 3264 2822 de
3292 2782 3352 2823 re
3376 2769 3585 2838 accepit
3617 2787 3632 2825 :
3658 2785 3837 2840 quam-

2244 2870 2402 2926 quam
2463 2857 2634 2912 Lucas
2683 2872 2790 2912 non
2852 2857 2995 2913 dicat
3053 2858 3227 2928 ipsum
3281 2875 3376 2930 per
3423 2862 3701 2916 oraculum
3753 2863 3837 2917 illo

2243 2947 2486 3012 venisse;
2539 2948 2633 3003 sed
2682 2948 2944 3018 completa
2987 2950 3357 3019 puriﬁcatione
3402 2953 3454 3007 in
3497 2953 3729 3010 Nasaret
3759 2970 3835 3016 re-

2242 3053 2428 3093 versos
2473 3037 2593 3094 ilios
2641 3054 2781 3095 esse.
2811 3039 2950 3108 Quid
2995 3041 3157 3111 igitur
3200 3041 3484 3098 dicendum
3534 3046 3833 3115 est?Quod

2241 3129 2446 3184 scilicet
2484 3128 2655 3184 Lucas
2699 3129 2800 3184 hoc
2840 3130 3017 3195 dicat.
3053 3141 3262 3202 tempus
3302 3133 3614 3190 describens
3669 3137 3830 3198 illud.

2241 3219 2380 3288 quod
2405 3220 2677 3288 prmcessit
2703 3219 3022 3276 descensum
3049 3221 3102 3276 in
3133 3222 3449 3293 Egyptntn.
3477 3225 3665 3297 Neque
3693 3229 3836 3288 enim

2242 3319 2366 3362 ante
2393 3309 2818 3377 puriﬁcationem
2841 3325 2934 3365 eos
2974 3312 3097 3365 illuc
3123 3311 3378 3380 deduxit,
3405 3329 3475 3370 ne
3500 3317 3628 3385 quid
3651 3329 3831 3374 contra

2243 3397 2411 3468 legem
2439 3399 2826 3462 admitteretur,
2855 3402 2949 3456 sed
2971 3405 3299 3472 exspectavit
3337 3405 3510 3462 donec
3537 3411 3833 3477 puriﬁcatio

2240 3489 2412 3555 lieret,
2443 3505 2507 3545 ac
2545 3491 2784 3546 redirent
2811 3491 3035 3550 Nazaret
3057 3535 3071 3557 ,
3103 3504 3335 3566 tuncque
3359 3496 3752 3557 descenderent
3784 3505 3830 3557 io

2240 3577 2552 3649 Egyptum.
2575 3580 2777 3637 Deinde
2800 3597 2869 3636 ex
2899 3583 3133 3654 Egypto
3161 3586 3592 3656 prnfectosjubet
3613 3591 3832 3648 Nazaret

2241 3669 2436 3723 redire.
2467 3672 2636 3724 Antea
2667 3686 2794 3726 vero
2825 3687 2926 3726 non
2957 3675 3142 3729 moniti
3171 3676 3387 3733 oraculo
3411 3677 3641 3748 inerant,
3668 3695 3726 3738 ut
3748 3685 3833 3739 ilio

2239 3759 2514 3824 redirent;
2549 3762 2642 3817 sed
2671 3778 2736 3816 ex
2771 3763 3042 3820 voluntate
3082 3768 3294 3836 propria
3337 3769 3390 3824 in
3439 3772 3692 3831 dilectam
3740 3793 3832 3846 pa-

2239 3852 2392 3906 triam
2415 3867 2474 3908 se
2499 3855 2857 3910 contulerant.
2889 3856 3019 3924 Quia
3050 3859 3193 3916 enim
3223 3877 3328 3917 non
3360 3863 3462 3919 nisi
3491 3881 3588 3936 pro
3629 3868 3830 3923 deseri-

2218 3946 2422 4015 'ptione
2449 3954 2504 4001 et
2527 3960 2692 4002 censu
2736 3948 2828 4003 illo
2867 3961 3144 4017 venerant,
3179 3968 3278 4009 nec
3305 3954 3454 4010 locus
3480 3957 3549 4012 ihi
3579 3962 3827 4017 manendi

2238 4048 2382 4099 erat,
2429 4052 2490 4091 re
2538 4039 2809 4106 perlecta,
2837 4057 2935 4108 pro
2987 4058 3089 4110 qua
3131 4057 3408 4107 venerant.
3461 4051 3660 4106 reversi
3709 4067 3830 4109 sunt

2239 4125 2481 4180 Nazaret.
2530 4125 2655 4181 ideo
2699 4130 2920 4197 angelus
2972 4131 3090 4185 illos
3135 4132 3351 4188 domum
3395 4137 3616 4202 reducit,
3656 4152 3714 4196 ut
3760 4143 3827 4197 ibi

2239 4226 2534 4279 manerent.
2570 4233 2741 4287 neque
2786 4218 2913 4273 illud
2951 4225 3063 4274 sine
3087 4237 3267 4288 causa,
3299 4225 3392 4279 sed
3431 4228 3572 4296 quod
3602 4231 3674 4284 ita
3705 4248 3823 4300 pro.

2235 4309 2413 4378 plielia
2462 4309 2622 4364 ferret
2651 4327 2664 4362 :
2697 4325 2818 4364 nam
2850 4312 2960 4365 ait:
2995 4312 3082 4366 9.3.
3120 4313 3188 4369 Ut
3234 4316 3528 4387 impleretur
3562 4324 3702 4390 quod
3745 4325 3825 4377 di-

2235 4411 2370 4454 ctum
2396 4409 2468 4454 est
2493 4416 2581 4469 per
2597 4401 3132 4472 proplretas,quoniam
3150 4404 3435 4464 Nazarteus
3457 4415 3714 4467 vocabitur
3730 4414 3823 4485 (ιι).

2308 4488 2534 4542 Christus
2565 4507 2653 4543 cur
2679 4488 2962 4546 Nozararus
2990 4505 3214 4554 vocatus.
3242 4528 3314 4538 —
3341 4499 3536 4570 Ecquis
3568 4503 3823 4572 propheta

2236 4581 2338 4638 boc
2362 4582 2544 4637 dixit?
2575 4582 2648 4638 Ne
2676 4585 2940 4656 curiosius
2973 4588 3206 4656 inquiras
3245 4592 3325 4644 vel
3375 4595 3650 4650 scmteris.
3683 4597 3823 4652 Multi

2235 4677 2376 4731 enim
2408 4675 2696 4746 prophetici
2739 4678 2862 4732 libri
2904 4681 3179 4749 perierunt
3212 4701 3225 4736 :
3259 4681 3309 4737 id
3337 4685 3478 4754 quod
3507 4700 3572 4742 ex
3607 4687 3822 4745 historia

2236 4770 2676 4838 Paralipomenon
2718 4771 2898 4826 videre
2941 4781 3044 4826 cst.
3074 4773 3205 4830 Nam
3236 4789 3426 4845 segnes
3474 4794 3596 4833 cum
3643 4792 3824 4837 essent

2234 4860 2422 4923 Judwi,
2452 4870 2502 4915 et
2533 4859 2834 4929 frequenter
2867 4862 3174 4919 deciderent
3215 4867 3264 4919 in
3295 4866 3621 4935 impietatem
3642 4914 3658 4937 ,
3692 4874 3824 4928 alios

2236 4956 2434 5010 incuria
2477 4956 2820 5026 perdiderunt
2844 4999 2856 5018 ,
2884 4958 3014 5011 alios
3045 4967 3097 5013 et
3148 4961 3244 5031 ipsi
3288 4965 3702 5020 eombusserunt
3740 4967 3818 5020 vel

2235 5045 2553 5101 lacerarunt.
2576 5047 2771 5104 llorum
2788 5050 3012 5105 alterum
3034 5049 3291 5105 .icremias
3317 5063 3498 5109 narrat
3529 5055 3661 5130 (Cap
3699 5057 3790 5128 5G)

2297 5221 2369 5281 (τι)
2391 5221 2489 5289 _ttic
2512 5222 2579 5289 ait
2599 5228 2808 5273 Joannes
2847 5221 3233 5289 Clit'jsostomus,
3274 5228 3544 5289 prophetas
3580 5228 3705 5289 illos,
3741 5230 3825 5285 ubi

2233 5281 2339 5349 hzee
2361 5282 2593 5349 clausula,
2629 5292 2893 5349 Nazarteus
2911 5281 3185 5349 iocabitur,
3223 5281 3516 5349 habebatur,
3549 5281 3730 5342 audeo!
3746 5281 3824 5340 um

2235 5345 2419 5416 incuria
2451 5345 2652 5416 amissos
2669 5345 2840 5416 fuisse.
2868 5346 2960 5396 Alii
2983 5345 3177 5416 dicunt,
3206 5350 3314 5416 haec
3337 5363 3452 5416 non_
3471 5345 3590 5416 ipsis
3626 5354 3820 5416 quidem

2234 5405 2415 5478 verbis,
2443 5405 2764 5478 sed-quodnad
2786 5421 2983 5478 sensum
3011 5411 3221 5478 reperiri
3242 5415 3295 5478 _ln
3317 5405 3589 5478 prophetis,
3615 5405 3701 5478 (πὶιί
3735 5415 3819 5463 bo-

2234 5465 2416 5532 dteque
2441 5465 2652 5532 exstant.
2679 5475 2772 5518 Nec
2791 5469 2968 5532 demat
2995 5465 3083 5532 qui
3106 5465 3421 5529 existiment;
3439 5474 3545 5524 haec
3566 5465 3716 5527 verba
3740 5491 3819 5526 re-

2234 5528 2428 5589 spicere
2452 5528 2582 5577 hunc
2607 5528 2760 5578 locum
2794 5529 2932 5579 Isaia!
2952 5528 3035 5582 Xl'.
3059 5534 3101 5590 i,
3127 5535 3209 5582 ubi
3243 5535 3290 5582 in
3331 5528 3571 5586 Hebreico
3617 5537 3815 5600 legitur,

2235 5604 2639 5675 marme
2663 5606 2807 5659 33:1,
2838 5603 2995 5675 αλιυδ
3025 5605 3085 5656 de
3111 5605 3358 5675 radicibus
3376 5623 3483 5673 ejus
3507 5613 3795 5675 germinae"

2238 5664 2331 5715 Ubi
2367 5664 2508 5723 illud,
2535 5676 2640 5723 ’πῃ
2659 5708 2672 5728 ,
2705 5679 2858 5726 ttcser,
2887 5664 3165 5716 Naratteum
3195 5664 3481 5732 exprimi-re
3505 5664 3809 5724 Existimant.
