4050 6424
238 356 334 415 181
1428 348 1495 405 ΙΝ
1533 348 1814 406 ΜΑΤΤΗΑ

1925 349 1940 405 I
1981 349 2213 407 HOMlL.
2260 353 2348 408 IX.

232 473 467 529 alterum
510 470 555 525 is
590 469 681 540 qui
721 473 969 537 quartum
1015 464 1321 535 Regnorum
1349 455 1545 519 libntm
1576 461 1840 534 (Cap.2‘2l

230 563 441 629 edidit,
472 563 600 617 dum
629 559 733 623 ait,
767 568 888 629 post
930 558 1155 613 multum
1204 554 1463 624 temporis
1502 555 1588 609 vix
1621 553 1837 609 tandem

236 653 712 711 [nutet-oriundum
775 649 1028 707 effossum
1090 648 1254 703 fuisse
1311 655 1469 702 antea
1543 646 1836 721 perditum.

230 748 291 803 Si
324 761 486 819 porro
514 744 663 799 nullo
712 746 942 799 instante
991 740 1220 797 barbaro
1249 738 1328 795 sic
1374 738 1542 794 libros
1582 737 1834 809 prodide-

230 850 379 905 runt,
408 838 578 892 multo
604 836 775 907 magis
803 840 1086 905 postquAm
1116 831 1329 888 barbari
1361 832 1686 902 irruperant.
1713 830 1834 887 (Rea

227 938 410 986 terum
442 928 564 998 qttia
608 927 658 982 id
697 927 969 997 pmplleta
996 922 1388 994 pradixerant,
1417 920 1647 992 apostoli
1690 936 1837 991 smpe

224 1019 381 1075 illum
408 1018 743 1074 Nazareuum
772 1024 987 1071 vocant.
1016 1011 1131 1070 Hoc
1150 1028 1280 1083 ergo
1301 1022 1404 1080 est,
1428 1012 1662 1083 inquies,
1690 1012 1833 1082 quod

224 1112 562 1183 prophetiam
608 1111 677 1167 dc
722 1107 1040 1165 Bethlchem
1079 1106 1364 1163 obscuram
1405 1104 1671 1161 reddidit?
1720 1100 1830 1159 Ne-

221 1218 539 1275 quaquam:
582 1202 677 1258 sed
723 1200 855 1255 illud
897 1200 1071 1271 ipsum
1116 1197 1355 1253 maxime
1392 1195 1643 1252 movebat
1666 1204 1725 1251 et
1763 1194 1831 1249 ad

220 1296 552 1368 exploranda
595 1311 657 1351 ea
703 1309 824 1365 qua:
855 1292 922 1347 de
966 1292 1059 1347 illo
1102 1290 1245 1345 dicta
1293 1290 1503 1344 fuerant
1532 1286 1828 1343 excitabat.

220 1388 314 1444 Sic
354 1397 413 1444 et
453 1386 747 1443 Nathanael
787 1383 853 1439 ad
910 1381 1351 1453 perquisitionem
1394 1381 1465 1436 de
1504 1380 1598 1435 illo
1627 1378 1830 1434 facien-

219 1480 345 1534 dam
395 1480 539 1535 venit
586 1478 814 1534 dicens:
850 1473 935 1529 Ea:
984 1471 1211 1528 Nasaret
1256 1480 1417 1544 potest
1474 1471 1670 1541 aliquid
1710 1471 1830 1524 boui

217 1588 329 1625 esse
353 1571 550 1643 (Joan.
581 1571 633 1625 l.
664 1568 735 1624 46
757 1569 814 1639 >2
845 1566 976 1622 Nam
1005 1566 1212 1621 viculus
1241 1572 1358 1620 erat
1382 1564 1533 1629 vilis;
1562 1563 1671 1617 imo
1719 1578 1825 1617 non

217 1661 429 1715 viculus
454 1661 543 1716 ille
571 1668 774 1714 tantum
794 1699 811 1725 ,
843 1658 938 1712 sed
979 1665 1088 1710 tota
1118 1654 1354 1711 Galilam
1383 1655 1548 1723 regio.
1577 1653 1704 1709 ldeo
1744 1653 1825 1707 di-

215 1753 416 1809 cebant
443 1752 698 1808 Pharismi
734 1769 750 1806 :
784 1749 1076 1819 Interroga,
1109 1757 1155 1802 et
1181 1747 1294 1802 ride
1313 1790 1326 1811 ,
1354 1748 1595 1818 quoniam
1625 1762 1689 1801 ea:
1715 1745 1823 1800 Ga-

216 1846 356 1901 lilara
383 1843 631 1914 propheta
655 1857 756 1897 non
783 1839 1007 1895 surrexit
1030 1837 1210 1910 (Joan.
1238 1839 1292 1892 7.
1317 1837 1431 1907 52).
1461 1838 1710 1893 Attamen
1734 1837 1824 1893 ille

212 1953 282 1992 ex
328 1938 420 1991 tali
468 1935 636 2006 patria
674 1941 897 1989 vocatus
941 1947 1047 1987 non
1087 1930 1397 1997 erubescit,
1429 1932 1722 1985 ostendens
1764 1944 1823 1984 se

212 2028 359 2083 nulla
393 2043 453 2082 re
484 2026 713 2081 humana
744 2038 906 2094 egere
936 2043 948 2077 :
981 2021 1382 2094 discipulosque
1422 2035 1549 2076 suos
1580 2037 1644 2075 ex
1675 2020 1824 2075 Gali-

213 2120 311 2174 lsea
339 2119 507 2188 eligit,
542 2116 774 2186 undique
803 2115 1117 2171 occasiones
1159 2122 1213 2169 et
1241 2113 1495 2168 obtentus
1534 2112 1821 2167 suecidens

211 2210 281 2265 iis
326 2210 417 2279 qui
467 2216 681 2278 torpere
731 2206 974 2272 vellent,
1020 2203 1419 2274 ostendensque
1461 2217 1559 2259 nos
1597 2212 1817 2258 externa

210 2300 358 2355 nulla
400 2314 460 2354 re
486 2313 648 2368 egere
670 2339 686 2363 ,
712 2298 757 2352 si
802 2296 1053 2351 virtutem
1082 2309 1453 2351 exerceamus.
1487 2293 1721 2362 ldquue
1752 2310 1820 2349 ne

207 2391 431 2448 domum
459 2390 673 2461 quidem
696 2389 795 2444 sibi
818 2388 1019 2460 delegit
1048 2406 1061 2442 :
1088 2403 1210 2443 nam
1236 2388 1349 2442 ait:
1386 2384 1556 2442 Filius
1599 2388 1819 2443 hominis

208 2501 314 2540 non
344 2484 491 2538 habet
521 2484 604 2537 ubi
631 2493 785 2551 t‘ttpltl
815 2484 1022 2537 reclinet
1047 2480 1067 2555 (
1091 2481 1217 2534 Luc.
1250 2481 1304 2537 9.
1337 2480 1432 2550 58)
1458 2496 1473 2546 ;
1505 2492 1667 2551 atque
1708 2481 1816 2536 lle-

207 2575 343 2630 rode
372 2575 651 2630 insidiante
683 2574 833 2644 fugit,
863 2574 915 2626 in
944 2573 1206 2643 prasepio
1232 2573 1548 2635 collocatur,
1572 2579 1627 2626 et
1655 2572 1707 2625 in
1733 2570 1816 2626 di-

207 2666 455 2722 versorio
503 2672 719 2731 manet,
751 2673 1085 2733 matremque
1127 2663 1275 2733 eligit
1323 2664 1536 2731 inepem
1563 2704 1577 2724 ,
1611 2671 1670 2716 ut
1718 2678 1815 2717 nos

203 2758 419 2822 doceat,
451 2772 520 2813 ne
548 2756 818 2826 quidpiam
849 2754 1156 2824 hujusmodi
1184 2763 1337 2824 turpe
1366 2767 1488 2807 esse
1518 2762 1769 2822 putemus
1794 2792 1809 2818 ,

202 2851 338 2903 dum
372 2851 421 2903 iu
455 2847 763 2919 primordiis
804 2848 920 2917 ipse
967 2847 1258 2901 lmmanum
1303 2846 1475 2900 calcat
1504 2844 1696 2900 fastum
1719 2887 1734 2911 ,
1760 2856 1811 2899 et

204 2941 300 2996 uni
333 2941 515 2995 virtuti
547 2939 791 2995 addictos
814 2952 937 2994 esse
963 2937 1137 3007 jubet.

276 3032 330 3085 5.
369 3030 589 3085 Sanctus
622 3027 819 3083 Paulus
855 3045 957 3082 non
996 3028 1135 3081 dedit
1180 3042 1359 3080 ansam
1414 3026 1478 3080 de
1516 3028 1683 3094 patria
1724 3036 1812 3079 aut

201 3124 436 3193 patribus
476 3104 636 3177 alium
685 3121 940 3190 sapiendi.
990 3119 1206 3174 Patrum
1246 3117 1481 3172 nobilitas
1523 3135 1623 3172 non
1663 3119 1812 3189 juvat

200 3214 479 3283 improbos,
506 3212 794 3283 ignobilitas
822 3227 923 3265 non
955 3220 1098 3264 nocet
1125 3210 1312 3278 probis.
1347 3239 1417 3248 —
1445 3206 1552 3262 Cur
1574 3209 1715 3262 enim
1743 3207 1811 3263 de

202 3304 375 3373 patria
399 3302 564 3357 altum
594 3303 761 3371 sapis,
784 3300 998 3370 quando
1023 3314 1147 3370 ego,
1175 3298 1365 3369 inquit,
1383 3298 1436 3351 in
1461 3307 1572 3353 toto
1598 3299 1731 3353 orbe
1759 3307 1809 3353 te

200 3393 546 3464 peregrinum
576 3406 697 3448 esse
717 3390 883 3462 jubeo
910 3389 934 3443 2
958 3388 1175 3460 quando
1202 3388 1325 3443 licet
1353 3389 1445 3443 tibi
1478 3388 1637 3443 talem
1664 3402 1799 3451 esse,

198 3496 262 3539 ut
293 3494 436 3538 totus
463 3482 693 3538 mundus
742 3492 794 3537 te
838 3496 943 3535 non
991 3482 1060 3535 sit
1105 3480 1337 3550 dignus?
1369 3479 1492 3535 llaec
1538 3481 1681 3533 enim
1737 3480 1806 3534 ita

197 3574 592 3631 contemnenda
624 3582 771 3640 sunt,
800 3582 858 3626 ut
885 3587 951 3627 ne
995 3587 1023 3626 a
1058 3570 1391 3641 philuSOphis
1414 3571 1629 3641 quidem
1658 3571 1810 3626 Gne-

197 3682 390 3721 corum
432 3666 614 3736 aliquo
648 3666 701 3719 in
732 3665 904 3735 pretio
936 3664 1265 3729 habeantur,
1296 3664 1389 3717 sed
1420 3673 1675 3719 extranea
1707 3680 1805 3719 vo—

197 3770 411 3825 centur,
443 3769 850 3829 extremumque
882 3758 1054 3813 locum
1083 3767 1365 3826 occupent.
1402 3758 1557 3827 utqui
1609 3756 1807 3811 Paulus

199 3855 320 3909 lucc
343 3852 700 3923 amplectitur,
734 3851 964 3921 inquies,
987 3850 1065 3905 sic
1096 3850 1321 3920 loquens
1344 3867 1359 3903 :
1381 3850 1675 3904 Secundum
1700 3850 1805 3904 ele-

195 3948 438 4009 ctionem,
463 3945 713 3999 carissimi
739 3987 754 4010 ,
785 3952 991 4014 propter
1020 3953 1188 4013 patres
1219 3942 1393 4011 (Rom.
1428 3944 1514 3997 ll.
1546 3942 1664 4006 28).
1699 3942 1803 3998 Sed

194 4038 309 4102 die,
337 4036 570 4108 quando,
602 4035 671 4089 de
700 4035 915 4105 quibus,
946 4042 1000 4089 et
1024 4049 1159 4109 quos
1185 4033 1485 4102 alloquens.
1517 4033 1637 4100 Agit
1659 4032 1803 4086 enim

194 4145 320 4184 cum
348 4130 415 4182 iis
440 4127 530 4198 qui
558 4142 622 4181 ex
666 4126 916 4196 gentibus
945 4127 1190 4180 cumersi
1215 4166 1230 4188 ,
1260 4124 1329 4179 de
1369 4123 1475 4177 fide
1507 4124 1673 4178 altum
1714 4138 1805 4179 sa-

198 4220 417 4289 pit-bant
446 4230 495 4273 et
531 4219 803 4271 tumeliam
827 4256 845 4283 ,
876 4226 1062 4271 contra
1092 4215 1308 4270 ludam-5
1347 4213 1694 4284 insurgebant
1713 4254 1727 4277 ,
1752 4223 1807 4269 et

198 4312 304 4366 hac
333 4310 401 4364 de
433 4324 593 4363 causa
627 4308 797 4377 magis
827 4308 947 4362 illos
975 4322 1003 4360 a
1042 4322 1095 4361 se
1145 4306 1558 4375 sequestrabant
1587 4322 1599 4355 :
1634 4305 1805 4374 repri-

196 4415 354 4457 mens
394 4400 553 4470 igitur
597 4400 808 4453 illorum
838 4408 1134 4458 tumet-nn,
1166 4396 1263 4451 hes
1300 4397 1451 4449 ‘tiliCli
1484 4436 1498 4459 ,
1533 4406 1588 4449 et
1630 4395 1694 4449 ad
1726 4394 1805 4448 id-

195 4494 376 4561 ipsum
404 4488 638 4543 studium
667 4488 881 4541 excitat.
911 4488 1042 4541 Nam
1074 4502 1193 4540 run:
1224 4492 1293 4539 de
1339 4486 1544 4555 magnis
1588 4486 1697 4539 illis
1742 4501 1805 4541 ac

195 4580 435 4635 strenuis
462 4578 588 4633 viris
630 4578 865 4645 loquitur
890 4618 905 4641 ,
936 4576 1057 4631 audi
1100 4576 1226 4646 quid
1270 4575 1410 4630 dicm
1446 4596 1455 4627 :
1491 4577 1591 4639 Qui
1636 4588 1803 4629 autem

197 4675 309 4727 luta
336 4672 529 4732 dicunt,
555 4670 846 4739 signiﬁcant
868 4686 920 4722 se
947 4669 1168 4737 patrium
1208 4669 1461 4737 inquirere
1521 4669 1579 4722 ti:
1614 4674 1655 4722 si
1691 4673 1804 4738 qui-

195 4766 315 4816 dem
343 4761 484 4815 illius
501 4761 862 4825 meminissent,
883 4760 946 4811 de
970 4776 1068 4823 qm
1098 4760 1341 4822 exierant,
1364 4760 1651 4814 habuissent
1678 4770 1804 4813 tem-

197 4874 301 4928 ptts
324 4854 604 4910 revertendi
632 4868 647 4906 ξ
678 4866 999 4906 annoanno:
1022 4854 1233 4904 alteram
1262 4860 1516 4905 meliorem
1558 4862 1803 4921 oppetunt

196 4947 390 5015 (Hebr.
418 4947 506 5000 il.
537 4943 751 5014 ιιι-ιδ).
785 4944 851 4999 Et
880 4959 1091 4999 rursum
1125 4960 1138 4995 :
1170 4942 1464 4997 Secundum
1491 4944 1642 5010 fidem
1670 4960 1805 4997 utor-

194 5039 275 5090 tui
314 5045 431 5090 sunt
479 5036 531 5089 hi
569 5050 773 5099 omnes,
808 5050 909 5087 non
945 5044 1261 5103 reperientes
1307 5036 1684 5103 promissioues,
1716 5037 1804 5090 sed

198 5132 381 5201 procul
409 5131 549 5198 ipsas
576 5128 795 5182 videntes
821 5135 865 5180 et
891 5127 1167 5179 salutantes
1184 5126 1347 5196 (Ibid.
1366 5142 1413 5178 υ.
1438 5127 1541 5197 15).
1571 5128 1806 5184 Joannes

204 5238 332 5276 vero
360 5221 426 5273 ad
457 5238 517 5275 se
545 5220 881 5275 venientibus
906 5218 1119 5271 diccbat
1143 5237 1156 5272 :
1187 5217 1270 5272 Ne
1294 5220 1455 5274 velitis
1477 5220 1659 5285 dicere,
1694 5219 1803 5275 Pa-

201 5324 331 5366 trem
355 5313 595 5365 habemus
623 5312 880 5363 Abraltam
911 5309 929 5379 (
957 5308 1082 5361 Luc.
1116 5309 1169 5363 5.
1201 5310 1232 5363 8
1258 5308 1300 5380 ).
1329 5309 1633 5381 lterumque
1665 5312 1805 5367 l’au-

200 5407 286 5459 lus
314 5421 329 5456 :
365 5402 487 5456 Non
515 5404 646 5455 enim
676 5417 850 5455 omnes
875 5401 961 5470 qui
984 5417 1049 5454 ea:
1078 5398 1265 5465 Israel,
1295 5403 1346 5455 lii
1379 5414 1497 5456 sunt
1528 5403 1802 5471 Israelita,

202 5512 363 5561 neque
390 5494 476 5561 qui
505 5492 601 5562 ﬁlii
636 5495 805 5548 carnis
829 5532 846 5559 ,
878 5494 929 5545 hi
968 5492 1065 5561 ﬁlii
1097 5492 1191 5545 Dei
1224 5493 1242 5563 (
1276 5493 1427 5547 Rom.
1452 5495 1504 5549 9.
1538 5496 1635 5565 6.).
1669 5495 1804 5563 Quid

203 5591 369 5655 enim,
400 5600 605 5658 qnmso,
653 5584 849 5655 profuit
881 5585 1003 5639 (iliis
1043 5585 1307 5641 Samuelis
1338 5588 1500 5654 patris
1532 5589 1803 5655 nobilitas,

202 5682 359 5750 cujus
406 5694 512 5733 non
563 5676 777 5733 fuerunt
810 5678 1024 5731 virtutis
1065 5676 1333 5732 heredes?
1360 5677 1510 5743 Quod
1541 5680 1699 5734 etiam
1730 5682 1806 5732 lu-

203 5788 354 5827 crum
385 5770 509 5826 liliis
548 5770 710 5826 Musis
745 5768 882 5835 fuit,
911 5769 1060 5836 cujus
1100 5768 1428 5838 diligentiam
1467 5778 1518 5826 cl
1553 5771 1801 5826 virtutem

3457 371 3560 425 Ill!

1948 478 2056 520 non
2086 475 2210 521 sunt
2242 466 2431 523 imitati
2452 468 2475 523 2
2500 468 2682 541 Neque
2725 474 3008 545 imperium
3053 489 3176 551 post
3207 480 3355 537 illum
3397 497 3554 540 esce-

1949 565 2143 627 perunt
2170 573 2185 612 :
2214 557 2309 614 sed
2350 559 2478 615 dum
2513 571 2718 632 patrem
2751 565 2925 635 ipsum
2960 568 3345 637 inscriberent,
3374 579 3554 643 populi

1947 645 2263 716 praefectura
2295 650 2361 704 ad
2392 652 2555 707 alium
2585 656 2867 721 transivit,
2897 659 2987 728 qui
3018 661 3216 717 virtute
3245 661 3383 718 filius
3410 663 3556 721 illius

1944 747 2079 791 erat.
2107 738 2245 805 Quid
2270 751 2451 798 autem
2479 744 2660 801 nocuit
2686 745 2993 815 Timotheo,
3021 751 3163 821 quod
3186 762 3341 823 patre
3364 756 3552 825 gentili

1946 838 2101 885 natus
2126 833 2315 887 esset?
2339 834 2466 905 quid
2495 843 2684 893 contra
2710 837 2841 895 Noae
2884 839 3026 896 ﬁlius
3055 841 3122 898 de
3150 844 3347 900 virtute
3382 838 3553 917 patris

1942 921 2179 979 lucratus
2207 934 2311 991 est,
2337 927 2427 997 qui
2456 943 2646 985 servus
2670 931 2738 985 de
2766 932 2939 990 libero
2967 934 3138 993 factus
3162 947 3245 994 est
3262 939 3288 994 2
3308 938 3551 996 Vidistin‘

1940 1016 2215 1086 quomodo
2245 1020 2409 1076 patris
2436 1020 2688 1079 nobilitas
2717 1039 2825 1079 non
2868 1026 2999 1081 satis
3030 1026 3283 1085 idoneum
3311 1032 3384 1087 sit
3413 1031 3549 1087 lilio-

1941 1120 2061 1161 rum
2089 1110 2492 1178 patrocinium?
2518 1113 2650 1170 Nam
2683 1118 2941 1187 propositi
2969 1120 3207 1191 nequitia
3233 1132 3441 1180 uatum.
3470 1127 3549 1201 le:

1938 1214 2034 1270 ges
2063 1201 2190 1258 vicit
2215 1220 2231 1268 ;
2265 1219 2364 1260 nec
2392 1207 2553 1262 modo
2579 1208 2727 1265 illum
2756 1227 2822 1266 ex
2856 1212 3133 1271 nobilitate
3156 1225 3377 1287 paterna
3404 1256 3425 1286 ,
3450 1220 3548 1275 sed

1937 1292 2099 1347 etiam
2151 1308 2218 1350 ex
2264 1294 2514 1355 libertate
2554 1300 2770 1371 dejecit.
2821 1303 3013 1359 Nonne
3052 1315 3109 1361 et
3155 1307 3297 1363 Esau
3331 1324 3548 1381 quoque

1937 1383 2080 1440 filius
2104 1396 2224 1442 erat
2254 1385 2440 1455 lsaaei,
2463 1391 2554 1460 qui
2584 1392 2685 1448 sibi
2707 1394 3190 1464 patrocinabatur?
3220 1398 3431 1453 Etenim
3456 1416 3548 1469 pa-

1937 1485 2018 1531 ter
2045 1480 2164 1546 ejus
2208 1479 2260 1534 id
2306 1483 2566 1548 curabat,
2602 1484 2654 1539 id
2699 1487 2968 1558 cupiebat,
3002 1500 3061 1544 ut
3102 1491 3545 1548 benedicﬁonutn

1935 1567 2206 1639 particeps
2229 1580 2407 1637 esset,
2437 1582 2489 1627 et
2521 1588 2620 1644 pro
2664 1576 2763 1631 hac
2804 1592 2862 1633 re
2907 1579 3023 1649 ipse
3061 1596 3179 1650 qua:
3220 1564 3549 1651 jubebantur

1933 1660 2114 1714 omnia
2137 1663 2553 1732 exsequebatur.
2589 1666 2837 1721 Attamen
2866 1670 2986 1738 quia
3022 1686 3217 1740 pravus
3250 1681 3388 1739 erat,
3418 1675 3543 1728 nul-

1934 1749 2043 1804 lum
2071 1766 2138 1805 ex
2172 1752 2236 1805 iis
2267 1751 2495 1809 fructum
2528 1758 2767 1826 percepit
2797 1776 2811 1823 ;
2843 1759 2939 1814 sed
2961 1763 3060 1814 etsi
3089 1770 3215 1815 natu
3242 1763 3408 1833 prior,
3442 1767 3543 1818 etsi

1934 1850 2139 1909 patrem
2172 1842 2389 1900 haberet
2416 1846 2517 1901 sibi
2545 1848 2598 1901 in
2621 1847 2875 1903 omnibus
2905 1848 3193 1913 faventem.
3218 1852 3341 1923 quia
3373 1853 3543 1908 Deum

1930 1946 2037 1986 non
2067 1933 2253 1989 habuit
2278 1936 2630 2007 opitulantem
2656 1980 2669 2005 ,
2712 1940 2966 1995 omnibus
3010 1942 3238 1998 excidit.
3265 1942 3373 1998 Sed
3412 1944 3543 2015 quid

1930 2015 2180 2073 homines
2208 2034 2579 2078 commemoro
2604 2024 2628 2079 2
2653 2023 2772 2080 Filii
2802 2025 2896 2081 Dei
2928 2025 3075 2082 fuere
3103 2026 3297 2098 Juda:§,
3324 2039 3380 2084 et
3409 2030 3541 2083 nihil

1928 2122 1994 2163 ex
2024 2111 2113 2166 tali
2147 2112 2428 2170 nobilitate
2458 2115 2648 2171 literati
2681 2128 2827 2174 sunt.
2858 2118 2915 2175 Si
2939 2120 3099 2191 igitur
3122 2122 3243 2192 quis
3272 2122 3415 2177 filius
3447 2124 3539 2180 Dei

1927 2199 2173 2269 eﬂ‘ectus,
2201 2205 2305 2259 nisi
2337 2205 2618 2264 nobilitate
2648 2210 2737 2264 illa
2764 2211 2978 2283 dignam
3002 2214 3255 2270 virtutem
3282 2216 3539 2271 exhibue-

1928 2292 2017 2356 rit,
2050 2294 2255 2363 majore
2282 2295 2515 2352 afficitur
2540 2300 2805 2369 supplicio
2827 2343 2843 2366 ,
2871 2304 2997 2373 quid
3027 2305 3159 2359 mihi
3193 2307 3455 2376 majorum
3484 2318 3539 2363 et

1924 2397 2148 2438 avorum
2179 2386 2514 2442 nobilitatem
2562 2389 2773 2459 profers
2804 2393 2854 2448 in
2899 2394 3173 2450 medium?
3202 2396 3315 2452 lloc
3357 2408 3537 2454 autem

1925 2490 2031 2529 non
2061 2476 2111 2530 in
2140 2476 2322 2534 Veteri
2364 2488 2593 2549 tantum,
2627 2483 2727 2538 sed
2748 2485 2909 2539 etiam
2938 2487 2990 2541 in
3019 2487 3169 2544 Novo
3192 2488 3539 2546 Testamento

1923 2567 2215 2637 contigisse
2255 2567 2677 2640 deprehendas:
2720 2588 2843 2629 nam
2886 2577 2963 2631 ait
3008 2595 3021 2632 :
3070 2579 3325 2651 Quotquot
3368 2595 3537 2653 mitem

1923 2667 2399 2727 receperuuteum,
2434 2660 2575 2715 dedit
2612 2665 2686 2717 eis
2734 2674 3032 2733 potestatem
3085 2668 3222 2737 ﬁlios
3272 2669 3366 2723 Dei
3424 2656 3538 2737 ﬁeri

1922 2746 2117 2817 (Joau.
2152 2750 2202 2803 l.
2237 2751 2305 2805 12
2334 2752 2376 2823 ).
2408 2753 2657 2808 Attamen
2703 2756 2885 2812 multis
2931 2756 3234 2827 lmjusmodi
3265 2762 3410 2829 ﬁliis,
3446 2778 3537 2830 pa-

1924 2849 2057 2894 trem
2084 2842 2213 2896 nihil
2238 2845 2501 2911 profuisse
2515 2846 2643 2900 dicit
2671 2846 2869 2904 Paulus
2901 2868 2913 2904 :
2947 2850 3009 2904 Si
3033 2853 3168 2905 enim
3194 2855 3534 2909 circumcida-

1920 2934 2066 2999 mini,
2101 2934 2303 3003 inquit,
2332 2934 2561 2989 etiam
2587 2938 2727 2992 vobis
2753 2941 2883 2993 nihil
2910 2941 3139 3019 proderit
3180 2920 3342 3015 (G'at.
3372 2947 3425 3000 5.
3453 2948 3529 3015 si.

1920 3025 1976 3081 Si
2008 3041 2138 3081 vero
2168 3027 2415 3083 Christus
2447 3030 2575 3083 nihil
2608 3033 2825 3100 prodest
2856 3034 2919 3087 iis
2944 3035 3033 3103 qui
3066 3035 3168 3089 sibi
3215 3037 3406 3091 nolunt
3453 3050 3534 3093 at-

1921 3119 2179 3182 tendere,
2206 3134 2312 3189 quo
2366 3104 2531 3189 pacto}
2575 3123 2703 3189 ipsis
2750 3125 3174 3192 patrocinabitur
3218 3127 3423 3184 homo?
3453 3130 3533 3187 Nc

1920 3210 2078 3277 igitur
2102 3210 2181 3264 vel
2208 3212 2272 3261 de
2288 3211 2585 3270 nobilitate.
2611 3214 2693 3267 vel
2711 3215 2780 3268 de
2806 3216 3004 3270 divitiis
3026 3218 3193 3273 altum
3217 3222 3489 3291 sapiamus
3514 3242 3527 3286 ;

1918 3300 2026 3353 imo
2054 3315 2148 3355 eos
2174 3301 2262 3370 qui
2309 3302 2381 3356 ita
2421 3312 2547 3356 sunt
2595 3303 2772 3359 affecti
2804 3305 3168 3377 despiciamus
3199 3327 3213 3365 z
3254 3326 3430 3383 neque
3459 3316 3531 3369 ob

1918 3400 2287 3460 paupertatem
2316 3392 2633 3462 dejiciamnr
2652 3438 2667 3461 ,
2696 3395 2790 3451 sed
2819 3397 2941 3474 illas
2960 3416 3264 3470 quaeramus
3291 3405 3526 3469 divitias,

1915 3498 2035 3553 qua:
2082 3484 2237 3540 bonis
2283 3486 2537 3554 operibus
2566 3496 2861 3544 constant:
2892 3491 3036 3547 illam
3084 3494 3349 3565 fugiamus
3394 3513 3526 3567 pan.-

1918 3586 2200 3644 pertatem,
2230 3592 2351 3648 quze
2397 3594 2494 3632 nos
2526 3581 2577 3633 in
2620 3581 2912 3650 nequitiam
2951 3584 3207 3653 conjicit,
3237 3603 3339 3657 qua
3373 3589 3525 3645 dives

1916 3666 2028 3732 ille,
2060 3681 2266 3736 pauper
2295 3678 2405 3722 erat
2435 3712 2449 3732 ,
2479 3670 2567 3740 qui
2597 3687 2664 3726 ne
2706 3672 2904 3728 stillam
2933 3675 3148 3745 quidem
3180 3692 3332 3749 aqua:
3360 3680 3527 3750 impe-

1917 3758 2094 3823 travit,
2125 3759 2225 3813 etsi
2274 3760 2454 3815 multis
2498 3762 2753 3819 adhibitis
2782 3765 3030 3836 precibus
3058 3768 3079 3837 (
3108 3767 3233 3823 Luc.
3266 3770 3353 3826 16.
3385 3772 3457 3827 Ξι
3481 3772 3521 3845 ).

1913 3847 2248 3920 Quamquam
2305 3853 2427 3923 quis
2473 3854 2615 3908 inter
2668 3870 2768 3911 nos
2820 3857 2891 3913 ita
2942 3873 3150 3930 pauper
3191 3872 3313 3926 cst,
3348 3873 3406 3919 ut
3459 3881 3525 3919 ne

1913 3954 2105 4007 aquam
2151 3941 2367 4008 quidem
2416 3943 2654 4015 habeat?
2684 3945 2854 3999 Nemo
2881 3962 3032 4004 sane.
3066 3949 3199 4005 Nam
3237 3952 3310 4005 illi
3360 3957 3521 4009 etiam

1912 4031 2003 4099 qui
2047 4041 2289 4085 extrema
2322 4034 2462 4089 fame
2492 4036 2775 4091 tabcscunt
2800 4080 2816 4103 ,
2863 4040 3023 4097 stillis
3062 4058 3217 4115 aqua:
3246 4046 3347 4101 frui
3398 4064 3523 4117 pos-

1913 4130 2039 4175 sunt
2069 4139 2083 4187 ;
2113 4138 2213 4178 nec
2240 4123 2399 4179 stillis
2429 4139 2582 4195 aqua:
2611 4128 2785 4182 solum
2808 4168 2825 4195 ,
2859 4129 2955 4186 sed
2991 4134 3158 4189 etiam
3201 4139 3406 4207 majore
3431 4154 3493 4193 so
3512 4170 3524 4181 -

1916 4212 2062 4266 latio.
2093 4211 2264 4267 Secus
2290 4223 2469 4271 autem
2500 4215 2651 4272 dives
2679 4219 2768 4273 ille
2794 4259 2809 4285 ,
2839 4222 2930 4290 qui
2958 4223 3023 4276 ad
3052 4240 3171 4279 eam
3201 4242 3370 4298 usque
3398 4248 3524 4301 pau-

1913 4312 2175 4372 pertatem
2206 4306 2438 4365 devenit,
2472 4317 2529 4360 ut
2560 4307 2766 4363 nullum
2794 4324 2978 4379 posset
3008 4314 3250 4374 invenire
3295 4336 3525 4393 pauper.

1914 4396 2037 4449 tatis
2075 4396 2347 4451 solatium.
2376 4395 2485 4453 Cur
2510 4398 2692 4469 itaque
2720 4401 2921 4459 divitiis
2949 4405 3241 4474 inhiamus,
3275 4426 3396 4481 qua:
3426 4430 3525 4471 nos

1915 4488 1966 4542 in
1997 4489 2186 4542 emtum
2234 4489 2488 4545 inducere
2518 4496 2834 4573 netjueunt?
2865 4496 2959 4553 Dic
2985 4499 3115 4554 mihi
3152 4520 3165 4555 :
3194 4502 3239 4556 si
3266 4506 3387 4573 quis
3429 4524 3520 4561 rm

1914 4589 2159 4635 terrenus
2189 4581 2397 4635 diceret
2418 4596 2437 4647 ,'
2465 4566 2670 4637 nullum
2701 4586 2919 4641 divitem
2966 4604 3125 4659 posse
3156 4593 3209 4646 in
3241 4597 3387 4665 regia
3426 4598 3518 4653 ful-

1910 4686 2059 4741 gure,
2082 4680 2171 4724 aut
2215 4670 2422 4727 honore
2450 4672 2573 4736 frui,
2603 4690 2782 4729 annon
2812 4680 2988 4734 cuncti
3018 4679 3233 4737 divitias
3275 4685 3520 4756 desidet».

1912 4766 2039 4817 retis
2071 4772 2126 4817 et
2158 4762 2503 4833 abjiceretis?
2530 4766 2689 4835 Atqui
2716 4809 2731 4829 ,
2764 4770 2808 4824 si
2839 4786 2903 4825 ex
2936 4780 3166 4829 terrena}
3199 4777 3337 4833 illius
3366 4782 3475 4848 regi
3498 4801 3524 4832 Η

1914 4854 2119 4909 honore
2145 4868 2243 4909 nos
2268 4854 2546 4925 dejiciant,
2575 4864 2904 4931 contemptui
2936 4876 3096 4921 erunt
3124 4886 3137 4931 ς
3171 4868 3314 4938 Rege
3341 4883 3523 4926 autem

1911 4944 2163 5018 carlogum
2196 4946 2439 5016 quotidie
2477 4950 2741 5007 clamante
2769 4967 2831 5008 ac
2876 4953 3088 5013 dicente
3112 4959 3373 5025 ,Adifftcile
3402 4978 3524 5017 esw.

1912 5050 2034 5091 eum
2066 5037 2267 5091 divitiis
2292 5040 2344 5093 in
2377 5053 2528 5094 saera
2558 5041 2644 5095 illa
2678 5046 2811 5099 atria
2838 5046 3045 5116 ingredi
3074 5091 3089 5114 ,
3119 5065 3297 5107 annon
3342 5058 3522 5111 omnia

1911 5130 2258 5202 projiciemus
2283 5173 2295 5197 ,
2321 5147 2500 5186 annon
2550 5148 2680 5202 opes
2708 5140 3083 5196 amovebimus
3112 5187 3126 5209 ,
3157 5155 3214 5198 ut
3241 5145 3293 5199 in
3320 5149 3522 5219 regiam

1914 5223 2056 5276 illam
2089 5220 2257 5277 libere
2286 5222 2695 5293 ingrediamur?

1984 5314 2037 5369 6.
2089 5315 2266 5385 Ecqua
2311 5330 2498 5371 sumus
2544 5319 2699 5373 venia
2746 5320 2927 5391 digni,
2969 5326 3147 5394 quica
3196 5342 3317 5396 qua:
3365 5330 3525 5385 nobis

1914 5405 2113 5459 aditum
2150 5407 2297 5460 illum
2328 5409 2686 5478 prtecludunt,
2712 5420 2860 5469 tanto
2889 5416 3066 5469 studio
3093 5419 3517 5490 complectimur,

1913 5508 1967 5552 ct
1998 5515 2103 5553 non
2134 5501 2304 5555 solum
2330 5502 2381 5555 in
2413 5503 2575 5570 arcis,
2610 5506 2702 5559 sed
2728 5507 2889 5563 etiam
2920 5510 2972 5563 iu
2998 5522 3135 5565 terra
3166 5516 3517 5583 occultamus.

1912 5590 2041 5644 dum
2073 5591 2195 5646 licet
2216 5606 2279 5646 ea
2307 5594 2531 5649 incaolis
2551 5596 2901 5653 custodienda
2926 5603 3255 5660 recondere?
3286 5606 3515 5677 ldipsutr.

1912 5691 2059 5735 certe
2089 5699 2228 5735 nune
2257 5684 2406 5751 facis,
2436 5700 2499 5739 ac
2521 5687 2565 5739 si
2588 5688 2707 5757 quis
2729 5691 2959 5759 agricola
2986 5703 3263 5764 acceptum
3287 5698 3519 5755 frumen-

1917 5782 2027 5829 tqu
2053 5777 2109 5829 in
2140 5775 2299 5830 fertili
2330 5790 2457 5847 agro
2482 5780 2879 5850 seminandum,
2921 5782 3143 5840 dimisso
3174 5802 3325 5858 agro,
3353 5792 3407 5845 in
3441 5793 3517 5845 la-
