4050 6426
581 381 679 438 183

576 506 697 548 cum
723 489 1045 547 frumentum
1075 494 1234 540 stunc
1255 480 1546 549 demergat,
1574 483 1813 542 utneqne
1838 469 1929 524 illo
1946 466 2150 522 fruatur

577 583 710 651 ipse,
740 588 794 635 et
840 570 1160 632 frumentum
1187 579 1490 638 corruptum
1516 571 1710 635 pereat.
1748 559 1852 616 Sed
1877 571 2036 651 quam
2066 569 2152 651 ra:

578 643 782 726 tionem
822 665 1139 738 proferunt,
1182 677 1302 717 cum
1346 659 1465 713 illos
1496 656 1593 709 hac
1631 653 1698 708 dc
1737 666 1795 706 re
1843 643 2151 718 culpamus?

514 817 531 837 δ
576 759 694 816 Non
733 773 948 830 parvam
999 753 1415 812 consolationem
1455 747 1504 801 id
1549 744 1721 807 affert,
1755 741 1893 814 quod
1921 740 2151 837 sciamus

579 852 694 906 haec
723 825 878 905 nobis
905 855 1020 903 tuto
1050 840 1319 899 recondita
1357 852 1500 893 esse.
1527 835 1775 902 Quinimo
1808 829 2011 885 nescire
2036 825 2152 880 haec

577 939 851 997 recondita
903 951 1055 1002 esse,
1103 933 1154 988 id
1199 929 1615 986 consolationem
1655 923 1886 978 afferret.
1932 917 2151 973 Etiamsi

577 1033 720 1086 enim
760 1029 953 1084 famem
981 1041 1088 1080 non
1117 1025 1326 1087 timeas,
1360 1020 1520 1074 multa
1553 1018 1650 1071 alia
1692 1013 1930 1086 graviora
1963 1009 2032 1065 ob
2057 1009 2147 1063 de~

576 1123 802 1192 positum
818 1120 924 1176 tale
945 1115 1201 1184 timenda,
1224 1127 1387 1178 mors,
1413 1111 1628 1174 bellum,
1656 1105 1878 1160 insidiae.
1905 1103 1959 1157 Si
1989 1103 2157 1154 fames

578 1214 802 1282 ingruat,
834 1207 1060 1281 populus
1086 1221 1116 1260 a
1146 1211 1331 1260 ventre
1372 1198 1676 1269 compulsus
1712 1203 1912 1249 armata
1941 1193 2155 1246 dextera

576 1280 794 1358 domum
824 1280 966 1354 tuam
1007 1294 1237 1352 invadet.
1281 1292 1390 1346 lmo
1439 1290 1565 1344 dum
1595 1289 1672 1342 sic
1710 1286 1847 1356 agis,
1881 1283 2071 1337 famem
2103 1280 2156 1333 iu

581 1395 738 1450 urbes
769 1389 1016 1457 invehis,
1049 1397 1102 1444 te
1129 1387 1230 1443 hoc
1258 1386 1397 1440 fame
1425 1382 1638 1454 gravius
1667 1378 1958 1449 periculum
1986 1376 2036 1428 in
2063 1375 2159 1427 do.

577 1499 724 1540 mum
770 1490 914 1536 tuam
957 1477 1182 1536 inducis.
1214 1476 1422 1531 Etenim
1465 1473 1616 1527 famis
1656 1468 1957 1524 calamitate
1985 1463 2156 1517 nullos

579 1575 699 1628 novi
729 1569 906 1628 statim
932 1575 1279 1637 consumptos
1304 1582 1317 1617 :
1347 1564 1508 1618 multa
1531 1559 1721 1630 quippe
1743 1557 1973 1624 undique
1998 1567 2152 1607 cxco-

575 1664 729 1734 gitari
783 1668 1002 1733 possunt
1043 1658 1113 1715 ad
1164 1656 1292 1712 tanti
1335 1653 1460 1709 mali
1511 1652 1792 1714 solatium;
1823 1648 1892 1702 ob
1914 1644 2161 1715 pecunias

577 1733 777 1818 autem,
809 1751 1039 1815 divitias,
1072 1761 1267 1817 resque
1297 1739 1695 1814 hujuscemodi,
1729 1738 1984 1808 plurimos
2016 1733 2160 1788 indi-

577 1859 702 1901 care
724 1843 943 1913 pessim,
969 1855 1066 1895 seu
1086 1839 1245 1902 clam,
1273 1850 1368 1891 seu
1404 1832 1614 1903 publice
1633 1832 2002 1898 interemptos.
2029 1825 2164 1879 hiul-

580 1935 649 1988 tis
695 1947 855 2002 porro
882 1927 1188 1999 huiusmodi
1209 1924 1466 1994 exemplis
1491 1923 1664 1992 plenae
1700 1925 1822 1974 sunt
1857 1919 1977 1982 vim,
2010 1915 2163 1986 plena

581 2023 859 2094 iudiciaria
890 2019 1172 2076 tribunalia
1185 2026 1240 2072 et
1265 2016 1398 2070 fora.
1420 2013 1619 2082 Ecquid
1641 2011 1762 2065 dico
1783 2009 1914 2070 vias,
1936 2006 2162 2075 judicia-

583 2116 659 2168 ria
691 2111 974 2167 tribunalia
1003 2117 1057 2165 et
1085 2109 1238 2162 fora?
1285 2105 1458 2174 ipsum
1499 2116 1650 2157 mare
1677 2099 1881 2154 videbis
1909 2097 2164 2165 sanguine

589 2205 822 2276 plenum.
858 2200 984 2255 Haec
1006 2199 1201 2269 quippe
1248 2193 1485 2266 tyrannis
1512 2207 1618 2247 nou
1649 2200 1847 2245 terram
1877 2188 2046 2241 solum
2077 2200 2166 2239 oc-

581 2291 793 2362 cupavit
816 2331 831 2358 ,
861 2288 955 2344 sed
981 2289 1142 2344 etiam
1181 2287 1234 2340 in
1290 2285 1478 2354 pelago
1507 2297 1628 2336 cum
1656 2281 1822 2334 multo
1847 2279 2022 2331 furore
2044 2277 2168 2330 hac-

583 2385 736 2439 cbata
769 2389 871 2437 est.
918 2380 986 2435 Et
1014 2378 1150 2433 alius
1179 2374 1394 2447 quidem
1441 2373 1648 2439 navigat
1695 2383 1908 2440 propter
1946 2381 2166 2431 aurum,

584 2476 724 2530 alius
750 2472 818 2528 ob
844 2471 947 2526 hoc
983 2470 1154 2540 ipsum
1177 2465 1487 2535 jugulatur:
1519 2461 1812 2528 eademque
1837 2461 1945 2526 ipsa
1991 2467 2168 2526 tyran-

585 2567 671 2620 nis
697 2565 840 2617 hunc
889 2567 1271 2620 mercatorem,
1314 2554 1461 2608 illum
1507 2550 1827 2606 homicidam
1866 2547 2003 2601 fecit.
2032 2546 2169 2612 Quid

517 2722 526 2728 η
584 2654 753 2724 magis
793 2651 1011 2707 infidum
1059 2647 1219 2704 fuerit
1273 2660 1432 2715 quam
1466 2657 1750 2704 mamoua,
1784 2655 1904 2693 cum
1956 2648 2170 2706 prepter

585 2746 757 2816 ipsum
807 2741 1021 2813 plurimi
1061 2739 1497 2810 peregrinantur,
1551 2733 1915 2802 periciitentur
1955 2729 2173 2782 ctocci-

585 2833 820 2890 dantur?
857 2831 962 2886 Sed
1005 2829 1130 2895 Quis
1174 2825 1516 2887 miserebitur,
1558 2823 1757 2891 inquit,
1814 2817 2168 2881 incantatoris,

586 2943 734 2999 quem
777 2940 982 2991 serpens
1041 2919 1311 2975 momordit
1360 2915 1558 2987 (Eccli.
1592 2914 1680 2968 12.
1713 2911 1810 2982 15)
1835 2913 1857 2962 ‘?
1885 2910 2172 2999 Oportebat

589 3016 730 3072 enim
788 3013 919 3066 dira:
976 3007 1272 3081 tyrannidis
1335 3018 1527 3076 gnaros
1598 3003 1907 3056 servitutem
1961 2998 2170 3064 fugere,

589 3104 915 3172 noxiumque
950 3112 1188 3154 amorem
1231 3088 1606 3163 comprimci‘e.
1645 3090 1715 3145 Et
1756 3087 2024 3159 quomodo
2046 3138 2058 3151 ,
2091 3085 2171 3138 in-

585 3195 760 3267 quies,
791 3193 848 3248 id
868 3190 982 3246 fieri
1010 3186 1217 3259 tussit?
1257 3185 1315 3241 Si
1343 3184 1565 3239 alterum
1595 3194 1830 3236 amorem
1861 3175 2130 3232 induxeris
2153 3216 2168 3241 ,

587 3265 780 3352 nempe
809 3279 1080 3334 caelorum.
1105 3277 1238 3330 Nam
1259 3273 1349 3344 qui
1373 3270 1698 3341 concupiscit
1721 3283 1957 3337 regnum,
1985 3265 2170 3320 irride-

592 3375 667 3427 bit
692 3372 969 3427 avaritiam
998 3387 1012 3419 :
1042 3367 1132 3438 qui
1175 3363 1373 3422 Christi
1415 3378 1601 3418 servus
1650 3359 1869 3415 effectus
1923 3359 2013 3422 sit,
2064 3370 2169 3410 nou

591 3465 693 3520 erit
729 3474 990 3517 mamonae
1017 3471 1236 3523 servus,
1265 3453 1358 3510 sed
1388 3465 1442 3508 et
1466 3455 1584 3522 ejus
1612 3444 1714 3506 erit
1735 3450 1981 3505 dominus
2011 3465 2024 3498 :
2051 3462 2170 3501 nam

590 3553 879 3624 fhgieutem
921 3547 1126 3618 insequi
1167 3546 1327 3610 solet,
1381 3552 1432 3598 et
1481 3549 1888 3612 persequentem
1946 3539 2170 3607 fugere:

589 3659 761 3714 neque
782 3643 854 3696 ita
883 3643 1294 3710 persequentem
1317 3636 1561 3697 honorat,
1594 3642 1649 3688 ut
1670 3649 1728 3687 se
1753 3631 2133 3700 despicientem
2157 3643 2172 3692 ;

591 3738 791 3796 ῃιίξὶυιη
823 3735 894 3788 ita
926 3731 1150 3795 deridet,
1199 3739 1256 3784 ut
1312 3728 1392 3782 sui
1438 3725 1715 3793 cupidum;
1767 3738 1939 3791 neque
1992 3718 2176 3774 irridet

590 3826 748 3880 modo
772 3866 788 3890 ,
825 3822 917 3877 sed
947 3819 1241 3875 innumeris
1281 3815 1593 3884 constringit
1625 3813 1863 3867 vinculis.
1896 3812 2173 3866 Solvamus

592 3917 745 3985 igiiur
771 3915 853 3969 vel
893 3927 1014 3969 sero
1058 3909 1268 3965 tandem
1311 3909 1471 3962 hasce
1519 3906 1702 3960 noxias
1754 3914 1989 3958 catenas.
2035 3901 2169 3967 Quid

584 4005 957 4060 rationabilem
987 4003 1220 4056 animam
1244 3997 1537 4054 irrationali
1569 3997 1824 4061 materiae,
1865 3997 2169 4048 innumero-

1317 369 1373 424 S.
1413 361 1686 424 JOANNIS
1721 348 2196 413 ειιιιγεοετυωι
2235 343 2547 403 ARCillEP.
2588 339 3115 400 CONSTANTINOP.
3732 339 3816 395 184

2255 476 2372 518 rum
2421 457 2682 517 malorum
2735 456 2914 522 matri,
2959 455 3159 510 servire
3183 452 3371 524 cegisl
3399 451 3505 508 Sed
3545 466 3578 506 ο
3619 451 3718 503 risu
3743 453 3817 504 di-

2255 567 2414 623 gnam
2459 551 2608 606 rem!
2638 563 2735 602 uos
2783 547 2926 601 illaut
2977 547 3352 616 impugnamus
3381 543 3558 598 verbis
3581 584 3596 607 ,
3627 542 3710 596 illa
3734 557 3821 597 nos

2256 645 2529 714 impugnat
2553 657 2612 697 re
2640 641 2776 710 ipsa,
2803 647 2858 692 et
2885 637 3117 706 undique
3145 637 3332 706 agitet
3356 634 3662 691 circumfert
3687 633 3823 704 quasi

2258 737 2429 808 pretio
2473 743 2683 803 emptos
2720 740 2775 786 et
2806 730 3116 798 mastigiae;
3159 744 3264 796 quo
3307 726 3435 796 quid
3468 725 3690 794 turpius,
3717 725 3826 794 quid

2258 824 2567 896 indignius?
2592 823 2646 879 Si
2681 823 2823 877 enim
2875 818 3236 875 iuseusibilcm
3270 817 3548 871 materiam
3602 829 3702 869 non
3747 829 3828 868 su-

2259 931 2537 986 peramus,
2593 911 2862 984 quomodo
2889 911 3233 980 incorporeas
3261 917 3554 976 potestates
3601 905 3832 975 proﬂiga-

2262 1007 2470 1061 bimus?
2516 1007 2558 1059 si
2593 1005 2749 1060 vilem
2812 1011 3015 1055 terram
3095 1009 3150 1055 et
3197 999 3432 1069 abjectos
3482 998 3690 1068 lapides
3741 1014 3834 1052 non

2261 1096 2607 1165 despicimus,
2635 1095 2904 1164 quomodo
2926 1091 3255 1161 prtncipatns
3281 1102 3332 1144 et
3351 1099 3658 1159 potestates
3681 1089 3825 1158 subji-

2260 1186 2505 1241 ciemus?
2550 1183 2816 1254 quomodo
2871 1181 3276 1250 temperantiam
3337 1177 3746 1254 exercebituus?
3788 1177 3836 1232 Si

2262 1284 2538 1344 argentum
2571 1253 2794 1342 fulgens
2822 1286 2918 1325 nos
2957 1270 3232 1339 percellit,
3262 1269 3536 1339 quomodo
3569 1253 3819 1337 pulchran

2264 1366 2450 1419 faciem
2505 1373 2919 1434 pr:ctercurrere
2982 1361 3314 1430 poterimus?
3378 1360 3589 1415 Etenim
3637 1358 3840 1428 quidam

2264 1454 2386 1509 huic
2414 1453 2678 1525 tyrannidi
2706 1467 2874 1520 usque
2920 1452 3056 1506 adeo
3102 1439 3267 1505 dediti
3299 1461 3421 1504 sunt
3443 1492 3457 1516 ,
3509 1460 3568 1504 ut
3597 1449 3742 1519 ipsos
3771 1450 3842 1500 vel

2263 1545 2378 1597 auri
2419 1551 2664 1613 aspectus
2705 1540 2929 1602 afticiat,
2971 1549 3027 1595 et
3072 1540 3241 1594 facete
3275 1539 3629 1608 bilariterqtte
3653 1539 3842 1611 dicant,

2264 1633 2462 1689 Oculos
2505 1634 2651 1703 juvat
2692 1634 2953 1688 nomisma
2995 1647 3217 1686 aureum
3250 1631 3510 1685 oblatum.
3547 1629 3747 1683 Verum
3789 1645 3849 1682 ne

2268 1727 2340 1782 ita
2373 1726 2542 1791 ludas,
2572 1726 2642 1780 mi
2670 1726 2862 1789 homo;
2896 1725 3025 1779 nihil
3054 1725 3196 1778 enim
3227 1725 3305 1778 sic
3332 1723 3476 1777 Izt‘dil.
3500 1722 3711 1784 oculos,
3748 1720 3850 1773 site

2267 1817 2511 1886 corporis
2531 1856 2546 1881 ,
2578 1817 2690 1871 sive
2719 1813 2911 1869 animm
2935 1856 2950 1878 ,
2974 1826 3032 1868 ut
3054 1813 3244 1868 horum
3275 1814 3735 1882 concupiscentia.
3766 1810 3854 1865 llic

2268 1915 2417 1962 certe
2455 1906 2644 1960 noxius
2683 1918 2836 1958 amor
2873 1903 3136 1973 virginum
3180 1903 3390 1956 illarum
3436 1903 3716 1972 lampades
3768 1918 3854 1955 ex.

2268 1999 2481 2061 stinxit,
2511 1997 2734 2066 illasque
2763 2012 2791 2050 a
2818 1999 2999 2067 sponsi
3047 1997 3280 2052 thalamo
3302 1999 3548 2054 exclusit.
3577 1999 3678 2054 Hic
3707 2013 3854 2070 aspe-

2268 2098 2419 2153 ctus,
2457 2103 2616 2159 quem
2636 2088 2770 2143 dicis
2793 2089 2976 2142 oculos
3001 2088 3192 2158 juvare
3211 2129 3227 2156 ,
3255 2090 3508 2144 miserum
3534 2089 3730 2146 Judam
3759 2105 3852 2143 non

2271 2181 2511 2251 permisit
2543 2181 2726 2236 audire
2772 2182 3090 2236 dominicam
3135 2196 3343 2247 vocem,
3394 2182 3488 2237 sed
3533 2181 3591 2236 in
3617 2181 3854 2250 laqueum

2273 2271 2460 2336 duxit,
2507 2279 2667 2341 atque
2710 2271 2761 2325 id
2788 2270 2962 2326 effecit
2992 2281 3050 2325 ut
3078 2272 3288 2326 medius
3326 2273 3597 2342 crepuerit
3620 2314 3634 2336 ,
3661 2288 3723 2326 ac.
3751 2282 3856 2340 po:-t

2273 2362 2390 2416 hmc
2419 2364 2595 2416 omnia
2624 2362 2674 2414 in
2707 2361 3004 2429 gehennam
3047 2363 3210 2417 misit.
3255 2361 3392 2428 Quid
3430 2377 3560 2431 ergo
3593 2363 3694 2416 hac
3723 2372 3857 2430 peste

2274 2451 2504 2520 iniquius
2535 2449 2726 2505 fuerit?
2754 2451 2878 2520 quid
2908 2449 3253 2504 horribilius?
3280 2449 3395 2504 Non
3427 2451 3492 2505 de
3523 2455 3748 2506 materia
3773 2467 3855 2520 pc-

2273 2541 2548 2597 cuniarum
2577 2542 2785 2611 loquor,
2834 2540 2926 2594 sed
2957 2541 3024 2594 de
3062 2556 3244 2595 earnm
3284 2540 3660 2610 intempestiva
3689 2553 3740 2596 et
3783 2543 3856 2595 fu-

2273 2633 2412 2687 riosa
2463 2632 2770 2701 cupiditate.
2829 2631 2959 2686 Nam
3001 2632 3233 2687 humano
3285 2632 3508 2687 distillat
3567 2637 3856 2704 sanguine,

2276 2735 2499 2778 cruento
2537 2732 2754 2793 aspectu
2776 2763 2790 2788 ,
2819 2733 2873 2778 et
2901 2723 3086 2792 quavis
3116 2724 3228 2778 fera
3255 2725 3540 2780 immanior
3565 2735 3650 2781 est
3671 2767 3686 2793 ,
3714 2736 3859 2795 atque

2276 2815 2461 2868 obvios
2487 2828 2727 2883 quosque
2751 2813 3029 2880 discerpit,
3079 2813 3328 2883 quodque
3373 2815 3541 2869 multo
3569 2816 3725 2885 pejus
3757 2829 3857 2878 est,

2278 2919 2345 2958 ne
2373 2905 2572 2958 sentire
2591 2904 2803 2972 quidem
2826 2904 3077 2957 laniatum
3101 2905 3245 2958 sinit.
3274 2902 3406 2957 Cum
3434 2914 3709 2974 oporteret
3731 2905 3860 2960 enim

2275 3009 2368 3049 eos
2393 2995 2481 3063 qui
2513 2995 2634 3047 talia
2681 2995 2971 3062 patiuntur,
3005 2994 3071 3046 ad
3103 3004 3486 3062 prancreuntes
3527 3011 3750 3050 manum
3775 3010 3861 3050 cx-

2276 3085 2528 3148 tendere,
2563 3093 2617 3138 et
2642 3084 2707 3138 ad
2733 3085 2987 3137 auxilium
3021 3099 3231 3151 vocare,
3269 3085 3343 3138 illi
3366 3096 3550 3139 contra
3582 3087 3656 3141 de
3687 3087 3862 3140 talibus

2277 3176 2539 3230 ulceribus
2560 3175 2758 3245 gratias
2779 3175 2975 3229 habent
3003 3193 3015 3228 :
3036 3191 3142 3244 quo
3162 3177 3286 3245 quid
3319 3175 3723 3232 miserabilius?
3754 3178 3862 3231 Ilaec

2277 3267 2454 3335 itaque
2486 3265 2664 3319 omnia
2694 3266 3008 3334 cogitantes,
3055 3266 3406 3320 insanabilem
3448 3266 3601 3321 illum
3631 3271 3862 3324 morbum

2277 3355 2558 3425 fugiamus,
2588 3355 2704 3424 ejus
2729 3370 2939 3409 morsus
2964 3369 3232 3418 curemus,
3263 3363 3317 3409 et
3335 3369 3365 3408 a
3393 3355 3482 3410 tali
3515 3369 3672 3425 peste
3695 3363 3864 3427 procul

2278 3446 2561 3516 fugiamus,
2591 3455 2729 3498 utet
2766 3447 2818 3499 iu
2847 3447 3096 3515 prmsenti
3148 3454 3313 3499 tutam
3364 3455 3421 3499 et
3472 3449 3865 3515 perturbatione

2277 3551 2498 3591 vacuam
2529 3536 2690 3588 vitam
2726 3534 3005 3599 ducamus,
3037 3544 3090 3591 et
3116 3533 3325 3589 futuros
3352 3536 3735 3592 naneiscamur
3761 3538 3867 3592 the.

2279 3639 2463 3679 sauros
2498 3643 2509 3677 :
2538 3639 2674 3694 quos
2704 3625 2906 3678 utinam
2940 3638 3036 3678 nos
3081 3639 3269 3679 omnes
3300 3639 3677 3694 assequamur,
3707 3629 3865 3698 gratia

2280 3726 2334 3770 et
2385 3716 2712 3786 benignitate
2751 3716 2959 3769 Domini
3007 3716 3172 3770 nostri
3217 3715 3341 3771 Jesu
3368 3714 3609 3783 Christi,
3659 3720 3866 3789 quicum

2281 3804 2421 3858 Patri
2468 3815 2521 3859 et
2578 3805 2734 3858 simul
2788 3805 3005 3874 Spiritui
3058 3815 3243 3860 sancto
3295 3807 3497 3876 gloria,
3554 3809 3864 3879 imperium,

2281 3895 2481 3957 honor,
2535 3910 2676 3950 nunc
2730 3905 2784 3950 et
2835 3910 3078 3965 semper,
3136 3905 3190 3951 et
3221 3897 3272 3950 iu
3298 3897 3494 3950 saecula
3527 3901 3860 3956 saeculorum.

2283 3991 2474 4042 Anien.

1415 4129 2334 4144 -m—m—m

1985 4213 2322 4275 HOMILIA
2374 4211 2454 4269 Χ.

589 4368 717 4421 CAP.
746 4369 796 4420 5.
822 4382 873 4420 v.
900 4367 950 4420 1.
976 4368 1039 4418 In
1068 4363 1237 4416 diebus
1260 4363 1363 4414 illis
1393 4361 1522 4414 venit
1543 4361 1764 4412 Joannes
1788 4358 2013 4423 Baptista
2042 4373 2169 4424 prte—

662 4461 837 4511 dt'mus
863 4457 913 4510 in
937 4457 1130 4509 deserto
1169 4455 1383 4516 Juda’w,
1414 4454 1466 4506 2.
1499 4462 1543 4505 et
1571 4452 1737 4504 dicens
1769 4467 1785 4501 :
1820 4449 2172 4501 Pwnitentiain

662 4549 810 4617 agite,
837 4545 1258 4616 appropinquavit
1278 4545 1412 4597 enim
1437 4552 1641 4611 regnum
1675 4543 1930 4592 «ciorum.

663 4642 711 4692 1.
746 4637 907 4701 Quale
960 4646 1152 4703 tempus
1208 4635 1465 4701 diisigiiezit
1520 4633 1626 4685 [nec
1685 4631 1826 4683 verba
1860 4630 1952 4683 :in
1985 4627 2171 4681 diebus

591 4728 712 4782 illis.
744 4727 846 4781 Cur
869 4725 1097 4779 Christus
1138 4724 1342 4792 triginta
1383 4738 1631 4773 annon-an
1680 4721 1977 4786 ὁαῖιίίιιείιυκ
2009 4749 2072 4757 ——
2101 4718 2173 4770 De

593 4819 905 4880 quibusnam
937 4816 1122 4869 diebus
1148 4813 1296 4883 agit?
1324 4813 1436 4867 Non
1459 4815 1596 4867 enim
1628 4828 1732 4882 quo
1769 4823 2004 4879 lt‘ttij‘ttltc
2045 4827 2173 4880 puer

593 4912 682 4963 ille
714 4919 850 4977 erat,
880 4922 932 4963 et
959 4909 1180 4963 Nazaret
1203 4909 1363 4970 venit,
1393 4909 1484 4962 sed
1515 4917 1633 4975 post
1658 4922 1824 4960 annos
1851 4908 2055 4975 triginta
2086 4919 2171 4958 vc-

593 5002 672 5054 nit
690 5001 961 5063 Joannes,
994 5011 1049 5053 ut
1086 4999 1254 5054 Lucas
1280 4998 1608 5053 testificatur.
1642 4998 1745 5053 Cur
1767 5013 1892 5064 ergo
1917 4991 2073 5058 dicit,
2110 4996 2171 5048 In

591 5089 766 5145 diebus
794 5090 942 5144 ilus?
970 5090 1081 5144 Mos
1114 5098 1196 5144 est
1238 5088 1522 5157 Scriptura:
1571 5088 1670 5142 hoc
1729 5089 1800 5141 uti
1844 5090 2031 5150 modo;
2069 5103 2171 5139 non

596 5185 766 5239 solum
798 5197 916 5236 cum
957 5197 1016 5235 ea
1069 5190 1266 5245 narrat,
1316 5179 1751 5250 quaiinsequenti
1784 5189 2021 5248 tempore
2050 5195 2166 5232 mox

589 5279 740 5338 gesta
784 5281 925 5338 sunt,
958 5273 1050 5326 sed
1081 5273 1240 5327 etiam
1276 5288 1397 5326 cum
1427 5273 1510 5326 illa
1535 5274 1680 5336 dicit,
1713 5288 1830 5342 qua:
1871 5273 2050 5325 multis
2077 5287 2172 5340 po-

593 5370 706 5418 stea
756 5364 908 5416 anuis
947 5365 1285 5433 Contigerint.
1351 5361 1439 5417 Sic
1479 5364 1636 5418 etiam
1688 5380 1806 5418 cum
1833 5365 1897 5416 ad
1942 5363 2087 5416 illum
2117 5363 2169 5415 in

595 5454 771 5508 Monte
808 5454 1063 5509 olivarum
1113 5456 1386 5509 sedentem
1429 5454 2061 5526 diseipuliaccesscrunt,
2119 5464 2172 5508 et

594 5547 666 5602 de
687 5550 911 5603 adventu
943 5561 1056 5614 ejus
1083 5547 1253 5618 deque
1279 5547 1484 5602 excidio
1511 5548 1957 5620 Jerosolymorum
1987 5550 2168 5604 scisci-

599 5630 688 5693 tuti
713 5647 864 5701 sunt;
893 5637 1039 5691 scitis
1064 5647 1238 5692 autem
1261 5649 1514 5708 quantum
1536 5640 1610 5693 sit
1636 5640 1768 5694 inter
1793 5651 2014 5711 utraque
2037 5651 2170 5696 tem-

597 5741 727 5802 pora
760 5728 1109 5784 intervallum.
1144 5729 1272 5785 Cum
1296 5732 1543 5801 loquutus
1571 5745 1714 5788 esset
1753 5737 1821 5790 de
1867 5739 2087 5802 excidio,
2119 5750 2170 5792 et

2286 4373 2383 4422 hac
2408 4370 2473 4423 de
2502 4385 2557 4423 re
2591 4369 2801 4424 dicendi
2840 4369 2996 4425 tinem
3027 4372 3268 4436 fecisset,
3317 4374 3384 4427 de
3409 4380 3866 4433 consummatione

2281 4468 2459 4526 postea
2483 4460 2814 4527 loquuturus,
2839 4474 2898 4513 su
2911 4462 3136 4529 bjunxit,
3165 4462 3307 4516 Tunc
3333 4464 3430 4518 ista
3453 4475 3614 4520 erunt
3643 4467 3862 4538 (Matth.

2279 4549 2392 4621 21)
2427 4567 2439 4601 :
2472 4549 2697 4603 dicendo
2741 4560 2917 4604 autem
2947 4551 3106 4616 Tunc,
3153 4569 3255 4605 non
3281 4554 3556 4622 conjunxit
3587 4565 3826 4627 tempora
3849 4600 3863 4618 ,

2280 4641 2372 4693 sed
2405 4640 2529 4693 illud
2560 4640 2725 4693 solum
2761 4650 2968 4710 tempus
3001 4641 3283 4709 indicavit,
3328 4660 3431 4713 quo
3473 4644 3586 4698 haec
3614 4660 3864 4701 eventura

2280 4740 2450 4784 erant.
2488 4730 2711 4799 ldipstnn
2760 4749 2898 4786 nunc
2932 4735 3054 4786 facit
3090 4750 3208 4789 cum
3250 4736 3356 4788 ait:
3400 4738 3457 4789 in
3516 4742 3693 4794 diebus
3749 4741 3862 4792 illis.

2278 4821 2393 4874 Non
2444 4822 2582 4874 enim
2627 4824 2964 4892 insequentes
2995 4827 3171 4879 statim
3213 4829 3327 4881 dies
3365 4827 3725 4892 significavit;
3778 4832 3862 4884 sei

2282 4911 2398 4965 ilios
2427 4912 2479 4964 in
2513 4927 2544 4979 q
2563 4912 2700 4966 ribus
2728 4915 3001 4983 contigere
3033 4933 3092 4968 κει
3121 4917 3184 4969 ad
3210 4935 3322 4985 qua
3349 4923 3614 4974 narranda
3650 4939 3854 4993 progre-

2278 5002 2438 5057 ditur.
2499 5004 2562 5056 Et
2615 5021 2741 5067 cur,
2793 5006 3020 5074 inquies,
3067 5022 3180 5074 post
3232 5013 3441 5079 triginta
3485 5028 3656 5068 annos
3682 5017 3749 5069 ad
3781 5015 3863 5068 ba-

2281 5093 2528 5160 ptismum
2567 5098 2705 5149 venit
2751 5097 2943 5151 .Iesus?
2975 5100 3100 5152 P051
3150 5101 3291 5156 hunc
3342 5103 3666 5171 baptismum
3700 5108 3862 5178 legem

2278 5188 2550 5241 soluturus
2596 5199 2707 5242 erat
2758 5209 2769 5244 :
2822 5193 2939 5245 ideo
2969 5193 3032 5245 ad
3073 5195 3213 5249 illaut
3260 5212 3427 5265 usque
3469 5208 3722 5269 aetatem,
3751 5219 3862 5272 quas

2280 5286 2454 5345 potest
2484 5289 2695 5345 peccata
2719 5281 2998 5337 admittere
3021 5287 3220 5348 omnia,
3253 5288 3303 5339 in
3337 5287 3470 5357 legis
3498 5293 3663 5355 totius
3685 5295 3860 5348 obser-

2280 5370 2487 5423 vatione
2509 5374 2732 5435 mansit;
2755 5392 2820 5430 ne
2845 5377 2962 5444 quis
2984 5378 3204 5442 diceret,
3228 5380 3396 5446 ipsum
3421 5377 3594 5452 legem
3616 5386 3860 5448 solvisse,

2278 5461 2415 5529 quod
2442 5476 2545 5513 non
2569 5475 2747 5530 posset
2769 5481 2888 5519 eam
2918 5468 3162 5534 implere.
3191 5469 3305 5524 Non
3337 5472 3476 5524 enim
3506 5490 3700 5530 omnes
3723 5478 3859 5545 pravi

2279 5550 2528 5617 affectus,
2564 5556 2737 5608 omnia
2784 5558 2906 5610 vitia
2951 5573 3164 5627 semper
3202 5561 3397 5614 instant
3448 5563 3602 5618 nobis
3629 5584 3640 5616 :
3668 5568 3760 5619 sed
3816 5566 3863 5619 itt

2283 5649 2531 5714 primmva
2588 5660 2743 5704 astate
2812 5651 3162 5718 imprudentia
3233 5656 3369 5723 viget
3419 5667 3473 5709 et
3527 5657 3864 5713 imbecillitas

2281 5741 2479 5804 animi;
2515 5741 2565 5796 in
2596 5743 2833 5811 sequenti
2877 5744 3242 5800 vehementius
3274 5747 3436 5801 instat
3463 5747 3668 5814 libido;
3703 5751 3754 5804 in
3783 5767 3855 5811 ea,
