4050 6428
233 414 337 469 185

228 539 350 594 quae
379 521 519 575 hanc
552 514 769 585 excipit.
802 522 963 580 epum
1018 501 1322 594 cupiditas:
1359 500 1650 568 Propterea
1699 492 1841 545 hanc

233 590 400 668 totam
447 616 661 664 aetatem
688 613 975 665 emensus,
1006 607 1061 653 et
1091 597 1263 667 legem
1308 590 1412 646 hoc
1436 597 1552 644 toto
1594 594 1839 653 tempore

231 708 599 772 exsequutus.
647 696 725 749 sic
768 691 833 746 ad
864 691 1184 761 baptismum
1225 682 1369 739 venit
1390 722 1403 745 ,
1431 693 1592 772 quem
1612 685 1835 772 postre-

233 769 398 847 mnm-
431 787 667 848 addidit,
722 791 998 854 postquam
1053 778 1158 831 alia
1199 782 1467 844 praecepta
1499 769 1833 838 impleverat.

197 883 388 952 :Quod
417 880 561 935 enim
591 878 693 933 hoc
737 884 1064 946 postremtun
1124 869 1223 939 ipsi
1276 866 1433 921 fuerit
1468 879 1533 919 ex
1583 860 1837 932 Operibus

233 973 526 1045 legalibus,
580 970 702 1024 audi
739 983 864 1023 eum
911 966 1176 1019 dicentem
1227 977 1239 1012 :
1276 959 1366 1013 Sic
1398 958 1531 1012 enim
1570 953 1709 1045 decet
1745 969 1837 1006 nos

233 1044 447 1134 implere
472 1078 670 1116 omnem
684 1058 940 1129 justitiam
964 1055 983 1124 (
1008 1052 1197 1107 Ilattlt.
1228 1052 1281 1106 5.
1317 1049 1441 1119 15).
1472 1044 1626 1113 Quod
1655 1053 1834 1097 autem

232 1158 383 1221 dicit,
411 1152 715 1224 bujusmodi
738 1161 819 1207 est
850 1148 1075 1204 :Omnia
1094 1144 1283 1215 legalis
1321 1140 1693 1211 implevimus:
1716 1137 1838 1192 nul-

233 1248 341 1302 lum
390 1244 709 1315 transgressi
747 1256 934 1296 sumus
980 1236 1309 1292 mandatum.
1352 1230 1485 1300 Quia
1529 1229 1690 1300 igitur
1734 1229 1837 1283 hoc

234 1353 399 1392 unum
418 1344 685 1407 superest,
703 1341 916 1402 oportet
931 1328 1058 1385 illud
1076 1340 1288 1398 quoque
1303 1322 1521 1387 addere,
1536 1320 1718 1391 sicque
1730 1334 1836 1372 om-

233 1444 359 1483 nem
397 1426 658 1498 justitiam
689 1423 1045 1494 implebimus.
1075 1416 1342 1475 Justitiam
1380 1414 1527 1471 enim
1568 1412 1655 1466 hic
1679 1420 1837 1465 vocat

234 1520 478 1576 omnium
513 1518 886 1573 mandatorum
922 1511 1373 1571 observationem.
1415 1507 1688 1562 Christum
1734 1504 1835 1575 igi-

235 1622 324 1665 tur
352 1610 451 1665 hac
479 1609 546 1665 de
578 1622 739 1663 causa
768 1605 833 1659 ad
876 1604 1197 1674 baptismum
1227 1600 1437 1655 venisse
1465 1598 1589 1652 hinc
1617 1595 1835 1665 conspi-

233 1717 395 1755 cuum
422 1709 523 1755 est.
552 1698 666 1766 Qua
697 1697 765 1753 de
806 1710 965 1750 causa
1008 1708 1139 1748 vero
1184 1692 1288 1745 hoc
1332 1689 1595 1759 baptisma
1626 1686 1694 1741 ab
1717 1685 1837 1755 ipso

233 1792 595 1860 excogitatum
644 1789 762 1844 est?
804 1786 956 1853 Quod
994 1785 1137 1839 enim
1170 1780 1445 1837 Zacharias
1486 1779 1627 1833 Illius
1671 1792 1778 1831 non
1804 1791 1834 1830 a

230 1883 546 1950 semetipso,
579 1878 673 1933 sed
703 1879 812 1933 Deo
842 1882 1090 1931 movente
1118 1874 1185 1927 ad
1216 1872 1319 1926 hoc
1339 1870 1568 1935 venerit,
1592 1867 1642 1922 id
1665 1867 1837 1921 Lucas

230 1974 475 2030 declarat
508 1972 723 2032 dicens,
785 1968 1001 2024 Verbum
1034 1964 1240 2021 Domini
1268 1964 1463 2033 factum
1504 1969 1579 2015 est
1615 1959 1685 2011 ad
1720 1974 1837 2011 eum

232 2065 400 2132 (Luc.
433 2066 486 2119 5.
527 2062 597 2133 Ξ)
621 2105 637 2130 ,
671 2062 723 2116 id
751 2070 876 2125 est,
927 2058 1259 2113 mandatum.
1297 2056 1416 2126 Ipse
1458 2068 1671 2124 quoque
1714 2052 1791 2105 ait
1820 2068 1835 2105 :

234 2157 340 2222 Qui
380 2172 459 2208 me
499 2156 631 2209 misit
658 2152 916 2222 baptizare
954 2152 1006 2205 in
1032 2166 1186 2219 aqua,
1214 2149 1301 2202 ille
1324 2147 1447 2201 milti
1466 2146 1594 2199 dixit
1618 2160 1637 2198 :
1669 2142 1838 2213 Super

229 2264 380 2317 quem
409 2247 591 2301 uideris
622 2246 873 2316 Spiritum
905 2242 1285 2297 descendentem
1325 2239 1471 2309 quasi
1510 2238 1797 2292 columbam
1818 2276 1832 2300 ,

230 2350 279 2394 et
313 2352 593 2393 manentem
633 2355 785 2407 super
824 2354 935 2390 eum
958 2379 972 2401 ,
1007 2337 1087 2388 hic
1117 2344 1187 2388 est
1209 2334 1294 2403 qui
1316 2331 1536 2400 baptizat
1558 2331 1611 2382 in
1634 2329 1836 2398 Spiritu

229 2441 409 2484 sancto
458 2428 649 2499 (Joan.
693 2432 743 2483 1.
798 2426 928 2497 55).
976 2426 1084 2479 Cur
1126 2436 1303 2477 autem
1345 2422 1409 2475 ad
1457 2418 1833 2489 baptizandum

232 2522 434 2575 missus
472 2521 585 2576 est?
617 2519 730 2575 Hoc
779 2520 903 2589 item
953 2516 1104 2571 nobis
1134 2514 1370 2569 declarat
1414 2511 1648 2581 Baptista
1679 2524 1694 2565 z
1724 2508 1836 2579 Ego

231 2613 512 2665 nesciebant
547 2628 658 2663 eum
672 2611 801 2677 ;sed
840 2619 893 2664 ut
924 2608 1332 2674 manifestaretur
1374 2605 1427 2658 in
1475 2601 1677 2667 Israel,
1721 2602 1835 2655 ideo

150 2706 159 2710 ’
194 2736 200 2741 -
231 2704 347 2756 t'eni
392 2704 443 2755 in
496 2716 629 2771 aqua
674 2702 936 2771 baptizans
968 2698 1143 2769 (Ibid.
1173 2714 1221 2751 υ.
1254 2697 1313 2751 51
1339 2698 1377 2765 ).
1408 2696 1471 2749 Ει
1499 2696 1543 2748 si
1576 2694 1690 2748 Inrc
1720 2694 1833 2746 sola

230 2809 393 2847 causa
426 2804 536 2847 erat
560 2835 575 2859 ,
613 2793 887 2862 quomodo
935 2792 1011 2844 ait
1057 2790 1263 2851 Lucas,
1320 2786 1465 2840 Venit
1491 2786 1544 2839 in
1582 2788 1835 2853 regionem

228 2885 500 2953 Iordanis,
532 2886 818 2954 pra’dicans
845 2884 1151 2953 baptismum
1174 2879 1476 2949 pwnitentiaa
1502 2879 1555 2930 in
1584 2876 1837 2930 remissio-

230 2995 348 3032 nem
373 2988 685 3045 peccatorum
711 2975 874 3048 (Luc.
898 2977 951 3030 5.
971 2974 1035 3045 5)
1058 2973 1081 3026 ?
1104 2973 1434 3040 Quamquam
1459 2968 1832 3024 remissionem

231 3083 342 3121 non
375 3067 636 3129 habebat,
665 3065 760 3121 sed
792 3064 894 3119 hoc
918 3064 1120 3118 donum
1152 3070 1267 3117 erat
1294 3060 1543 3129 baptismi
1569 3100 1583 3124 ,
1622 3059 1710 3127 qui
1744 3072 1837 3126 po-

230 3167 347 3213 stea
373 3158 532 3211 datus
560 3165 676 3220 est;
725 3156 777 3209 in
824 3156 927 3210 hoc
967 3155 1110 3210 enim
1155 3151 1454 3222 consepulti
1505 3164 1730 3215 sumus,
1781 3157 1837 3203 et

230 3258 388 3302 vetus
412 3248 571 3300 homo
601 3255 785 3301 noster
806 3254 931 3299 tunc
974 3260 1073 3297 una
1117 3241 1407 3295 cruciﬁxus
1445 3248 1527 3294 est
1553 3280 1567 3305 ,
1616 3246 1670 3291 et
1712 3248 1836 3291 ante

228 3351 449 3394 crucem
478 3349 737 3404 nusquam
767 3334 1014 3388 remissio
1046 3332 1183 3387 facta
1223 3332 1552 3400 comperitur
1583 3348 1598 3385 :
1640 3329 1835 3397 ubique

229 3431 379 3485 enim
420 3430 520 3481 hoc
547 3427 787 3496 sanguini
831 3426 949 3495 ejus
974 3424 1282 3494 deputatur.
1327 3424 1523 3478 Paulus
1551 3437 1680 3492 vero
1710 3422 1784 3475 ait
1817 3439 1831 3477 :

230 3521 342 3576 Sed
368 3521 530 3573 abluti
549 3520 687 3581 estis,
720 3517 809 3571 sed
829 3517 1131 3586 sanctiﬁcati
1152 3516 1291 3581 estis,
1318 3532 1421 3570 non
1451 3532 1544 3584 per
1571 3514 1834 3585 baptisma

229 3615 485 3679 Joannis,
514 3613 630 3676 sed,
663 3614 717 3665 in
738 3612 941 3665 nomine
973 3609 1180 3664 Domini
1209 3608 1372 3663 nostri
1400 3608 1525 3662 Iesu
1560 3605 1770 3668 Christi,
1789 3615 1835 3659 et

230 3708 518 3777 in,Spiritu
560 3704 659 3759 Dei
681 3706 841 3761 nostri
871 3704 889 3774 (
915 3704 965 3758 1.
1004 3702 1122 3758 Cor.
1155 3703 1208 3757 6.
1265 3702 1388 3770 11).
1434 3701 1501 3755 Et
1552 3700 1676 3754 alibi
1724 3701 1832 3762 ait,

228 3800 457 3855 Joannes
493 3798 696 3869 quidem
738 3796 1028 3866 pradicauit
1076 3794 1379 3864 baptismum
1427 3792 1746 3861 plenitentitv,
1782 3799 1836 3843 et

231 3908 339 3947 non
365 3889 516 3955 dicit,
543 3887 895 3949 remissionis,
945 3895 995 3938 ut
1041 3885 1300 3938 crederent
1331 3886 1383 3937 in
1421 3884 1695 3938 uenientem
1724 3892 1834 3949 post

228 3999 346 4037 eum
383 3981 535 4051 (Act.
567 3979 653 4034 l9.
682 3979 774 4047 «1).
805 3977 941 4031 Cum
985 3978 1128 4031 enim
1179 3975 1417 4030 nondum
1467 3974 1703 4029 oblatum
1751 3987 1835 4026 sa-

229 4072 493 4129 criﬁcium
524 4079 687 4137 esset,
721 4086 817 4125 nec
843 4069 1076 4138 Spiritus
1105 4068 1504 4127 descendisset,
1552 4080 1651 4118 nec
1704 4080 1831 4132 pec-

230 4174 411 4220 catum
462 4164 693 4218 solutum
736 4171 910 4227 esset,
964 4177 1064 4216 nec
1122 4161 1396 4215 inimicitia
1434 4159 1678 4222 sublata,
1737 4172 1835 4213 nec

230 4254 541 4311 maledictio
599 4254 803 4320 deleta,
871 4250 1146 4323 quomodo
1198 4250 1442 4304 remissio
1493 4257 1834 4318 peccatorum

232 4349 374 4402 taeta
405 4346 586 4401 esset?

308 4437 365 4491 ‘2.
396 4436 533 4503 Quid
564 4444 647 4491 est
677 4436 837 4505 igitur
866 4434 1016 4499 illud,
1042 4433 1107 4487 In
1139 4434 1482 4488 remissionem
1514 4440 1837 4500 peccatorum

234 4533 250 4599 (
284 4528 449 4583 Marc.
480 4530 531 4582 1.
564 4530 597 4584 1
618 4528 671 4599 )?
706 4526 940 4595 [mprobi
985 4523 1270 4579 admodum
1320 4531 1475 4577 erant
1510 4520 1703 4585 Judaei,
1737 4536 1837 4574 nec

235 4635 490 4691 umquam
539 4624 592 4674 in
630 4628 975 4690 peccatorum
1024 4631 1241 4671 suorum
1288 4628 1506 4670 sensum
1552 4622 1832 4675 venerant,

234 4713 332 4769 sed
363 4712 621 4767 extremis
652 4711 869 4766 obnoxii
903 4710 1075 4771 malis,
1108 4725 1167 4764 se
1199 4706 1396 4776 ubique
1434 4705 1609 4773 justos
1639 4703 1835 4773 praedi-

233 4804 431 4860 cabant
463 4823 475 4857 :
503 4804 556 4859 id
597 4804 740 4875 quod
780 4802 1078 4875 praesertim
1128 4802 1271 4870 ipsos
1302 4798 1552 4867 perdidit,
1581 4806 1635 4851 et
1674 4812 1703 4850 a
1736 4796 1839 4851 ﬁde

235 4896 479 4952 abduxit.
515 4896 623 4951 Hac
663 4897 730 4951 de
776 4913 836 4950 re
875 4895 996 4949 illos
1044 4894 1239 4961 Paulus
1284 4906 1543 4946 accusans
1584 4890 1836 4944 dicebat:

236 4989 545 5059 Ignorantes
592 4985 682 5039 Dei
721 4986 976 5057 justitiam
1015 4996 1061 5039 et
1104 5001 1248 5039 suam
1285 4990 1559 5050 quierentes
1598 4990 1836 5046 statuere,

237 5080 453 5145 iustitia:
479 5077 573 5133 Dei
599 5094 697 5131 non
728 5089 840 5131 sunt
866 5078 1076 5143 subiecti
1104 5077 1278 5148 (Rom.
1306 5075 1390 5129 i0.
1423 5072 1499 5145 5).
1532 5076 1594 5129 Et
1621 5088 1837 5128 rursus:

242 5170 380 5235 Quid
424 5186 543 5240 ergo
580 5169 845 5226 dicemus?
876 5169 1021 5234 Quod
1063 5176 1232 5237 gentes
1257 5182 1369 5236 qua:
1396 5182 1493 5219 non
1522 5167 1841 5219 sectabantur

242 5262 513 5325 iustitiam,
556 5259 994 5329 apprelienderunt
1019 5259 1269 5329 justitiam
1309 5272 1328 5308 :
1376 5257 1536 5311 Israel
1565 5266 1734 5310 autem
1763 5274 1841 5310 se-

242 5350 431 5403 etando
474 5350 632 5420 legem
665 5349 900 5419 justitiw,
949 5350 999 5401 in
1050 5348 1205 5418 legem
1224 5349 1443 5417 justttio:
1470 5364 1569 5401 non
1596 5348 1838 5414 pervenit.

246 5444 456 5508 Quare?
489 5443 622 5509 Quia
652 5459 750 5495 non
775 5458 838 5494 ea:
868 5442 988 5507 ﬁde,
1017 5440 1104 5493 sed
1132 5442 1278 5508 quasi
1309 5457 1372 5494 ea:
1407 5440 1637 5507 operibus
1665 5437 1841 5509 (Ibid.

245 5536 297 5592 9.
330 5533 503 5589 5059.
530 5534 568 5599 ).
597 5533 730 5600 Quia
758 5532 916 5602 igitur
946 5532 1059 5586 hmo
1084 5546 1241 5586 causa
1273 5532 1530 5585 malorum
1574 5539 1711 5593 erat,
1744 5529 1841 5583 ad-

247 5631 395 5684 venit
437 5628 691 5695 Joanm-s,
742 5628 875 5682 nihil
919 5624 1061 5681 aliud
1110 5640 1299 5695 agens,
1344 5640 1500 5693 quam
1546 5634 1602 5678 ut
1631 5624 1749 5677 illos
1778 5623 1844 5676 ad

250 5730 591 5791 peccatorum
621 5736 839 5775 suorum
867 5719 1229 5790 cognitionem
1260 5716 1547 5771 deduceret
1578 5733 1590 5767 :
1625 5715 1675 5768 id
1704 5714 1844 5784 quod

252 5819 412 5874 etiam
441 5816 583 5870 illius
616 5814 825 5869 habitus
856 5811 1191 5877 ostendebat,
1226 5812 1313 5881 qui
1343 5811 1521 5880 utique
1567 5810 1631 5863 ad
1670 5809 1842 5876 poeni-

1444 386 1509 444 lN
1548 377 1960 442 MATTHEUM
2002 379 2231 437 lIOMIL.
2279 382 2345 437 Χ.

3446 377 3552 437 13⁸1

1952 491 2172 547 tentiam
2220 502 2275 547 et
2317 492 2713 548 confessionem
2756 490 3089 563 compositus
3134 497 3269 546 erat.
3302 490 3413 546 Hoc
3441 491 3554 561 ipsa

1946 596 2160 652 quoque
2210 582 2522 652 praedicatio
2565 582 2978 639 demonstravit.
3030 582 3169 636 Nihil
3214 585 3359 637 enim
3406 581 3552 637 aliud

1945 672 2177 740 dicebat,
2224 691 2406 745 quam,
2450 676 2506 731 8.
2550 674 2732 731 Facite
2777 677 2977 746 [ructus
3022 676 3204 747 dignos
3248 676 3556 747 paenitentia.-

1945 767 2095 837 (Luc.
2124 770 2179 824 5.
2212 770 2266 839 δ)
2320 769 2453 836 Quia
2489 769 2649 839 igitur
2668 769 2811 839 quod
2842 758 3060 838 peccata
3088 783 3184 823 sua
3213 784 3318 823 non
3347 768 3417 822 im
3430 782 3557 836 pro-

1946 860 2156 925 barent,
2184 870 2240 913 ut
2268 858 2465 914 Paulus
2490 859 2806 926 declaravit,
2849 859 2972 914 ideo
3016 874 3045 913 a
3086 858 3303 914 Christo
3340 858 3552 914 resilie-

1944 958 2068 1004 runt
2097 966 2111 1004 :
2144 962 2360 1020 peccata
2406 961 2586 1006 autem
2638 951 2691 1005 in
2723 960 2958 1007 mentem
2990 965 3266 1013 revocare,
3300 951 3351 1005 id
3387 949 3556 1005 efﬁcit

1944 1051 2000 1096 ut
2022 1043 2331 1113 redemptor
2376 1052 2668 1113 quzeratur,
2711 1052 2766 1099 et
2803 1044 3053 1099 remissio
3078 1043 3424 1099 desideretur
3454 1061 3467 1097 :
3501 1043 3554 1097 id

1944 1144 2342 1204 pmparaturus
2386 1135 2533 1189 venit
2576 1134 2833 1201 Joannes,
2887 1145 2943 1190 et
2983 1135 3295 1190 bortaturus
3337 1134 3459 1189 illos
3498 1145 3558 1189 nt

1944 1226 2314 1294 paenitentiam
2343 1234 2561 1296 agerent
2586 1244 2599 1281 :
2642 1241 2749 1281 non
2778 1236 2835 1281 ut
2859 1226 3209 1296 punirentur;
3242 1224 3339 1280 sed
3369 1233 3427 1278 ut
3460 1240 3560 1295 per

1943 1317 2313 1385 pmiiitentiam
2368 1317 2683 1372 humiliores
2729 1317 2927 1382 ell‘ecti,
2981 1331 3046 1372 ac
3092 1331 3215 1373 sese
3268 1317 3413 1385 ipsos
3456 1316 3558 1370 da-

1942 1416 2210 1467 muantes,
2248 1407 2314 1461 ad
2341 1408 2717 1462 remissionem
2751 1407 3144 1477 impetrandam
3182 1416 3556 1461 accurrerent.

1944 1496 2079 1552 Vide
2120 1498 2279 1568 igitur
2322 1514 2481 1569 quam
2532 1498 2650 1553 haec
2692 1498 2980 1569 diligenter
3025 1498 3374 1568 expresserit.
3420 1498 3555 1553 Cum

1940 1590 2165 1646 dixisset
2188 1593 2352 1658 enim,
2394 1591 2542 1646 Venit
2578 1593 2862 1661 praedicans
2905 1592 3212 1661 baptismum
3245 1592 3557 1661 paenitentia!

1942 1683 1995 1736 in
2023 1684 2223 1738 deserto
2252 1682 2472 1752 ludicre,
2505 1682 2728 1747 addidit,
2773 1682 2840 1737 In
2880 1684 3225 1738 remissionem
3254 1682 3461 1755 (Marc.
3501 1684 3552 1738 1.

1940 1772 2021 1847 4);
2050 1790 2115 1831 ac
2139 1776 2183 1830 si
2206 1775 2414 1830 diceret
2443 1792 2455 1828 :
2491 1775 2614 1829 Ideo
2658 1775 2775 1829 illos
2805 1774 3054 1830 hortatus
3106 1781 3192 1830 est
3234 1784 3291 1829 ut
3317 1774 3549 1833 conﬁte-

1942 1877 2131 1922 rentur
2159 1878 2214 1923 et
2259 1868 2629 1937 pmnitentiam
2678 1876 2918 1938 agerent,
2954 1882 3063 1922 non
3107 1876 3163 1921 ut
3204 1866 3549 1937 punirentur,

1941 1960 2035 2014 sed
2083 1969 2139 2014 ut
2188 1959 2398 2015 facilius
2446 1970 2631 2030 postea
2663 1960 3041 2014 remissionem
3082 1949 3412 2028 acciperent.
3440 1955 3553 2012 Nisi

1941 2049 2085 2103 enim
2133 2050 2346 2118 seipsos
2390 2049 2762 2115 damnassent,
2812 2048 3037 2120 gratiam
3085 2064 3192 2103 non
3247 2048 3554 2119 petiissent,

1941 2154 2047 2193 non
2081 2151 2384 2209 qumrentes
2411 2156 2542 2195 vero
2562 2143 2813 2211 gratiam,
2843 2155 3021 2211 neque
3050 2140 3427 2195 remissionem
3463 2152 3556 2194 as-

1940 2231 2149 2299 sequuti
2179 2241 2380 2285 essent.
2412 2231 2595 2300 Itaque
2622 2231 2725 2285 hoc
2751 2230 3017 2300 baptisma
3044 2231 3112 2284 ad
3144 2229 3275 2285 illud
3301 2230 3439 2284 viam
3463 2243 3557 2298 pa-

1942 2332 2023 2375 rat
2056 2340 2066 2374 :
2102 2322 2220 2375 ideo
2242 2322 2490 2388 dicebat,
2548 2321 2619 2377 Ut
2662 2323 2871 2376 credant
2914 2323 2969 2375 in
3016 2338 3132 2375 eum
3160 2322 3247 2391 qui
3279 2322 3411 2375 venit
3442 2330 3557 2391 post

1940 2418 2107 2483 ipsum
2133 2418 2268 2484 (Act.
2302 2417 2390 2470 l9.
2420 2416 2507 2484 4);
2542 2424 2738 2484 prceter
2765 2429 2885 2471 eam
2929 2430 3091 2484 quam
3120 2414 3381 2478 diximus,
3417 2414 3557 2467 banc

1939 2521 2155 2576 quoque
2202 2506 2361 2559 aliam
2407 2506 2746 2575 baptismatis
2791 2520 3010 2560 causam
3060 2505 3340 2575 adjiciens.
3370 2504 3557 2575 Neque

1939 2598 2083 2651 enim
2112 2597 2335 2665 perinde
2364 2597 2574 2663 fuisset,
2606 2598 2650 2651 si
2685 2596 2877 2651 domos
2904 2596 3285 2661 circumiisset,
3318 2604 3373 2653 et
3394 2593 3556 2650 Chri-

1940 2695 2080 2739 stum
2126 2701 2286 2741 manu
2332 2686 2660 2755 prehensum
2692 2685 3166 2753 circumduxisset,
3198 2684 3554 2754 dixissetque,

1942 2780 1996 2832 In
2031 2778 2173 2833 hunc
2222 2778 2458 2844 credite;
2490 2788 2653 2845 atque
2699 2778 2948 2832 omnibus
2982 2774 3338 2846 praesentibus
3380 2790 3445 2830 ac
3474 2775 3556 2829 vi-

1940 2871 2212 2939 dentibus,
2265 2870 2476 2926 beatam
2527 2870 2671 2924 illam
2724 2869 2903 2924 ell'erri
2959 2884 3170 2934 vocem,
3230 2878 3392 2939 atque
3449 2866 3554 2921 alia

1940 2962 2119 3014 omnia
2153 2960 2357 3030 perﬁci.
2392 2960 2517 3015 Ideo
2546 2961 2690 3015 venit
2717 2960 2785 3014 ad
2817 2961 3103 3029 baptisma.
3138 2959 3271 3014 Nam
3294 2969 3348 3013 et
3376 2958 3553 3027 bapti-

1940 3053 2111 3105 zantis
2135 3051 2462 3105 existimatio
2492 3060 2547 3106 et
2576 3051 2651 3103 rei
2681 3050 2850 3118 ipsius
2877 3050 3140 3115 conditio,
3168 3050 3441 3108 civitatem
3472 3058 3555 3103 to-

1942 3152 2049 3196 tam
2078 3141 2403 3208 attrahebat,
2449 3150 2503 3196 et
2542 3141 2608 3195 ad
2637 3140 2928 3196 Iordanem
2959 3139 3237 3205 evocabat,
3267 3155 3554 3209 magnum-

1940 3246 2045 3301 que
2095 3230 2196 3284 t‘uit
2251 3230 2543 3286 theatrum.
2598 3230 2831 3300 Ideoque
2893 3245 2989 3284 eos
3042 3232 3133 3300 qui
3194 3230 3552 3296 advenerant,

1941 3323 2205 3390 reprimit,
2267 3323 2566 3391 suadetque
2620 3338 2690 3376 ne
2740 3338 2995 3391 magnum
3048 3322 3324 3392 quidpiam
3376 3322 3447 3378 de
3492 3337 3554 3378 se

1940 3414 2459 3480 comminiscautnr,
2509 3412 2803 3468 ostendens
2859 3428 2957 3469 eos
3010 3422 3379 3469 extremorum
3428 3429 3555 3471 reos

1941 3504 2228 3569 malorum,
2260 3504 2361 3558 nisi
2390 3502 2763 3575 penitentiam
2791 3504 3019 3573 egerint,
3052 3504 3340 3573 missisque
3376 3504 3554 3573 majo-

1940 3596 2088 3650 ribus
2126 3595 2259 3662 suis,
2294 3584 2633 3665 depulsaque
2676 3594 2789 3659 illa,
2818 3610 2979 3665 quam
3015 3594 3140 3650 inde
3166 3603 3552 3665 conceperant,

1938 3687 2216 3755 jactantia,
2244 3702 2366 3741 eum
2398 3687 2486 3756 qui
2514 3686 2828 3753 advenerat,
2858 3685 3181 3755 receperint.
3218 3686 3429 3740 Etenim
3455 3684 3556 3739 ob-

1940 3788 2150 3831 scurata
2194 3776 2405 3833 fuerant
2452 3777 2667 3831 interim
2693 3791 2760 3831 ea
2800 3792 2920 3846 quae
2949 3777 3015 3830 ad
3044 3776 3317 3831 Christum
3343 3786 3557 3846 specta-

1939 3869 2089 3934 bant,
2136 3878 2191 3923 et
2232 3868 2374 3938 apud
2421 3868 2623 3922 multos
2667 3868 2930 3922 exstincta
2979 3866 3297 3922 videbantur
3330 3882 3453 3922 esse
3482 3866 3558 3922 ob

1940 3960 2142 4016 credem
2176 3960 2226 4014 in
2256 3960 2571 4015 Bethlehem
2600 3968 2981 4031 perpetratam.
3014 3959 3235 4015 Etiamsi
3264 3961 3406 4016 enim
3430 3976 3553 4016 cum

1942 4051 2225 4105 duodecim
2256 4065 2520 4104 annorum
2548 4058 2692 4105 esset
2736 4062 2857 4104 sese
2887 4051 3213 4115 exhibuerit,
3263 4061 3317 4105 at
3362 4053 3471 4106 cito
3502 4053 3553 4106 in

1944 4142 2176 4209 priorem
2208 4155 2327 4194 sese
2359 4140 2741 4194 obscuritatem
2764 4139 2986 4194 deduxit
3014 4158 3027 4194 :
3060 4141 3288 4211 ideoque
3316 4143 3558 4213 splendi-

1940 4234 2024 4291 dis
2070 4236 2308 4291 exordiis
2356 4245 2411 4289 et
2454 4234 2771 4289 sublimiore
2814 4234 3080 4305 principio
3126 4249 3263 4304 opus
3300 4235 3554 4291 habebat.

1944 4332 2231 4401 Propterea
2262 4338 2387 4383 tunc
2419 4328 2651 4397 primum
2679 4342 2762 4390 ea,
2796 4340 2917 4395 qum
2956 4342 3245 4394 numquam
3273 4327 3559 4382 audierant

1942 4424 2134 4488 Judaei,
2166 4423 2248 4477 vel
2279 4438 2308 4476 a
2350 4421 2645 4491 prOphetis,
2680 4420 2764 4475 vel
2795 4419 2863 4473 ab
2892 4420 3014 4473 aliis
3052 4420 3400 4489 quibuslibet,
3436 4421 3554 4483 illa,

1945 4517 2185 4584 inquam,
2238 4513 2528 4582 conspicua
2573 4525 2706 4565 voce
2753 4508 3030 4579 pnedicat,
3072 4510 3237 4564 caelos
3257 4519 3312 4565 et
3333 4525 3555 4579 regnum

1944 4608 2201 4660 caelorum
2242 4616 2699 4667 commemorans,
2752 4601 2990 4671 nihilque
3020 4600 3089 4654 de
3129 4608 3270 4655 terra
3304 4601 3550 4671 loquens.

1947 4697 2191 4767 Regnum
2221 4704 2399 4749 autem
2449 4692 2538 4746 hic
2567 4690 2696 4746 dicit
2723 4689 3013 4745 adventum
3045 4689 3181 4758 ejus,
3212 4700 3264 4745 et
3298 4692 3546 4759 priorem,

1947 4798 2001 4843 et
2032 4788 2408 4855 posteriorem.
2455 4784 2520 4837 Et
2548 4781 2673 4853 quid
2703 4781 2805 4835 hoc
2834 4782 2902 4836 ad
2930 4780 3167 4843 Indicos,
3202 4782 3433 4850 inquies,
3465 4783 3558 4851 qui

1948 4876 2261 4933 nesciebant
2288 4874 2413 4944 quid
2441 4874 2685 4929 diceret?
2714 4873 2841 4927 Ideo
2863 4874 2942 4928 sic
2973 4872 3183 4941 loquor.
3220 4874 3424 4944 inquiet
3447 4874 3556 4938 ille,

1950 4980 2007 5024 ut
2031 4969 2295 5024 dictorum
2328 4967 2658 5021 obscuritate
2704 4965 2943 5029 excitati,
2992 4965 3208 5019 veniant
3241 4967 3305 5019 ad
3341 4967 3557 5035 perqui-

1950 5061 2174 5117 rendum
2224 5060 2373 5113 illum
2419 5060 2506 5127 qui
2541 5056 2896 5126 praedicatur;
2946 5057 3014 5108 ita
3043 5066 3101 5109 ut
3128 5068 3181 5111 et
3205 5057 3474 5127 publicani
3506 5066 3561 5111 et

1950 5154 2148 5208 milites
2176 5154 2528 5220 interrogent,
2556 5148 2683 5218 quid
2722 5147 3049 5204 faciendum.
3094 5156 3147 5200 et
3174 5146 3446 5214 quomodo
3479 5146 3560 5198 iii-

1949 5244 2219 5301 stituenda
2267 5242 2372 5295 vita
2420 5243 2489 5295 sit
2521 5261 2532 5295 :
2561 5237 2702 5308 quod
2746 5238 2955 5307 signum
3003 5249 3120 5293 erat
3169 5240 3334 5306 ipsos,
3380 5238 3561 5293 missis

1950 5338 2298 5395 Saecularibus
2344 5335 2525 5396 rebus,
2558 5332 2661 5387 alia
2693 5324 2894 5399 majora
2942 5334 3232 5399 respicere,
3280 5340 3334 5383 et
3382 5331 3558 5382 futura

1950 5432 2101 5500 quasi
2147 5445 2240 5498 per
2283 5429 2549 5482 somnium
2597 5425 2895 5493 imaginari.
2945 5423 3157 5477 Etenim
3196 5432 3389 5477 cuncta
3438 5438 3559 5491 qute

1953 5521 2205 5577 videbant
2253 5529 2305 5573 et
2334 5518 2644 5582 audiebant,
2677 5516 2743 5570 ad
2780 5515 3088 5570 sublimium
3130 5530 3307 5569 rerum
3339 5530 3558 5570 sensum

1955 5615 2228 5684 erigebant
2258 5612 2399 5665 illos.

2027 5711 2078 5762 5.
2119 5707 2346 5760 Joannes
2375 5704 2611 5771 Baptista
2652 5718 2678 5755 e
2714 5702 2908 5754 deserto
2937 5701 3199 5770 egrediens
3228 5716 3382 5767 quam
3411 5714 3563 5752 vene-

1960 5806 2167 5859 randus.
2216 5801 2390 5871 Ipsius
2437 5814 2549 5851 cum
2597 5795 2737 5849 Isaia
2778 5798 3061 5851 consensio.
3092 5826 3159 5834 -
3194 5793 3376 5864 Cogita
3408 5793 3566 5863 igitur
