4050 6430
517 362 614 417 IS?

512 466 767 544 quantum
800 476 851 529 id
874 485 1016 530 es:et
1047 473 1315 528 hominem
1336 470 1520 527 videre
1546 478 1667 541 post
1684 480 1852 522 annos
1881 461 2091 529 triginta

513 581 576 620 ex
606 565 819 620 deserto
859 565 1181 628 venientem,
1230 562 1492 635 principis.
1519 559 1850 614 sacerdotum
1895 553 2091 612 tilium,

513 657 602 722 qui
651 654 797 709 nulla
841 669 1088 722 umquam
1133 667 1312 708 rerum
1357 661 1690 708 terrenarum
1745 653 1993 714 eguerat;
2044 651 2098 695 θι

514 747 658 801 omni
686 760 750 798 ex
786 754 934 813 parte
972 742 1352 806 venerandum,
1399 739 1486 809 qui
1513 737 1701 791 Isaiam
1727 748 1909 789 secum
1937 730 2098 784 habe-

511 834 621 899 bat.
651 835 851 889 Aderat
875 834 1070 904 quippe
1106 833 1206 901 ipsi
1252 830 1544 899 praedicans
1568 837 1623 882 et
1646 825 1830 880 dicens
1861 841 1873 876 :
1901 822 1993 876 Hic
2019 830 2097 872 est

513 939 677 995 quem
702 925 1050 980 adventurum
1079 935 1198 978 esse
1220 919 1440 990 praedixi
1467 918 1808 978 clamantem,
1853 926 1904 967 et
1931 913 1984 966 in
2007 911 2100 964 de—

513 1024 661 1070 serto
690 1015 829 1069 clara
858 1027 987 1068 voce
1015 1012 1194 1066 omnia
1235 1007 1634 1081 pradicantem.
1687 1006 1915 1059 Tantum
1957 1002 2098 1057 enim

517 1115 634 1160 erat
672 1105 1047 1176 prophetarum
1097 1102 1238 1157 circa
1282 1116 1369 1156 res
1410 1100 1537 1154 istas
1586 1097 1841 1159 studium,
1897 1104 1952 1147 ut
1997 1107 2098 1147 non

518 1196 678 1251 modo
711 1189 988 1249 Dominum
1018 1209 1197 1260 suum,
1247 1193 1341 1248 sed
1370 1192 1529 1246 etiam
1576 1203 1697 1243 eum
1735 1187 1824 1256 qui
1862 1186 1959 1254 ipsi
2004 1184 2101 1236 mi-

523 1289 845 1341 nistraturus
890 1295 1025 1349 erat,
1073 1295 1198 1338 ante
1247 1285 1470 1338 multum
1507 1279 1762 1351 temporis
1785 1276 2097 1348 praenuntia-

527 1388 648 1434 rent
677 1397 690 1430 :
722 1393 817 1431 nec
847 1377 994 1431 illum
1031 1375 1210 1439 modo,
1234 1375 1326 1428 sed
1353 1375 1509 1429 etiam
1535 1376 1704 1428 locum
1735 1369 2101 1440 praedicerent,

521 1469 574 1521 in
606 1481 711 1536 quo
734 1474 1040 1520 versaturus
1061 1473 1174 1520 erat
1190 1507 1204 1530 ,
1228 1480 1435 1518 necnon
1473 1462 1862 1533 pricdicationis
1889 1458 2105 1514 modum

520 1570 627 1624 quo
652 1555 719 1608 ad
744 1554 1041 1609 docendum
1088 1569 1278 1608 usurus
1316 1564 1452 1618 erat,
1500 1565 1553 1606 et
1593 1568 1750 1620 quam
1792 1553 2102 1621 praeclarum

522 1645 646 1698 hinc
671 1659 803 1714 opus
851 1658 1182 1699 emersurum
1224 1653 1384 1697 esset.
1438 1641 1566 1696 Vide
1591 1655 1717 1710 ergo
1745 1640 2013 1710 quomodo
2043 1642 2104 1691 ad

526 1737 770 1790 eumdem
815 1752 1028 1792 sensum
1078 1738 1233 1790 ambo
1279 1737 1558 1804 prodeant,
1591 1736 1713 1788 licet
1759 1749 1862 1788 non
1916 1731 2104 1787 iisdem

526 1826 704 1880 verbis
734 1836 965 1889 utamur,
998 1826 1256 1895 prephcta
1282 1841 1471 1894 nempe
1501 1836 1660 1894 atque
1682 1824 1941 1893 Baptista.
1973 1823 2105 1876 Prov

522 1920 682 1987 pheta
732 1933 961 1988 namque
1010 1919 1181 1987 ipsum
1227 1917 1528 1972 adfuturum
1583 1931 1703 1970 esse
1752 1917 1990 1986 praedicit
2030 1916 2110 1970 his

529 2012 702 2064 verbis
740 2024 756 2062 :
797 2012 850 2064 5.
908 2010 1090 2062 Parate
1117 2010 1248 2061 viam
1276 2007 1499 2073 Domini,
1542 2017 1702 2062 rectas
1723 2009 1870 2078 facite
1910 2011 2112 2060 seruitus

526 2102 636 2166 ejus
661 2099 811 2167 (Isai.
833 2099 919 2154 40.
944 2101 1018 2168 5).
1041 2099 1131 2153 Illo
1160 2113 1291 2153 vero
1312 2109 1586 2167 postquam
1617 2099 1848 2157 advenit,
1868 2099 2108 2151 (licebat:

529 2185 706 2240 Facite
734 2188 926 2254 {ructus
951 2188 1130 2257 dignos
1157 2188 1458 2254 poenitentia?
1485 2188 1500 2256 (
1529 2187 1711 2240 Matth.
1744 2191 1796 2244 5.
1826 2189 1896 2257 8)
1927 2205 1940 2241 ;
1972 2188 2110 2256 quod

530 2276 669 2331 idem
697 2277 958 2346 signiﬁcat
986 2287 1145 2346 atque
1174 2278 1321 2339 illud,
1370 2277 1553 2330 Parate
1590 2280 1714 2330 viam
1763 2277 1988 2330 Domini.
2028 2277 2112 2333 Vi-

527 2370 648 2423 tlcn'
694 2380 747 2422 et
784 2384 877 2436 per
916 2383 977 2422 ea
1021 2385 1138 2437 quae
1185 2369 1442 2436 propheta
1480 2369 1646 2432 dixit,
1690 2379 1741 2421 ct
1788 2385 1879 2436 per
1911 2385 1970 2420 ea
1999 2383 2113 2437 qua:

529 2459 642 2526 ipse
684 2456 1008 2525 praedicavit,
1055 2474 1217 2510 unum
1247 2458 1556 2526 significari,
1596 2458 1768 2523 ipsum
1804 2459 2026 2520 scilicet,
2064 2466 2117 2511 et

532 2559 588 2602 ut
637 2549 867 2616 prrciret,
917 2556 970 2600 et
1024 2557 1079 2600 ut
1124 2549 1259 2598 viam
1309 2557 1536 2614 pararet,
1575 2547 1876 2609 advenisse,
1928 2558 2117 2599 nonut

528 2643 725 2695 donum
757 2641 1060 2708 largiretur.
1089 2639 1291 2692 scilicet
1323 2639 1712 2701 remissionem,
1761 2638 1855 2692 sed
1889 2648 1943 2692 ut
1976 2653 2112 2707 pra:-

527 2740 742 2799 pararet
772 2733 976 2785 animas
1004 2745 1210 2792 eorum,
1243 2730 1330 2797 qui
1364 2731 1731 2784 universorum
1771 2731 1934 2784 Deum
1964 2746 2109 2785 recc-

533 2821 670 2888 pturi
721 2821 914 2873 erant?
954 2821 1122 2872 Lucas
1162 2833 1289 2872 vero
1334 2819 1557 2886 amplius
1589 2819 1712 2887 quid
1744 2820 1970 2888 adjecit;
2020 2837 2118 2875 nec

529 2911 662 2962 satis
694 2908 874 2961 habuit
902 2908 1219 2976 principium
1248 2905 1521 2961 dumtaxat
1547 2909 1758 2974 afferre,
1816 2912 1910 2964 sed
1953 2919 2116 2964 totam

528 2999 682 3053 alfcrt
707 2999 1077 3068 prephctiam;
1114 3015 1233 3053 nam
1266 3000 1340 3053 ait
1374 3018 1385 3053 :
1420 2999 1596 3055 Omnis
1625 3001 1772 3056 uallis
1807 3003 2115 3071 implebimr,

528 3099 574 3140 et
600 3091 765 3142 omm‘s
791 3105 934 3143 mam
963 3101 1015 3143 et
1045 3091 1188 3142 collis
1220 3090 1564 3143 lmmiliabitur
1597 3108 1614 3145 :
1641 3102 1685 3144 et
1713 3103 1856 3144 erunt
1882 3109 2038 3160 prava
2065 3094 2115 3145 in

529 3177 736 3241 directa,
780 3187 829 3230 et
866 3193 1045 3246 aspera
1074 3179 1126 3230 in
1153 3179 1257 3230 vias
1288 3178 1466 3247 planas
1489 3196 1505 3232 :
1528 3189 1571 3232 et
1595 3181 1774 3234 videbit
1805 3183 1971 3234 omnis
1998 3199 2115 3235 caro

528 3267 748 3321 salutare
799 3268 898 3322 Dei
942 3268 1092 3337 (Luc.
1118 3269 1172 3322 5.
1222 3270 1273 3322 5.
1315 3269 1366 3322 6.
1416 3269 1545 3323 Isai.
1599 3272 1687 3325 40.
1721 3273 1773 3324 li.
1803 3274 1877 3338 5).
1931 3275 2117 3327 Yidcu'

529 3356 798 3425 quomodo
824 3357 934 3426 jam
966 3358 1091 3410 olim
1121 3357 1378 3425 propheta
1423 3360 1600 3412 omnia
1640 3360 1792 3426 dixit,
1847 3371 1900 3416 et
1939 3363 2117 3432 populi

530 3461 872 3509 concursum,
914 3457 968 3500 et
995 3461 1172 3500 rerum
1201 3448 1252 3500 in
1281 3449 1473 3502 melius
1503 3452 1873 3517 mutationem,
1905 3465 1958 3506 et
1983 3469 2118 3522 prae—

529 3535 809 3591 dicationis
851 3533 1162 3590 facilitatem
1194 3544 1249 3590 et
1290 3551 1467 3591 rerum
1501 3540 1854 3607 gerendarum
1879 3543 2113 3597 omnium

529 3640 760 3691 causam,
789 3625 888 3680 etsi
916 3625 1081 3695 tr0pis
1113 3627 1225 3680 haec
1253 3629 1602 3695 resperserit?
1623 3613 1750 3683 Erat
1769 3633 1965 3701 quippe
1990 3648 2113 3700 pro-

531 3716 709 3784 phetia
757 3717 1074 3769 futurorum.
1123 3715 1258 3771 Cum
1303 3719 1443 3771 enim
1476 3721 1548 3771 ait
1582 3737 1594 3773 :
1629 3719 1806 3773 Omnis
1830 3723 1975 3775 vallis
2016 3723 2115 3775 im-

531 3806 768 3874 plebitur,
806 3816 852 3859 et
891 3806 1055 3860 omnis
1083 3822 1226 3860 mons
1244 3816 1290 3860 et
1322 3809 1466 3862 collis
1493 3810 1839 3862 humiliabitur
1866 3828 1883 3863 :
1910 3821 1953 3864 et
1974 3824 2116 3865 erant

531 3912 714 3963 aspera
739 3897 919 3949 invias
952 3896 1137 3965 planas
1169 3913 1187 3950 :
1220 3897 1449 3953 humiles
1487 3882 1817 3966 exaltandos,
1864 3911 1918 3956 et
1967 3917 2116 3958 arro-

528 3995 712 4054 gantes
737 3986 1093 4040 humiliandos
1116 4002 1235 4041 esse
1268 3993 1614 4057 praenuntiat,
1663 4000 1820 4062 atque
1849 3994 1982 4064 legis
2008 3997 2111 4050 dif-

533 4077 819 4132 licultatem
861 4079 911 4130 in
945 4078 1066 4131 fidei
1099 4078 1411 4133 facilitatem
1457 4095 1574 4134 esse
1617 4084 1944 4139 mutandam.
1995 4088 2111 4142 Non

531 4162 688 4230 ultra,
719 4168 908 4236 inquit,
940 4168 1163 4221 sudores
1191 4177 1245 4222 et
1269 4169 1521 4232 labores;
1557 4173 1647 4224 scd
1688 4177 1852 4240 gratia
1883 4186 1937 4230 et
1964 4179 2113 4232 venia

527 4257 863 4319 delictorum,
910 4272 1028 4324 qua:
1071 4256 1373 4312 facillimam
1402 4260 1466 4311 ad
1493 4261 1722 4316 salutem
1760 4265 1897 4316 viam
1944 4279 2109 4334 paret.

529 4347 730 4400 Deinde
760 4348 945 4402 horum
977 4363 1192 4403 causam
1221 4352 1441 4420 apponit
1468 4351 1652 4407 dicens
1685 4373 1696 4407 :
1733 4354 1925 4410 Videbit
1953 4363 2113 4415 omnis

525 4452 649 4490 caro
677 4438 900 4491 salutare
929 4437 1025 4491 Dei
1069 4454 1089 4492 :
1132 4455 1257 4507 non,
1290 4450 1346 4495 ut
1375 4443 1525 4510 olim,
1577 4443 1745 4501 Judaei
1775 4458 1828 4502 et
1855 4452 2111 4522 proselyti

527 4531 775 4596 tantum,
818 4531 914 4586 scd
956 4540 1009 4585 et
1050 4533 1225 4586 omnis
1268 4548 1393 4589 caro
1435 4545 1488 4590 et
1533 4553 1711 4603 mare,
1765 4541 2115 4612 universaque

528 4620 804 4676 hominum
835 4629 1044 4676 natura.
1076 4622 1181 4677 Per
1204 4638 1366 4691 prava
1394 4627 1533 4680 enim
1563 4639 1614 4682 ct
1648 4641 1906 4698 tortuosa,
1951 4635 2110 4691 vitam

523 4711 817 4778 quamlibet
840 4723 1143 4782 corruptam
1185 4715 1536 4770 subindicavit
1571 4737 1582 4771 :
1622 4721 1950 4788 publicanos,
2004 4726 2113 4780 for-

527 4802 810 4868 nicatores,
860 4804 1118 4867 latrones,
1165 4819 1373 4874 magos,
1419 4811 1507 4876 qui
1541 4825 1659 4862 cum
1700 4816 1930 4890 perversi
1966 4817 2111 4884 prius

525 4902 729 4958 essent,
761 4902 904 4948 recta
946 4893 1141 4948 deinde
1185 4895 1271 4948 via
1314 4910 1687 4965 processerunt
1722 4917 1734 4951 :
1767 4904 1904 4970 quod
1949 4907 2108 4960 etiam

529 4983 641 5051 ipse
669 4981 879 5038 dicebat
908 5000 922 5036 :
957 4979 1234 5037 Publiceni
1259 4996 1304 5037 et
1334 4998 1613 5055 peccatores
1644 4995 1922 5059 prcecedent
1952 5015 2037 5051 vos
2059 5000 2108 5053 in

523 5088 680 5142 regno
727 5072 819 5126 Dei
862 5072 1096 5133 (Matth.
1123 5074 1215 5130 2t.
1246 5075 1379 5146 5i),
1436 5081 1557 5148 quia
1610 5083 1967 5141 crediderunt.
2006 5089 2108 5144 ldi-

527 5178 678 5232 psum
727 5163 846 5217 aliis
888 5163 1064 5218 verbis
1103 5165 1183 5218 sic
1229 5164 1474 5222 indicavit
1502 5171 1757 5239 propheta
1791 5192 1805 5228 :
1836 5175 1974 5231 Tunc
2001 5182 2107 5247 lupi

523 5262 570 5303 et
599 5251 722 5321 agni
749 5252 902 5305 simul
935 5263 1204 5322 pascentur
1232 5253 1383 5321 (Isai.
1412 5258 1496 5312 65.
1525 5251 1646 5330 ‘25).
1679 5262 1829 5317 Sicut
1857 5269 1996 5321 enim
2034 5269 2102 5324 ibi

524 5357 619 5410 per
643 5345 806 5398 colles
837 5353 891 5398 et
917 5346 1081 5401 valles
1125 5349 1537 5418 inaequalitatem
1567 5371 1788 5411 morum
1835 5360 1887 5416 in
1944 5380 2098 5421 unam

524 5434 872 5502 philosophiae
910 5439 1265 5506 aequalitatem
1313 5447 1644 5500 commisceri
1693 5449 1824 5506 divit
1874 5471 1886 5505 :
1939 5455 2007 5508 ita
2050 5469 2104 5512 et

525 5523 611 5575 hic
641 5537 878 5592 quoque,
926 5541 1018 5594 per
1059 5527 1333 5584 hrutorum
1364 5532 1623 5590 diversam
1653 5550 1895 5596 naturam
1929 5548 2103 5602 varios

524 5614 796 5668 hominum
841 5631 1014 5672 mores
1045 5619 1304 5690 indicans,
1353 5642 1560 5681 rursum
1596 5645 1690 5685 eos
1718 5632 1767 5685 in
1800 5650 1958 5689 unum
1985 5639 2098 5705 pic-

525 5708 646 5765 tatis
669 5719 982 5766 concentum
1006 5714 1149 5784 iungi
1180 5716 1466 5775 declaravit
1500 5739 1510 5774 :
1541 5730 1591 5776 ct
1621 5723 1704 5779 hic
1727 5740 1937 5782 rursum
1968 5743 2094 5784 cau-

1183 357 1240 414 S.
1281 355 1560 413 JOANNIS
1595 343 2064 410 Clllti’SOSTOMl
2106 341 2398 401 ARCHIEP
2450 340 2990 402 .CUNSTANTINOP.

3699 343 3791 398 f88

2201 474 2312 513 sam
2339 459 2594 529 adjiciens
2641 460 2714 515 ait
2749 477 2761 512 :
2801 460 2912 514 Erit
2938 461 3024 530 qui
3048 468 3313 529 consurget
3346 457 3609 527 imperare
3636 461 3795 528 genti-

2203 552 2313 616 bus,
2346 559 2391 604 et
2419 549 2470 604 in
2509 551 2674 621 ipsum
2702 559 2870 622 gentes
2901 548 3169 619 sperabunt
3196 547 3350 620 (lsai.
3377 549 3462 601 ll.
3501 547 3616 617 10).
3649 545 3796 614 Quod

2204 642 2376 710 ipsum
2406 643 2472 695 ibi
2509 658 2718 712 quoque
2757 642 2890 695 dixit
2923 659 2936 695 :
2974 640 3165 694 Videbit
3210 641 3373 693 omnis
3414 655 3538 692 caro
3583 639 3799 691 salutare

2205 732 2299 785 Dei
2347 748 2364 784 :
2407 732 2603 802 ubique
2651 732 2939 786 ostendens
2986 731 3390 799 evangeliorum
3433 731 3692 782 virtutem
3735 742 3797 781 ac

2207 823 2445 875 notitiam
2477 823 2542 876 ad
2575 838 2741 891 usque
2767 822 2897 875 lines
2923 831 3077 875 terra:
3098 819 3491 875 tliﬂundcndam
3518 834 3664 882 esse,
3688 832 3804 887 qum

2205 928 2233 964 a
2266 912 2447 966 ferinis
2479 913 2712 966 moribus
2732 913 3031 981 animisque
3057 912 3276 979 aSpcris.
3305 911 3360 964 in
3387 918 3729 964 mansuetam
3756 918 3808 960 et

2207 1006 2389 1060 mitem
2413 1004 2642 1058 indolem
2671 1019 2836 1073 genus
2867 1004 3144 1057 hominum
3177 1004 3574 1056 transmutabit.
3618 1003 3676 1054 4.
3707 999 3806 1052 Hic

2207 1105 2375 1148 autem
2410 1094 2633 1149 Joannes
2676 1096 2886 1147 habebat
2922 1097 3265 1148 vestimentum
3289 1111 3434 1147 suum
3461 1093 3526 1148 de
3555 1094 3682 1161 pilis
3715 1101 3804 1144 ca-

2209 1187 2344 1249 meli,
2378 1197 2421 1240 et
2449 1204 2628 1240 zonam
2656 1188 2918 1254 pelliceaut
2943 1187 3078 1239 circa
3100 1186 3292 1240 lumbos
3319 1203 3455 1238 suos.
3487 1184 3687 1239 Viden’
3712 1185 3809 1236 alia

2214 1278 2498 1346 prophetas
2549 1277 2899 1345 prmdixissc,
2973 1277 3072 1329 alia
3125 1276 3468 1345 evangelistis
3522 1274 3814 1342 reliquisse

2215 1367 2508 1420 narranda?
2537 1368 2871 1435 Quapmpter
2896 1365 3177 1420 Matth-mus
3204 1376 3256 1420 et
3288 1367 3600 1434 pr0phelias
3626 1365 3811 1427 alfert,

2214 1471 2264 1514 et
2303 1476 2392 1513 sua
2447 1460 2629 1525 adjicit
2662 1477 2673 1511 :
2707 1474 2879 1530 neque
2907 1470 3057 1513 extra
3087 1475 3197 1514 rem
3225 1459 3431 1528 putavit
3458 1458 3525 1512 de
3548 1457 3688 1526 justi
3722 1473 3786 1511 ve

2213 1552 2384 1604 stihus
2433 1551 2595 1619 loqui.

2288 1641 2339 1694 4.
2379 1640 2596 1693 Joannis
2626 1640 2869 1710 Baptista:
2897 1641 3091 1694 vivendi
3118 1657 3295 1711 genus.
3330 1671 3397 1680 ——
3444 1641 3578 1694 Erat
3619 1638 3817 1710 (μύρρα

2216 1749 2301 1787 res
2333 1731 2462 1786 mira
2506 1739 2558 1785 et
2587 1730 2849 1799 stupenda
2887 1733 2938 1786 in
2973 1733 3204 1786 humano
3234 1747 3460 1800 corpore
3487 1742 3700 1786 tantam
3741 1730 3817 1783 vi-

2216 1823 2345 1878 dere
2389 1822 2722 1878 tolerantiam
2757 1842 2767 1874 :
2804 1823 2945 1892 quod
2988 1832 3135 1878 certe
3183 1824 3398 1877 Judmos
3439 1823 3616 1892 magis
3654 1832 3819 1876 attra-

2220 1914 2396 1975 hebat,
2453 1917 2538 1982 qui
2587 1928 2835 1984 maguum
2882 1913 3055 1966 Ellam
3086 1914 3136 1967 in
3180 1914 3295 1982 ipso
3333 1914 3720 1981 respiciebant,
3769 1922 3821 1966 et

2220 2021 2282 2058 ex
2332 2007 2394 2059 iis
2441 2021 2556 2074 quae
2589 2014 2715 2060 tmte
2760 2003 3098 2068 videbantur,
3139 2005 3278 2060 beati
3310 2006 3449 2059 illius
3480 2007 3582 2059 viri
3617 2021 3822 2060 memo-

2219 2097 2348 2149 riam
2400 2097 2760 2162 revocabant;
2794 2099 2900 2152 imo
2939 2099 2989 2151 in
3031 2097 3288 2166 majorem
3339 2098 3693 2165 rapiebantur
3731 2097 3822 2149 ad-

2219 2186 2575 2239 mirationem.
2628 2187 2720 2241 llle
2769 2203 3000 2257 namque
3041 2189 3091 2241 in
3133 2189 3351 2241 urbibus
3399 2188 3538 2240 etin
3569 2188 3821 2241 domibus

2219 2277 2476 2337 alebatur,
2526 2275 2611 2328 hic
2654 2285 2829 2330 autem
2861 2278 2928 2330 ab
2973 2278 3306 2330 incunabulis
3339 2285 3451 2331 toto
3492 2287 3744 2346 tempore
3772 2278 3820 2330 in

2221 2365 2436 2420 deserto
2483 2378 2724 2421 versatus
2771 2379 2871 2423 est.
2926 2368 3215 2435 Oportebat
3247 2374 3390 2423 enim
3425 2382 3821 2438 praecursorem

2227 2456 2382 2520 illius,
2417 2456 2504 2526 qui
2534 2467 2712 2512 vetera
2739 2459 2914 2512 omnia
2945 2459 3214 2512 soluturus
3251 2469 3385 2525 crat,
3434 2475 3630 2528 nempe
3672 2459 3820 2512 labo-

2223 2562 2355 2608 rem,
2390 2548 2840 2611 malcdictionem,
2883 2550 3121 2603 dolorem
3151 2561 3312 2618 atque
3340 2550 3613 2615 sudorem,
3672 2567 3816 2619 qua:-

2222 2636 2342 2689 dam
2391 2636 2587 2692 habere
2631 2639 2870 2709 symbola
2898 2639 3266 2708 hujuscemodi
3307 2641 3454 2705 doni,
3503 2653 3558 2696 et
3592 2643 3823 2696 damna-

2226 2727 2366 2779 tione
2396 2727 2481 2782 illa
2512 2729 2844 2795 superiorem
2874 2746 3012 2784 esse.
3063 2732 3240 2800 itaque
3272 2747 3369 2786 nec
3399 2742 3596 2788 terram
3624 2735 3818 2795 ararit,

2227 2832 2398 2883 neque
2426 2817 2605 2871 sulcos
2632 2816 2924 2884 dissecuit,
2977 2836 3078 2875 non
3113 2825 3163 2877 iu
3194 2823 3388 2877 sudore
3417 2825 3594 2878 vultus
3624 2842 3818 2894 panem

2226 2907 2490 2970 eomedit,
2535 2909 2628 2963 sed
2669 2909 2823 2965 facile
2871 2913 3119 2981 parabilis
3157 2925 3273 2969 erat
3317 2932 3498 2970 mensa
3549 2919 3711 2986 ejus,
3771 2930 3821 2974 et

2226 3012 2408 3051 mensa
2440 2998 2642 3052 facilior
2683 3002 2929 3067 amictus,
2976 3012 3029 3057 et
3059 3003 3420 3060 habitaculum
3447 3006 3661 3062 facilius
3685 3012 3821 3063 ami-

2225 3098 2329 3140 ctu.
2385 3088 2566 3160 Neque
2606 3093 2749 3144 enim
2800 3102 2963 3158 tecto,
3017 3095 3096 3148 vel
3141 3095 3300 3160 lecto,
3334 3098 3414 3151 vel
3463 3114 3675 3165 mensa,
3740 3101 3820 3152 rel

2223 3177 2400 3247 aliquo
2429 3179 2588 3233 simili
2617 3194 2754 3249 Opus
2783 3181 3006 3246 habuit;
3057 3184 3150 3237 sed
3190 3186 3486 3252 angelicam
3527 3190 3821 3255 quamdam

2225 3269 2384 3321 vitam
2416 3268 2469 3321 in
2495 3269 2596 3323 hac
2626 3286 2789 3326 carne
2816 3272 3081 3326 exhibuit.
3104 3273 3230 3328 ltlco
3256 3274 3628 3330 vestimentum
3656 3279 3822 3344 ipsius

2225 3372 2290 3412 ex
2338 3359 2453 3426 pilis
2483 3361 2810 3415 camelorum
2833 3364 3211 3418 concinnatum
3272 3375 3407 3431 erat,
3450 3376 3512 3420 ut
3538 3385 3604 3420 ex
3635 3369 3820 3424 habitu

2224 3466 2331 3504 nos
2375 3453 2698 3514 institueret,
2731 3464 2792 3508 ut
2821 3455 2890 3507 ab
2915 3455 3162 3509 humanis
3202 3457 3612 3519 absisteremus,
3647 3476 3714 3514 ac
3747 3464 3819 3515 ni-

2226 3543 2296 3596 hil
2323 3558 2442 3597 cum
2474 3553 2611 3598 terra
2639 3561 2924 3602 commune
2950 3548 3300 3613 haberemus;
3325 3553 3414 3604 scd
3444 3553 3507 3605 ad
3537 3556 3819 3621 pristinam

2226 3631 2555 3688 nobilitatem
2603 3647 3029 3705 reverteremur,
3080 3641 3129 3692 in
3181 3656 3280 3708 qua
3337 3642 3561 3711 (legebat
3611 3645 3818 3708 Adam,

2224 3733 2506 3792 antequam
2537 3729 2873 3781 vestimentis
2901 3739 2953 3782 et
2985 3731 3181 3784 amictu
3213 3741 3411 3800 egeret.
3463 3733 3551 3788 Sic
3583 3745 3636 3788 et
3669 3738 3820 3804 regni

2225 3824 2276 3866 et
2310 3816 2638 3881 paenitentiae
2674 3820 2839 3872 vestis
2898 3820 3197 3887 hujusmodi
3250 3825 3548 3893 symbolum
3599 3841 3714 3896 pra:
3763 3843 3822 3882 se

2223 3903 2445 3959 ferebat.
2501 3906 2609 3960 Nec
2649 3909 2777 3962 mihi
2823 3911 3009 3965 dicas:
3043 3912 3195 3967 Unde
3224 3915 3296 3968 illi
3327 3916 3536 3970 ciliciua
3562 3919 3726 3972 vestis
3767 3930 3819 3974 et

2222 4012 2377 4062 zona,
2425 3999 2473 4051 in
2506 3999 2719 4053 deserto
2752 4000 3051 4056 habitanti?
3099 4005 3230 4059 Nam
3277 4009 3320 4061 si
3368 4023 3426 4060 ea
3474 4008 3541 4062 de
3586 4025 3644 4063 re
3666 4028 3817 4079 qua»

2221 4091 2450 4143 stionem
2480 4107 2717 4155 moveas,
2751 4095 2850 4147 alia
2881 4111 3092 4165 quoque
3121 4101 3281 4151 multa
3311 4115 3552 4168 qumrere
3581 4107 3814 4170 poteris:

2222 4180 2489 4248 quomodo
2521 4181 2571 4233 iu
2611 4184 2805 4246 hicine,
2855 4188 3122 4255 quomodo
3169 4190 3217 4242 in
3255 4200 3386 4244 mstu
3426 4193 3474 4245 in
3524 4196 3816 4253 solitudine

2223 4272 2556 4338 versabatur,
2588 4275 2822 4329 maxime
2856 4280 2907 4329 in
2938 4285 3121 4332 tenero
3168 4295 3394 4350 corpore
3427 4293 3483 4338 et
3527 4287 3813 4344 immatura

2222 4371 2377 4416 actate
2425 4380 2439 4417 :
2487 4366 2754 4432 quomodo
2801 4368 2966 4434 potuit
3007 4370 3224 4437 puerilis
3251 4374 3430 4428 carnis
3475 4385 3661 4431 natura
3695 4396 3814 4434 ver-

2221 4453 2326 4507 sari
2373 4455 2422 4507 in
2466 4463 2605 4508 tanta
2658 4459 2801 4538 aeris
2833 4460 3192 4530 iutequalitate
3215 4507 3227 4529 ,
3260 4482 3380 4521 cum
3417 4478 3522 4523 tam
3551 4473 3811 4541 singulari

2222 4559 2425 4610 mensa,
2474 4555 2526 4598 et
2562 4547 2985 4634 cmteris\v'astaz
3036 4555 3339 4610 solitudinis
3388 4560 3646 4617 miseriis.
3711 4564 3812 4621 Ubi

2221 4651 2361 4689 nunc
2390 4647 2513 4690 sunt
2543 4638 2850 4695 Gnccortim
2887 4644 3209 4714 philosophi,
3261 4652 3349 4719 qui
3402 4651 3600 4710 frustra
3653 4658 3812 4718 Cvui-

2219 4742 2334 4781 cam
2369 4729 2746 4797 impudentiam
2780 4735 2967 4787 sectati
2999 4738 3164 4789 sunt?
3193 4741 3341 4809 (quid
3366 4745 3507 4798 enim
3529 4761 3667 4816 opus
3697 4719 3811 4804 erat

2220 4836 2344 4875 sese
2376 4822 2428 4875 in
2460 4822 2600 4877 dolio
2641 4826 2941 4891 includere,
2968 4839 3021 4882 et
3061 4832 3148 4885 tali
3176 4833 3368 4891 deinde
3400 4837 3615 4895 lascivia
3653 4845 3724 4897 uti
3747 4846 3811 4909 ἲ.)

2218 4912 2308 4980 qui
2354 4915 2582 4978 annulis,
2639 4917 2851 4986 phialis,
2924 4922 3158 4990 famulis,
3214 4929 3447 4996 ancillis,
3497 4945 3551 4987 et
3599 4937 3806 5005 reliqua

2219 5020 2409 5074 pompa
2454 5007 2695 5064 instructi
2747 5024 2934 5078 erant,
2984 5025 3037 5069 et
3083 5018 3132 5071 in
3180 5028 3466 5092 utrumque
3521 5043 3802 5084 excessum

2217 5097 2446 5165 prolapsi
2487 5100 2650 5153 sunt?
2677 5103 2745 5154 At
2775 5101 2861 5156 hic
2900 5105 3016 5159 talis
3048 5121 3151 5162 non
3185 5120 3332 5177 erat;
3385 5115 3477 5168 sed
3525 5117 3805 5177 desertum

2214 5188 2599 5274 quasi‘ctelum
2650 5192 2923 5259 habitavit,
2969 5211 3215 5255 accurate
3246 5203 3646 5274 philosophiam
3691 5229 3803 5264 om-

2215 5293 2334 5332 nem
2363 5270 2616 5336 exhibens
2647 5302 2659 5336 :
2694 5283 2921 5353 indeque
2950 5303 3047 5342 ceu
3074 5292 3193 5359 quis
3214 5270 3434 5362 angelus
3466 5270 3542 5351 vde
3587 5302 3723 5354 caelo
3754 5305 3799 5358 in

2214 5368 2375 5422 urbes
2399 5371 2697 5435 descendit,
2728 5374 2929 5431 athleta
2975 5380 3212 5448 pietatis,
3257 5397 3544 5440 coronatus
3571 5391 3622 5442 in
3648 5394 3799 5458 orbe,

2212 5470 2264 5513 et
2298 5460 2645 5532 philosophus
2685 5466 2771 5519 illa
2828 5467 3166 5540 phil050phia
3212 5490 3330 5543 qua:
3357 5477 3502 5531 cailis
3524 5479 3684 5547 digna
3713 5499 3800 5538 es-

2211 5563 2311 5604 set.
2355 5553 2479 5608 Haec
2507 5571 2667 5623 porro
2696 5568 2883 5624 erant,
2934 5576 3055 5614 cum
3089 5563 3320 5618 nondum
3349 5569 3582 5624 solutum
3615 5588 3795 5642 pecca-

2212 5653 2318 5694 tum
2345 5654 2505 5708 esset,
2536 5660 2654 5700 cum
2685 5649 2914 5703 nondum
2951 5652 3031 5705 lex
3060 5665 3315 5720 cessaret,
3351 5670 3521 5714 morte
3554 5665 3793 5721 nondum

2213 5733 2406 5796 vincta,
2453 5738 2621 5805 portis
2651 5739 2803 5794 mrcis
2833 5742 3067 5800 nondum
3099 5745 3408 5818 coufractis,
3459 5751 3553 5807 sed
3584 5757 3798 5826 vigente
