4050 6502
349 459 448 514 139

334 571 512 627 adhuc
556 569 719 626 veteri
760 567 971 624 vivendi
1017 579 1234 636 genere.
1281 563 1424 618 Talis
1461 563 1641 632 utique
1669 567 1755 613 est
1785 558 1935 611 fortis

334 664 569 734 vigilque
610 664 820 718 animus
868 679 881 715 :
935 676 1057 715 nam
1109 660 1308 727 ubique
1355 656 1585 726 prosilit,
1632 655 1939 723 positasque

337 765 508 810 metas
539 753 894 810 transcurrit?
939 749 1392 822 quemadmodum
1424 759 1475 802 et
1500 747 1696 802 Paulus
1728 747 1778 799 in
1807 745 1937 798 Novi

334 846 665 901 Testamenti
707 845 1084 900 observatione
1116 842 1363 898 faciebat.
1413 839 1518 895 Sed
1561 854 1676 901 cur,
1707 839 1937 906 inquies,

335 955 456 992 cum
487 939 805 993 vestimento
830 938 990 991 etiam
1018 951 1150 989 zona
1182 933 1462 988 utebatur?
1493 930 1548 985 Id
1575 933 1623 982 in
1654 947 1803 984 more
1825 938 1942 983 erat

337 1030 474 1098 apud
518 1039 744 1095 veteres,
791 1030 1104 1098 priusquam
1137 1020 1297 1080 molle
1340 1026 1440 1077 hoc
1480 1034 1532 1078 et
1563 1021 1812 1077 diffluens
1845 1037 1938 1075 ve-

337 1121 572 1174 stimenti
605 1136 770 1188 genus
801 1119 1162 1173 induceretur.
1207 1116 1298 1172 Sic
1341 1116 1519 1185 itaque
1558 1124 1609 1168 et
1652 1114 1840 1168 Petrus
1887 1122 1942 1167 et

341 1210 534 1266 l'aulus
566 1211 724 1264 cincti
757 1212 1137 1264 inveniuntur:
1172 1222 1317 1272 nam,
1351 1205 1546 1271 Virum,
1573 1206 1760 1273 inquit,
1792 1204 1940 1272 cujm

341 1305 447 1355 huc
471 1319 600 1354 zona
627 1311 696 1355 est
743 1301 874 1370 (Act.
912 1300 1000 1354 21.
1036 1299 1148 1367 11).
1204 1298 1346 1352 Elias
1373 1311 1584 1366 quoque
1613 1296 1692 1350 sic
1719 1296 1940 1349 vestitus

339 1403 474 1458 erat,
522 1394 600 1446 sic
639 1402 946 1445 sanctorum
992 1389 1206 1458 singuli,
1241 1386 1382 1456 quod
1419 1388 1531 1441 sive
1557 1386 1610 1440 in
1636 1384 1747 1455 jugi
1777 1400 1941 1455 opere

339 1495 698 1546 versarentur,
751 1481 864 1534 sive
911 1482 1011 1534 iter
1057 1487 1297 1548 agerent,
1349 1477 1461 1531 sive
1496 1477 1656 1529 aliam
1697 1476 1941 1545 quamvis

339 1590 452 1626 rem
501 1573 854 1628 necessariam
899 1587 1018 1624 cum
1068 1571 1249 1623 labore
1287 1576 1578 1633 curarent;
1629 1582 1727 1621 nec
1769 1582 1830 1620 ea
1875 1566 1942 1620 de

339 1681 500 1718 eattsa
554 1675 780 1728 tantum,
819 1663 911 1718 sed
941 1663 1081 1732 quod
1114 1664 1273 1715 etiam
1306 1672 1556 1714 ornatum
1587 1676 1800 1714 onmem
1832 1660 1941 1713 cal—

340 1765 558 1822 cat-ent,
607 1768 660 1810 et
708 1765 936 1810 austera:
992 1756 1111 1808 vita:
1167 1753 1354 1807 rationi
1405 1752 1684 1812 studerent.
1733 1771 1745 1806 :
1801 1754 1942 1822 quod

343 1848 514 1916 ipsum
547 1861 796 1915 magnum
849 1847 1060 1899 virtutis
1100 1846 1405 1898 eucomium
1436 1859 1556 1898 esse
1586 1843 1832 1898 Christus
1858 1845 1942 1898 di-

339 1943 409 1993 cit
437 1940 521 1993 ltis
547 1940 722 1993 verbis
760 1958 772 1992 :
805 1938 939 2002 Quid
965 1940 1134 1991 existis
1163 1938 1375 1991 videre?
1416 1938 1668 1990 hominem
1709 1937 1943 1991 mollibus

339 2033 613 2086 vestitum?
646 2030 775 2084 Ecce
803 2031 888 2098 qui
922 2032 1152 2084 mollibus
1176 2031 1471 2095 vestiuntur,
1524 2031 1577 2082 in
1602 2029 1837 2084 domibus
1864 2046 1943 2082 re-

339 2141 458 2193 gum
484 2133 597 2177 sunt
629 2121 788 2192 (Luc.
830 2123 880 2175 7.
915 2123 1040 2192 25).

411 2216 464 2268 5.
492 2215 543 2268 Si
567 2231 729 2284 porro
761 2215 850 2268 ille
880 2215 951 2267 ita
984 2230 1165 2282 purus,
1201 2225 1254 2266 et
1283 2213 1418 2267 czrlo
1441 2213 1556 2282 ipso
1587 2212 1941 2284 splendidior,

339 2307 616 2376 prophetis
646 2307 895 2362 omnibus
927 2305 1155 2375 dignior,
1179 2320 1284 2375 quo
1315 2304 1486 2373 major
1514 2304 1616 2358 fuit
1643 2320 1824 2370 nemo,
1853 2305 1945 2373 qui

342 2409 542 2452 tantam
589 2399 770 2452 habuit
812 2398 1078 2460 fiduciam,
1121 2405 1228 2451 tam
1275 2412 1463 2466 aspere
1497 2397 1648 2461 vixit,
1699 2397 1946 2451 diffluen-

341 2503 450 2544 tem
499 2492 823 2560 volnptatem
871 2501 1150 2559 tant0pere
1199 2489 1540 2559 despiciens.
1603 2497 1709 2541 tam
1753 2489 1942 2542 duram

341 2598 506 2653 agens
547 2583 710 2636 vitam
745 2598 760 2638 :
791 2595 950 2652 quam
1000 2581 1402 2636 excusationem
1447 2580 1801 2644 habebimus,
1855 2579 1943 2646 qui

343 2686 463 2745 post
506 2684 650 2728 tanta
683 2673 961 2738 beneficia,
1015 2671 1283 2728 sexcentis
1334 2682 1674 2741 peccatorum
1719 2671 1946 2724 sarcinis
1989 2665 1992 2668 ’

341 2768 542 2830 oun5ti,
594 2782 661 2821 ne
703 2765 978 2819 minimam
1017 2764 1232 2834 quidem
1282 2775 1484 2832 partem
1519 2764 1848 2832 pmnitentia:
1887 2765 1946 2815 il-

343 2861 446 2912 lius
471 2858 839 2922 exhibeamus,
890 2857 984 2910 sed
1011 2856 1260 2911 ebrietati
1286 2867 1338 2909 et
1362 2856 1531 2909 ventri
1558 2853 1721 2908 dediti
1753 2855 1942 2917 simus,

346 2951 634 3022 unguentis
689 2950 1006 3018 fragrantes,
1059 2962 1156 3000 nec
1186 2946 1436 2999 meliores
1463 2944 1815 2998 theatralibus
1845 2945 1947 2996 illis

345 3042 736 3105 meretricibus,
794 3039 1026 3108 undique
1075 3037 1316 3091 tnnllitiei
1358 3051 1454 3089 nos
1508 3036 1787 3101 dedentes,
1836 3036 1948 3089 tlin-

345 3136 470 3190 bolo
513 3144 669 3204 raptu
705 3132 885 3186 faciles
930 3148 1028 3185 nos
1071 3131 1447 3200 praebeamus?
1495 3130 1542 3182 5.
1595 3128 1734 3180 Tum:
1783 3129 1949 3180 exibat

349 3225 416 3278 nd
465 3241 578 3278 erm
628 3225 791 3276 omnis
835 3221 1041 3284 Jutlwu,
1085 3233 1128 3272 et
1176 3220 1519 3289 Jcrosolyma,
1545 3228 1588 3270 et
1616 3219 1778 3272 omnis
1811 3219 1948 3287 regio

346 3318 611 3388 Jordanis,
656 3316 707 3371 6.
743 3327 790 3370 et
825 3315 1214 3382 baptizabantur
1239 3314 1301 3364 ab
1328 3330 1383 3366 eo
1419 3313 1470 3363 in
1496 3309 1745 3374 Iordane,
1789 3312 1950 3377 con/i-

347 3422 504 3466 tenm
535 3421 740 3481 peccata
766 3425 880 3463 sua.
913 3407 1098 3462 Videu’
1121 3417 1376 3476 quantum
1411 3403 1683 3472 pr0[tltt‘.l;1:
1713 3419 1949 3470 pra-sen-

349 3505 418 3559 tia
452 3501 651 3557 valuit?
681 3499 951 3571 quomodo
974 3508 1142 3552 totum
1176 3496 1430 3575 populum
1465 3494 1771 3550 excitavit?
1820 3509 1952 3564 quo-

347 3595 510 3651 modo
551 3594 726 3649 effecit
772 3601 828 3646 ut
877 3600 1094 3662 peccata
1143 3591 1193 3643 in
1245 3589 1557 3643 memoriam
1597 3588 1951 3641 revocarent?

351 3688 480 3740 Nam
527 3685 880 3740 admiratione
931 3683 1147 3752 dignum
1188 3689 1320 3745 erat,
1362 3680 1544 3733 videre
1581 3679 1729 3732 illum
1764 3680 1814 3731 in
1851 3679 1951 3730 ltu-

351 3795 509 3833 mano
537 3779 720 3833 habitu
752 3778 877 3832 talia
903 3775 1266 3835 exhibentem,
1316 3782 1371 3828 ct
1411 3780 1553 3826 tanta
1593 3780 1828 3825 utentem
1869 3770 1950 3823 di-

352 3871 503 3925 rt-ttdi
554 3870 817 3932 libertate,
854 3876 1016 3935 atque
1048 3866 1305 3920 adversus
1351 3879 1539 3918 omnes
1579 3863 1732 3933 quasi
1766 3873 1951 3917 contra

352 3979 547 4033 pueros
599 3963 986 4030 insurgentem,
1037 3959 1309 4029 multaque
1353 3959 1406 4012 in
1455 3958 1602 4011 vultu
1643 3959 1809 4027 gratia
1855 3957 1954 4011 ful-

351 4066 587 4123 gentem.
642 4053 721 4107 Ad
750 4061 1024 4120 stuporem
1054 4048 1367 4104 conferebat
1391 4047 1533 4117 quod
1572 4057 1690 4115 post
1724 4048 1952 4102 multum

365 4148 623 4214 temporis
665 4148 918 4217 propheta
945 4151 1254 4214 appareret;
1288 4158 1409 4196 nam
1459 4141 1574 4194 haec
1602 4139 1774 4208 gratia
1806 4138 1948 4206 apud

367 4238 486 4290 illos
536 4237 822 4300 defecerat,
856 4250 909 4289 et
955 4244 1075 4302 post
1125 4231 1433 4284 diuturnum
1479 4237 1690 4295 tempus
1739 4241 1956 4279 reversa

366 4340 470 4384 est.
505 4328 906 4382 Prazdicationis
933 4337 1111 4378 autem
1143 4322 1354 4384 modus,
1391 4333 1562 4373 novus
1593 4329 1644 4371 et
1673 4317 1961 4385 singularis

370 4428 505 4472 erat.
555 4417 694 4470 Nihil
743 4417 940 4486 quippe
985 4421 1364 4466 consuetornm
1419 4408 1736 4471 audiebant;
1789 4405 1963 4459 futura

375 4525 570 4578 nempe
621 4507 758 4560 bella
789 4516 840 4559 et
873 4506 1054 4573 prmlia
1101 4501 1457 4567 victoriasque
1505 4509 1766 4559 terrenas,
1799 4497 1968 4550 fames

372 4612 423 4656 et
455 4607 656 4668 pestes,
681 4595 1025 4663 Babylontas,
1055 4593 1266 4655 Persas,
1293 4590 1442 4641 urbis
1464 4586 1754 4648 excidium,
1779 4597 1829 4638 et
1859 4588 1959 4638 alia

374 4706 492 4758 qua
523 4687 802 4748 solt-bant;
833 4683 925 4737 sed
959 4681 1128 4736 cmlos
1155 4688 1208 4734 et
1235 4678 1456 4732 cmleste
1486 4691 1729 4744 regnum.
1765 4677 1966 4744 geho-n-

377 4797 563 4851 meque
585 4779 930 4848 supplicium.
959 4775 1252 4840 Propterea
1278 4785 1602 4839 quamquam
1633 4768 1863 4822 rebelles
1890 4767 1967 4820 illi

377 4876 464 4944 qui
511 4888 631 4927 cum
687 4869 821 4924 .luda
870 4877 924 4922 et
960 4865 1180 4918 Theuda
1229 4865 1278 4915 in
1331 4863 1545 4913 deserto
1594 4859 1828 4921 fuerant,
1865 4871 1969 4910 nou

381 4967 549 5022 multo
612 4970 738 5016 ante
803 4972 1044 5028 tempore
1105 4955 1352 5013 trucidati
1409 4953 1653 5019 fuissent,
1706 4968 1809 5006 non
1856 4951 1976 5005 ideo

379 5057 596 5127 segnius
623 5068 689 5108 eo
721 5067 780 5106 se
819 5052 1181 5105 contulerunt.
1218 5049 1329 5101 Non
1365 5045 1506 5100 enim
1539 5045 1604 5098 ad
1640 5043 1858 5096 easdem
1893 5056 1977 5095 res

386 5143 770 5217 perpetrandas
810 5142 956 5209 ipsos
1008 5145 1357 5202 convocanat,
1387 5135 1452 5189 ad
1505 5133 1841 5206 tyrannidem
1874 5133 1980 5185 sci-

387 5240 530 5298 licet,
560 5237 625 5290 ad
672 5234 1049 5294 defectionem,
1079 5232 1146 5285 ad
1202 5245 1289 5285 res
1338 5227 1638 5290 novandas;
1673 5225 1764 5279 sed
1807 5234 1864 5278 ut
1910 5223 1976 5277 ad

386 5345 676 5396 supernum
712 5330 934 5396 regnum
982 5324 1290 5377 deduceret.
1325 5321 1557 5388 Ideoque
1598 5333 1704 5372 non
1753 5317 1981 5371 detinuit

391 5441 571 5480 secum
604 5424 654 5478 in
698 5423 934 5484 deserto,
971 5433 1142 5486 neque
1192 5415 1569 5482 circumduxit,
1603 5413 1698 5467 sed
1749 5411 1922 5479 baptiz
1957 5439 1983 5450 -ρ

395 5527 475 5569 tos
516 5524 568 5568 et
609 5509 960 5580 philoSOphiae
1004 5507 1349 5562 sermonibus
1400 5507 1686 5558 instructos
1737 5500 1980 5554 dimisit:

397 5623 491 5674 per
538 5606 716 5658 omnia
763 5604 963 5656 docens
1015 5609 1229 5654 terrena
1270 5597 1570 5662 despicere,
1600 5603 1654 5648 et
1692 5592 1757 5645 ad
1806 5591 1979 5644 futura

402 5698 640 5761 tendere,
664 5710 726 5748 ac
758 5693 996 5764 quotidie
1017 5708 1134 5746 sese
1161 5691 1450 5745 concitare.
1486 5689 1636 5741 llunt-
1661 5696 1712 5738 et
1745 5701 1842 5738 nos
1867 5684 1985 5736 imi-

402 5806 594 5859 temur,
639 5807 700 5846 ac
748 5791 877 5845 cibis
933 5789 1302 5854 ebrietateqne
1354 5783 1612 5844 dimissis,
1665 5781 1732 5833 ad
1783 5789 1986 5833 arctam

405 5887 563 5941 vitam
611 5899 710 5940 nos
763 5881 1168 5937 transferamus.
1201 5879 1330 5932 Nam
1380 5875 1733 5931 confessionis
1782 5882 1988 5940 tempus

1483 449 1545 504 ΙΝ
1587 441 2002 503 ΜΑΤΤΙΙΑΕΙΙΜ
2051 442 2290 500 HOMIL.
2341 445 2407 499 Χ.

3551 447 3651 501 190

2050 571 2134 614 est
2158 577 2264 614 non
2292 558 2517 614 initiatis
2532 568 2586 614 et
2602 558 2920 628 baptizatis:
2947 558 3033 612 his
3057 559 3298 627 quidem,
3321 567 3380 612 ut
3401 569 3650 628 postput-

2050 650 2335 705 nitentiam
2364 661 2635 720 peractam
2666 650 2732 704 ad
2759 665 2914 704 sacra
2949 651 3169 704 veniant
3197 652 3454 720 mysteria
3483 669 3496 716 ;
3533 651 3642 705 illis

2050 756 2199 804 vero,
2226 741 2498 796 utablutis
2515 756 2650 810 quas
2676 750 2796 810 post
2825 741 3156 810 baptismum
3188 752 3511 796 contraxere
3534 759 3648 797 ma-

2048 834 2208 898 culis,
2224 849 2359 901 pura
2379 834 2710 888 conscientia
2730 836 2796 889 ad
2817 850 3058 890 mensam
3077 836 3644 894 accedant.Absceda-

2047 941 2170 978 mus
2189 926 2433 994 igiturab
2449 925 2549 980 hac
2570 927 2718 978 molli
2734 927 3109 996 dissolutaque
3133 929 3259 986 vita.
3280 927 3398 983 Non
3417 941 3648 999 possunt

2044 1016 2352 1081 euitu,fnon
2385 1026 2617 1084 possunt
2645 1017 2831 1086 utique
2866 1033 2972 1070 una
2997 1019 3647 1075 subsistereconfessioet

2044 1105 2288 1162 delicite:
2343 1117 2396 1162 et
2426 1113 2541 1162 haec
2565 1123 2660 1162 vos
2684 1107 2877 1162 doceat
2907 1109 3146 1165 Joannes
3177 1127 3206 1164 a
3241 1115 3585 1174 vestimento,
3615 1132 3642 1167 a

2047 1197 2190 1259 cibo,
2245 1211 2273 1249 a
2320 1196 2503 1252 dumo.
2562 1199 2700 1266 Quid
2741 1201 2938 1270 igitur?
3000 1205 3248 1272 inquies:
3283 1206 3427 1260 itane
3452 1216 3658 1262 arctam

2044 1286 2201 1356 jubes
2233 1302 2332 1340 nos
2377 1288 2576 1344 ducere
2606 1291 2811 1346 vitam?
2854 1291 2968 1346 Non
3010 1294 3194 1362 juheo,
3238 1296 3334 1350 sed
3376 1298 3578 1358 suadeo
3608 1307 3662 1354 et

2048 1377 2259 1432 hortor.
2293 1379 2446 1446 Quod
2474 1383 2518 1434 si
2555 1379 2606 1435 id
2638 1383 2815 1438 facere
2843 1397 2947 1437 non
2981 1387 3223 1453 potestis,
3269 1387 3457 1442 saltem
3500 1389 3553 1443 in
3586 1391 3665 1445 ci-

2051 1471 2305 1526 vitatibus
2351 1473 2607 1542 degentes
2671 1475 3044 1544 penitentiam
3103 1477 3488 1546 exhibeamus;
3539 1496 3664 1534 nam

2044 1561 2306 1632 judicium
2335 1576 2416 1618 est
2452 1567 2502 1618 in
2527 1567 2708 1635 janttis
2743 1586 2755 1620 :
2802 1569 3014 1623 etiamsi
3043 1585 3171 1625 vero
3209 1573 3465 1627 remotius
3495 1584 3660 1634 esset,

2051 1672 2117 1710 ne
2149 1658 2226 1710 sic
2265 1659 2483 1727 quidem
2537 1661 2781 1714 securius
2818 1677 2978 1731 agere
3021 1672 3317 1733 oporteret.
3361 1664 3493 1719 Nam
3543 1666 3666 1720 finis

2052 1751 2176 1804 vita:
2206 1752 2537 1821 singulorum
2567 1753 2812 1808 eamdem
2847 1755 2951 1809 vim
2981 1771 3107 1826 erga
3147 1773 3415 1827 quemque
3470 1759 3664 1823 habet,

2052 1857 2212 1910 quam
2241 1844 2638 1897 consummatio
2666 1847 2872 1900 sreculi.
2903 1847 3056 1913 Quod
3081 1857 3260 1902 autem
3293 1850 3344 1902 in
3372 1850 3553 1919 januis
3575 1851 3664 1914 sit,

2050 1935 2173 1989 attdi
2208 1937 2431 1989 Paulum
2485 1938 2754 1992 dicentem
2790 1957 2802 1992 :
2837 1939 2960 1994 Nox
3002 1943 3277 2008 prteceuit,
3329 1944 3436 1996 dies
3497 1953 3665 1996 autem

2051 2031 2516 2100 approquinquavit
2554 2032 2729 2102 (Rom.
2786 2034 2872 2086 15.
2915 2033 3001 2100 1‘2)
3039 2052 3050 2087 :
3085 2051 3148 2088 ac
3176 2051 3379 2100 rursus,
3413 2037 3516 2102 Qui
3550 2053 3668 2091 ren-

2052 2132 2195 2176 turtts
2230 2135 2323 2188 est,
2373 2125 2531 2178 veniet
2556 2167 2569 2190 ,
2609 2136 2654 2177 et
2687 2143 2785 2178 non
2818 2125 3037 2179 tardabit
3079 2126 3235 2195 (ΗΛ).
3275 2128 3494 2198 10.57).
3540 2131 3666 2185 Ete-

2053 2215 2164 2268 nim
2217 2215 2366 2284 signa
2393 2216 2500 2284 jam
2542 2217 2758 2285 impleta
2800 2229 2925 2270 sunt
2954 2234 3015 2272 ea
3045 2236 3164 2287 ςμιω
3195 2219 3337 2274 diem
3366 2221 3509 2275 illam
3540 2238 3661 2277 evo-

2051 2315 2195 2360 cant.
2230 2306 2361 2359 Nam
2406 2307 2482 2359 ait
2515 2326 2526 2360 :
2561 2307 2933 2361 I’rtcdt'cabt'tur
2977 2312 3072 2362 hoc
3103 2312 3419 2381 evangelium
3445 2315 3585 2383 regni
3615 2315 3668 2369 in

2053 2397 2286 2450 universo
2332 2397 2523 2451 mundo
2559 2400 2611 2451 in
2645 2400 2987 2452 testimonium
3036 2403 3267 2456 omnibus
3306 2404 3536 2473 gentibus
3571 2420 3586 2458 .'
3622 2415 3670 2460 et

2052 2496 2169 2539 tunc
2223 2487 2386 2540 veniet
2429 2490 2798 2543 consummatio
2832 2489 3044 2560 (Matth.
3079 2490 3170 2546 2t.
3199 2495 3308 2562 Η).

2041 2595 2044 2599 ·
2125 2579 2177 2633 6.
2214 2579 2537 2633 Audientium
2568 2581 2814 2648 fervorem
2842 2584 3086 2649 stimulat,
3119 2601 3232 2637 cutn
3263 2588 3516 2654 terrendo,
3565 2597 3670 2641 tum

2054 2671 2393 2724 exhortando.
2423 2702 2492 2710 -—
2527 2672 2694 2727 Dictis
2719 2673 3005 2742 diligenter
3035 2676 3316 2731 attendite.
3349 2677 3467 2731 Non
3498 2678 3668 2743 dixit,

2053 2763 2186 2817 Cum
2227 2764 2491 2818 creditum
2535 2764 2695 2818 fuerit
2734 2766 2802 2820 ab
2849 2769 3137 2831 omnibus;
3178 2769 3296 2833 sed,
3345 2770 3480 2825 Cum
3517 2773 3670 2825 fuerit

2053 2853 2191 2922 apud
2222 2871 2411 2908 omnes
2445 2855 2811 2923 praedicatum.
2857 2859 3144 2927 Propterea
3177 2862 3410 2926 dicebat,
3443 2861 3502 2916 In
3537 2865 3671 2917 trsti~

2057 2947 2280 2997 monium
2309 2947 2559 3014 gentibus,
2594 2947 2874 3002 declarans
2891 2965 2949 3002 se
2981 2967 3085 3002 Itutt
3106 2963 3541 3020 exspectaturum
3570 2955 3671 3009 d0-

2058 3054 2155 3091 ucc
2185 3053 2374 3092 omnes
2418 3039 2662 3105 credant,
2694 3052 2748 3093 ut
2780 3052 2966 3108 postea
2997 3044 3193 3097 veniat.
3231 3044 3362 3099 Illud
3393 3039 3560 3111 eitint,
3607 3045 3673 3101 In

2056 3131 2426 3193 testimonium,
2461 3130 2561 3183 hoc
2589 3142 2691 3194 est,
2728 3132 2780 3184 in
2820 3135 3245 3197 accusationem,
3292 3140 3345 3188 in
3373 3137 3672 3190 convictioo

2058 3237 2200 3282 nent,
2235 3222 2284 3274 in
2314 3222 2825 3276 condemnationem
2851 3238 3037 3276 eorum
3064 3226 3155 3294 qui
3187 3241 3291 3278 non
3326 3226 3672 3282 crediderint.

2059 3316 2126 3366 At
2173 3329 2289 3377 nos,
2334 3316 2423 3381 qui
2469 3315 2583 3368 haec
2622 3314 2869 3370 audimus
2912 3325 2968 3369 et
2998 3317 3264 3381 videmus,
3294 3318 3671 3386 dormitamus,

2058 3407 2514 3474 smuniamusqne,
2543 3415 2597 3460 et
2616 3407 2767 3474 quasi
2796 3407 2846 3460 in
2874 3407 3287 3476 prol'undissima
3320 3389 3474 3464 nocte
3501 3410 3676 3465 ebrie-

2061 3505 2166 3550 tate
2217 3513 2522 3566 gravamur.
2581 3496 2794 3550 Etenim
2849 3513 2937 3552 res
2989 3509 3284 3567 prteseutes
3338 3502 3506 3556 nihilo
3549 3513 3676 3558 sunt

2059 3588 2282 3642 stimniis
2313 3589 2592 3654 meliores,
2625 3589 2738 3641 sive
2775 3589 2877 3643 illa:
2907 3588 3060 3644 boum
3101 3590 3212 3645 sive
3261 3592 3502 3647 molesta:
3543 3595 3670 3648 sint.

2062 3680 2373 3747 pl‘OplCt'Ca,
2407 3682 2654 3745 obsecro,
2685 3681 2796 3749 jam
2821 3684 3290 3753 expergiscamini,
3327 3696 3379 3739 et
3401 3686 3465 3740 ad
3491 3687 3674 3742 Solem

2055 3770 2275 3838 justiti-.1:
2306 3772 2622 3837 resiliciatis.
2651 3771 2822 3826 Nemo
2851 3774 3047 3842 quippe
3071 3774 3343 3831 dormiens
3374 3777 3544 3832 solem
3579 3796 3676 3849 ρος

2063 3868 2167 3913 test
2195 3860 2397 3927 videre,
2447 3878 2621 3932 neque
2651 3864 3050 3932 pulchritudine
3094 3866 3366 3921 radiorum
3398 3868 3516 3936 ejus
3541 3884 3671 3925 ocu-

2064 3954 2142 4006 los
2173 3953 2479 4016 delectare;
2513 3957 2604 4009 sed
2635 3955 2678 4009 si
2713 3971 2813 4026 qua
2846 3956 3005 4022 videt,
3038 3959 3191 4028 quasi
3226 3960 3276 4012 in
3308 3962 3521 4015 somnio
3554 3978 3681 4016 om—

2065 4045 2148 4098 nia
2196 4045 2358 4102 videt.
2411 4046 2535 4101 ldeo
2577 4049 2740 4101 multa
2798 4048 2951 4103 nobis
2997 4065 3136 4120 opus
3184 4059 3267 4106 est
3303 4051 3682 4124 confessione,

2057 4143 2239 4197 multis
2269 4143 2538 4212 lacrymis,
2577 4154 2687 4196 tttm
2733 4145 2852 4211 quia
2901 4146 3021 4199 sine
3065 4143 3177 4200 ullo
3216 4163 3378 4206 sensu
3411 4152 3669 4219 jacetnus

2065 4232 2204 4284 mala
2237 4243 2638 4299 perpetrantes;
2674 4244 2782 4285 tum
2814 4235 2936 4302 quia
2983 4250 3174 4305 magna
3202 4247 3329 4292 sunt
3358 4252 3576 4307 peccata
3609 4255 3666 4300 et

2066 4323 2218 4374 venia
2269 4322 2507 4392 indigna.
2547 4322 2698 4388 Quod
2742 4337 2870 4378 vero
2902 4339 3007 4378 non
3055 4327 3310 4392 mentiar,
3341 4339 3506 4385 testes
3538 4342 3669 4388 sunt

2069 4412 2288 4481 pluritui
2321 4429 2382 4467 ex
2415 4414 2792 4481 prmsentibus.
2832 4416 3077 4469 Attamen
3104 4417 3229 4471 licet
3259 4420 3410 4471 venia
3442 4417 3666 4488 indigna

2071 4517 2097 4555 s
2122 4510 2201 4564 nt,
2235 4506 2607 4570 punitentiam
2654 4519 2900 4573 agamus,
2929 4515 2984 4559 et
3013 4509 3228 4561 coronis
3257 4507 3519 4562 fruemur.
3555 4511 3676 4566 P03-

2073 4596 2352 4648 niteutiam
2385 4607 2563 4649 autem
2598 4612 2752 4660 voco,
2774 4613 2878 4650 non
2907 4614 2932 4648 a
2965 4597 3232 4666 prioribus
3255 4601 3529 4656 abstinere
3559 4619 3677 4655 ma-

2089 4691 2156 4745 lis
2185 4698 2418 4754 tantum,
2445 4685 2538 4741 sed
2574 4688 2738 4740 etiam
2773 4685 2979 4754 majora
3039 4685 3180 4738 bona
3232 4687 3446 4752 cperari
3475 4705 3486 4738 :
3556 4703 3687 4738 nam

2090 4785 2165 4835 ait
2190 4777 2243 4830 8.
2299 4780 2484 4833 Facite
2539 4779 2746 4846 fructus
2793 4771 2980 4844 dignos
2999 4775 3341 4844 paenitentiaz.
3388 4779 3692 4844 Qtomotlo-

2076 4863 2372 4918 faciemus?
2406 4865 2460 4917 Si
2514 4863 2779 4916 contraria
2833 4863 3091 4916 faciamus
3133 4878 3146 4914 :
3192 4865 3426 4931 exempli
3477 4879 3684 4920 causa:

2083 4957 2307 5023 rapuisti
2335 4956 2543 5008 aliena?
2573 4954 2688 5007 Jam
2718 4962 2804 5007 tua
2837 4954 3050 5022 largire.
3089 4954 3270 5024 Longo
3298 4962 3542 5022 tempore
3569 4955 3682 5009 for-

2085 5049 2294 5099 nicatus
2342 5046 2439 5098 es?
2472 5049 2552 5098 At)
2603 5059 2772 5098 uxore
2813 5043 3028 5098 abstine
3075 5045 3227 5098 statis
3275 5045 3695 5110 diebus,conti-.

2084 5138 2318 5192 nentiam
2350 5151 2564 5190 exerce.
2607 5135 3001 5189 Contumeliam
3053 5136 3301 5198 intulisti,
3339 5138 3418 5189 vel
3454 5148 3685 5205 praster-

2082 5243 2272 5285 eutves
2317 5227 2665 5296 percussisti?
2695 5227 3090 5280 Contumeliam
3147 5227 3496 5281 inferentibus
3523 5229 3685 5282 dein-

2088 5335 2214 5386 ct-ps
2247 5318 2494 5378 bcnedic,
2520 5327 2574 5370 et
2623 5317 3044 5384 percutientihus
3078 5327 3126 5367 te
3159 5317 3419 5370 beneficia
3467 5318 3676 5370 confer.

2091 5413 2275 5479 Neque
2303 5410 2445 5463 enim
2475 5411 2605 5464 satis
2630 5419 2713 5462 est
2743 5408 2806 5460 ad
2840 5409 3145 5468 sanitatem,
3173 5407 3216 5460 si
3243 5407 3407 5460 telum
3437 5408 3692 5460 exttalta‘

2093 5517 2239 5561 tuus;
2267 5501 2360 5553 sed
2389 5500 2594 5552 vulneri
2618 5499 2777 5551 etiam
2803 5497 3037 5552 remedia
3061 5497 3386 5550 adhibenda.
3415 5496 3704 5550 Conviviis

2087 5597 2139 5641 et
2168 5586 2414 5642 ebrietati
2456 5601 2673 5655 operam
2706 5585 2900 5637 dedisti
2932 5585 3199 5639 antehac?
3230 5584 3417 5651 Jejuna
3449 5595 3499 5636 et
3539 5600 3700 5650 aqtm:

2089 5690 2270 5750 potum
2299 5678 2510 5731 adhibe.
2545 5677 2773 5731 Attende
2801 5687 2856 5730 ut
2889 5677 3009 5729 inde
3028 5687 3197 5729 ortam
3227 5676 3517 5744 pCl'--lt3lt'l|l
3547 5692 3699 5729 antu-

2089 5791 2231 5828 vcas.
2271 5773 2456 5827 Vidisti
2506 5772 2791 5842 impudicis
2830 5772 2998 5825 oculis
3049 5772 3278 5823 alienant
3332 5770 3591 5820 l'nrtnam?
3623 5768 3698 5822 Ne.

2091 5868 2370 5924 mulierem
2416 5867 2631 5938 quidem
2680 5868 2839 5921 ullam
2893 5867 2943 5920 in
2995 5876 3266 5934 pusteruttt
3315 5865 3592 5934 respicias,
3644 5875 3699 5918 ut
