4050 6434
406 409 501 493 tot

422 524 590 593 magis
632 525 742 573 tuto
771 512 1022 569 verset-is.

422 584 607 667 bonum
640 607 812 679 (Psal.
845 606 934 660 36.
965 602 1090 670 27);
1135 612 1194 650 ar.
1239 608 1450 650 rursum
1482 608 1494 643 ε
1532 585 1750 642 Prohibe
1785 584 2011 679 linquat).

419 713 558 756 tuam
603 669 819 760 a‘malo,‘
850 669 1047 748 (ιιαὸὶὰ
1088 699 1174 741 tua
1215 703 1277 739 ne
1305 685 1575 753 loquamur
1615 677 1785 730 dolum
1833 669 2007 737 (Psal.

421 791 510 846 55.
542 786 654 860 N).
686 785 789 842 Sed
817 784 1015 837 bonum
1047 791 1257 846 quoque
1286 774 1446 825 (licito
1474 767 1600 821 mihi
1637 783 1649 818 :
1682 762 1891 831 Inquire
1923 776 2016 828 pa-

424 898 551 946 cem,
593 889 638 934 et
683 889 976 948 persequere
1015 887 1123 924 eam
1155 865 1313 938 (Ibid.
1346 879 1391 916 ι’.
1424 860 1544 927 15);
1574 873 1681 911 non
1729 869 1845 907 eam
1895 866 2012 948 qum

425 988 547 1028 cum
580 941 884 1025 hominibus
910 971 1134 1022 tantum,
1167 957 1258 1010 sed
1284 968 1404 1008 eam
1423 951 1580 1004 etiam
1607 960 1726 1016 quze
1751 958 1872 998 eum
1902 941 2013 996 Deo

428 1063 673 1116 habetur.
709 1035 940 1111 Pulcbre
978 1060 1154 1103 autem
1185 1046 1346 1105 dixit,
1385 1041 1687 1105 Persequere
1716 1051 1733 1089 :
1766 1049 1888 1087 nam
1917 1048 2014 1086 ex-

428 1151 577 1220 pulsa
607 1148 694 1200 illa
719 1152 775 1200 et
803 1139 1076 1212 profligata
1104 1145 1206 1198 est,
1238 1150 1301 1187 ac
1330 1133 1512 1186 relicta
1549 1139 1709 1190 terra,
1741 1126 1793 1178 in
1824 1123 2013 1178 cadum

427 1241 576 1296 abiit.
607 1236 715 1298 Sed
757 1244 1046 1304 possumus
1087 1229 1228 1282 illam
1265 1225 1540 1286 reducere,
1576 1223 1620 1276 si
1651 1220 1898 1284 velimus,
1928 1231 2016 1269 ar-

430 1330 750 1400 rogantiam,
802 1323 1104 1394 superbiam
1145 1329 1198 1374 et
1223 1318 1399 1374 omnia
1430 1314 1810 1385 impedimenta
1838 1324 2014 1365 remo—

432 1397 557 1474 vere
577 1458 591 1483 ,
627 1431 689 1470 ac
716 1429 902 1486 puram
932 1418 1424 1481 temperantemque
1449 1404 1641 1461 sectari
1671 1404 1850 1456 vitam.
1879 1397 2017 1454 Nihil

445 1509 586 1565 enim
614 1508 689 1560 ira
713 1505 1015 1572 ferociaque
1034 1501 1288 1554 deterius.
1311 1498 1435 1552 llaec
1461 1497 1601 1551 enim
1631 1493 1838 1548 inﬂatos
1860 1489 2019 1546 simul

430 1609 485 1655 et
513 1599 732 1653 serviles
758 1595 962 1649 animos
992 1592 1174 1657 efﬁci',
1203 1591 1328 1643 hinc
1349 1587 1618 1648 ridiculos,
1651 1585 1771 1639 inde
1803 1583 2017 1639 odiosus

435 1687 689 1751 reddens,
712 1694 766 1741 et
786 1685 886 1739 sibi
905 1681 1172 1737 contraria
1200 1679 1457 1733 inducens
1478 1677 1638 1740 mala,
1660 1674 2019 1742 arrogantiam

440 1791 633 1845 nempe
659 1785 712 1830 et
738 1774 1114 1828 adulationem.
1148 1769 1251 1825 Sed
1284 1770 1328 1821 si
1365 1768 1586 1822 affectus
1620 1764 2016 1819 immoderatio-

435 1883 559 1922 ncm
586 1862 980 1926 exscindamus,
1010 1870 1064 1916 et
1092 1860 1334 1914 modeste
1360 1856 1607 1918 humiles,
1640 1863 1693 1909 et
1719 1864 1831 1908 tuto
1860 1853 2024 1905 subli-

438 1970 552 2011 mes
580 1954 797 2008 erimus.
827 1951 958 2005 Nam
988 1951 1040 2004 itt
1068 1947 1381 2017 corporibus
1406 1946 1565 2000 etiam
1599 1944 1797 1998 nostris
1836 1957 1899 1996 ex
1942 1956 2026 1994 re-

439 2045 725 2100 dundantia
769 2045 922 2103 make
964 2044 1245 2096 humerum
1289 2037 1698 2094 commixtiones
1739 2035 2022 2089 oriuntur:

441 2140 701 2194 elementa
737 2150 945 2206 quoque
969 2149 1094 2188 cum
1139 2131 1384 2200 proprius
1422 2129 1522 2181 sibi
1554 2126 1810 2180 terminos
1835 2123 2027 2177 transi-

442 2229 592 2292 liunt,
625 2236 677 2280 et
708 2227 1012 2280 innumeros
1035 2222 1270 2280 morbos,
1293 2229 1347 2273 et
1371 2217 1557 2270 funera
1578 2216 1758 2284 gravia
1785 2213 2024 2284 pariunt;

444 2316 495 2372 id
525 2316 668 2386 quod
694 2316 852 2370 etiam
883 2314 935 2367 in
965 2313 1140 2365 anima
1167 2308 1413 2364 accidere
1442 2295 1706 2366 videmus.

514 2409 568 2462 7.
613 2402 1111 2461 lmmoderationetn
1151 2399 1329 2469 itaque
1367 2396 1764 2460 abscindamus,
1805 2402 1860 2449 et
1887 2393 2030 2447 salu-

449 2499 567 2546 tare
601 2492 991 2545 moderationis
1021 2492 1375 2560 pharmacum
1403 2495 1675 2557 potantes,
1719 2486 1770 2537 in
1807 2492 2014 2551 tempe-

448 2582 626 2636 rantia
648 2583 968 2652 congruenti
991 2595 1329 2644 maneamus,
1350 2579 1716 2648 precibusque
1731 2576 2019 2643 diligenter

452 2673 851 2727 incumbamus.
882 2672 938 2726 Si
989 2673 1318 2740 postulatum
1369 2683 1476 2723 non
1505 2667 1861 2735 acripiamus,
1895 2677 2018 2732 per-

449 2775 778 2826 severemus,
833 2769 892 2813 ut
935 2758 1308 2826 accipiamus;
1372 2755 1414 2808 si
1457 2756 1846 2823 acceperimus,
1895 2754 2018 2807 ideo

451 2868 860 2924 perseveremus
917 2853 1046 2920 quia
1098 2849 1427 2918 accepimus.
1487 2846 1673 2915 Neque
1711 2847 1854 2900 enim
1912 2847 2022 2899 vult

453 2944 543 2999 ille
592 2946 922 3014 postulatum
962 2942 1166 2995 donum
1205 2939 1446 3002 tliﬂ‘erri;
1515 2940 1607 2992 sed
1679 2937 2020 2991 cunctatione

452 3036 822 3091 assiduitatem
873 3034 1140 3104 sagaciter
1189 3033 1349 3101 parit.
1423 3030 1545 3084 Ideo
1596 3029 1774 3082 diﬂ'ert
1833 3038 2021 3097 postu-

455 3127 562 3182 lata
593 3126 907 3188 concedere,
950 3139 1013 3178 ac
1041 3139 1199 3191 saepe,
1228 3124 1577 3193 tentationem
1619 3119 1855 3175 incidere
1902 3133 2022 3186 per--

451 3211 632 3277 mittit,
666 3222 721 3264 ut
750 3211 1052 3276 frequenter
1075 3208 1140 3261 ad
1168 3223 1289 3261 eum
1318 3206 1707 3275 confugiamus,
1733 3212 1786 3259 et
1813 3203 1888 3258 sic
1917 3219 2038 3270 per-

452 3314 776 3355 sereremus.
807 3299 896 3352 Sic
920 3313 1130 3368 quoque
1155 3297 1350 3351 faciunt
1377 3313 1408 3365 p
1427 3307 1549 3351 utres
1569 3305 1622 3350 et
1653 3306 1848 3349 matres
1875 3295 2039 3363 prolis

453 3399 722 3443 amantes:
746 3404 865 3443 eum
892 3390 1138 3456 parvulos
1165 3402 1289 3441 suos
1313 3386 1538 3438 viderint
1566 3385 1633 3437 ab
1659 3399 1716 3438 se
1743 3385 2037 3448 discedere,

461 3491 520 3534 ut
540 3495 662 3534 cum
689 3479 976 3547 {equalibus
1004 3475 1354 3538 suisludant,
1387 3477 1433 3529 id
1467 3483 1655 3528 curant
1684 3484 1739 3528 ιιι
1763 3475 2038 3529 domestici

463 3570 712 3625 tert'icula
752 3569 914 3622 multa
962 3566 1234 3628 simulent,
1283 3575 1340 3618 ut
1389 3580 1495 3633 prae
1549 3566 1737 3618 timore
1785 3573 2041 3634 cogantur

455 3662 662 3733 pueruli
700 3661 766 3715 ad
807 3671 1101 3714 maternum
1145 3658 1319 3711 sinum
1348 3658 1650 3724 Confugere.
1699 3656 1786 3710 Sic
1822 3665 1874 3710 et
1905 3657 2039 3708 Iteus

455 3768 599 3823 saepe
625 3753 796 3807 minas
827 3753 1067 3814 intentat,
1102 3765 1208 3803 non
1253 3757 1310 3802 ut
1350 3750 1485 3800 mala
1515 3747 1737 3816 inﬂigat,
1771 3747 1862 3801 sed
1896 3757 1950 3798 ut
1975 3746 2038 3799 ad

454 3858 514 3898 se
543 3840 829 3914 pertrahat.
858 3841 990 3895 Cum
1013 3850 1191 3894 autem
1219 3839 1285 3892 ad
1313 3838 1458 3891 illum
1485 3837 1839 3907 confugimus,
1862 3838 2039 3889 statim

457 3942 654 3987 metum
687 3933 845 3986 solvit
868 3951 880 3984 :
904 3931 1043 4000 quod
1068 3931 1113 3984 si
1142 3929 1273 3990 tales
1300 3940 1540 3982 essemus
1566 3926 1616 3978 in
1641 3926 2037 3984 tentationibus,

459 4023 644 4094 quales
666 4022 718 4078 in
751 4022 1148 4089 tranquillitate,
1180 4024 1592 4087 nonegercmus
1620 4014 2040 4070 ‘elllaliOllt‘.EC/'

1178 403 1234 446 δ.
1273 386 1547 448 JOANNIS
1582 369 2050 440 cunvsosrout
2090 370 2405 429 ABClllEP.
2445 367 2977 425 cousnmmor.

1070 507 1297 564 Ductiua,
1349 498 1538 568 intlttit,
1581 512 1611 548 a
1657 492 1809 552 malo.
1851 497 1896 542 et
1928 486 2011 556 {ac
2103 471 2228 542 quid
2259 472 2326 526 de
2351 468 2503 524 nobis
2529 466 2717 568 loquor
2749 463 2955 518 "Nam
2981 457 3177 561 sanctis
3202 456 3558 568 Quoque'illis

2105 578 2206 632 gua
2236 563 2358 615 hinc
2384 558 2726 628 provenich
2757 552 3122 622 temperantiae
3150 548 3384 605 occasio.
3418 546 3548 601 Ideo
3577 544 3701 598 dicit

1579 4295 2636 4324 Μ

3594 359 3693 417 I92

2109 653 2364 722 propheta
2395 666 2408 701 :
2440 646 2636 701 Bonum
2657 645 2782 697 mihi
2809 644 2927 714 quia
2953 640 3233 695 humiliasti
3264 655 3343 691 me
3370 635 3545 707 (Psal.
3574 636 3697 688 118.

2111 745 2221 815 7|).
2263 743 2487 811 Ipseque
2518 736 2770 807 apostolis
2799 733 3010 788 dicebat
3038 750 3050 786 :
3081 731 3148 785 1η
3179 729 3367 784 mundo
3411 726 3702 780 tribulatio-

2113 851 2225 890 nem
2253 833 2492 886 habebitis
2522 830 2700 899 (Joan.
2728 829 2814 882 16.
2840 827 2951 895 55).
2983 823 3092 878 Hoc
3114 820 3494 892 porroPaulus
3519 818 3706 874 subiu-

2115 928 2286 990 dirat,
2318 939 2437 978 cum
2467 924 2541 976 ait
2570 940 2582 975 :
2619 920 2782 973 Datus
2809 928 2881 971 est
2910 917 3034 969 mihi
3060 914 3294 970 stimulus
3325 914 3514 974 carnis,
3546 925 3705 980 ange-

2115 1020 2191 1072 lus
2240 1027 2452 1076 samum,
2499 1016 2581 1084 qui
2626 1028 2702 1065 me
2743 1009 3023 1077 colaphiset
3053 1007 3129 1078 (3.
3177 1004 3293 1059 Cor.
3340 1003 3424 1057 12.
3459 1003 3539 1072 7).
3587 1001 3707 1054 Ideo

2114 1119 2364 1181 precatus
2395 1117 2450 1160 ut
2478 1124 2505 1159 a
2539 1103 2830 1158 tentatione
2859 1101 3197 1162 liberaretur,
3227 1093 3278 1148 id
3313 1109 3414 1147 non
3445 1093 3712 1159 impetra-

2113 1204 2208 1265 vit,
2240 1203 2362 1271 quia
2405 1193 2529 1256 inde
2561 1211 2803 1265 maguum
2849 1192 3100 1261 carpebat
3130 1191 3435 1244 utilitatem.
3465 1185 3523 1241 Si
3583 1200 3710 1238 vero

2116 1301 2280 1346 totam
2327 1290 2539 1345 Davidis
2584 1290 2744 1340 vitam
2795 1284 3153 1354 exploremus,
3197 1280 3531 1334 inveniemus
3562 1278 3709 1332 illum

2116 1383 2256 1438 inter
2305 1380 2537 1451 pericula
2586 1377 2887 1437 clariorem,
2931 1388 3104 1443 neque
3145 1372 3292 1425 illum
3339 1380 3570 1433 tantum,
3619 1367 3712 1422 sed

2117 1474 2275 1528 etiam
2303 1473 2436 1525 alios
2461 1484 2646 1522 omnes
2673 1467 2772 1535 ipsi
2797 1465 3019 1519 similes.
3056 1462 3264 1516 Etenim
3296 1459 3396 1513 Joh
3429 1459 3533 1512 hoc
3561 1468 3714 1527 pacto

2119 1563 2285 1629 magis
2328 1559 2554 1620 refulsit,
2595 1551 2795 1625 Ioseph
2825 1554 2902 1608 sic
2946 1551 3112 1622 magis
3152 1551 3427 1619 magisque
3465 1549 3665 1602 claruit
3698 1565 3711 1599 :

2119 1654 2282 1709 Jacob
2314 1649 2438 1706 item
2471 1662 2524 1705 et
2547 1658 2697 1716 pater
2727 1647 2918 1716 ipsius,
2958 1653 3010 1698 et
3038 1657 3186 1705 atus,
3217 1652 3271 1696 et
3297 1650 3560 1711 quotquot
3589 1654 3717 1694 con-

2119 1745 2288 1814 spicui
2331 1743 2563 1806 fuerunt,
2611 1735 3168 1808 splendidioribusque
3206 1734 3420 1789 coronis
3459 1743 3586 1786 sunt
3631 1747 3718 1784 or-

2123 1837 2255 1901 nati,
2287 1852 2350 1888 ex
2393 1834 2645 1888 mrumnis
2685 1840 2843 1900 atque
2884 1827 3270 1884 tentationibus
3311 1835 3366 1880 et
3395 1825 3636 1879 coronati
3668 1833 3721 1877 et

2124 1925 2433 1997 proclatnati
2459 1932 2601 1977 sunt.
2627 1921 2752 1974 Haec
2779 1935 2898 1974 cum
2931 1919 3161 1972 sciamus
3191 1915 3390 1980 omnia,
3422 1913 3719 1969 secundum

2124 2020 2415 2086 sapientem
2461 2015 2607 2068 illum
2650 2025 2973 2074 sermonem,
3011 2008 3093 2063 Ne
3120 2011 3411 2080 festinemus
3442 2008 3491 2060 in
3525 2007 3608 2058 die
3641 2008 3720 2057 iu-

2124 2110 2341 2163 vasionis
2359 2106 2541 2177 (Eccli.
2565 2106 2619 2159 2.
2642 2105 2724 2175 2),
2747 2103 2840 2158 sed
2864 2103 2928 2157 ad
2957 2118 3116 2157 unum
3141 2110 3342 2155 tantum
3363 2115 3459 2152 nos
3483 2099 3724 2154 ἰιιεῑὶιιιπο

2126 2217 2260 2264 mus,
2283 2209 2338 2252 ut
2356 2199 2531 2252 omnia
2554 2197 2759 2251 fortiter
2781 2197 3030 2259 feramus,
3051 2209 3148 2247 nec
3166 2193 3724 2262 curioseinquiramus

2126 2292 2208 2345 vel
2226 2300 2523 2344 scrutemur
2538 2303 2598 2342 ea
2617 2302 2734 2356 qtue
2749 2285 3014 2340 accidunt.
3029 2283 3157 2338 Nam
3175 2288 3332 2348 scire,
3354 2297 3458 2352 quo
3481 2293 3727 2352 tempore

2126 2383 2374 2437 desiturae
2395 2381 2496 2434 sint
2524 2393 2796 2438 atrtmtnm,
2821 2375 2914 2428 Dei
2935 2385 3040 2440 est,
3065 2375 3151 2442 qui
3175 2374 3413 2442 permisit
3446 2373 3564 2426 illas
3587 2373 3726 2426 acci-

2129 2474 2300 2537 dere'r
2337 2473 2507 2524 illatas
2541 2484 2668 2523 vero
2710 2483 2828 2521 eum
2872 2468 3162 2535 gratiarum
3211 2466 3420 2519 aetione
3460 2462 3627 2525 ferre,
3674 2463 3724 2516 id

2131 2563 2408 2632 probitatis
2429 2569 2621 2613 nostra!
2645 2568 2727 2612 est
2754 2572 2904 2626 opus.
2925 2555 3076 2622 Quod
3103 2557 3145 2610 si
3171 2555 3278 2616 ﬁat,
3298 2555 3474 2607 omnia
3496 2569 3726 2622 sequen-

2135 2664 2218 2707 tur
2239 2642 2412 2715 bona;
2452 2661 2508 2703 ut
2542 2665 2670 2703 vero
2696 2660 3013 2717 sequantur,
3048 2658 3209 2716 utque
3252 2646 3337 2698 hic
3366 2645 3725 2714 probatiores,

2129 2744 2237 2799 illic
2265 2759 2393 2797 vero
2422 2740 2817 2810 splendidiores
2849 2737 3169 2803 efficiamur,
3202 2737 3580 2806 quodcumque
3613 2737 3727 2789 illa-

2131 2844 2242 2888 tum
2273 2833 2427 2887 fuerit
2469 2832 2815 2900 excipiamus,
2845 2830 3041 2897 gratias
3079 2827 3144 2881 de
3180 2829 3423 2880 omnibus
3469 2827 3731 2880 habentes

2133 2925 2206 2988 ci,
2233 2923 2321 2992 qui
2365 2922 2554 2976 melius
2594 2921 2734 2974 norit
2773 2935 2932 2989 quam
2963 2933 3062 2972 nos
3098 2918 3195 2987 ipsi
3222 2917 3347 2987 quid
3382 2917 3534 2970 nobis
3565 2933 3730 2986 expe-

2133 3017 2262 3080 diat,
2309 3015 2505 3085 quique
2543 3022 2818 3082 parentum
2847 3027 2970 3081 erga
3017 3025 3115 3065 nos
3155 3010 3318 3062 vineit
3363 3025 3602 3062 amorem
3633 3028 3648 3060 :
3680 3018 3733 3062 et

2135 3107 2236 3163 hoc
2283 3118 2565 3174 utrumque
2614 3105 2947 3159 ratiocinium
2998 3105 3048 3156 in
3099 3102 3423 3173 quibuslibet
3474 3103 3733 3156 mrumnis

2132 3202 2287 3256 nobis
2326 3200 2455 3271 ipsis
2493 3205 2846 3262 recantautes,
2875 3195 3292 3263 comprimamus
3329 3209 3642 3258 mmrorem,
3681 3206 3733 3248 et

2133 3292 2353 3362 gloriam
2385 3289 2676 3344 referamus
2705 3289 2832 3351 Deo,
2862 3286 2950 3355 qui
2980 3286 3030 3339 in
3055 3285 3300 3337 omnibus
3329 3285 3506 3337 omnia
3532 3284 3598 3337 ad
3629 3301 3734 3338 no-

2137 3393 2300 3437 stram
2350 3382 2629 3434 utilitatem
2673 3378 2962 3447 dispensat.
3008 3377 3099 3431 Sic
3127 3378 3266 3428 enim
3297 3386 3346 3430 et
3383 3364 3602 3429 insidias
3650 3377 3735 3429 fa-

2137 3475 2238 3528 cile
2277 3471 2628 3539 depelleums,
2675 3479 2730 3522 et
2765 3467 3234 3522 immarcescibiles
3271 3481 3498 3520 coronas
3537 3481 3733 3520 conse-

2137 3579 2361 3632 quentur
2391 3581 2401 3612 :
2433 3577 2562 3632 quas
2594 3575 2693 3613 nos
2719 3573 2906 3613 omnes
2934 3557 3144 3624 assequi
3175 3552 3639 3626 contittgatgratia
3672 3569 3728 3611 et

2138 3655 2459 3722 benignitate
2489 3650 2696 3703 Domini
2725 3649 2890 3702 nostri
2928 3647 3051 3702 Jesu
3079 3646 3296 3713 Christi,
3337 3648 3549 3716 quicum
3586 3648 3733 3702 Patri

2148 3745 2335 3814 gleria,
2370 3725 2671 3810 imperium,
2715 3741 2904 3802 honor,
2947 3753 3067 3793 cum
3097 3748 3286 3792 sancto
3319 3738 3542 3806 Spiritu,
3586 3753 3737 3794 nunc

2139 3844 2193 3888 et
2221 3848 2452 3901 semper,
2484 3842 2534 3885 et
2564 3831 2614 3883 in
2638 3830 2830 3884 saecula
2856 3828 3192 3882 smculorum.
3217 3829 3408 3881 Amen.

2204 3953 2217 3982 ί
2256 3948 2331 3995 sic
2353 3951 2488 3995 recte
2506 3943 2644 3992 savii.
2665 3950 2716 3992 et
2739 3942 2920 4003 aliquot
2955 3941 3278 4004 Manttseripti.
3304 3939 3390 3990 Alii
3416 3952 3536 3990 vero
3555 3950 3607 3990 et
3629 3948 3731 3991 No-

2137 4012 2254 4071 rel.,
2281 4011 2337 4058 Et
2357 4006 2475 4068 quid
2496 4007 2557 4056 de
2574 4002 2832 4054 mutatione
2868 4004 3032 4066 loquor
3051 4002 3075 4053 1’

1843 4491 2188 4557 HOMILIA
2229 4487 2349 4549 XI.

459 4667 588 4723 CAP.
602 4665 658 4722 3.
677 4681 730 4720 γ.
746 4665 798 4717 7.
816 4664 998 4716 Videas
1017 4673 1180 4715 autem
1203 4661 1383 4715 multos
1402 4660 1800 4715 Sadduca'orum
1827 4667 1872 4710 et
1907 4655 2049 4709 Pha-

533 4758 790 4810 risaeorum
826 4755 1068 4809 uenientes
1094 4755 1161 4805 ad
1200 4752 1500 4820 baptismum
1543 4765 1709 4814 suum,
1757 4748 1884 4802 dixit
1929 4748 2044 4802 eis:

533 4846 800 4901 Geuimina
833 4846 1138 4916 viperarum,
1175 4844 1286 4912 quis
1315 4841 1671 4897 demonstravit
1712 4840 1847 4896 vobis
1873 4843 2050 4911 fugere

531 4952 566 4991 α
594 4945 804 4990 ventura
825 4935 934 4990 ira?

535 5090 588 5144 1.
620 5086 728 5144 Cur
765 5104 893 5159 ergo
918 5090 992 5142 ait
1012 5087 1279 5154 Christus,
1311 5102 1408 5143 eos
1430 5101 1533 5142 non
1561 5086 1854 5143 credidisse
1887 5087 2047 5142 Joan-

465 5179 554 5234 ni?
595 5178 726 5247 Quia
768 5194 873 5232 non
899 5187 1014 5232 erat
1058 5177 1185 5232 illud
1229 5177 1469 5242 credere,
1505 5193 1625 5232 cum
1679 5193 1801 5233 eum
1846 5180 1933 5248 qui
1979 5179 2047 5233 ab

467 5267 581 5338 ipso
607 5267 1011 5338 prredicabatur,
1044 5283 1148 5321 non
1183 5267 1504 5335 acciperent.
1533 5267 1666 5323 Nam
1689 5278 1744 5323 et
1774 5269 2044 5338 pr0phetis

464 5369 518 5412 et
565 5358 850 5424 lcgislatori
877 5358 1152 5413 attendere
1203 5359 1512 5413 videbantur
1552 5379 1566 5412 :
1610 5371 1663 5414 et
1703 5369 1878 5416 tamen
1917 5361 2047 5416 dixit

466 5447 556 5502 ille
595 5463 700 5521 non
738 5446 1047 5512 attettdisse,
1075 5449 1195 5518 quia
1228 5465 1350 5503 eum
1378 5451 1467 5518 qui
1493 5452 1562 5506 ab
1594 5452 1694 5504 illis
1727 5452 2046 5519 prardicaba-

466 5545 551 5589 tur
584 5552 687 5590 nou
720 5546 1031 5605 receperunt
1060 5555 1073 5590 :
1103 5538 1160 5593 Si
1187 5544 1319 5592 enim
1347 5542 1609 5594 crederetis
1645 5539 1827 5610 Moysi,
1857 5543 2042 5611 inquit,

465 5624 728 5678 crederetis
752 5627 919 5695 utique
941 5637 987 5680 et
1015 5627 1135 5680 mihi
1156 5626 1334 5696 (Joan.
1364 5629 1416 5682 5.
1443 5629 1554 5698 16).
1585 5631 1653 5684 Et
1677 5640 1858 5698 postea
1885 5633 2045 5686 inter-

466 5715 685 5789 rogatis
705 5716 1216 5799 Christo,_Baptisma
1234 5718 1449 5776 Joannis
1474 5721 1605 5776 unde
1631 5734 1698 5776 est
1717 5723 1740 5776 1’
1766 5722 2043 5778 dicebant:

2155 4650 2216 4704 Si
2242 4649 2536 4714 dixerimus,
2567 4647 2642 4700 De
2662 4655 2812 4705 terra,
2842 4655 3069 4697 timemus
3099 4646 3294 4698 turbam
3317 4663 3337 4711 ;
3383 4648 3426 4700 si
3456 4663 3571 4702 vero
3598 4650 3744 4704 dixe-

2153 4742 2338 4802 rimus,
2368 4737 2443 4792 De
2471 4739 2613 4802 ca’to,
2645 4739 2772 4791 dicet
2800 4737 2961 4796 nobis.
2994 4736 3163 4801 Quare
3188 4753 3305 4806 ergo
3332 4754 3431 4792 non
3461 4740 3744 4794 credidistis

2152 4832 2197 4885 ei
2224 4827 2440 4902 (Matth.
2472 4827 2557 4882 2i.
2589 4829 2677 4883 25.
2730 4827 2858 4894 26)?
2890 4826 2965 4878 Ex
3000 4827 3078 4880 his
3121 4842 3250 4896 ergo
3290 4829 3536 4883 omnibus
3567 4830 3741 4899 palam

2152 4931 2232 4978 est
2261 4922 2406 4995 ipsos
2434 4922 2644 4976 venisse
2668 4932 2718 4975 et
2743 4920 3034 4989 baptizatos
3064 4919 3243 4980 fuisse.
3277 4921 3370 4974 sed
3393 4922 3444 4975 in
3475 4921 3578 4976 fide
3609 4927 3743 4991 prae-

2150 5013 2433 5069 dicationis
2463 5027 2568 5067 non
2591 5013 2870 5067 mansisse.
2906 5011 3112 5065 Etenim
3145 5011 3380 5068 Joannes
3411 5013 3622 5068 illorum
3649 5030 3739 5068 ne-

2149 5107 2370 5176 quitiam
2410 5105 2660 5170 ostendit,
2709 5105 2919 5175 quando
2949 5105 3022 5157 illi
3059 5103 3121 5158 ad
3155 5105 3446 5174 Baptistam
3481 5107 3741 5162 miserunt

2148 5199 2388 5253 dicentes
2413 5215 2425 5248 :
2456 5196 2518 5251 Si
2544 5207 2595 5250 tu
2619 5215 2668 5251 es
2693 5198 2851 5258 Elius,
2880 5199 2920 5248 si
2941 5206 2992 5248 tu
3020 5213 3069 5250 es
3099 5196 3329 5250 Christus
3356 5197 3512 5267 (Joan
3539 5198 3587 5253 1.
3623 5197 3736 5269 21);

2147 5290 2494 5360 quamqbrem
2528 5289 2733 5355 intulit,
2770 5289 2868 5353 Qui
2895 5300 3060 5342 uitem
3087 5290 3226 5342 missi
3256 5294 3478 5362 fuerant,
3511 5305 3654 5343 erant
3679 5308 3740 5344 ea:

2152 5380 2426 5436 Pltaristeis
2456 5380 2613 5452 (Ibid.
2648 5399 2692 5434 υ.
2717 5383 2832 5451 24).
2855 5382 2986 5448 Quid
3017 5382 3206 5451 igitur?
3235 5397 3410 5436 annon
3444 5384 3610 5436 turba:
3639 5398 3734 5450 po-

2149 5475 2258 5543 puli
2287 5474 2511 5542 idipsum
2545 5473 2836 5541 putabant?
2879 5475 3044 5526 Etiam
3072 5490 3084 5524 :
3114 5487 3295 5526 verum
3326 5473 3473 5542 plebs
3509 5474 3735 5542 simplici

2151 5570 2327 5618 m'cnte
2377 5561 2491 5615 lucc
2541 5563 2937 5632 suspicabatur;
2986 5561 3238 5615 I‘harisazi
3281 5576 3410 5614 vero
3463 5563 3632 5630 ipsum
3681 5564 3735 5617 in

2142 5667 2395 5707 sermone
2418 5667 2611 5721 capere
2640 5653 2906 5707 volebant.
2937 5653 3067 5718 Quia
3096 5652 3236 5706 enim
3270 5653 3319 5705 in
3351 5653 3601 5707 confesso
3621 5667 3728 5707 erat

2147 5743 2416 5800 Christum
2458 5758 2579 5799 esse
2624 5753 2898 5799 venturum
2940 5761 3002 5800 ex
3046 5745 3163 5800 vico
3204 5743 3436 5811 Davidis,
3476 5744 3565 5800 hic
3607 5760 3734 5798 vero
