4050 6462
283 385 384 441 193

277 513 345 552 es
372 494 609 552 Levitiea
644 492 782 548 tribu
813 496 950 554 erat,
989 480 1368 554 interrogando
1401 479 1623 535 insidias
1646 478 1748 550 ipsi
1793 492 1882 546 pa-

282 590 501 652 rabant;
542 595 600 640 ut
628 584 671 638 si
702 580 830 651 quid
859 595 1016 634 secus
1039 577 1410 647 responderet,
1443 573 1495 627 in
1525 572 1675 626 illum
1705 586 1883 624 insur-

276 687 482 749 gerent.
512 676 621 728 Hoc
642 673 783 726 enim
811 672 973 726 etiam
1001 685 1065 724 ex
1099 666 1443 737 sequentibus
1460 664 1700 719 declarat
1725 683 1737 718 :
1763 679 1884 716 nam

279 786 402 825 eum
431 767 557 822 nihil
586 779 774 819 eorum
805 779 924 833 qua:
951 763 1051 832 ipsi
1082 758 1468 829 eISpectabant
1493 757 1882 828 respondisset,

282 871 458 915 tamen
491 859 662 928 ipsum
709 857 982 924 culpantes
1027 853 1215 907 dicunt
1248 868 1259 902 :
1307 849 1444 915 Quid
1482 865 1602 919 ergo
1634 848 1883 917 baptizns,

279 954 324 1008 si
349 961 404 1006 tu
428 946 528 1004 non
557 968 607 1004 cs
629 950 856 1004 Christus
888 946 1069 1014 (Joan.
1095 942 1146 998 l.
1173 941 1308 1013 25)?
1334 953 1390 997 ut
1417 957 1546 997 vero
1576 941 1753 996 discas
1782 940 1884 992 alia

278 1051 463 1098 mente
490 1042 808 1104 Pltarisaros,
837 1039 938 1092 alia
970 1038 1178 1108 plebem
1206 1035 1440 1098 venisse,
1471 1034 1593 1088 audi
1616 1033 1887 1102 quomodo

279 1135 606 1206 evangelista
649 1134 750 1188 hoc
791 1133 953 1186 etiam
997 1129 1253 1184 declaret.
1296 1129 1427 1182 Cum
1461 1142 1655 1196 nempe
1691 1126 1758 1179 de
1791 1141 1884 1193 pn-

282 1226 410 1296 pnlo
437 1226 530 1291 ait,
565 1226 707 1293 ipsos
746 1223 958 1277 venisse
986 1228 1041 1274 et
1065 1220 1132 1274 ab
1161 1221 1249 1273 illo
1274 1219 1570 1286 baptizatos
1608 1232 1728 1271 esse
1758 1231 1889 1268 con-

285 1317 496 1370 litentes
527 1324 744 1384 peccata
767 1329 896 1375 sua;
925 1312 994 1366 de
1017 1310 1302 1365 l’ltarisreis
1331 1325 1458 1364 vero
1482 1325 1586 1362 non
1615 1306 1881 1368 similiter,

282 1406 379 1460 sed
412 1405 494 1459 bis
521 1404 696 1458 verbis
726 1423 738 1456 :
795 1402 982 1457 Videtis
1006 1401 1190 1454 inultos
1220 1399 1628 1455 Sadduazorum
1655 1408 1701 1451 et
1747 1397 1886 1449 Plia-

283 1498 547 1550 risteoritnt
577 1495 844 1557 venientes,
876 1493 1072 1546 dicebat
1093 1509 1112 1546 :
1147 1491 1415 1546 Cenimina
1445 1492 1752 1560 viperarum,
1775 1489 1888 1557 quis

286 1588 422 1642 vobis
451 1586 806 1640 demonstravit
853 1585 1026 1655 fugere
1055 1600 1086 1637 a
1115 1593 1324 1636 ventura
1353 1583 1473 1634 ira?
1501 1582 1659 1649 Papa:
1681 1581 1695 1634 Σ
1719 1596 1889 1650 quan-

285 1690 393 1735 tam
417 1679 577 1735 animi
609 1678 1060 1748 magnitudinem!
1085 1675 1366 1745 Quomodo
1389 1674 1679 1743 alloquitur
1709 1673 1888 1726 homi-

284 1786 384 1825 nes
414 1770 728 1839 sanguinem
756 1767 1124 1837 propheticum
1153 1781 1367 1834 semper
1388 1766 1657 1830 sitientes,
1688 1765 1888 1833 quique

285 1875 394 1916 non
435 1870 589 1915 erant
615 1861 954 1928 serpentibus
985 1857 1268 1911 mitiores?
1298 1872 1418 1910 cum
1455 1864 1650 1925 quanta
1683 1864 1738 1909 et
1769 1855 1888 1910 illos

283 1964 340 2009 et
370 1962 618 2023 parentes
647 1953 860 2008 illorum
887 1952 1128 2006 libertate
1155 1949 1507 2005 criminatur?

371 2043 475 2098 Car
520 2042 749 2097 Joannes
807 2043 1038 2113 Baptista
1082 2041 1373 2095 Pharium:
1420 2039 1771 2110 increpaverit.
1818 2067 1888 2078 ——

285 2137 483 2202 Etiam,
499 2134 725 2204 inquies,
751 2133 999 2202 loquendi
1024 2134 1238 2187 libertas
1258 2131 1485 2186 maxima
1500 2141 1582 2186 est
1602 2149 1615 2187 :
1641 2130 1733 2185 sed
1752 2145 1887 2200 quie-

285 2225 511 2281 rendutn
537 2242 604 2280 an
636 2225 857 2280 libertas
902 2222 1202 2291 hujusmodi
1234 2223 1406 2291 aliqua
1428 2223 1637 2276 ratione
1665 2221 1884 2275 nitatur.

282 2316 472 2386 Neque
497 2317 640 2370 enim
666 2323 968 2385 peccantes
995 2314 1145 2378 vidit,
1179 2316 1271 2366 sed
1297 2314 1679 2380 re‘ipiseenta-s
1706 2330 1716 2364 :
1751 2327 1882 2381 qna-

284 2420 509 2478 propter
546 2422 650 2461 non
699 2407 920 2476 culpare
964 2405 1267 2474 oportebat,
1312 2403 1406 2458 sed
1460 2403 1680 2457 laudare
1729 2413 1889 2471 atque

283 2500 583 2568 suscipere,
629 2499 751 2567 quia
796 2496 982 2551 relicta
1026 2495 1161 2550 urbe
1209 2505 1262 2553 et
1309 2493 1493 2560 domo,
1541 2502 1891 2548 accurrerant

287 2589 724 2657 prtedicationem
770 2586 1026 2641 audituri.
1055 2585 1192 2654 Quid
1222 2599 1350 2653 ergo
1381 2584 1666 2639 dicamus?
1709 2583 1887 2653 Ipsum

286 2681 556 2745 videlicet,
597 2696 701 2735 non
731 2679 1106 2750 prementibus,
1156 2693 1331 2748 neque
1359 2678 1518 2733 rebus
1556 2692 1676 2747 quae
1715 2676 1890 2745 palam

283 2773 630 2843 gerebantur,
661 2770 973 2835 attendisse,
1003 2769 1097 2824 sed
1127 2783 1320 2823 arcana
1351 2767 1546 2821 mentis
1573 2782 1758 2820 eorum
1790 2782 1888 2817 no-

287 2867 450 2929 visse,
479 2865 529 2918 id
558 2864 830 2918 revelante
861 2862 990 2916 Deo.
1019 2861 1281 2928 Quoniam
1313 2859 1470 2928 igitur
1495 2857 1561 2910 de
1597 2856 1892 2923 majoribus

289 2957 404 3010 suis
423 2955 591 3008 altum
621 2953 923 3023 sapiebant,
949 2951 1110 3020 idque
1140 2949 1272 3019 ipsis
1301 2946 1554 3016 perniciei
1581 2960 1740 2999 causa
1774 2943 1892 2999 fue-

288 3055 392 3110 rat,
426 3047 679 3114 ipsosque
706 3043 758 3096 in
787 3042 1048 3096 desidiam
1081 3041 1409 3108 conjecerat,
1453 3037 1775 3106 arrogantia:
1803 3051 1893 3089 ra-

287 3137 461 3190 dicem
493 3134 736 3189 succidit.
768 3133 1055 3202 Propterea
1088 3130 1250 3185 Isaias
1273 3129 1390 3184 illos
1422 3129 1689 3198 principes
1721 3126 1894 3180 Sodo-

287 3241 527 3288 morum,
556 3232 612 3278 et
657 3224 910 3292 p0pulum
937 3220 1252 3276 GOUIOI‘I‘htD
1283 3229 1440 3273 vocat
1483 3217 1638 3288 (limi.
1673 3217 1722 3270 l.
1755 3217 1840 3286 l0)
1876 3233 1889 3269 :

286 3326 344 3370 et
369 3315 509 3369 alter
536 3313 795 3384 propheta
819 3313 978 3366 dicit:
1005 3310 1191 3364 Nonne
1209 3312 1336 3362 sicut
1355 3311 1451 3377 ﬁlii
1472 3308 1782 3376 «Ethiopian
1806 3325 1891 3361 vos

287 3407 406 3460 estis
430 3406 608 3476 (Amos
637 3404 689 3458 9.
721 3404 823 3474 '2)?
853 3416 1150 3472 omnesque
1193 3400 1261 3453 ab
1299 3400 1398 3453 hac
1439 3398 1694 3468 opinione
1720 3398 1893 3452 dedu-

289 3507 420 3552 cunt
467 3498 609 3559 illos,
660 3504 923 3549 tumorem
969 3488 1180 3547 illorum
1213 3499 1562 3554 evacuantes,
1596 3491 1685 3559 qui
1738 3490 1897 3542 innu-

289 3585 631 3642 merabilium
659 3585 789 3653 ipsis
819 3583 1079 3637 malorum
1111 3597 1272 3636 causa
1295 3581 1492 3635 fuerat.
1536 3582 1626 3646 At,
1658 3580 1890 3650 inquies,

292 3679 342 3731 id
370 3679 492 3744 jure
526 3674 805 3745 propheta:
837 3672 1127 3738 faciebant,
1160 3674 1248 3742 qui
1281 3673 1398 3726 illos
1429 3679 1712 3741 peccantes
1742 3671 1892 3725 vide-

291 3772 420 3826 bant
451 3785 465 3820 :
501 3768 588 3822 hic
613 3781 742 3822 vero
768 3783 865 3820 cur
888 3775 942 3820 et
968 3781 1071 3835 qua
1099 3765 1165 3820 de
1193 3779 1376 3827 causa,
1411 3779 1532 3818 cum
1568 3766 1688 3818 illos
1714 3765 1896 3819 videat

291 3861 751 3928 obtemperantes,
778 3857 1006 3926 idipsum
1051 3855 1212 3909 facit?
1243 3853 1312 3910 Ut
1354 3855 1472 3908 illos
1507 3855 1895 3909 moderatiores

295 3949 505 4003 reddat.
536 3947 596 4002 Si
626 3947 746 4017 quis
769 3955 946 3998 autem
974 3954 1222 3998 accurate
1247 3944 1404 3997 dictis
1444 3945 1706 4009 attendat,
1742 3945 1896 3998 laude

293 4039 718 4109 increpationem
761 4038 1111 4109 temperavit.
1156 4036 1442 4090 Admirans
1489 4036 1687 4106 quippe
1741 4036 1893 4101 illos,

294 4131 438 4201 quod
481 4145 606 4185 sero
646 4129 863 4184 tandem
893 4144 957 4183 ea
989 4127 1165 4182 facere
1212 4127 1530 4196 potuissent,
1575 4143 1696 4194 quae
1744 4141 1896 4179 num-

294 4237 456 4288 quam
502 4235 659 4290 posse
703 4219 817 4274 fieri
848 4218 1189 4281 videbantur,
1234 4217 1348 4271 hzec
1392 4216 1548 4271 dixit.
1596 4215 1896 4287 increpatio

297 4311 458 4381 igitur
484 4311 768 4365 allicientis
799 4311 920 4364 illos
947 4310 1122 4378 potius
1151 4322 1273 4362 esse
1310 4307 1542 4371 videtur,
1576 4318 1632 4361 et
1658 4310 1898 4362 curantis

297 4411 356 4456 ut
379 4401 718 4471 resipiscam.
746 4390 877 4455 Cum
905 4402 1049 4455 enim
1091 4402 1211 4454 illos
1252 4399 1537 4468 objurgare
1581 4399 1814 4464 videtur,
1844 4406 1900 4452 et

300 4509 548 4566 magnam
578 4494 728 4563 prius
768 4495 980 4549 illorum
1014 4493 1305 4558 nequitiam
1348 4491 1515 4546 fuisse
1558 4491 1812 4550 ostendit,
1845 4507 1900 4544 et

295 4585 648 4639 mutationem
698 4583 935 4653 ipsorum
994 4583 1296 4637 mirabilem
1341 4593 1502 4651 atque
1557 4586 1893 4650 stnpeiidattt.

295 4675 577 4742 Quomodo
606 4675 802 4731 factum
825 4685 924 4738 est,
954 4675 1141 4744 inquit,
1178 4687 1235 4728 ut
1259 4691 1380 4729 cum
1402 4676 1615 4730 illorum
1647 4677 1736 4728 lilii
1765 4677 1894 4742 sint,

301 4784 353 4824 et
384 4779 492 4822 tam
525 4771 662 4824 male
702 4767 935 4831 educati,
972 4767 1339 4834 pmnitentiam
1378 4768 1576 4837 agant?
1614 4768 1753 4821 unde
1785 4768 1899 4821 hrcc

299 4867 445 4914 tanta
478 4858 613 4912 facta
649 4869 732 4913 est
773 4860 1044 4913 imitatio?
1089 4860 1208 4928 quis
1239 4861 1580 4922 asperitatem
1609 4860 1772 4912 animi
1803 4877 1899 4913 eo-

299 4967 418 5006 rum
448 4949 526 5004 sic
550 4950 846 5006 emollivit?
874 4951 994 5021 quis
1033 4950 1444 5003 iimncdicabilia
1479 4957 1696 5005 vulnera
1739 4968 1900 5006 cura-

302 5040 420 5095 vit'?
450 5039 518 5094 Et
547 5039 668 5094 vide
694 5040 964 5109 quomodo
992 5039 1115 5095 illos
1153 5055 1182 5092 a
1229 5041 1490 5110 principio
1519 5052 1696 5094 statim
1731 5043 1904 5097 incre-

302 5132 472 5201 pavit,
503 5131 767 5200 gehennae
787 5142 1065 5185 sermones
1094 5132 1307 5186 caeteris
1339 5135 1687 5200 prtemittens.
1721 5133 1904 5203 Neque

300 5226 450 5281 enim
479 5225 614 5277 dixit
639 5239 725 5286 ea,
758 5237 876 5290 quae
906 5222 1011 5276 diei
1041 5233 1469 5278 consueverant:
1501 5225 1631 5290 Quis
1669 5227 1905 5280 ostendit

303 5315 459 5371 vobis
491 5315 671 5388 fugere
692 5315 852 5379 bella,
880 5315 1225 5368 barbarorum
1257 5318 1516 5375 incursus.
1542 5317 1902 5386 captivitates,

305 5411 496 5474 fames,
540 5408 911 5478 pestiluitias?
961 5408 1054 5463 sed
1098 5409 1240 5462 aliud
1269 5408 1534 5478 quoddam
1583 5411 1903 5480 supplicium

302 5499 570 5561 obtendit,
599 5499 740 5569 quod
769 5513 1057 5566 numquam
1083 5499 1212 5568 ipsis
1239 5498 1578 5554 manifestum
1608 5501 1798 5564 fuerat,
1834 5501 1906 5554 ita

305 5595 496 5650 dicens
525 5610 537 5645 :
569 5591 696 5660 Quis
728 5593 1088 5646 demonstravit
1127 5592 1262 5646 vobis
1291 5596 1463 5663 fugere
1489 5611 1519 5646 α
1555 5605 1761 5648 vetitum
1788 5592 1908 5647 ira?

380 5683 435 5741 ἰ.
473 5683 603 5740 Jttrc
646 5693 822 5740 autem
855 5685 975 5739 illos
1026 5686 1294 5755 geniinina
1333 5687 1631 5757 viperarum
1675 5699 1904 5742 voravit.

305 5779 585 5851 Siquidem
617 5779 718 5835 hoc
762 5787 1072 5848 serpentum
1104 5795 1272 5849 genus
1310 5782 1692 5850 parturientem
1727 5799 1781 5837 re
1822 5797 1902 5840 in-

1465 365 1528 421 ΙΝ
1571 362 1980 420 ΜᾹΤΤΙΙΛΞυΜ
2026 365 2251 424 ΙΙΟΜΗι.
2297 371 2388 426 XI.

3501 384 3599 442 ΝΑ

1997 479 2208 547 lerlicil,
2237 492 2292 537 et
2322 484 2526 540 viscera
2561 485 2750 542 matris
2776 487 3074 545 corrodens
3105 489 3304 547 dicitur
3345 494 3396 550 in
3426 496 3601 553 lucem

1995 573 2210 641 prodire
2242 593 2256 627 :
2288 575 2340 630 id
2363 577 2504 647 quod
2537 589 2589 633 et
2624 579 2696 632 illi
2725 579 3013 648 faciebant,
3046 594 3257 653 patrum
3287 597 3340 642 et
3368 600 3599 644 mals-inn

1995 666 2392 734 interfectores,
2428 671 2515 736 qui
2542 672 2794 728 doctores
2821 689 2948 729 suos
2983 678 3212 746 propriis
3239 680 3483 733 manibus
3511 700 3602 734 oc-

1992 759 2258 814 cidebant.
2297 760 2403 815 Sed
2436 762 2487 817 in
2512 766 2856 833 correptione
2899 769 3123 836 gradum
3159 784 3265 824 non
3298 771 3459 836 sistit,
3504 774 3598 828 sed

1993 851 2277 905 consilium
2323 853 2504 923 adjicit
2536 856 2631 911 :8.
2680 855 2882 925 Facite,
2929 859 3121 929 inquit,
3173 863 3357 932 dignos
3401 868 3601 936 fructus

1995 943 2318 1010 ptenitcntite.
2349 943 2462 997 Non
2500 947 2642 1000 enim
2675 952 2807 1002 satis
2833 958 2914 1003 est
2939 948 3124 1020 fugere
3145 954 3344 1007 malum
3373 971 3387 1018 ;
3429 958 3601 1011 sedet

2010 1031 2266 1087 virtutem
2328 1049 2580 1106 magnam
2640 1037 2898 1093 exhibere
2941 1052 3175 1110 oportet.
3245 1042 3324 1097 Ne
3375 1046 3507 1098 mihi
3572 1062 3606 1102 e

2006 1133 2198 1179 contra
2243 1125 2322 1182 sic
2379 1141 2475 1182 vos
2513 1130 2714 1199 geratis
2758 1139 2818 1184 ut
2850 1133 3002 1187 vobis
3038 1135 3263 1190 solitum
3291 1146 3431 1202 erat,
3474 1155 3598 1192 cum

2006 1214 2221 1268 modico
2251 1232 2347 1271 vos
2379 1227 2623 1289 tempore
2645 1222 3025 1290 reprimentes,
3050 1225 3118 1279 ad
3144 1228 3393 1282 eamdem
3411 1225 3604 1297 neqnii

2005 1307 2132 1360 tiam
2170 1309 2450 1364 redibatis.
2490 1309 2611 1366 Non
2641 1313 2788 1370 enim
2808 1316 2873 1369 ad
2897 1317 3087 1372 eadem
3110 1319 3225 1388 ipsa
3241 1320 3598 1382 venimus,ad

2002 1412 2126 1466 quae
2145 1398 2356 1466 priores
2374 1403 2668 1471 prophetae.
2703 1403 2923 1459 Diversa
2941 1416 3070 1460 sunt
3087 1410 3375 1478 praesentia
3395 1419 3450 1464 et
3469 1423 3600 1463 sun-

2003 1487 2238 1551 limiora.
2259 1495 2391 1562 quia
2411 1495 2527 1562 ipse
2543 1494 2714 1552 .ludex
2735 1508 2789 1550 et
2805 1498 2918 1568 ipse
2933 1499 3356 1569 regniDoininns
3376 1505 3590 1554 advenit

2000 1581 2063 1636 ad
2082 1583 2342 1650 majorem
2365 1586 2642 1642 deducens
2655 1587 3141 1658 philosophiamjn
3155 1591 3348 1646 caelum
3369 1606 3591 1653 vorans,

1997 1674 2130 1727 eiad
2151 1675 2236 1726 illa
2259 1677 2828 1732 trahenshabitacula.
2867 1682 2988 1733 lileo
3021 1683 3086 1735 de
3111 1681 3356 1749 gelienna
3383 1698 3592 1734 sermo-

1996 1776 2116 1813 nem
2157 1761 2342 1829 aperio
2370 1777 2385 1815 :
2419 1778 2541 1816 nam
2584 1773 2637 1818 et
2677 1765 2815 1819 bona
2848 1776 2900 1819 et
2933 1767 3071 1821 mala
3103 1778 3305 1823 aitet-na
3351 1780 3494 1824 sunt.
3526 1771 3605 1826 Ne

1997 1848 2175 1918 itaque
2222 1851 2494 1905 iniisdem
2546 1853 2700 1907 malis
2726 1857 3106 1924 perseveretis,
3158 1873 3259 1912 nec
3287 1861 3476 1915 solitos
3518 1863 3606 1916 ob.

1997 1952 2176 1997 tentus
2203 1945 2510 2013 proferatis,
2544 1946 2855 2010 Abrahami,
2892 1947 3077 2013 lsaaci,
3122 1948 3328 2014 Jacobi,
3375 1967 3606 2020 proavo-

1996 2052 2114 2091 rum
2151 2049 2452 2092 vestrorum
2482 2038 2839 2094 nobilitatem.
2871 2039 2994 2093 llmc
3021 2049 3198 2095 autem
3225 2041 3458 2106 dicebat,
3492 2060 3598 2098 non

1996 2136 2104 2198 quo
2147 2130 2430 2198 impediret
2471 2130 2589 2182 illos
2635 2145 2702 2183 ne
2748 2145 2807 2183 se
2853 2130 3096 2184 dicerent
3143 2148 3206 2186 ex
3258 2134 3456 2186 sanctis
3497 2134 3606 2189 illis

1999 2221 2328 2288 progenitos,
2377 2219 2470 2273 sed
2503 2219 2765 2274 cohibens
2796 2220 2919 2274 illos
2947 2235 3015 2274 ne
3055 2221 3180 2275 huic
3216 2222 3403 2290 generi
3447 2225 3607 2278 conli-

1995 2310 2206 2374 derent,
2255 2325 2358 2364 neu
2401 2310 2593 2363 animzc
2640 2311 2889 2364 virtutem
2937 2312 3307 2381 negligerent;
3355 2314 3512 2367 simul
3552 2325 3604 2369 et

1997 2419 2115 2470 qum
2149 2404 2200 2456 in
2239 2411 2419 2456 mente
2447 2401 2738 2456 versabant
2768 2401 3065 2470 proferens,
3087 2434 3089 2436 -
3109 2412 3165 2458 et
3195 2404 3368 2458 futura
3404 2406 3603 2476 praidi-

1997 2509 2147 2548 cens.
2182 2495 2312 2548 Nam
2345 2503 2399 2549 et
2426 2505 2612 2569 postea
2646 2493 2914 2564 prodeunt
2944 2493 3186 2550 dicentes
3219 2515 3232 2552 :
3268 2494 3381 2551 Nos
3409 2508 3608 2565 patrem

1999 2585 2242 2638 habemus
2257 2583 2609 2648 Abraham,el
2621 2586 3078 2643 nulliservivimus
3089 2599 3338 2653 umquam
3351 2585 3530 2658 (Joan.
3552 2590 3584 2640 8
3598 2620 3612 2634 .

1999 2678 2112 2744 35).
2147 2676 2411 2741 Quoniam
2456 2675 2614 2744 igitur
2655 2675 2758 2732 hoc
2806 2687 2923 2728 erat
2953 2677 3094 2744 quod
3129 2677 3251 2731 illos
3280 2678 3512 2732 maxime
3559 2679 3614 2732 in

1999 2766 2358 2834 arrogantiam
2385 2767 2571 2818 estulit
2601 2776 2652 2818 et
2693 2766 2961 2833 perdidit;
3000 2768 3100 2820 hoc
3129 2769 3357 2835 primum
3388 2769 3501 2836 ipse
3528 2771 3634 2821 re-'

2000 2856 2202 2924 primit.
2235 2854 2366 2908 Vide
2396 2867 2574 2907 aurem
2605 2856 2876 2922 quomodo
2915 2866 3035 2924 pOst
3074 2866 3345 2910 servatum
3379 2857 3610 2926 patriar-

1999 2945 2116 2998 clne
2138 2945 2377 3000 debitum
2404 2947 2684 3007 liOnorem.
2716 2947 2814 3000 bos
2849 2958 3032 3015 postea
3061 2950 3355 3003 emendare
3387 2952 3604 3004 nitatur.

1998 3039 2134 3091 Cum
2184 3038 2407 3091 dixisset
2449 3041 2613 3101 enim,
2661 3036 2831 3089 Nolite
2889 3039 3079 3091 dicere.
3119 3038 3329 3091 Patrem
3371 3040 3614 3092 habemus

2001 3129 2280 3192 Abraham,
2313 3143 2416 3179 non
2440 3126 2665 3189 addidit,
2695 3126 2835 3179 Nihil
2863 3129 3006 3180 enim
3033 3143 3128 3182 vos
3154 3131 3351 3196 poterit
3380 3132 3609 3196 patriam

2000 3219 2099 3272 cha
2124 3219 2347 3287 juvare:
2376 3216 2470 3270 sed
2510 3216 2694 3270 mitius
2723 3227 2778 3271 et
2806 3218 3085 3272 honestius
3127 3219 3231 3274 hoc
3275 3222 3450 3287 ipsum
3483 3224 3614 3274 sub-

2003 3309 2255 3362 indicavit
2296 3309 2519 3361 dicens:
2558 3309 2734 3361 Potest
2764 3309 2897 3360 enim
2930 3309 3063 3362 Deus
3093 3311 3156 3362 de
3200 3311 3459 3375 lapidibus
3503 3314 3614 3364 istis

2005 3402 2252 3455 suscitare
2278 3400 2413 3468 ﬁlios
2445 3399 2680 3454 Aliraltte.
2713 3400 2940 3466 Quidam
2969 3401 3155 3454 dicunt
3182 3402 3232 3454 id
3258 3403 3325 3454 de
3364 3405 3616 3472 gentibus

2001 3493 2128 3555 dici,
2174 3508 2306 3562 quas
2340 3492 2541 3560 lapides
2584 3490 2952 3559 mi-tapliorice
3002 3502 3156 3545 vocat
3197 3509 3341 3561 :i-go
3385 3509 3516 3546 vero
3560 3503 3616 3546 et

2003 3585 2160 3638 aliam
2189 3585 2315 3638 dicti
2345 3586 2670 3637 sententiam
2710 3597 2833 3636 esse
2862 3591 3012 3651 puto.
3058 3584 3282 3647 Qualem
3318 3584 3502 3636 illam?
3538 3583 3616 3636 No

2005 3679 2222 3747 putetis,
2256 3677 2445 3744 inquit,
2477 3677 2520 3728 si
2551 3691 2646 3729 vos
2669 3677 2923 3744 pereatis,
2957 3675 3318 3743 patriarcham
3349 3677 3466 3729 sine
3494 3676 3616 3729 liliis

2005 3771 2136 3823 fore.
2167 3767 2282 3821 Non
2324 3769 2413 3829 ita,
2448 3783 2554 3819 non
2586 3768 2653 3818 ita
2679 3765 2860 3834 utique
2889 3781 2975 3819 res
3003 3781 3061 3819 se
3093 3765 3269 3820 habet.
3302 3768 3440 3819 Dens
3468 3768 3612 3818 enini

2005 3869 2178 3930 potest
2213 3877 2274 3914 ex
2309 3858 2576 3928 lapidibus
2620 3860 2760 3911 tilios
2791 3859 2888 3926 ipsi
2922 3859 3074 3917 dare.
3120 3868 3172 3912 et
3203 3860 3268 3910 ad
3299 3859 3415 3925 ejus
3447 3875 3616 3926 genus

2003 3957 2484 4020 etignatto:.einque
2514 3950 2632 4003 illos
2672 3948 2966 4014 deducere,
2999 3949 3266 4016 siquidem
3297 3948 3398 4003 hoc
3437 3952 3613 4017 ipsum

2004 4058 2032 4096 a
2064 4040 2326 4110 principio
2373 4040 2569 4092 factum
2619 4047 2720 4092 est.
2771 4036 2904 4090 Nam
2945 4053 3012 4091 ex
3056 4039 3322 4106 lapidibus
3372 4037 3619 4094 homines

2010 4132 2120 4186 lli-ri
2157 4133 2260 4184 tale
2293 4141 2397 4194 est,
2429 4132 2587 4196 quale
2618 4145 2680 4182 ex
2711 4129 2865 4181 vulva
2906 4130 3080 4182 sterili
3112 4132 3346 4198 puellum
3377 4130 3614 4198 prodire.

2005 4223 2158 4290 Quod
2206 4233 2260 4277 et
2297 4220 2555 4288 proiihetti
2598 4219 2947 4273 subindicans
2987 4219 3241 4273 dicebat:
3277 4219 3527 4290 Respicite
3565 4223 3617 4273 in

2007 4316 2226 4368 solidam
2253 4327 2468 4383 petram,
2501 4328 2561 4363 tu:
2591 4327 2691 4378 qua
2713 4309 2869 4363 excisi
2886 4312 3025 4372 estis,
3057 4321 3106 4362 et
3132 4310 3200 4362 ad
3221 4315 3418 4380 foveam
3447 4310 3612 4374 locus,

2007 4422 2069 4458 ea:
2109 4421 2209 4472 qua
2253 4402 2426 4468 e/fossi
2465 4404 2582 4454 estis
2612 4418 2627 4453 :
2653 4401 2889 4470 respicite
2929 4401 2981 4451 in
3012 4399 3273 4453 Abraham
3303 4414 3498 4470 patrem
3528 4418 3616 4454 νιε-

2006 4507 2188 4560 sti-nni,
2217 4506 2263 4548 et
2301 4496 2352 4546 in
2382 4493 2570 4548 Suram
2594 4508 2706 4560 qua:
2734 4507 2818 4543 vos
2848 4494 3114 4557 parturit-it
3142 4490 3292 4560 (Iani.
3329 4493 3420 4546 5i.
3453 4496 3502 4547 l.
3532 4493 3615 4562 9.).

2009 4589 2156 4642 llinc
2205 4605 2333 4655 ergo
2377 4587 2712 4656 prup‘etiam
2759 4585 2865 4638 illis
2909 4596 3126 4638 revocat
3172 4586 3224 4638 in
3272 4587 3613 4650 memoriam,

2007 4680 2346 4748 ostenditque
2374 4679 2511 4732 sient
2541 4693 2567 4730 a
2601 4677 2862 4745 principio
2886 4677 3035 4730 illum
3071 4677 3147 4733 sic
3170 4677 3490 4733 mirabiliter
3517 4694 3614 4748 pa-

2011 4783 2145 4826 trem
2176 4769 2373 4836 elici-rit,
2400 4769 2554 4840 quasi
2598 4785 2666 4824 ex
2699 4769 2989 4840 lapidibus,
3022 4771 3100 4825 sic
3125 4782 3178 4825 et
3210 4787 3354 4827 nunc
3392 4788 3613 4842 quoque

2009 4865 2057 4919 id
2089 4879 2245 4933 passi?
2274 4864 2409 4917 lieri.
2442 4862 2546 4917 Sed
2574 4863 2694 4916 vide
2717 4862 2988 4932 quomodo
3016 4872 3067 4917 et
3103 4872 3299 4918 terreat
3322 4875 3377 4917 et
3405 4866 3616 4918 esscin-

2007 4959 2120 5010 (ἐπὶ.
2163 4956 2279 5010 Non
2309 4957 2451 5008 enim
2482 4955 2635 5016 dixit,
2668 4954 2785 5008 Jam
2817 4955 3092 5021 excitavit,
3139 4972 3207 5009 tie
3233 4955 3332 5023 ipsi
3376 4959 3500 5010 aula
3528 4974 3614 5012 ian;

2008 5047 2441 5116 desponderent;
2495 5046 2611 5109 sed,
2673 5045 2940 5100 Susciture
2988 5056 3169 5114 potest.
3221 5046 3404 5116 Neque.
3457 5048 3610 5104 dixit.

2013 5140 2270 5193 Homines
2311 5137 2487 5192 facere
2515 5145 2689 5204 potest
2729 5153 2796 5191 ex
2828 5135 3116 5204 lapidibus,
3157 5135 3253 5191 sed
3279 5138 3422 5206 quod
3449 5141 3622 5192 multo

2012 5229 2184 5296 majus
2208 5240 2346 5293 erat,
2371 5239 2425 5284 et
2452 5240 2707 5297 cognatos
2736 5238 2788 5282 et
2818 5228 2955 5282 filios
2987 5228 3235 5281 Abrahae.
3273 5227 3461 5283 Viden'
3486 5246 3615 5297 qun-

2013 5324 2172 5376 modo
2204 5323 2322 5377 illos
2355 5322 2581 5376 abduxit
2621 5338 2650 5374 a
2685 5322 2892 5380 carnali
2936 5321 3026 5375 illa
3067 5321 3448 5390 imaginatione
3492 5334 3546 5376 ct
3591 5341 3617 5375 a

2014 5414 2264 5484 pnrsidio
2305 5428 2651 5482 proavorum,
2698 5423 2757 5465 ut
2790 5413 2844 5465 in
2874 5411 3086 5482 propria
3136 5413 3448 5481 paenitentia
3483 5424 3619 5468 teni-

2013 5506 2361 5576 perantiaque
2403 5519 2553 5573 spem
2599 5505 2794 5558 salutis
2823 5504 3123 5558 baberent?
3148 5503 3326 5558 viden'
3347 5510 3615 5575 quomodc

2011 5598 2384 5668 cognationem
2416 5597 2592 5652 carnis
2619 5595 2931 5663 excludens,
2965 5595 3090 5650 ﬁdei
3119 5597 3494 5666 cognationem
3538 5600 3612 5652 io-

2011 5689 2197 5746 ducit?

2091 5783 2144 5839 5.
2186 5782 2450 5848 Quantum
2481 5783 2742 5836 relicturus
2763 5781 2827 5835 sit
2858 5781 3136 5851 increpatio
3165 5797 3258 5851 quo
3283 5778 3496 5836 Judaei
3515 5795 3609 5836 rr-
