4050 6426
521 359 628 418 195

515 475 635 528 citat
662 469 888 526 Joannes
924 464 1174 536 Baptista.
1207 462 1377 518 Timor
1396 461 1464 515 ad
1492 459 1829 530 pcenitentiam
1855 456 2098 511 ducit.—

514 561 794 632 Perpende
822 560 1000 629 itaque
1038 556 1305 628 quomodo
1347 556 1398 608 in
1426 552 1770 624 sequentibus
1799 550 1987 604 horum
2027 548 2095 602 ti-

513 665 719 708 morem
738 659 948 722 augeat,
979 657 1034 705 et
1059 646 1471 703 sollicitudinem
1497 643 1750 697 mtendat.
1772 640 1905 696 Cum
1931 639 2096 695 dixis-

508 750 595 797 set
635 741 798 805 enim,
829 739 1002 794 Potest
1030 737 1171 794 Deus
1197 752 1260 791 ea:
1283 735 1535 806 lapidibus
1559 734 1668 786 istis
1691 733 1934 786 suscitare
1959 731 2096 800 filios

508 835 748 899 Abicite,
773 831 1050 903 subiunxit
1081 847 1094 885 :
1132 830 1216 885 10.
1238 827 1358 881 1am
1395 826 1583 879 securis
1611 827 1679 878 ad
1697 825 1922 878 radicem
1946 827 2095 876 arbo-

507 941 618 979 rum
647 925 810 997 posita
837 932 908 977 est
933 939 953 976 :
976 937 1070 991 per
1091 919 1265 978 omnia
1309 915 1600 971 terribilem
1639 929 1941 969 sermonem
1967 913 2093 968 red-

507 992 666 1071 dens.
696 992 829 1077 Nam
870 1029 936 1068 ex
968 1014 1088 1065 vita:
1129 1025 1327 1080 genere
1368 1023 1610 1078 magnam
1638 1007 1848 1062 dicendi
1879 1006 2100 1061 liberta-

509 1115 615 1160 tem
643 1113 830 1159 nactus
867 1112 1017 1167 erat;
1050 1102 1128 1154 illi
1156 1117 1284 1154 vero
1313 1099 1617 1154 vehementi
1645 1097 1877 1167 egebant
1920 1097 2096 1159 inere-

506 1194 924 1264 patione,'quia
975 1207 1005 1246 a
1055 1190 1224 1245 multo
1254 1191 1364 1259 jam
1419 1198 1656 1258 tempore
1709 1187 2091 1242 obduruerant.

505 1283 640 1351 Quid
669 1285 815 1338 enim
844 1281 984 1346 dico,
1009 1282 1198 1352 inquit,
1221 1280 1333 1334 fore
1359 1288 1414 1334 ut
1435 1278 1692 1333 excidatis
1719 1292 1748 1331 a
1777 1277 2091 1347 patriarcha:

506 1373 843 1443 cognatione,
885 1381 939 1426 et
962 1372 1096 1425 alios
1127 1370 1350 1443 videatis
1391 1385 1455 1423 ex
1485 1369 1745 1438 lapidibus
1773 1369 1827 1422 in
1857 1378 2087 1422 vestram

504 1441 791 1516 succedere
837 1441 1193 1530 dignitatem'l.
1220 1459 1350 1513 Nam
1380 1474 1499 1523 jnon
1539 1459 1642 1513 hoc
1689 1467 1892 1512 tantum
1941 1457 2088 1511 vobis

503 1554 607 1607 erit
637 1567 827 1622 pennae,
867 1552 964 1607 sed
1003 1561 1055 1607 et
1094 1552 1315 1606 ulterius
1344 1551 1516 1604 adhuc
1545 1549 1797 1618 procedet
1833 1548 2084 1602 vindicta.

501 1643 623 1698 Jam
657 1646 822 1709 enim,
862 1644 1051 1714 inquit,
1080 1644 1267 1697 securis
1305 1642 1371 1695 ad
1397 1642 1621 1695 radicem
1656 1643 1894 1695 arborum
1925 1641 2089 1710 posita

503 1744 598 1789 est.
627 1735 770 1790 Nihil
800 1735 1088 1791 terribilius
1111 1735 1208 1790 bac
1239 1734 1485 1804 loquendi
1523 1734 1709 1804 figura.
1741 1731 1856 1788 iam
1887 1733 2085 1802 quippe

505 1841 612 1881 non
644 1827 779 1881 ultra
815 1826 1005 1882 falcem
1031 1826 1331 1889 volantem,
1374 1840 1480 1878 non
1524 1839 1706 1894 sepem
1736 1822 2084 1889 destructam,

510 1933 616 1973 non
642 1917 1006 1973 conculcatam
1054 1918 1286 1980 vineam,
1327 1931 1551 1970 cernere
1577 1926 1692 1979 est;
1721 1914 1816 1970 sed
1856 1915 2085 1968 securim

501 2001 786 2064 admodum
809 2018 1108 2071 exacutam,
1137 2009 1386 2078 quodque
1405 2009 1638 2078 gravius,
1665 2008 1776 2076 jam
1801 2006 1866 2061 ad
1889 2007 2085 2074 januas

504 2101 751 2170 positam.
799 2099 931 2165 Quia
967 2100 1109 2152 enim
1152 2099 1430 2166 prophetis
1478 2113 1584 2152 non
1611 2097 1912 2160 credentes,
1943 2109 2086 2164 smpe

499 2190 748 2244 dicebant
780 2205 792 2241 :
827 2188 925 2242 Ubi
954 2198 1026 2241 est
1066 2190 1174 2241 dies
1201 2187 1450 2240 Domini?
1491 2197 1564 2251 et,
1606 2186 1777 2240 Veniat
1816 2186 2082 2255 consilium

500 2281 659 2333 sancti
694 2277 874 2342 Israel,
921 2288 975 2333 ut
1015 2280 1235 2332 sciamus
1277 2277 1426 2349 (lsai.
1459 2280 1511 2333 5.
1544 2277 1632 2347 £9)
1661 2295 1672 2328 :
1701 2293 1768 2332 eo
1809 2277 1950 2348 quod
1994 2291 2080 2344 ea,

499 2385 618 2439 qua:
640 2370 1090 2440 praedicebantur,
1124 2380 1244 2438 post
1285 2370 1480 2422 multos
1506 2383 1678 2421 annos
1704 2383 1848 2436 srcpe
1872 2366 2082 2422 accide-

498 2469 754 2514 rentzut
799 2460 899 2514 bac
955 2459 1077 2513 illos
1128 2459 1495 2514 COIlSttlallttnc
1549 2460 1799 2528 privaret,
1856 2459 2083 2512 vicinam

500 2552 630 2619 ipsis
663 2551 1017 2606 calamitatem
1070 2551 1363 2604 consumit.
1417 2548 1549 2602 lllud
1591 2563 1750 2616 porro
1795 2549 2082 2602 declaravit

501 2641 616 2695 btec
639 2655 763 2706 vox,
793 2639 912 2693 lam
935 2656 955 2704 ;
981 2638 1177 2694 indicat
1203 2639 1348 2698 item,
1377 2639 1518 2706 quod
1547 2638 1654 2706 jam
1686 2637 1889 2691 securis
1916 2637 2080 2692 radici

497 2729 711 2783 admota
752 2730 840 2783 sit.
871 2729 1006 2783 Nihil
1033 2730 1174 2783 enim
1224 2728 1592 2782 intermedium
1620 2738 1722 2792 est,
1753 2728 1943 2796 inquit,
1987 2728 2081 2784 sed

495 2819 604 2887 jam
635 2819 799 2874 radici
829 2821 1009 2874 instat.
1042 2819 1156 2873 Non
1181 2819 1333 2885 dixit,
1379 2819 1578 2883 ltainis,
1613 2833 1736 2881 non,
1770 2819 2076 2882 Fructibus,

497 2910 614 2975 sed,
646 2909 864 2974 Radici;
897 2909 1185 2964 ostendens
1213 2911 1373 2978 ipsos,
1419 2909 1464 2963 si
1493 2909 1727 2978 segniter
1767 2917 1944 2978 agant,
1978 2909 2081 2962 im-

499 3000 832 3055 medicabilia
859 3001 996 3053 mala
1043 3015 1294 3068 passuros
1322 3015 1464 3062 esse,
1515 3001 1632 3054 sine
1662 3000 1766 3054 ulla
1805 3015 1899 3070 spe
1927 3014 2083 3054 cura-

500 3091 682 3145 tionis.
709 3091 891 3159 Neque
916 3091 1055 3144 enim
1085 3106 1271 3143 servus
1298 3103 1376 3144 est
1404 3092 1446 3142 is
1469 3093 1554 3156 qui
1579 3091 1813 3154 advenit,
1847 3102 1902 3147 ut
1935 3092 1966 3144 ii
1991 3093 2078 3160 qui

498 3188 687 3245 antea;
735 3180 828 3235 sed
875 3180 988 3249 ipse
1038 3181 1406 3235 universnrum
1451 3181 1726 3245 Dominus,
1777 3180 1866 3250 qui
1914 3180 2077 3236 vehe-

498 3283 730 3328 mentem
771 3284 826 3327 et
849 3272 1219 3343 gravissimam
1262 3271 1452 3339 inﬂigit
1477 3273 1782 3325 vindictam.
1832 3275 2076 3325 Attamen

499 3372 774 3430 postquam
818 3362 936 3415 illos
970 3377 1024 3415 ex
1038 3360 1247 3425 terruit,
1276 3375 1382 3433 non
1408 3361 1537 3414 sinit
1571 3363 1621 3414 in
1647 3360 2077 3429 desperationem

497 3453 768 3517 incidere;
823 3452 1393 3521 salquemadmodum
1425 3469 1583 3520 supra
1629 3469 1736 3506 non
1766 3455 1920 3516 dixit,
1973 3454 2076 3506 Su-

495 3544 726 3606 scitavit,
755 3542 870 3608 sed,
903 3541 1076 3596 Potest
1103 3542 1349 3595 suscitare
1387 3543 1518 3610 ﬁlios
1545 3544 1779 3606 Abrainz,
1816 3552 2074 3599 terrorem

494 3631 651 3688 simul
691 3641 743 3688 et
773 3635 1203 3693 consolationem
1233 3632 1525 3690 immittens
1557 3650 1569 3683 :
1599 3635 1678 3688 sic
1721 3644 1774 3687 et
1822 3635 1923 3688 hoc
1961 3635 2078 3690 loco

494 3733 598 3776 non
635 3725 792 3786 dixit,
828 3725 1080 3780 Radicem
1131 3726 1324 3795 attigit,
1368 3726 1482 3790 sed,
1533 3726 1610 3778 Ad
1651 3723 1870 3779 radicem
1915 3727 2077 3798 posita

494 3823 587 3877 est,
612 3830 707 3887 seu
737 3814 903 3868 radici
931 3816 1144 3870 admota
1169 3825 1284 3881 est;
1315 3827 1370 3871 et
1395 3817 1589 3870 nullam
1618 3817 1734 3873 fore
1767 3819 2074 3875 dilationem

492 3905 745 3959 ostendit.
795 3905 1061 3960 Caeterum
1114 3906 1213 3960 etsi
1255 3907 1400 3960 illam
1439 3899 1510 3961 ita
1551 3923 1716 3977 prope
1756 3909 2071 3975 admoverit,

492 3997 781 4050 sectionem
812 3995 864 4049 in
897 4006 1076 4050 vestro
1103 3996 1250 4065 ponit
1290 3997 1530 4051 arbitrio.
1562 3998 1690 4053 Nam
1725 4001 1768 4051 si
1793 4010 2074 4055 converta-

492 4085 642 4148 mini,
679 4093 734 4139 et
773 4087 827 4140 in
856 4086 1044 4140 melius
1088 4087 1388 4149 mutemini,
1422 4087 1551 4139 nihil
1599 4097 1817 4156 Operata
1869 4090 2074 4143 securis

492 4177 881 4240 removebitur;
925 4179 970 4229 si
1017 4187 1194 4230 antem
1235 4177 1284 4230 in
1331 4176 1517 4229 iisdem
1561 4178 1754 4232 Studiis
1783 4181 2066 4244 maneatis,

490 4268 746 4321 radicitus
774 4268 1019 4322 arborem
1056 4269 1268 4320 avellet.
1304 4266 1428 4321 ideo
1455 4271 1660 4323 securis
1705 4285 1803 4327 nec
1830 4285 1857 4322 a
1889 4273 2068 4327 radice

488 4372 785 4424 amaretur,
845 4373 1022 4428 neque
1046 4367 1193 4411 set-at
1237 4357 1472 4422 admota,
1530 4369 1640 4413 tum
1677 4376 1746 4415 ne
1790 4361 2067 4426 decidatis,

489 4456 597 4500 tum
647 4456 704 4501 ut
740 4448 979 4513 discatis,
1020 4462 1176 4516 posse
1223 4463 1316 4502 vos
1359 4448 1517 4502 brevi.
1553 4457 1794 4517 tempore
1836 4460 2069 4505 mutatos

488 4539 717 4590 salutem
763 4539 1039 4604 consequi.
1081 4537 1204 4592 ldeo
1243 4538 1471 4607 undique
1513 4539 1758 4595 timorem
1798 4549 1977 4605 auget.
2013 4553 2070 4596 ut

477 4629 683 4682 excitet.
723 4629 866 4696 ipsos
894 4628 1238 4697 imi-uilatque
1264 4629 1326 4682 ad
1356 4631 1738 4697 ptenitentiam.
1764 4632 1894 4686 Nam
1922 4645 1975 4687 ct
2000 4634 2069 4688 ab

486 4734 704 4772 areum
737 4718 988 4786 dignitate
1030 4719 1296 4785 excidere,
1331 4730 1385 4775 ct
1423 4722 1555 4772 τιὶξωε
1585 4721 1634 4773 in
1668 4724 1744 4773 sui
1781 4723 1950 4777 locum
1981 4725 2064 4778 in-

488 4814 675 4866 ductos
702 4827 921 4865 (eruere
978 4821 1026 4864 υἱ
1054 4811 1186 4864 mala
1216 4813 1462 4880 injanuis
1493 4828 1631 4866 esse.
1666 4823 1721 4867 et
1759 4816 2062 4872 intolerabi-

489 4902 553 4953 lia
600 4901 733 4954 mala
786 4904 1001 4959 tegare,
1053 4916 1170 4967 qum
1212 4912 1432 4970 utraque
1477 4917 1570 4968 per
1612 4903 1842 4957 radicem
1890 4915 1938 4959 et
1970 4922 2062 4974 p1:

486 4990 712 5043 scierim
738 4990 1009 5050 inti-cavit;
1043 4991 1103 5042 iu
1125 5007 1171 5057 τῇ,
1207 4993 1438 5061 inquam,
1473 5005 1736 5058 poterant,
1769 4996 1850 5049 vel
1878 4997 2062 5052 admo-

486 5082 613 5134 dum
644 5083 692 5134 in
738 5083 1034 5136 socordiam
1079 5083 1255 5150 lapsos
1283 5086 1538 5147 excitare,
1571 5096 1623 5138 et
1650 5088 1909 5141 sollicitos
1938 5091 2059 5145 red—

483 5174 628 5227 dere.
672 5174 782 5226 lloc
808 5175 981 5242 itaque
1009 5176 1285 5230 declarati:
1311 5177 1518 5238 Paulus,
1548 5178 1759 5233 diccbat
1788 5199 1802 5232 :
1846 5181 2057 5235 Verba-nt

483 5266 822 5318 abbreriamm
867 5268 1014 5334 faciet
1067 5268 1309 5321 Dominus
1355 5287 1503 5336 super
1561 5274 1841 5326 universmu
1889 5278 2055 5328 orbem

488 5349 661 5415 (Boni.
693 5357 743 5409 ξ).
771 5356 880 5424 ⁸Ξὸ).
933 5357 1035 5411 Sed
1082 5374 1147 5412 ne
1183 5361 1400 5421 tiumas;
1445 5363 1549 5414 inm
1582 5366 1755 5430 potius
1801 5369 1923 5419 time
1951 5368 2060 5434 (ιιιί-

481 5445 625 5508 dem,
654 5447 745 5498 sed
788 5462 852 5500 ne
878 5447 1148 5516 (imperes.
1185 5450 1314 5503 Nam
1359 5451 1530 5504 adhuc
1570 5469 1717 5521 spem
1753 5458 2058 5510 mutationis

485 5537 680 5594 babes:
715 5555 885 5608 neque
916 5542 1053 5593 enim
1097 5543 1356 5596 sententia
1405 5544 1452 5596 in
1482 5561 1612 5612 opus
1654 5548 1851 5613 prodit,
1885 5563 2056 5617 neque

482 5627 685 5680 scutris
713 5627 774 5678 ad
801 5629 1082 5682 secandum
1119 5634 1276 5684 venit.
1309 5633 1439 5696 Quid
1464 5636 1606 5687 enim
1636 5652 1700 5688 ne
1730 5650 1937 5692 secaret
1968 5639 2056 5693 im-

493 5713 740 5779 pediebat
774 5719 914 5772 illam
961 5721 1120 5775 radici
1169 5724 1474 5778 Qtllltlllilnl?
1514 5726 1617 5780 Sed
1663 5739 1717 5782 ut
1766 5739 1816 5782 te
1859 5730 2048 5783 {ing-0r!)

1239 348 1294 406 S.
1337 345 1614 405 JOANNIS
1660 341 2077 403 CIIRYSOSTOI

2188 340 2491 398 \BCIIIEP.
2532 343 3069 404 CONSTANTINOP.

3695 350 3791 406 I96

2213 457 2488 513 meliorem
2527 459 2793 524 redderet,
2823 475 2879 517 et
2897 461 2963 516 ad
2993 461 3269 518 ferendum
3299 461 3530 517 fructum
3566 471 3787 529 artaret,

2209 547 2422 604 admota
2454 550 2565 603 fuit.
2607 549 2731 604 Ideo
2759 551 2937 605 intulit
2968 570 2980 606 ε
3015 551 3193 606 Omms
3222 558 3374 606 arbor
3399 568 3512 623 qut:
3538 569 3643 606 non
3678 553 3794 618 facit

2209 645 2428 712 fructum
2459 643 2640 696 bonum
2686 643 2966 708 excidetur,
3013 654 3060 698 et
3095 645 3149 698 in
3187 645 3354 715 ignem
3384 645 3634 699 mittetur.
3663 643 3790 698 Cum

2208 747 2369 801 porro
2393 732 2538 796 dicit,
2565 731 2764 797 Omnis,
2788 743 3004 788 amovet
3027 748 3240 789 omnem
3271 735 3567 790 nobilitatis
3592 750 3792 804 pra-ro-

2206 824 2453 893 gativam.
2487 823 2706 888 Etiamsi
2734 825 2877 877 enim
2907 823 3075 893 ipsius
3104 824 3335 878 Abrahze
3364 840 3535 893 nepos
3581 825 3680 887 sis,
3712 824 3790 876 in-

2205 916 2339 985 quit,
2371 916 2580 970 etiamsi
2612 915 2752 970 inter
2776 929 2908 969 avos
2938 915 3136 969 multos
3155 926 3471 969 enumerare
3505 915 3680 982 possis
3705 929 3792 983 pa-

2206 1008 2482 1072 triarchas,
2517 1008 2714 1076 duplex
2737 1008 3056 1077 supplicium
3086 1009 3221 1070 lues,
3250 1007 3294 1060 si
3321 1007 3436 1060 sine
3465 1005 3646 1060 fructu
3678 1021 3794 1058 ma-

2205 1113 2353 1152 neas.
2389 1098 2482 1152 llis
2507 1099 2682 1154 verbis
2708 1100 3019 1168 publicanos
3049 1099 3259 1158 terruit.
3293 1097 3518 1151 militmn
3552 1097 3792 1150 animum

2203 1193 2509 1255 commovit,
2552 1206 2657 1245 non
2695 1192 2747 1245 in
2773 1192 3206 1261 desperationem
3235 1191 3553 1259 eonjiciens,
3588 1189 3683 1244 sed
3724 1189 3791 1242 ab

2203 1283 2346 1337 omni
2390 1285 2615 1353 segnitie
2640 1283 2952 1340 detrudens.
3001 1285 3130 1339 Nam
3175 1286 3226 1338 id
3257 1285 3398 1354 quod
3428 1284 3635 1338 dictum
3679 1289 3794 1338 erat

2201 1389 2321 1429 cum
2353 1375 2543 1427 timore
2582 1389 2828 1444 magnam
2854 1376 3163 1443 adjunctam
3194 1374 3424 1429 habebat
3462 1374 3793 1428 ειτηευιειιὶο-

2202 1479 2343 1518 nem.
2373 1464 2508 1518 Cum
2537 1464 2672 1518 dixit
2699 1465 2864 1528 enim,
2901 1465 3029 1532 Qum
3053 1481 3152 1519 non
3173 1465 3295 1535 facit
3326 1468 3551 1536 {metum
3579 1465 3787 1528 bonum,

2201 1553 2434 1608 ostendit
2480 1555 2647 1618 illam,
2688 1570 2808 1624 qua:
2860 1554 3088 1610 fructum
3130 1556 3327 1610 bonum
3381 1556 3604 1624 profert,
3660 1553 3788 1608 nulli

2200 1645 2460 1714 supplicio
2485 1660 2604 1700 esse
2627 1646 2932 1700 obnoxiam.

2269 1736 2322 1789 4.
2351 1735 2711 1802 thuomodo,
2728 1735 2953 1804 inquies,
2974 1734 3198 1789 fructum
3217 1735 3355 1788 ferre
3375 1735 3694 1804 poterimus,
3715 1735 3787 1789 in-

2199 1835 2372 1880 stante
2383 1825 2638 1893 sectipne,
2653 1837 2702 1878 et
2720 1826 2770 1878 in
2787 1835 2891 1878 tam
2905 1835 3127 1896 angusto
3141 1833 3407 1892 tempore,
3421 1833 3789 1880 cumstatutus

2200 1919 2456 1972 terminus
2483 1919 2550 1971 sit
2576 1919 2642 1971 ita
2673 1918 2986 1986 proximus?
3011 1917 3238 1983 Poteris,
3264 1918 3466 1986 inquit;
3501 1932 3612 1972 non
3645 1918 3785 1972 enim

2199 2008 2318 2062 talis
2339 2016 2421 2061 est
2442 2008 2548 2070 ille,
2567 2007 2735 2075 qualis
2751 2007 3000 2061 arborum
3020 2005 3332 2076 fructus,qui
3354 1993 3581 2064 multum
3609 2018 3790 2077 postu-

2197 2097 2271 2151 lat
2284 2107 2512 2165 tempus,
2529 2106 2581 2151 et
2597 2107 2675 2152 cst
2693 2099 2816 2152 anni
2835 2091 3236 2165 tempestatibus
3253 2098 3518 2157 subditus,
3539 2113 3604 2152 ac
3621 2099 3785 2151 multa

2194 2197 2314 2255 eget
2329 2188 2664 2254 operatione;
2685 2187 2775 2240 sed
2794 2187 2984 2240 sufficit
2998 2187 3158 2251 velle,
3174 2197 3225 2241 et
3238 2188 3413 2241 statim
3430 2187 3586 2242 ﬂoret
3604 2188 3782 2242 arbor.

2161 2279 2163 2284 “
2195 2275 2376 2344 Neque
2396 2278 2536 2331 enim
2557 2278 2748 2332 radicis
2771 2288 2955 2333 natura
2981 2287 3204 2342 tantum,
3232 2277 3324 2334 sed
3347 2280 3506 2334 etiam
3531 2293 3622 2332 ars
3642 2281 3782 2349 agri-

2195 2369 2325 2421 colae
2347 2369 2411 2421 ad
2432 2368 2657 2422 fructum
2679 2368 2953 2423 ferendum
2974 2371 3202 2426 maxime
3209 2370 3378 2439 juvat.
3401 2369 3605 2425 Idcirco
3625 2387 3694 2425 ne
3709 2370 3788 2424 di-

2196 2467 2379 2513 cercnt
2398 2478 2410 2512 :
2428 2457 2536 2513 Nos
2557 2460 2756 2526 turbas,
2774 2475 2949 2528 urges,
2970 2462 3132 2529 cogis,
3156 2461 3367 2514 admota
3391 2462 3567 2515 sccuri
3590 2461 3786 2515 sectio-

2196 2566 2316 2606 nem
2344 2551 2737 2616 comminando,
2759 2560 2812 2605 et
2834 2553 2884 2605 in
2913 2553 3025 2620 ipso
3047 2553 3289 2621 supplicii
3316 2562 3559 2622 tempore
3582 2553 3786 2610 fructus

2195 2649 2509 2709 proventum
2534 2641 2735 2710 exigis;
2761 2641 3055 2711 subjunxit,
3079 2641 3369 2697 ostendens
3389 2642 3650 2698 all‘crcndi
3675 2645 3782 2697 tru-

2192 2737 2310 2783 ctus
2329 2729 2634 2784 facilitatem
2658 2747 2670 2784 :
2691 2733 2708 2785 l
2729 2733 2773 2784 Ι.
2798 2731 2906 2802 Ego
2929 2749 3012 2786 vos
3032 2732 3231 2809 baptjzo
3254 2734 3306 2786 in
3329 2750 3461 2801 aqua
3476 2751 3494 2787 :
3511 2735 3600 2804 qui
3616 2745 3782 2789 autem

2194 2829 2302 2888 post
2324 2837 2401 2874 me
2419 2823 2568 2882 venit,
2599 2825 2778 2891 fortior
2796 2839 2872 2876 me
2890 2834 2980 2887 est,
3007 2825 3151 2893 cujus
3169 2840 3269 2877 non
3287 2841 3395 2876 sum
3413 2825 3602 2894 dignus
3622 2827 3784 2880 corri-

2192 2911 2327 2980 giam
2355 2912 2677 2965 calceamenti
2701 2919 2908 2966 solvere.
2942 2913 3063 2981 Ipse
3087 2930 3172 2968 vos
3200 2914 3470 2984 baptizabit
3498 2915 3550 2967 in
3583 2912 3785 2983 Spiritu

2192 3011 2363 3054 sancto
2395 3011 2438 3052 et
2465 3003 2516 3053 in
2542 3004 2688 3071 igne:
2710 3004 2791 3057 bis
2821 3004 3098 3058 declarans
3128 3006 3400 3060 voluntate
3426 3006 3583 3060 simul
3609 3018 3664 3060 et
3685 3006 3782 3060 fide

2191 3105 2324 3158 cpns
2345 3107 2485 3156 esse,
2510 3109 2610 3146 non
2632 3095 2900 3149 laboribus
2920 3096 3340 3166 sudoribusque;
3363 3108 3526 3166 atque
3556 3107 3612 3151 ut
3633 3097 3784 3153 facile

2189 3191 2270 3235 cst
2291 3183 2564 3250 baptizari,
2586 3186 2653 3237 ila
2676 3185 2829 3239 facile
2853 3201 2971 3240 esse
2992 3188 3228 3240 converti
3254 3197 3307 3241 et
3327 3189 3580 3242 meliores
3597 3188 3780 3244 evade-

2188 3289 2265 3328 re.
2289 3274 2572 3342 Postquam
2591 3277 2750 3344 igitur
2767 3276 2975 3330 illorum
2995 3279 3199 3330 animos
3211 3290 3575 3333 commoverat
3593 3281 3783 3347 timore

2183 3363 2364 3431 judicii
2382 3374 2432 3416 et
2447 3366 2843 3434 exspectatione
2856 3366 3120 3433 supplicii,
3142 3370 3342 3422 securis
3361 3371 3600 3434 nomine,
3623 3372 3782 3440 majo-

2189 3470 2305 3507 rum
2345 3457 2655 3521 amissione,
2693 3457 2922 3510 aliorum
2963 3458 3264 3513 inductione
3295 3460 3549 3528 filiorum,
3582 3463 3778 3532 duplici

2185 3545 2467 3613 supplicio,
2493 3546 2748 3600 sectionis
2777 3558 2829 3602 et
2860 3547 3111 3614 incendii,
3141 3557 3194 3602 et
3219 3560 3399 3617 postea
3435 3551 3630 3604 horum
3661 3570 3775 3604 om-

2186 3636 2329 3688 nium
2343 3636 2590 3689 duritiem
2606 3639 3050 3707 asperitatemque
3067 3622 3420 3708 mitigaverat,
3436 3657 3496 3695 ac
3511 3642 3775 3696 malorum

2185 3724 2512 3795 depulsionis
2525 3726 2844 3782 desiderium
2861 3727 3139 3783 imbuerat
3157 3746 3168 3782 ;
3185 3738 3307 3784 tum:
3320 3729 3534 3786 denum]
3549 3731 3778 3786 dchiri-

2185 3830 2268 3873 sto
2291 3820 2448 3873 verba
2474 3821 2614 3880 facit,
2650 3837 2753 3874 non
2781 3822 3116 3889 simpliciter,
3148 3825 3239 3878 sed
3263 3827 3636 3880 excellentiam
3662 3829 3775 3897 ejus

2183 3913 2474 3974 extollens;
2493 3911 2683 3967 deinde
2702 3923 2954 3981 quantum
2977 3915 3241 3969 intervalli
3257 3928 3400 3972 esset
3419 3919 3557 3974 inter
3575 3935 3635 3975 se
3653 3934 3706 3977 et
3725 3923 3776 3977 il-

2184 4002 2290 4056 lum
2321 4002 2620 4066 declarans,
2649 4020 2714 4058 ne
2744 4006 3018 4059 videretur
3043 4007 3090 4062 id
3125 4009 3190 4062 ad
3219 4011 3445 4078 gratiam
3475 4013 3767 4076 dicerem:

2180 4096 2579 4161 comparatione
2603 4095 2864 4148 donorum
2890 4113 3004 4164 qum
3039 4098 3108 4149 ab
3137 4108 3358 4167 utroque
3386 4116 3689 4170 manarent,
3723 4108 3770 4160 id

2183 4183 2403 4250 peragit.
2418 4183 2687 4238 Nonenim
2705 4189 2878 4238 statim
2897 4187 3045 4250 dixit,
3059 4187 3215 4256 Cujus
3228 4205 3327 4242 non
3341 4207 3447 4244 sum
3462 4194 3773 4264 dignuscor-

2179 4276 2358 4344 rigiam
2385 4276 2708 4341 caiceamenti
2731 4279 2938 4344 saltare,
2967 4281 3060 4334 sed
3098 4291 3377 4350 postquam
3407 4284 3660 4352 baptismi
3690 4290 3768 4344 sui

2177 4365 2565 4433 simplicitatem
2600 4368 2795 4436 posuit,
2827 4377 2878 4422 et
2909 4371 3144 4424 ostendit
3182 4371 3330 4425 illum
3357 4374 3488 4428 nihil
3519 4378 3642 4444 plus
3671 4377 3766 4432 ba~

2178 4457 2323 4518 bere.
2342 4473 2498 4523 quam
2521 4457 2660 4526 quod
2687 4460 2749 4512 ad
2777 4462 3138 4528 pwnitcntiam
3171 4464 3314 4531 ipsos
3334 4464 3624 4521 deduceret
3648 4470 3767 4538 (ne-

2177 4562 2276 4614 que
2308 4549 2448 4600 enim
2475 4549 2626 4611 dixit,
2682 4548 2736 4599 in
2776 4565 2908 4618 aqua
2941 4553 3291 4615 remissionis,
3337 4555 3454 4621 sed,
3487 4555 3763 4613 Paeniten-

2177 4638 2303 4701 ίξςίι),
2336 4639 2530 4692 (Lini-isti
2575 4640 2892 4707 baptismum
2938 4641 3085 4710 ponit.
3125 4643 3380 4699 ineli‘abili
3422 4645 3568 4699 dono
3595 4651 3765 4705 refer-

2176 4738 2302 4782 tum.
2351 4729 2442 4786 iis.
2476 4731 2663 4796 inquit,
2693 4745 2811 4784 cum
2854 4733 3025 4790 audis,
3073 4735 3243 4798 ipsum
3272 4744 3394 4802 post
3433 4752 3522 4791 nte
3551 4739 3756 4805 venire,

2173 4822 2316 4874 illum
2348 4821 2634 4888 despicias,
2675 4823 2813 4890 quod
2847 4835 3154 4890 postremus
3184 4827 3389 4880 venerit
3418 4845 3429 4878 :
3461 4829 3610 4885 disce
3650 4834 3754 4887 vim

2171 4913 2293 4967 doni
2333 4915 2521 4981 ipsius,
2564 4924 2610 4967 (τε
2652 4915 2791 4969 clare
2821 4917 2958 4969 scies
3002 4932 3085 4968 mc
3117 4932 3214 4970 nec
3245 4918 3452 4988 dignius
3483 4905 3756 4992 quidpiam

2171 5008 2248 5058 vel
2281 5023 2527 5072 magnum
2562 5009 2867 5077 protulzsse,
2903 5023 3021 5061 eum
3053 5007 3182 5073 dixi,
3216 5008 3375 5080 Cust
3404 5028 3502 5064 non
3530 5031 3645 5067 sunt
3667 5016 3751 5070 di-

2166 5117 2295 5169 gnus
2322 5099 2586 5168 corrigiam
2616 5098 2937 5152 calceamenti
2963 5102 3168 5155 solvere.
3205 5101 3386 5170 itaque
3415 5118 3535 5158 cum
3565 5109 3752 5160 audie-

2166 5193 2238 5244 ris
2261 5193 2430 5258 ipsum
2452 5191 2719 5244 fortiorem
2750 5206 2834 5243 me
2857 5206 2994 5256 esse,
3023 5209 3087 5247 ne
3115 5201 3266 5262 putes
3295 5196 3344 5248 id
3371 5210 3457 5248 me
3483 5211 3582 5264 per
3603 5213 3754 5252 com-

2166 5284 2493 5350 paratidnem
2516 5281 2730 5335 dixisse.
2756 5282 2933 5351 Neque
2958 5286 3096 5337 enim
3121 5285 3312 5354 dignus
3335 5302 3454 5340 sum
3480 5289 3619 5341 inter
3641 5304 3749 5342 ser-

2168 5386 2259 5423 vos
2275 5371 2390 5437 ejus
2411 5372 2727 5438 computari,
2758 5371 2864 5427 imo
2888 5387 2953 5427 nc
2976 5375 3111 5428 inter
3134 5374 3349 5430 ultimos
3370 5391 3557 5431 servos
3580 5394 3750 5449 neque

2165 5455 2444 5520 ministerii
2489 5463 2571 5515 vel
2602 5463 2907 5517 vilissimum
2939 5476 3140 5531 partem
3185 5466 3354 5520 obire.
3388 5468 3748 5536 Quamobrem

2163 5567 2269 5605 non
2303 5553 2612 5620 simpliciter
2634 5554 2785 5619 dixit,
2817 5553 3207 5622 Calceamenta,
3238 5557 3351 5623 sed,
3371 5559 3555 5631 Neque
3581 5564 3749 5618 con-i-

2162 5644 2322 5715 giam,
2353 5647 2492 5716 quod
2521 5657 2814 5702 extremum
2845 5652 3082 5704 omnium
3110 5651 3319 5708 videtur
3347 5669 3488 5710 esse.
3524 5655 3744 5722 Deinde.

2165 5749 2230 5791 ne
2259 5745 2412 5806 putes
2439 5737 2548 5791 hac
2583 5754 2677 5807 per
2715 5740 3062 5798 lmmilitatcm
3103 5742 3263 5799 fuisse
3287 5744 3448 5812 dicta,
3487 5763 3552 5802 ex
3585 5747 3742 5805 rebus

3975 3771 3977 3812 l

3966 4063 3971 4259 ἰ

3900 5649 3939 6362 1
