4050 6420
235 354 335 408 197

237 468 368 529 ipsis
426 467 940 522 demonstrationem
993 462 1221 533 adjicit:
1273 474 1396 516 nam
1441 459 1535 523 ait,
1593 456 1713 527 Ipse
1749 471 1837 510 vos

235 559 516 627 baptizabit
540 560 593 612 in
614 557 816 626 Spiritu
841 565 1015 610 sancto
1045 555 1166 608 etin
1186 555 1322 624 igne.
1346 548 1534 606 Viden’
1553 555 1750 619 quanta
1767 547 1838 603 sit

236 651 494 718 Baptistae
533 648 831 717 sapientia?
856 646 1081 714 Quando
1109 645 1224 716 ipse
1267 642 1542 715 praedicat,
1575 641 1831 721 terribilia

234 743 413 795 omnia
439 730 806 816 praefertqua:
829 739 881 792 in
904 738 1232 792 anxietatem
1261 735 1588 804 conjiciant;
1620 730 1837 803 quando

235 842 419 885 autem
456 831 522 883 ad
551 819 824 885 Christum
852 830 1034 894 mittit,
1068 828 1207 882 bona
1230 827 1533 890 annuntiat,
1563 841 1682 896 qua:
1720 825 1838 880 ani-

232 937 354 977 mos
391 921 600 990 possint
643 934 913 975 recreare.
957 917 1143 988 Neque
1185 919 1330 972 enim
1374 915 1628 982 securim,
1660 931 1837 986 neque

230 1013 474 1070 excisam
499 1011 771 1077 arborem,
794 1011 878 1064 vel
913 1009 1248 1063 combustam
1281 1017 1333 1062 et
1365 1007 1421 1062 in
1447 1007 1624 1077 ignem
1651 1007 1838 1079 conje-

229 1113 402 1163 ctam,
438 1119 616 1172 neque
659 1103 890 1158 futuram
920 1103 1052 1156 iram
1100 1099 1154 1154 itt
1196 1099 1432 1154 medium
1473 1098 1711 1164 adducit,
1739 1097 1834 1154 sed

231 1204 584 1267 peccatorum
641 1196 1036 1261 remissionem,
1092 1193 1339 1262 supplicii
1393 1193 1630 1256 veniam,
1679 1191 1836 1260 justi-

232 1287 389 1351 tiam,
438 1284 936 1347 sanctilirationent,
981 1283 1432 1352 redemptionem,
1462 1283 1830 1352 adoptionem,

230 1377 659 1440 fraternitatem,
721 1373 1034 1429 hereditatis
1075 1375 1406 1428 consortium
1435 1415 1450 1440 ,
1502 1383 1558 1428 et
1601 1373 1860 1455 Spiritus_

229 1471 408 1527 sancti
437 1468 710 1536 copiosam
734 1466 1090 1535 largitionem.
1123 1465 1249 1519 litae
1271 1466 1447 1518 omnia
1477 1464 1835 1518 subindicavit

230 1564 445 1624 dicens,
491 1557 780 1627 Baptizubit
824 1573 909 1611 uos
938 1558 991 1610 in
1023 1555 1226 1625 Spiritu
1270 1566 1468 1618 sancto,
1499 1555 1614 1623 ipsa
1662 1567 1835 1608 meta-

229 1654 406 1725 phora
424 1653 608 1722 gratim
624 1651 833 1719 copiam
859 1649 1159 1703 declarans.
1188 1647 1306 1702 Non
1333 1649 1476 1701 enim
1499 1648 1654 1712 dixit,
1681 1647 1836 1702 Dabit

228 1745 388 1799 vobis
414 1743 672 1812 Spiritum
703 1751 985 1806 sanctum;
1017 1741 1133 1806 sed,
1165 1739 1458 1809 Baptizabit
1498 1756 1584 1794 vos
1618 1744 1673 1793 in
1700 1739 1830 1807 Spi-

225 1834 337 1886 ritu
365 1843 575 1893 sancto;
601 1841 656 1886 et
683 1833 819 1902 ignis
842 1831 1117 1886 additione
1141 1830 1543 1887 vehementiam
1574 1840 1627 1884 et
1653 1828 1833 1884 efﬁca-

228 1924 374 1978 ciam
397 1925 579 1992 gratia:
602 1924 1000 1978 demonstrans.

307 2013 360 2068 5.
405 2013 682 2080 Perpende
722 2013 894 2082 igitur.
916 2027 1023 2082 quo
1061 2012 1240 2066 animo
1270 2012 1558 2068 verisimile
1584 2022 1668 2067 est
1707 2001 1833 2067 tunc

230 2105 402 2160 fuisse
429 2106 733 2174 auditores,
762 2106 1058 2174 cogitantes
1083 2117 1143 2159 se
1181 2104 1387 2159 similes
1415 2105 1688 2173 prephetis
1721 2120 1834 2158 ma-

229 2197 457 2265 gnisque
496 2195 601 2249 illis
632 2196 758 2256 viris
789 2210 910 2248 mox
954 2195 1160 2249 futuros
1194 2209 1332 2249 esse.
1367 2193 1491 2248 Ideo
1521 2195 1663 2248 enim
1697 2196 1832 2264 ignis

230 2291 558 2344 mentionem
588 2289 742 2354 fecit,
772 2297 828 2342 ut
858 2288 963 2342 illis
995 2289 1230 2358 ipsorum
1262 2287 1575 2341 memoriam
1606 2301 1832 2340 revoca-

229 2391 337 2438 ret.
379 2382 509 2437 Nam
551 2383 781 2437 maxima
811 2396 936 2450 pars
960 2395 1144 2435 earum
1166 2420 1181 2444 ,
1215 2395 1350 2448 quas
1379 2379 1634 2444 habuere,
1670 2377 1834 2432 visio-

231 2491 364 2530 num
385 2515 400 2538 ,
431 2489 528 2542 per
558 2473 731 2542 igncnt
757 2486 1057 2549 apparuere
1081 2489 1094 2524 :
1119 2471 1196 2526 sic
1215 2471 1380 2542 Moysi
1403 2473 1454 2525 in
1480 2471 1615 2526 ru'bo
1638 2472 1831 2541 inqua-

231 2577 322 2622 tus
350 2575 434 2620 est
465 2565 638 2630 Deus,
682 2565 759 2619 sic
797 2565 942 2617 omni
987 2563 1183 2632 populo
1223 2563 1291 2617 in.
1320 2575 1501 2616 monte
1545 2565 1703 2627 Sina;
1753 2565 1834 2618 sic

230 2654 504 2712 Ezechieli
533 2671 655 2710 cum
694 2655 1036 2711 Cherubinis.
1076 2654 1459 2709 Animadverte
1503 2671 1662 2722 porro
1700 2670 1834 2724 quo-

231 2747 398 2802 modo
423 2747 721 2800 auditorem
757 2746 986 2809 excitet,
1035 2746 1262 2813 primum
1311 2756 1553 2799 statuens
1594 2745 1644 2798 id
1689 2745 1831 2813 quod

231 2847 356 2909 post
386 2839 487 2892 alia
517 2839 693 2891 omnia
727 2838 960 2893 futurum
986 2847 1118 2893 erat.
1148 2838 1443 2905 Oportebat
1469 2840 1612 2892 enim
1642 2839 1833 2892 immo-

231 2930 331 2984 lari
356 2928 584 3000 Agnum,
605 2938 658 2983 et
684 2941 961 3000 peccatum
985 2929 1173 2994 deleri,
1205 2930 1534 2984 inimicitiam
1562 2930 1719 2994 solvi,
1748 2946 1836 2984 se-

230 3020 503 3090 pulturam
533 3022 822 3075 succedere
841 3031 894 3076 et
919 3021 1393 3080 resurrectionem,
1423 3029 1475 3073 et
1503 3029 1686 3088 postea
1714 3020 1837 3086 Spi-

230 3111 396 3164 ritum
428 3119 668 3165 sanctum
706 3112 980 3165 advenire.
1026 3114 1094 3163 At
1131 3126 1318 3163 eorum
1361 3108 1490 3162 nihil
1530 3109 1690 3174 dicit;
1737 3107 1833 3163 sed

229 3199 379 3270 quod
411 3208 738 3267 postremum
767 3195 912 3264 erat,
947 3199 1177 3268 primum
1208 3200 1413 3266 posuit,
1447 3208 1666 3265 propter
1689 3198 1832 3267 quod

231 3299 432 3346 cmtera
464 3290 644 3344 omnia
673 3289 810 3343 facta
839 3299 998 3355 sunt,
1044 3290 1296 3358 quodque
1324 3291 1555 3341 maxime
1582 3288 1832 3342 idOucum

231 3391 352 3435 erat
379 3379 445 3433 ad
471 3379 588 3449 ejus
617 3379 1010 3448 praedicandam
1040 3380 1355 3454 dignitatem
1388 3398 1400 3432 :
1435 3390 1492 3431 ut
1528 3395 1648 3432 cum
1691 3379 1832 3432 didi-

233 3472 368 3524 cerit
401 3470 633 3533 auditor,
665 3485 724 3524 se
754 3479 955 3523 tantum
995 3469 1250 3537 Spiritum
1291 3480 1630 3537 accepturum
1671 3485 1791 3525 esse
1816 3513 1831 3535 ,

235 3571 441 3632 quzerat
479 3562 618 3630 apud
646 3562 992 3630 semetipsum
1018 3561 1287 3630 quomodo
1328 3561 1376 3614 id
1420 3562 1654 3616 futurum
1693 3573 1838 3618 esset

239 3660 460 3719 peccato
490 3652 593 3706 late
622 3663 907 3721 regnante;
941 3663 999 3706 ut
1027 3653 1387 3719 illumpostea
1417 3651 1692 3720 reperiens
1723 3655 1834 3706 sol-

240 3743 480 3808 licitum,
513 3753 566 3799 et
603 3745 667 3798 ad
711 3745 1032 3797 audiendum
1077 3755 1316 3810 paratum
1339 3787 1352 3808 ,
1387 3745 1463 3798 sic
1492 3745 1558 3798 de
1592 3745 1837 3813 passione

240 3835 852 3890 sermonem-induceret
871 3877 884 3898 ,
914 3835 1127 3888 nomine
1154 3845 1333 3902 postea
1365 3835 1415 3888 in
1456 3835 1836 3890 oiTendiculum

244 3929 455 3982 labente
474 3930 543 3982 ob
563 3928 865 3981 diuturnam
892 3926 1014 3981 doni
1040 3926 1338 3994 hujusmodi
1362 3929 1834 3994 evspectationem.

244 4018 371 4073 Ideo
417 4032 628 4072 rursum
668 4018 932 4072 clamabat
980 4035 993 4069 :
1038 4017 1170 4070 Ecce
1209 4035 1372 4087 agnus
1415 4017 1545 4081 Dei,
1605 4019 1691 4086 qui
1745 4019 1837 4071 ιοι-

245 4111 302 4164 lit
332 4119 590 4178 peccatum
635 4108 812 4161 mundi
848 4106 1033 4177 (Joan.
1063 4109 1113 4160 1.
1136 4107 1263 4178 29).
1296 4107 1409 4161 Non
1441 4108 1605 4172 dixit,
1634 4109 1734 4176 Qui
1760 4125 1845 4164 re-

247 4201 444 4265 mittit,
476 4198 570 4252 sed
600 4199 741 4267 quod
769 4199 987 4267 majoris
1026 4209 1142 4252 erat
1177 4215 1322 4254 curae
1357 4214 1421 4254 ac
1461 4202 1839 4269 providentim,

251 4290 353 4357 Qui
399 4289 552 4343 tollit.
597 4287 716 4364 Non
755 4288 897 4341 enim
928 4287 1153 4357 idipsum
1185 4299 1268 4342 est
1310 4290 1622 4359 simpliciter
1663 4291 1847 4346 remit-

252 4390 400 4444 tere,
439 4386 496 4433 et
539 4388 721 4448 postea
765 4393 1058 4433 resumere.
1119 4379 1248 4433 Nam
1297 4380 1424 4433 illud
1473 4379 1593 4434 sine
1636 4382 1848 4450 perieu-

253 4472 305 4524 lo
348 4469 542 4531 ﬁebat,
586 4468 688 4522 hoc
718 4478 893 4522 autem
927 4485 1021 4536 per
1061 4479 1286 4524 mortem
1328 4469 1429 4541 (η).
1475 4470 1679 4526 Rursus
1716 4486 1848 4527 vero

250 4559 500 4627 dicebat,
548 4559 691 4629 quod
730 4559 896 4614 Filius
941 4560 1032 4614 Dei
1072 4571 1214 4616 esset
1244 4561 1407 4628 (Ibid.
1433 4579 1482 4616 υ.
1508 4563 1622 4634 54).
1646 4563 1848 4620 Verum

316 4799 507 4865 (a)_Sic_
537 4797 935 4865 Latineublontfq
968 4800 1167 4865 Graece
1199 4803 1369 4865 autem
1392 4811 1407 4865 ξ
1431 4798 1687 4865 *Οὖᾲγάρ-
1707 4801 1837 4865 ἐστιν

249 4859 358 4911 ἶσόν
376 4859 381 4860 7
399 4861 583 4923 ἀφεῖναι
606 4862 787 4918 ἁπλῶς,
933 4862 1013 4908 τὸν
1062 4861 1203 4908 αὐτὸν
1226 4859 1493 4923 ἀναλαϐεῖν.
1544 4859 1611 4907 Τὸ
1641 4862 1722 4921 μὲν
1748 4863 1837 4923 γᾴρ

251 4925 342 4978 {Eia
362 4920 580 4991 κινδύνῳ
613 4923 816 4991 ἐγιξγεαιιό²
837 4922 906 4991 ’τὸ
933 4923 985 4969 δὲ
1009 4924 1127 4991 μετά
1151 4922 1368 4991 Θᾳγᾴτθου.
1415 4922 1536 4991 Quae
1577 4920 1650 4969 sic
1670 4920 1837 4991 expli-

250 4997 350 5049 cari
375 4987 586 5049 possunt
608 4997 620 5029 :
650 4981 704 5032 Ν
714 4981 926 5049 quidem
953 4981 1026 5049 est
1050 4981 1347 5049 simpliciter
1373 4981 1618 5049 remittere
1640 4989 1684 5049 et
1701 4995 1836 5049 eune-

249 5041 488 5102 dem—tid
517 5050 597 5102 est
626 5041 965 5101 remittentem)
1027 5041 1271 5094 assumere
1334 5043 1483 5102 (quod
1533 5041 1833 5102 remittitur).

252 5100 519 5166 Namillud
535 5100 645 5166 sine
655 5101 871 5165 periculo
891 5101 1053 5164 fiebat,
1063 5117 1124 5152 ea:
1135 5105 1222 5152 hoc
1235 5100 1398 5153 autem
1409 5114 1541 5150 mors
1552 5100 1839 5166 sequebatur

254 5166 337 5226 (ad
362 5163 606 5217 litteram,
626 5161 716 5219 hoc
755 5161 913 5213 autem
933 5177 1040 5213 cum
1080 5167 1275 5226 marte).
1315 5166 1451 5222 Quod
1479 5166 1539 5218 si,
1572 5161 1840 5214 m‘ultorum

252 5227 480 5287 codicum
499 5227 842 5287 arctoritatem
867 5229 1042 5284 secuti,
1067 5229 1285 5287 legamus
1310 5226 1451 5271 αὐτόν
1465 5237 1553 5285 pro
1571 5229 1650 5287 τὸν
1676 5229 1837 5284 αὐτόν,

252 5290 327 5352 sic
381 5284 856 5352 interpretabimur:
924 5289 1036 5352 Non
1079 5284 1206 5337 enim
1250 5284 1381 5352 idem
1423 5284 1492 5334 est
1547 5286 1836 5350 (Christum)

251 5344 559 5410 simplicitei;
583 5346 828 5410 (peccata)
854 5348 1134 5410 remittere,
1182 5354 1227 5399 et
1270 5347 1426 5408 ipsum
1461 5359 1706 5410 assumere
1739 5344 1843 5410 (re-

253 5407 453 5475 missaiz
514 5407 875 5475 Erratiiontf.
911 5413 1039 5475 dum
1087 5407 1293 5475 conjicit
1341 5407 1542 5475 rescribi
1578 5421 1722 5475 posse
1746 5407 1843 5468 ἑὴν

253 5470 404 5533 ςρςήν
440 5466 652 5529 (scilicet
672 5471 923 5533 (imprimit)
947 5466 1218 5533 ᾀναλαϐεῖῖι,
1249 5475 1304 5518 et
1346 5470 1510 5528 iuterp
1539 5473 1696 5519 etari:
1732 5466 1844 5522 Non

251 5528 470 5594 idipsum
485 5534 559 5594 est
582 5528 827 5589 peccatum
849 5528 1094 5594 dimittere
1113 5540 1158 5585 et
1187 5533 1343 5594 ipsum
1365 5541 1841 5594 nz_nspto_rousae;

255 5590 386 5639 hunc
414 5591 547 5702 eam
576 5604 775 5641 sensum
799 5596 1002 5643 minime
1044 5590 1222 5646 licebat
1249 5591 1396 5642 verbo
1419 5590 1668 5643 ἀναλαϐεῖν
1707 5590 1845 5645 aflin.

255 5664 398 5702 uere.
521 5665 582 5699 ιτ.

250 5664 398 5715 gere.
446 5664 582 5702 tum.

1355 338 1421 395 IN
1449 333 1859 394 nummus
1899 295 2133 388 HOMlL.
2175 334 2269 390 XI.

3454 349 3551 402 198

1943 462 2120 516 neque
2148 448 2278 505 illud
2314 450 2461 507 clare
2487 452 2802 523 dignitatem
2836 438 2977 508 illius
3005 453 3344 511 audientibus
3375 462 3555 527 expri-

1944 539 2142 595 mebat.
2184 540 2432 597 Nondum
2460 544 2604 598 enim
2636 544 2878 599 sciebant
2906 546 3082 615 ipsum
3103 563 3226 604 esse
3253 551 3551 618 genuinum

1941 629 2136 685 Filium
2171 650 2184 685 :
2213 647 2279 687 ex
2309 633 2452 689 dono
2479 645 2656 690 autem
2688 635 2920 705 Spiritus
2965 639 3135 692 sancti
3190 640 3240 693 id
3266 639 3376 709 jam
3417 657 3553 696 con-

1942 722 2138 776 stabat.
2186 722 2419 794 ldeoque
2463 726 2622 781 Pater
2671 726 2933 782 Joannem
2976 729 3229 796 mittens,
3276 731 3553 802 dignitatis

1942 812 2082 881 ejus,
2111 813 2202 885 qui
2230 815 2568 881 adveniebat,
2601 817 2702 872 hoc
2728 829 3105 889 argumentum
3129 821 3298 888 dedit,
3322 824 3509 879 dicens
3533 845 3548 880 :

1943 903 2112 975 Super
2139 922 2288 974 quem
2323 909 2506 962 uideris
2545 908 2798 979 Spiritum
2837 911 3217 967 descendentem
3258 925 3305 969 et
3334 932 3550 970 "iuuen-

1941 1002 2062 1062 tem,
2081 996 2261 1052 Itic-est
2279 999 2367 1068 qui
2391 1000 2613 1065 baptizat
2643 1001 2695 1054 in
2722 1001 2924 1071 Spiritu
2953 1014 3130 1058 sancto
3151 1003 3329 1073 (Joan.
3356 1009 3406 1060 1.
3423 1008 3549 1078 55).

1941 1079 2278 1156 Quapropter
2298 1099 2352 1143 et
2377 1089 2494 1159 ipse
2515 1091 2645 1146 dicit
2674 1111 2686 1146 :
2717 1091 2824 1161 Ego
2850 1095 2954 1146 vidi
2982 1084 3405 1151 et'testiinonium
3429 1116 3552 1176 per-

1942 1175 2084 1229 hibui
2107 1178 2227 1245 quia
2248 1179 2331 1231 hic
2350 1191 2421 1233 est
2441 1178 2612 1234 Filius
2636 1180 2733 1236 Dei
2754 1182 2919 1248 (Ibid.
2949 1201 2996 1236 υ.
3027 1185 3098 1239 54
3114 1185 3154 1254 ),
3184 1187 3338 1256 quasi
3358 1202 3425 1243 ex
3448 1175 3552 1244 hoc

1942 1276 1998 1321 et
2024 1266 2155 1322 illud
2185 1284 2400 1338 quoque
2435 1270 2545 1338 jam
2576 1271 2782 1326 clarum
2822 1273 3096 1329 evaderet.
3143 1275 3377 1340 Deinde,
3423 1277 3549 1346 quia

1941 1356 2079 1412 bona
2098 1358 2261 1425 dixit,
2285 1359 2694 1430 auditoremque
2713 1363 2920 1417 remisit
2938 1373 3100 1432 atque
3120 1363 3337 1432 laxavit,
3363 1381 3551 1422 rursus

1942 1449 2091 1502 illum
2124 1452 2426 1521 restringit,
2472 1467 2540 1506 ne
2569 1453 2620 1506 in
2658 1452 2918 1507 desidiam
2960 1454 3134 1508 cadat.
3180 1455 3313 1511 Tale
3349 1457 3551 1526 quippe

1939 1551 2050 1594 erat
2081 1540 2388 1596 .Iudzrorum
2419 1557 2588 1613 genus
2618 1560 2630 1597 :
2662 1558 2728 1598 ex
2755 1545 3027 1613 prosperis
3056 1546 3163 1599 cito
3203 1547 3551 1602 cmollieban-

1942 1636 2048 1696 tur,
2075 1631 2485 1701 deterioresque
2514 1632 2734 1688 ﬁebant.
2781 1633 3016 1703 Ideoque
3052 1650 3242 1690 rursus
3286 1637 3546 1692 terribilia

1941 1720 2147 1776 inducit
2189 1721 2270 1776 his
2312 1723 2488 1777 verbis
2525 1742 2537 1777 :
2574 1723 2664 1777 12.
2705 1724 2868 1789 Cuius
2909 1726 3242 1780 vettlilabruut
3287 1729 3339 1781 in
3391 1745 3548 1783 manu

1938 1827 2052 1863 sua.
2083 1812 2340 1880 Superius
2365 1813 2475 1882 jam
2503 1814 2823 1883 supplicium
2848 1827 3268 1883 memoraverat;
3307 1817 3394 1874 hic
3417 1835 3548 1873 vero

1939 1903 2180 1958 Judicem
2209 1905 2430 1971 inducit,
2458 1907 2868 1977 immortaleque
2890 1909 3210 1978 supplicium
3244 1927 3258 1963 :
3285 1925 3407 1964 nam
3434 1911 3546 1966 ait:

1939 1994 2206 2048 Comburet
2238 1996 2410 2065 paleas
2439 1998 2554 2065 igne
2591 1998 3010 2068 iuexstinguibili.
3046 1999 3202 2054 Vides
3244 2001 3416 2068 ipsum
3465 2017 3546 2055 re-

1939 2102 2056 2141 rum
2086 2088 2326 2141 omnium
2361 2088 2644 2142 Dominum
2682 2090 2967 2158 agricolam
2997 2105 3122 2146 esse
3164 2107 3177 2145 :
3221 2107 3545 2162 quamquam

1939 2179 2153 2236 Patrem
2185 2181 2285 2235 hoc
2309 2183 2482 2249 ipsum
2511 2197 2633 2236 esse
2660 2182 2783 2234 alibi
2817 2183 3011 2235 dixerit
3042 2202 3055 2236 :
3092 2182 3249 2236 Pater
3278 2201 3438 2246 om“,
3474 2185 3548 2238 in-

1938 2273 2087 2340 quit,
2119 2273 2344 2342 agn'cotu
2373 2282 2447 2325 est
2472 2271 2652 2341 (Ibid.
2685 2272 2816 2325 15.1
2848 2275 2866 2341 )
2916 2273 3049 2338 Quia
3081 2273 3225 2326 enim
3254 2273 3417 2341 dixit,
3449 2273 3549 2329 Se-

1939 2363 2107 2427 curis,
2141 2378 2210 2416 ne
2239 2372 2454 2430 putares
2485 2378 2595 2416 rem
2629 2363 2813 2416 labore
2843 2378 2978 2430 opus
3005 2364 3224 2431 habere,
3268 2381 3365 2422 nec
3392 2367 3548 2424 facile

1940 2451 2169 2508 discerni
2202 2467 2357 2520 posse
2379 2492 2394 2516 ,
2425 2452 2529 2504 alio
2556 2453 2804 2521 exemplo
2834 2454 3143 2508 facilitatem
3179 2455 3410 2522 inducit,
3452 2471 3546 2511 os-

1943 2544 2168 2597 tendens
2194 2542 2448 2596 mundum
2474 2553 2643 2595 totum
2671 2544 2814 2597 illius
2834 2558 2955 2598 esse
2982 2560 2996 2597 :
3024 2560 3134 2598 non
3159 2546 3303 2600 enim
3335 2549 3550 2615 puniret

1940 2634 2167 2688 alienos.
2189 2633 2336 2687 Nunc
2355 2649 2482 2687 vero
2504 2633 2680 2687 omnia
2705 2636 2967 2703 permixta
2990 2647 3130 2689 sunt.
3158 2636 3382 2692 Etiamsi
3402 2640 3546 2693 enini

1941 2723 2262 2778 frumentum
2290 2724 2482 2785 luceat,
2507 2733 2742 2776 attamen
2764 2739 2886 2777 cum
2911 2725 3063 2792 palea
3090 2727 3319 2794 positum
3344 2739 3444 2786 eat.
3467 2737 3548 2782 ut-

1943 2821 2067 2880 pote
2093 2812 2145 2865 in
2175 2827 2298 2866 area
2321 2853 2337 2876 ,
2366 2827 2472 2865 non
2507 2813 2558 2865 in
2593 2812 2808 2867 horreo.
2845 2814 2995 2870 Tunc
3022 2826 3200 2869 autem
3232 2819 3412 2871 omnia
3439 2819 3552 2872 dis-

1939 2911 2252 2957 cernentur.
2285 2902 2383 2956 Ubi
2416 2918 2557 2957 nunc
2583 2917 2710 2956 sunt
2738 2905 2810 2956 illi
2840 2905 2929 2974 qui
2956 2897 3259 2975 gehennam
3291 2922 3414 2962 esse
3439 2925 3547 2963 non

1940 2993 2208 3048 credunt?
2238 2994 2449 3048 Etenim
2478 2994 2584 3048 duo
2616 2996 2813 3063 posuit,
2846 3004 2900 3049 et
2927 2997 3317 3065 haplizaturum
3347 3014 3468 3053 esse
3494 3001 3546 3055 iu

1940 3083 2142 3150 Spiritu
2185 3092 2406 3146 sancto,
2456 3093 2508 3136 et
2549 3085 2955 3138 combusturum
3002 3102 3107 3138 non
3154 3088 3458 3144 credentes.
3492 3091 3548 3144 Si

1940 3174 2099 3242 igitur
2129 3174 2257 3226 illud
2287 3174 2646 3238 credendum,
2690 3185 2743 3229 et
2789 3175 2892 3229 hoc
2931 3179 3093 3230 etiam
3137 3194 3378 3247 prorsus.
3404 3182 3541 3236 Pro-

1938 3273 2057 3331 pter
2115 3261 2217 3316 hoc
2273 3262 2420 3316 enim
2480 3272 2763 3332 utrumque
2816 3265 3100 3332 prmdixit,
3155 3278 3212 3321 ut
3264 3269 3333 3324 ab
3386 3273 3547 3327 unius

1940 3351 2303 3420 praedictionis
2331 3362 2561 3416 eventu,
2595 3353 2749 3407 alteri
2784 3355 2917 3408 lides
2944 3370 3050 3410 non
3077 3368 3383 3427 negaretur.
3413 3362 3548 3417 Nam

1940 3452 1994 3496 et
2022 3440 2267 3495 Christus
2299 3441 2350 3496 id
2382 3457 2487 3496 non
2518 3459 2640 3496 raro
2667 3442 2791 3497 facit
2820 3464 2830 3497 :
2864 3460 3007 3514 saspe
3036 3447 3085 3499 in
3120 3449 3183 3502 iis
3211 3449 3340 3518 ipsis
3365 3452 3543 3517 rebus,

1940 3546 2085 3598 Saepe
2115 3532 2274 3586 etiam
2311 3533 2360 3584 in
2389 3534 2672 3587 contrariis
2693 3575 2708 3599 ,
2741 3535 2873 3589 duas
2899 3551 3176 3605 apponens
3203 3542 3546 3609 prop'ltetias,

1943 3639 2168 3691 quarunt
2195 3638 2354 3676 unam
2384 3623 2603 3678 exhibet
2630 3625 2899 3693 intpletat'n
2922 3667 2935 3688 ,
2963 3628 3194 3682 alteram
3221 3630 3546 3699 implendam

1945 3713 2237 3781 promittit,
2269 3723 2325 3766 ut
2354 3714 2421 3768 ab
2447 3730 2509 3768 ea
2531 3755 2544 3778 ,
2575 3731 2694 3784 qua:
2715 3717 2824 3783 jam
2866 3718 3078 3783 evenit,
3123 3718 3344 3775 alteram
3370 3765 3386 3788 ,
3432 3740 3551 3792 qua:

1945 3806 2180 3859 nondum
2221 3807 2419 3872 evenit,
2452 3807 2537 3861 vel
2583 3809 3030 3864 contentiosiores
3057 3812 3300 3866 credant.
3337 3814 3548 3870 Etenim

1948 3900 2010 3950 iis
2033 3899 2118 3966 qui
2151 3906 2369 3965 propter
2393 3897 2565 3964 ipsum
2596 3899 2775 3950 omnia
2800 3900 3129 3967 reliquerint,
3155 3907 3465 3972 centuplum
3497 3908 3549 3959 in

1949 3988 2198 4055 pratsenti
2226 3987 2424 4039 saeculo
2451 4001 2510 4040 se
2539 3987 2786 4040 daturum
2830 3989 3096 4057 pollicitus
3135 4003 3249 4058 est,
3295 4006 3349 4049 et
3388 3996 3550 4049 vitam

1949 4086 2202 4130 attentam
2237 4075 2501 4136 iuJ‘uturo
2532 4083 2548 4144 (
2574 4075 2739 4128 Marc.
2775 4079 2858 4132 10.
2893 4081 3040 4149 50),
3069 4098 3134 4135 ex
3181 4084 3274 4145 iis,
3318 4101 3435 4155 qua:
3465 4088 3552 4141 hic

1948 4167 2163 4231 dantur,
2197 4165 2377 4235 futura
2399 4167 2502 4221 ﬁde
2523 4167 2679 4237 digna
2714 4168 2965 4223 reddens.
2993 4171 3045 4224 Id
3070 4174 3212 4240 quod
3235 4176 3394 4229 etiam
3428 4176 3554 4232 fecit

1950 4262 2184 4316 Joannes
2207 4302 2221 4325 ,
2254 4272 2540 4330 utrumque
2569 4276 2802 4330 ponens,
2844 4271 2897 4316 et
2927 4264 3067 4332 quod
3099 4265 3332 4334 baptizet
3353 4269 3405 4322 in
3430 4271 3553 4338 Spi-

1951 4354 2054 4407 ritu
2083 4361 2286 4414 sancto,
2319 4359 2376 4405 et
2403 4352 2543 4421 quod
2574 4352 2854 4406 comburat
2887 4355 3006 4423 igne
3037 4355 3476 4426 inexstinguibili.

2025 4446 2077 4499 6.
2119 4445 2172 4500 Si
2222 4446 2398 4514 itaque
2430 4460 2535 4496 non
2566 4445 2852 4511 baptizavit
2900 4445 2950 4497 itt
2996 4444 3196 4514 Spiritu
3242 4451 3552 4519 apostolos,

1955 4551 2127 4603 neque
2158 4535 2305 4598 illos,
2350 4536 2438 4603 qui
2485 4535 2719 4602 quotidie
2761 4535 3015 4602 baptizari
3058 4537 3287 4604 vellent,
3335 4541 3402 4594 de
3450 4542 3554 4596 illis

1954 4629 2114 4683 etiam
2142 4628 2415 4681 dubitandi
2450 4628 2623 4680 locum
2657 4609 2914 4689 haberes;
2945 4628 2986 4679 si
3018 4643 3146 4680 vero
3177 4630 3227 4682 id
3260 4633 3401 4700 quod
3437 4650 3553 4687 ma-

1951 4721 2039 4788 jus
2082 4729 2136 4775 et
2177 4719 2447 4773 diﬂicilius
2485 4733 2605 4773 esse
2645 4717 2940 4782 videbatur,
2984 4728 3038 4773 et
3079 4720 3219 4788 quod
3248 4737 3552 4780 sermonem

1956 4825 2170 4864 omnem
2202 4818 2455 4877 superat,
2497 4819 2547 4862 et
2578 4807 2776 4862 factum
2814 4817 2923 4867 est.
2967 4821 3021 4868 et
3042 4811 3281 4883 quotidie
3304 4812 3553 4876 eliicitur,

1957 4903 2083 4972 quid
2111 4917 2286 4957 causa)
2315 4910 2401 4957 est
2426 4917 2520 4955 cur
2547 4901 2597 4954 id
2623 4900 2764 4969 quod
2798 4900 2951 4956 facile
2979 4911 3034 4955 et
3061 4903 3353 4958 secundum
3389 4908 3556 4959 ratio-

1959 5010 2082 5048 nem
2121 5003 2232 5058 est,
2263 5008 2449 5046 verum
2493 5007 2600 5049 non
2643 5005 2762 5044 esse
2796 4990 2981 5045 dicas?
3006 4991 3140 5056 Quia
3189 4995 3334 5046 enim
3373 4995 3509 5049 dixit
3543 5038 3554 5050 .

1960 5083 2242 5150 Baptizabit
2272 5084 2323 5137 in
2354 5083 2555 5152 Spiritu
2580 5092 2755 5136 sancto
2782 5091 2825 5134 et
2865 5082 2916 5134 in
2960 5082 3106 5150 igne,
3148 5091 3201 5136 et
3242 5099 3430 5153 magna
3474 5085 3560 5140 hic

1961 5174 2207 5244 promisit
2235 5173 2405 5239 bona,
2437 5188 2504 5227 ne
2547 5172 2726 5224 animo
2773 5173 3104 5233 concideres,
3141 5175 3407 5241 prioribus
3438 5193 3558 5230 oat-

1962 5266 2121 5320 nibus
2150 5264 2425 5333 neglectis,
2451 5263 2802 5316 ventilabrum
2830 5261 3054 5324 induxit,
3084 5272 3136 5316 et
3157 5262 3416 5332 judicium
3445 5266 3561 5321 sive

1963 5359 2229 5412 delectum
2259 5372 2357 5426 per
2384 5356 2485 5409 hoc
2517 5355 2629 5409 licri
2657 5355 2895 5409 solitum.
2926 5352 3004 5407 Ne
3035 5355 3232 5422 putetis
3261 5358 3404 5409 enim
3428 5398 3442 5419 ,
3462 5362 3561 5422 in-

1963 5452 2106 5521 quit,
2135 5450 2453 5518 baptismum
2480 5447 2762 5509 sullicere,
2791 5447 2836 5500 si
2863 5447 3091 5516 improbi
3121 5459 3302 5515 postea
3332 5449 3561 5514 fueritis;

1966 5560 2099 5611 opus
2125 5543 2321 5611 quippe
2343 5540 2500 5595 nobis
2523 5549 2606 5594 est
2629 5549 2682 5593 et
2707 5540 2902 5593 virtute
2927 5549 2979 5592 et
3010 5539 3171 5593 multa
3203 5542 3560 5611 philosophia.

1964 5631 2250 5702 Propterea
2295 5635 2562 5687 lavacrum
2591 5631 2642 5686 in
2670 5631 2893 5700 gratiam
2928 5630 3073 5700 ipsos
3101 5646 3129 5683 a
3162 5633 3334 5685 securi
3365 5634 3448 5685 illa
3480 5634 3560 5689 de
