4050 6432
530 384 631 440 190

526 499 678 571 pellit
704 497 779 570 (a)
807 504 860 554 ct
890 491 1139 548 transfert
1164 501 1180 540 :
1215 494 1335 556 post
1358 482 1580 556 gratiam
1617 487 1793 571 autem
1821 468 2104 571 ave-mila-

530 559 628 645 bro
654 559 855 655 et‘igne
881 577 1295 650 incxstinguibili
1325 581 1521 634 terret,
1553 577 1608 625 et
1628 566 1823 621 nullam
1846 561 1970 617 facit
1991 559 2104 655 dis:

529 646 839 734 tinctionem
883 687 1069 729 eorum
1114 646 1205 739 qui
1247 665 1479 722 nondum
1522 657 1768 729 baptizati
1804 661 1965 716 sunt,
2013 646 2104 702 sed

529 767 849 840 generaliter
890 765 958 818 ait
992 779 1005 814 :
1043 761 1219 814 Omnia
1241 757 1407 817 arbor,
1438 765 1551 817 qut:
1577 765 1677 802 non
1721 746 1842 816 facit
1889 747 2104 840 fructum

530 831 715 914 bonum
734 899 749 923 ,
781 855 1052 916 excidatur,
1080 848 1316 904 infideles
1341 857 1529 897 omnes
1554 840 1804 910 puniens;
1835 841 1957 905 post
1981 831 2108 923 bap-

533 953 688 1005 tisma
732 920 906 1000 autem
959 940 1348 996 distinctionem
1401 930 1684 1004 quamdam
1739 925 1934 988 eflicit;
1985 920 2106 990 quia

532 1041 680 1095 nutlti
710 1052 892 1092 eorum
923 1034 1008 1103 qui
1035 1031 1308 1087 credidere
1332 1068 1347 1091 ,
1373 1026 1477 1081 lide
1515 1023 1780 1090 indignam
1811 1019 1972 1072 vitam
2008 1013 2119 1068 du-

531 1130 667 1184 cturi
687 1137 856 1182 erant.
880 1125 1048 1181 Nemo
1066 1125 1242 1191 itaque
1263 1119 1410 1189 palea
1431 1116 1541 1178 flat,
1562 1125 1718 1166 nemo
1737 1111 1807 1164 sit
1825 1109 2104 1168 fluctuans,

531 1233 704 1287 neque
733 1215 912 1286 pravis
939 1210 1309 1282 cupiditatibus
1336 1208 1406 1262 sit
1433 1206 1673 1259 addictus
1691 1242 1703 1265 ,
1733 1201 1804 1254 ita
1826 1206 1883 1251 ut
1905 1197 1973 1252 ab
2008 1195 2112 1249 illis

533 1308 689 1363 facile
716 1307 946 1376 undique
969 1304 1212 1372 jactetur.
1241 1298 1294 1355 Si
1321 1298 1459 1352 enim
1499 1295 1819 1348 frumentum
1859 1298 2108 1347 maneas.

534 1399 740 1453 etiamsi
773 1395 993 1450 tentatio
1019 1395 1246 1461 ingruat,
1277 1388 1407 1443 nihil
1434 1386 1555 1440 mali
1584 1395 1834 1453 passurus
1862 1393 1920 1433 es
1947 1395 1960 1430 :
1987 1391 2108 1430 nam

532 1489 589 1542 in
618 1501 742 1540 area
785 1494 916 1538 rota:
961 1498 1151 1537 currus
1192 1478 1431 1533 sulcandi
1471 1475 1772 1529 facultatem
1819 1470 2106 1531 habentes,

534 1579 855 1633 frumentum
878 1588 982 1629 non
1009 1571 1283 1634 scindunt;
1306 1568 1350 1623 si
1377 1583 1503 1622 vero
1525 1567 1575 1619 in
1602 1560 2112 1635 paletefragilitatem

536 1665 819 1728 incideris,
863 1673 917 1718 et
960 1663 1046 1717 hic
1087 1658 1413 1716 intoleranda
1465 1653 1712 1726 patieris,
1757 1653 1825 1705 ab
1865 1650 2114 1705 omnibus

536 1762 802 1822 concisus,
833 1770 886 1812 et
917 1755 1024 1809 illic
1052 1751 1362 1822 supplicium
1393 1750 1508 1804 lues
1533 1755 1810 1801 aeternum.
1839 1742 1939 1810 Qui
1968 1737 2113 1795 enim

537 1849 672 1904 tales
696 1858 852 1912 sunt,
876 1857 1158 1916 antequam
1181 1843 1448 1897 fornacem
1477 1841 1620 1894 illam
1645 1839 1871 1890 futuram
1897 1832 2114 1896 adeant,

538 1938 977 1994 irrationabilium
1005 1936 1285 1990 affectuum
1314 1932 1401 1986 hic
1428 1947 1547 1985 esca
1574 1928 1894 1990 elllciuntur,
1918 1931 1978 1978 ut
2017 1937 2115 1993 pa-

541 2030 639 2085 leae
655 2038 779 2084 sunt
805 2028 1077 2082 brutorum
1100 2025 1250 2078 cibus
1279 2041 1291 2075 :
1323 2032 1375 2076 et
1402 2021 1509 2075 illic
1526 2034 1709 2074 rursus
1725 2016 1944 2071 materia
1960 2025 2013 2069 et
2027 2015 2107 2068 ci-

540 2123 641 2177 bus
670 2122 805 2192 ignis
833 2130 1008 2175 erunt.
1041 2119 1094 2174 Si
1121 2117 1295 2171 statim
1326 2115 1548 2168 dixisset
1581 2131 1593 2165 :
1625 2112 1742 2182 Ipse
1767 2109 2025 2180 jndicabit
2047 2106 2115 2160 de

539 2213 780 2273 actibus;
813 2223 1117 2263 sermonem
1161 2223 1266 2260 non
1298 2208 1368 2258 ita
1399 2203 1725 2273 probabilem
1755 2199 2070 2255 reddidisset
2097 2214 2112 2261 ;

475 2313 484 2322 ‘
541 2318 660 2357 cum
686 2309 863 2355 autem
895 2287 1195 2368 parabolam
1224 2295 1534 2357 admiscuit,
1574 2302 1627 2347 et
1665 2308 1758 2361 per
1785 2307 1902 2346 eam
1940 2289 2117 2343 omnia

544 2390 895 2460 dispensavit,
925 2387 978 2442 id
1007 2387 1072 2441 ad
1104 2383 1528 2456 persuadendum
1553 2383 1719 2451 magis
1755 2389 1934 2448 aptum
1973 2387 2116 2441 erat;

544 2489 744 2534 etcum
785 2477 973 2547 majori
1014 2475 1381 2531 consolatione
1419 2472 1712 2525 auditorem
1745 2471 2004 2523 trahebat.
2040 2467 2120 2520 ld-

542 2571 686 2626 circo
714 2569 832 2623 illos
859 2582 1001 2636 saepe
1030 2565 1130 2621 hac
1156 2566 1361 2620 ratione
1386 2563 1689 2632 alloquitur,
1730 2574 1937 2622 aream,
1980 2573 2118 2612 mes-

543 2675 655 2715 sem
681 2655 719 2722 .
747 2660 987 2725 vineam,
1033 2658 1282 2722 torcular,
1327 2670 1509 2726 agrum
1530 2695 1545 2719 ,
1578 2668 1825 2723 sagenam
1845 2692 1861 2718 ,
1892 2651 2118 2725 piscium

544 2759 845 2818 capturam,
876 2758 929 2803 et
954 2747 1130 2801 omnia
1158 2762 1273 2814 qua:
1301 2747 1351 2799 in
1391 2760 1486 2799 usu
1522 2755 1709 2809 erant,
1752 2752 1804 2797 ct
1844 2744 1895 2796 in
1930 2742 2122 2812 quibus

545 2841 917 2906 versabantur,
945 2838 1123 2893 verbis
1163 2838 1274 2892 suis
1315 2837 1632 2892 admiscens.
1685 2837 1740 2890 ld
1786 2835 1926 2904 quod
1963 2837 2121 2889 etiam

547 2930 779 2999 Baptista
810 2929 896 2983 hic
923 2928 1063 2992 fecit,
1088 2928 1454 2996 dictorumque
1480 2927 1761 2981 maximam
1790 2926 2124 2980 demonstra-

546 3021 743 3074 tionem
788 3019 1042 3087 protulit,
1091 3019 1319 3088 Spiritus
1362 3021 1528 3072 sancti
1574 3018 1794 3071 donum.
1837 3017 1935 3083 Qui
1978 3017 2120 3068 enim

547 3116 746 3172 tantum
778 3117 986 3178 posset,
1015 3115 1071 3160 ut
1100 3108 1256 3160 etiam
1285 3115 1497 3173 peccata
1527 3106 1837 3169 dimitteret,
1870 3115 1924 3159 et
1951 3104 2120 3173 Spiri-

546 3208 656 3253 tum
684 3199 854 3262 daret,
890 3199 1000 3252 haec
1031 3197 1198 3252 multo
1236 3197 1402 3266 magis
1445 3196 1618 3251 facere
1645 3196 1876 3264 poterit,
1923 3195 2118 3249 aiebat.

547 3290 733 3344 Vident
756 3288 1023 3358 quomodo
1042 3288 1152 3356 jam
1179 3287 1586 3355 prmmitterctur
1606 3285 1920 3355 mysterium
1948 3299 2125 3338 resur-

548 3379 798 3434 rectionis
825 3387 878 3432 et
908 3375 1130 3444 iudicii?
1157 3375 1224 3430 Et
1251 3389 1352 3445 qua
1391 3373 1459 3428 de
1495 3389 1652 3429 causa
1672 3415 1686 3439 ,
1733 3375 1973 3444 inquies,
2019 3389 2125 3428 non

549 3472 790 3541 praedixit
808 3485 868 3524 ea
893 3483 1008 3536 quae
1031 3482 1149 3522 mox
1176 3466 1242 3521 ab
1267 3468 1359 3521 illo
1381 3466 1582 3521 edenda
1603 3475 1758 3521 erant
1777 3467 1926 3535 signa
1947 3474 1999 3519 et
2023 3466 2122 3519 mi-

547 3564 760 3618 racula?
787 3563 920 3631 Quia
952 3563 1052 3616 hoc
1082 3563 1146 3617 iis
1173 3563 1416 3618 omnibus
1443 3562 1611 3629 majus
1637 3569 1754 3616 erat
1771 3601 1786 3625 ,
1814 3570 1869 3614 et
1909 3568 2125 3629 propter

547 3653 649 3708 hoc
674 3654 760 3707 illa
787 3653 963 3708 omnia
993 3652 1133 3706 edita
1162 3662 1306 3707 sunt.
1333 3651 1463 3705 Nam
1507 3666 1627 3704 cum
1667 3661 1824 3718 caput
1865 3659 2122 3718 poneret,

547 3744 724 3797 omnia
754 3741 1231 3809 complectebatur,
1264 3741 1449 3794 mortis
1487 3741 1844 3806 solutionem,
1885 3747 2126 3807 peccatu-

550 3848 665 3887 rum
690 3832 1142 3895 destructionem;
1170 3831 1551 3884 maledictionis
1574 3832 1894 3884 amotionem
1910 3871 1927 3896 ,
1952 3846 1981 3883 a
2009 3830 2126 3884 diu-

551 3926 721 3979 turnis
746 3925 896 3979 bellis
925 3923 1290 3978 liberationem
1315 3961 1330 3985 ,
1375 3921 1668 3991 ingressum
1703 3923 1753 3975 in
1781 3922 2080 3992 paradisum
2107 3963 2121 3986 ,

549 4031 824 4071 ascensum
852 4015 904 4068 in
930 4014 1154 4078 cmlum,
1197 4013 1357 4066 vitam
1395 4027 1514 4066 cum
1554 4013 1754 4081 angelis
1790 4013 2122 4076 ducendam,

548 4107 845 4162 futurorum
896 4105 1156 4157 bonorum
1199 4102 1547 4154 consortium.
1591 4101 1722 4154 Nam
1767 4102 1869 4155 hoc
1915 4102 2127 4155 illorum

549 4198 740 4266 pignus
767 4206 876 4248 est:
901 4194 1032 4248 Cum
1062 4208 1190 4261 ergo
1221 4191 1348 4245 illud
1379 4191 1630 4254 dixisset,
1662 4191 1794 4245 dixit
1822 4191 1982 4245 etiam
2011 4205 2129 4246 cer-

551 4300 739 4357 porum
782 4283 1262 4347 resurrectionem,
1291 4282 1437 4350 sigua
1466 4281 1549 4334 hic
1592 4283 1760 4344 edita,
1803 4283 1950 4352 regni
1994 4297 2128 4337 con-

549 4379 806 4442 sortium,
835 4387 889 4432 et
914 4377 1050 4430 bona
1073 4416 1088 4440 ,
1127 4375 1253 4442 Quae
1292 4375 1467 4427 oculus
1506 4391 1608 4428 non
1649 4374 1806 4438 vidit,
1851 4375 1989 4429 auris
2028 4390 2128 4428 non

552 4468 763 4531 audivit,
785 4477 832 4520 et
854 4467 908 4519 in
925 4482 1012 4519 cor
1028 4465 1241 4517 hominis
1260 4479 1359 4516 non
1378 4464 1704 4517 ascenderunt
1726 4465 1776 4533 (l
1789 4503 1801 4516 .
1826 4465 1943 4518 Cor.
1967 4464 2021 4518 2.
2048 4466 2125 4536 9).

555 4558 681 4613 llam
708 4558 901 4626 quippe
926 4555 1100 4608 omnia
1132 4569 1226 4622 per
1252 4553 1452 4606 donum
1490 4553 1617 4606 illud
1661 4553 1810 4608 nobis
1839 4555 2124 4624 praebebat.

550 4645 888 4716 Superlluum
921 4646 1094 4712 itaque
1122 4651 1236 4698 erat
1263 4643 1329 4695 de
1357 4642 1518 4710 signis
1556 4643 1696 4710 loqui
1735 4659 1858 4699 mox
1899 4645 2123 4711 futuris,

551 4753 605 4796 et
633 4740 906 4795 oculorum
933 4737 1133 4807 judicio
1161 4734 1474 4805 probandis;
1522 4735 1615 4791 sed
1645 4735 1712 4790 de
1753 4737 1856 4791 illis
1894 4749 2009 4792 erat
2052 4740 2127 4790 lo-

553 4832 822 4902 quendum
845 4830 913 4883 de
935 4829 1125 4898 quibus
1149 4825 1459 4881 dubitabant
1481 4825 1587 4889 illi;
1619 4841 1835 4895 nempe,
1874 4828 2014 4897 quod
2043 4829 2130 4882 [τί-

554 4923 660 4975 lius
687 4921 778 4974 Dei
806 4929 976 4984 esset,
1007 4918 1147 4987 quod
1173 4917 1431 4971 Joannem
1459 4915 1574 4969 sine
1601 4915 1704 4968 ulla
1733 4919 2128 4987 comparatione

555 5011 914 5082 praecederet,
945 5009 1086 5080 quod
1115 5008 1321 5063 tolleret
1349 5014 1621 5075 peccatum
1651 5009 1852 5076 mundi,
1884 5010 2027 5078 quod
2063 5011 2130 5063 de

556 5103 809 5170 operibus
840 5101 1099 5154 rationem
1125 5108 1406 5155 exacturus
1433 5106 1610 5162 esset,
1643 5099 1781 5166 quod
1807 5109 1987 5154 nostra
2024 5116 2126 5154 non

557 5201 739 5248 essent
763 5191 1114 5262 prarscutibus
1138 5191 1296 5243 rebus
1324 5189 1741 5257 circumscripta,
1768 5189 1860 5244 sed
1894 5190 2001 5245 illic
2022 5191 2129 5244 sin-

557 5285 664 5355 guli
715 5283 927 5353 dignum
975 5281 1287 5351 supplicium
1335 5280 1515 5335 luituri
1565 5291 1761 5338 essent.
1812 5282 1937 5338 H320
1985 5284 2129 5338 enim

555 5376 726 5430 oculis
753 5374 1018 5442 subjicere
1047 5381 1169 5426 tunc
1196 5388 1300 5426 non
1332 5372 1539 5427 licebat.

631 5465 683 5516 7.
723 5462 934 5516 Moralt's
964 5462 1274 5525 exhortatio;
1318 5461 1558 5516 bonorum
1600 5465 1761 5534 gratia
1794 5465 1928 5520 Deus
1967 5464 2129 5520 malos

558 5644 695 5754 “(5:3
727 5653 989 5754 ξὲσᾷνῖιῇξωη
1009 5660 1040 5697 a
1065 5646 1222 5698 securi
1256 5644 1450 5708 depellit
1474 5658 1584 5705 eos,
1618 5646 1665 5695 id
1699 5655 1794 5706 est,
1818 5657 1846 5694 a
1869 5647 2126 5696 commina-

891 5720 930 5755 3.

1223 371 1281 428 8.
1319 362 1596 427 ιοΑΝΝιδ
1630 350 2106 419 οηιιῖεοετοιίι
2145 344 2463 406 ARCHIEP.
2502 341 3038 400 CONSTANTINOP.

3704 341 3806 396 200

2211 465 2310 533 fert
2349 461 2618 529 patienter.
2649 487 2722 498 —
2750 456 2874 512 Hac
2902 457 3077 526 itaque
3100 469 3218 511 cum
3245 453 3481 510 sciamus
3505 493 3522 520 ,
3545 471 3801 525 magnum

2211 551 2559 606 adhibeamus
2587 548 2840 609 studium,
2859 547 2984 601 dum
3009 549 3060 600 in
3083 561 3206 600 area
3231 560 3416 600 sumus
3451 562 3465 598 :
3499 543 3626 599 licet
3655 545 3800 596 enim

2213 642 2300 698 hic
2315 642 2649 698 versantibus
2669 655 2736 693 ex
2755 639 2906 709 palea
2930 639 2980 692 in
3008 639 3236 692 triticum
3260 637 3521 700 converti,
3543 633 3802 704 quemad-

2214 734 2428 789 modum
2460 749 2526 788 ex
2558 733 2731 786 tritico
2775 732 2925 784 multi
2964 730 3113 799 palea
3153 739 3278 782 sunt
3315 728 3460 783 facti.
3504 726 3583 784 Ne
3625 725 3808 793 itaque

2213 827 2576 890 c0ncidamns,
2602 838 2772 893 neque
2792 823 2935 876 omni
2965 831 3124 874 vento
3146 820 3601 878 circnml‘eramur.
3632 830 3809 884 neque

2214 917 2518 972 scindamur
2534 930 2561 967 a
2587 913 2836 967 fratribus
2860 912 3079 974 nostris,
3107 911 3231 963 licet
3248 911 3418 977 exigui
3442 919 3496 961 et
3520 909 3660 962 viles
3690 920 3812 960 esse

2215 1007 2512 1062 videantur.
2539 1004 2669 1058 Nam
2700 1012 2753 1056 et
2786 1002 3107 1056 frumentum
3136 1001 3280 1068 palea
3315 1000 3490 1051 minus
3515 1007 3619 1059 est.
3641 1011 3812 1066 quan-

2218 1106 2327 1152 tttm
2359 1097 2426 1150 ad
2457 1109 2780 1158 mensuram,
2805 1103 3056 1162 quantum
3085 1090 3149 1144 ad
3182 1099 3425 1144 naturam
3453 1099 3659 1150 autem,
3693 1103 3811 1140 me-

2217 1187 2338 1242 lius.
2377 1185 2454 1239 Ne
2480 1183 2658 1238 saeculi
2687 1196 2908 1252 pompas
2939 1178 3191 1249 respicias
3224 1197 3237 1232 :
3271 1193 3391 1231 nam
3422 1178 3523 1231 illa:
3547 1177 3655 1245 igni
3689 1184 3814 1229 sunt

2217 1287 2445 1349 paratae;
2479 1277 2573 1330 sed
2605 1290 2722 1329 eam
2749 1289 2865 1343 quae
2895 1271 3188 1327 secundum
3221 1271 3387 1325 Deum
3413 1279 3494 1322 est
3515 1266 3814 1322 humilita-

2219 1377 2322 1423 tem
2347 1407 2363 1431 ,
2395 1365 2618 1424 solidam
2651 1365 2795 1419 illam
2815 1405 2831 1428 ,
2870 1362 3286 1418 indissolubilem
3309 1402 3325 1426 ,
3358 1377 3478 1430 quae
3508 1359 3684 1413 scindi
3714 1373 3810 1411 ne-

2217 1465 2409 1526 queat,
2453 1471 2625 1524 neque
2668 1455 2734 1506 ab
2777 1455 2899 1522 igne
2939 1453 3202 1506 comburi.
3255 1452 3476 1519 Propter
3521 1450 3618 1504 hos
3664 1450 3814 1504 enim

2218 1551 2401 1621 paleas
2429 1549 2690 1617 patienter
2707 1545 2826 1609 fert,
2845 1554 2899 1600 ut
2925 1560 2989 1599 ex
3023 1544 3232 1597 illorum
3255 1543 3528 1597 consortio
3557 1541 3819 1594 meliores

2220 1641 2365 1693 fiant.
2411 1639 2533 1694 Ideo
2577 1637 2811 1692 nondum
2849 1635 3110 1703 judicium
3147 1643 3265 1698 est,
3308 1642 3364 1686 ut
3393 1646 3580 1685 omnes
3611 1630 3820 1700 pariter

2216 1743 2572 1794 coronemur,
2610 1736 2668 1780 ut
2702 1741 2732 1779 a
2767 1724 3002 1794 nequitia
3033 1723 3180 1777 multi
3212 1721 3278 1776 ad
3306 1721 3552 1774 virtutem
3579 1733 3819 1773 conver-

2221 1828 2416 1874 tantur.
2451 1819 2878 1872 lnhorrescamus
2899 1816 3074 1884 igitur,
3097 1814 3233 1868 hanc
3260 1812 3564 1882 parabolam
3586 1812 3819 1865 audien-

2221 1920 2321 1967 tes.
2352 1909 2561 1964 Etenim
2584 1906 3027 1975 inexstinguibilis
3045 1913 3125 1958 est
3151 1905 3236 1958 ille
3264 1903 3420 1973 ignis.
3449 1903 3512 1956 Et
3535 1902 3820 1973 quomodo

2221 1998 2701 2069 inexstinguibilisl
2750 1997 2975 2067 inquies.
3023 1997 3214 2048 AnnOn
3255 1993 3405 2069 vides
3455 1993 3597 2047 hunc
3639 1993 3819 2048 solem

2219 2108 2432 2161 semper
2457 2092 2765 2155 ardentem,
2804 2099 2856 2142 et
2902 2102 3189 2156 numquam
3231 2085 3592 2165 exstinctum?
3628 2099 3818 2137 annon

2220 2185 2396 2239 vidisti
2426 2183 2614 2237 rubum
2641 2181 2954 2246 ardentem,
2987 2189 3036 2233 et
3071 2195 3174 2231 non
3200 2177 3576 2232 combustum?
3613 2175 3672 2231 Si
3716 2178 3819 2229 ita-

2221 2293 2325 2345 que
2361 2286 2415 2330 et
2453 2276 2562 2342 ipse
2590 2275 2672 2327 vis
2707 2273 2972 2327 flammam
3018 2269 3284 2339 effugere,
3332 2267 3819 2322 immisericordem

2224 2381 2344 2421 esse
2370 2364 2514 2434 prius
2540 2364 2733 2417 desiste
2757 2403 2772 2427 ,
2813 2362 2995 2430 sicque
3038 2360 3237 2413 nullum
3269 2373 3446 2411 sumes
3491 2359 3627 2427 ignis
3676 2358 3820 2410 illius

2225 2458 2666 2524 experimentum.
2694 2451 2823 2506 Nam
2851 2452 2895 2504 si
2930 2451 3013 2504 hic
3041 2464 3101 2504 ea
3126 2464 3243 2518 quae
3271 2449 3541 2512 dicuntur,
3565 2447 3820 2501 credide-

2228 2544 2320 2608 ris,
2351 2558 2470 2596 cum
2499 2543 2620 2596 illuc
2649 2539 3047 2607 transmigrabis
3067 2580 3081 2603 ,
3113 2537 3384 2592 fornacem
3419 2553 3522 2591 non
3557 2536 3770 2590 videbis
3801 2553 3816 2589 :

2224 2634 2266 2686 si
2294 2641 2473 2687 autem
2503 2631 2588 2685 bic
2613 2646 2716 2685 non
2737 2630 3052 2696 credideris,
3079 2631 3187 2684 illic
3209 2637 3460 2698 expertus
3480 2639 3627 2682 certo
3649 2629 3817 2694 scies,

2225 2722 2436 2792 quando
2464 2723 2694 2792 effugere
2719 2722 2849 2775 ultra
2875 2737 2979 2774 non
3003 2722 3220 2790 poteris.
3252 2721 3559 2774 lnevitabilc
3583 2735 3824 2790 namque

2227 2814 2543 2882 supplicium
2585 2824 2666 2867 est
2710 2814 2772 2865 iis
2810 2812 2899 2881 qui
2937 2820 3083 2866 recte
3123 2814 3283 2864 vitam
3312 2825 3415 2863 non
3449 2811 3817 2864 instituerunt.

2227 2903 2410 2973 Neque
2447 2904 2586 2956 cnim
2627 2902 2822 2956 sufficit
2863 2910 3064 2954 tantum
3108 2901 3358 2964 credere;
3388 2915 3508 2953 nam
3539 2899 3820 2954 daunones

2231 2995 2394 3047 Deum
2427 2993 2705 3046 horrentes
2735 2995 2956 3056 timent,
2990 2993 3081 3045 sed
3120 2991 3465 3044 nihilominus
3491 2990 3820 3043 cruciabun-

2230 3094 2328 3138 tur.
2379 3081 2738 3148 Quamobrem
2782 3081 2944 3134 multa
2991 3081 3142 3134 nobis
3183 3081 3451 3150 diligentia
3478 3089 3560 3133 est
3585 3093 3724 3147 opus
3748 3078 3818 3132 ad

2227 3174 2388 3226 vitam
2415 3170 2812 3225 instituendam.
2849 3169 2974 3223 Ideo
3002 3184 3231 3238 namque
3259 3170 3343 3222 hic
3377 3184 3473 3222 vos
3508 3169 3822 3236 frequenter

2227 3276 2631 3330 congregatnus,
2671 3277 2775 3312 non
2809 3267 2866 3312 ut
2905 3260 3009 3312 huc
3050 3257 3418 3327 ingrediamini
3461 3255 3687 3322 tantum,
3719 3258 3820 3311 sed

2232 3362 2288 3404 ut
2329 3367 2396 3405 ex
2441 3351 2540 3407 hac
2580 3352 2807 3403 statione
2848 3348 3078 3416 aliquem
3117 3347 3342 3400 fructum
3390 3347 3737 3414 percipiatis:
3771 3349 3820 3401 si

2232 3457 2359 3496 vero
2385 3456 2596 3509 semper
2633 3439 2920 3504 accedatis,
2952 3454 3015 3492 ac
3035 3439 3151 3493 sine
3192 3438 3298 3491 ullo
3323 3436 3493 3491 fructu
3531 3437 3818 3501 recedatis,

2230 3531 2361 3586 nihil
2388 3546 2452 3585 ex
2482 3531 2723 3600 ingressu
2753 3538 2806 3584 et
2831 3543 3088 3584 consessu
3116 3527 3266 3582 vobis
3292 3527 3422 3581 lucri
3451 3527 3688 3582 accedet.
3723 3527 3821 3580 Et-

2230 3624 2372 3676 enim
2399 3620 2443 3674 si
2463 3636 2581 3675 cum
2607 3635 2798 3688 pueros
2814 3619 2878 3673 ad
2897 3618 3291 3687 ludimagistros
3313 3617 3593 3679 mittimus,
3611 3617 3656 3671 si
3686 3612 3819 3673 nihil

2232 3727 2326 3766 eos
2351 3710 2472 3765 inde
2505 3706 2705 3764 fructus
2734 3708 2934 3764 referre
2959 3708 3232 3762 videamus
3253 3748 3267 3771 ,
3298 3706 3694 3774 ludimagistros
3722 3722 3818 3763 ve-

2233 3803 2510 3855 hementer
2553 3801 2890 3864 incusamus,
2934 3807 2984 3854 et
3031 3799 3096 3852 ad
3139 3799 3273 3853 alios
3320 3813 3464 3868 saepe
3506 3798 3814 3852 mittimus:

2231 3906 2386 3961 quam
2424 3892 2819 3947 excusationem
2861 3887 3212 3959 proferemus,
3251 3889 3295 3944 si
3339 3904 3445 3944 non
3487 3888 3732 3943 eamdem
3763 3889 3816 3943 in

2231 3985 2443 4049 virtute,
2489 3998 2646 4053 quam
2687 3983 2740 4036 in
2775 3981 2999 4035 terrenis
3035 3981 3193 4034 rebus
3219 3979 3566 4034 adhibeamus
3595 3979 3818 4049 diligen-

2235 4075 2381 4137 tiam,
2400 4073 2492 4127 sed
2517 4086 2709 4125 vacuas
2734 4085 2947 4138 semper
2976 4069 3181 4122 tabulas
3200 4068 3416 4122 domum
3439 4079 3776 4137 reponemus
3791 4068 3816 4120 ἲ

2234 4160 2560 4228 Quamquam
2590 4161 2768 4229 plures
2790 4167 2845 4213 et
2869 4158 3097 4227 majores
3127 4157 3212 4211 hic
3240 4157 3478 4224 magistri
3507 4166 3650 4212 sunt.
3681 4157 3816 4212 Nam

2236 4251 2521 4322 prophetas
2545 4261 2600 4306 et
2626 4251 2896 4320 apostolos
2925 4260 2977 4304 et
3000 4250 3346 4318 patriarchas,
3364 4257 3418 4302 et
3433 4249 3607 4318 justos
3627 4248 3816 4304 omu'cs

2236 4341 2289 4395 in
2317 4337 2540 4410 singulis
2565 4340 2911 4394 conventibus
2937 4339 3270 4394 adhibemus.
3312 4340 3382 4393 At
3408 4354 3473 4393 ne
3493 4340 3570 4394 sic
3599 4339 3814 4409 quidem

2235 4432 2424 4500 aliquis
2461 4429 2729 4500 profectus
2758 4429 3208 4499 deprehenditur;
3241 4429 3336 4484 sed
3371 4441 3649 4498 postquam
3682 4431 3816 4484 duos

2238 4531 2410 4575 tresve
2449 4521 2682 4588 psalmos
2718 4519 3089 4573 succinueritis
3111 4561 3127 4586 ,
3159 4527 3213 4574 et
3235 4527 3517 4572 consuetas
3546 4519 3816 4573 orationes

2235 4610 2588 4680 perfunctorie
2617 4610 2920 4673 emiseritis,
2944 4609 3145 4677 egressi
3172 4607 3386 4672 deinde,
3419 4608 3612 4676 putatis
3644 4608 3694 4663 id
3724 4625 3815 4661 vo-

2235 4701 2318 4755 bis
2348 4699 2414 4752 ad
2443 4691 2663 4753 salutem
2705 4713 2827 4752 esse
2868 4698 3016 4752 satis.
3057 4697 3170 4751 Non
3215 4698 3437 4752 audistis
3477 4696 3812 4766 prophetam,

2237 4792 2343 4843 imo
2377 4790 2537 4843 Deum
2568 4805 2659 4858 per
2687 4789 3000 4858 prephetam
3028 4788 3291 4843 dicentem
3320 4808 3335 4843 :
3366 4787 3601 4858 Populus
3627 4791 3710 4843 hic
3736 4791 3814 4843 ta-

2237 4881 2330 4934 biia
2353 4897 2430 4933 me
2448 4880 2659 4934 honorat
2683 4895 2702 4932 :
2722 4896 2808 4932 cor
2827 4889 2993 4933 autem
3013 4896 3184 4933 eorum
3203 4881 3351 4950 longe
3373 4889 3445 4933 est
3475 4897 3506 4932 a
3532 4896 3610 4934 me
3645 4879 3664 4948 (
3686 4878 3813 4932 laci.

2237 4970 2324 5026 29.
2360 4971 2471 5038 15).
2497 4970 2574 5025 Ne
2604 4971 2759 5040 igitur
2788 4969 2916 5022 illud
2943 4971 3101 5023 etiam
3125 4969 3280 5023 nobis
3304 4968 3528 5034 accidat,
3551 4969 3672 5023 dele
3698 4969 3817 5024 lite-

2237 5076 2342 5124 ras,
2372 5063 2482 5114 sive
2513 5061 2689 5128 potius
2719 5059 3077 5126 characteres,
3107 5074 3244 5128 quos
3269 5059 3513 5113 diabolus
3542 5061 3814 5129 impressit

2238 5153 2290 5207 in
2316 5152 2489 5207 anima
2521 5161 2629 5218 tua,
2648 5161 2701 5206 et
2721 5151 2850 5217 affer
2869 5151 2994 5205 mihi
3017 5167 3110 5205 cor
3131 5151 3476 5207 saecularibus
3503 5152 3816 5208 tumultibus

2237 5257 2456 5295 vacuum
2479 5281 2494 5307 ,
2525 5251 2583 5295 ut
2609 5256 2705 5310 pro
2736 5241 2902 5294 lubito
2929 5257 3047 5310 quae
3073 5241 3203 5296 mihi
3234 5242 3475 5310 placeant
3505 5241 3814 5297 inscribam.

2237 5331 2387 5386 Nunc
2403 5317 2610 5401 ‘quippe
2635 5329 2766 5384 nihil
2791 5331 2861 5384 ibi
2888 5331 3028 5384 aliud
3054 5330 3269 5399 agnosci
3301 5339 3510 5400 potest,
3540 5331 3645 5385 nisi
3677 5331 3818 5385 illius

2237 5422 2423 5484 literae,
2443 5421 2642 5488 rapina:
2655 5420 2919 5484 videlicet,
2938 5420 3178 5483 avaritia,
3199 5419 3412 5486 invidia,
3435 5420 3589 5474 livor.
3616 5418 3820 5475 Idcirco

2236 5526 2356 5567 eum
2380 5511 2583 5566 tabulas
2600 5520 2803 5567 vestras
2821 5510 3045 5578 accipio,
3062 5525 3128 5563 ne
3147 5509 3320 5579 legere
3339 5509 3552 5579 quidem
3577 5522 3816 5579 possum.

2238 5601 2419 5671 Neque
2445 5602 2585 5656 enim
2616 5601 2734 5655 illas
2760 5601 2829 5654 ibi
2857 5600 3070 5654 invenio
3105 5600 3286 5654 literas
3306 5641 3321 5666 ,
3350 5613 3483 5669 quas
3509 5613 3607 5654 nos
3630 5597 3820 5653 diebus

2240 5694 2518 5750 dominicis
2548 5692 2902 5749 inscribentes
2931 5692 3001 5748 ibi
3029 5692 3408 5764 relinquimus;
3439 5691 3532 5746 sed
3562 5691 3693 5746 alias
3722 5703 3820 5759 pro
