4050 6434
255 394 353 450 901

246 502 393 570 aliis,
417 490 675 560 informes
699 511 755 560 et
782 501 1053 558 distortas.
1088 498 1289 554 Deinde
1317 512 1463 563 cum,
1497 497 1602 551 illis
1627 495 1842 558 deletis,

249 597 435 652 literas
477 614 544 653 ex
591 598 792 666 Spiritu
842 596 1105 665 profectas
1152 594 1555 663 inscripsimus,
1586 592 1845 646 abeuntes

246 704 369 754 vos,
402 701 456 744 et
489 690 686 745 diaboli
715 689 1114 758 operationibus
1138 687 1299 741 corda
1328 698 1503 740 vestra
1551 684 1841 742 tradentes.

245 778 554 835 facultatem
598 780 698 849 ipsi
741 780 988 850 prmbetis
1016 789 1074 834 ut
1104 779 1302 832 nostris
1327 778 1624 832 contrarias
1665 776 1844 830 literas

245 886 463 927 rursum
503 871 779 926 inscribat.
811 872 911 939 Qui
940 873 1148 926 futurus
1169 871 1239 924 sit
1269 870 1458 923 horum
1489 868 1611 922 linis
1635 869 1843 922 etiamsi

242 976 351 1032 ego
381 977 483 1015 non
513 963 742 1016 dixerim
763 1003 778 1029 ,
808 962 1136 1032 singulorum
1167 960 1491 1014 conscientia
1531 959 1696 1012 novit.
1721 958 1844 1026 Ego

242 1063 397 1108 cate
423 1069 711 1122 numquam
735 1055 955 1109 ceSsabo
975 1069 1094 1124 qua:
1111 1055 1215 1108 mei
1233 1064 1356 1107 sunt
1377 1051 1537 1106 officii
1561 1060 1840 1121 praestare,

240 1152 529 1212 metasque
551 1145 735 1199 literas
759 1145 1074 1200 inscribere.
1105 1145 1161 1199 Si
1191 1153 1368 1198 autem
1393 1158 1486 1198 vos
1512 1143 1842 1212 diligentiam

240 1242 487 1287 nostram
530 1234 887 1296 labefactetis,
939 1234 1096 1288 nobis
1140 1234 1354 1304 quidem
1404 1248 1611 1288 merces
1663 1242 1841 1285 nostra

238 1333 432 1380 manet
453 1325 762 1389 immobilis,
784 1328 934 1380 vobis
955 1336 1130 1381 autem
1147 1343 1253 1381 non
1274 1341 1493 1396 parvum
1516 1325 1840 1394 periculum:
1863 1319 1865 1321 ’

236 1432 433 1472 verum
462 1418 592 1474 nihil
625 1420 744 1474 volo
767 1421 979 1486 gravius
1007 1418 1267 1489 proferre.

318 1508 371 1562 8.
405 1507 469 1562 In
505 1511 684 1563 virtute
723 1526 1021 1579 progressus
1053 1511 1142 1580 qui
1178 1511 1288 1577 ﬁat.
1321 1507 1509 1563 Contra
1523 1509 1840 1578 juramenta.

251 1596 403 1653 Vana
440 1599 604 1669 gloria
639 1590 1086 1654 mandit—"Sed
1124 1613 1221 1653 vos
1259 1600 1484 1652 obsecro
1521 1607 1574 1652 et
1613 1612 1710 1651 oro
1733 1638 1750 1661 ,
1787 1605 1846 1651 ut

238 1689 588 1758 parvulorum
629 1691 816 1744 saltem
857 1691 1185 1761 diligentiam
1225 1689 1326 1744 hac
1362 1691 1413 1743 in
1445 1705 1505 1744 re
1536 1687 1838 1742 imitemini.

239 1778 378 1832 Nam
418 1780 495 1834 illi
538 1783 708 1849 primo
736 1782 952 1851 quidem
985 1782 1257 1836 literarum
1299 1781 1522 1834 formam
1561 1779 1840 1840 ediscunt;

239 1867 442 1923 deinde
488 1867 744 1925 distortas
791 1870 910 1925 illas
957 1885 1252 1940 agnoscere
1284 1869 1533 1934 student;
1562 1876 1748 1938 postea
1775 1869 1841 1924 ad

241 1961 529 2017 lectionem
561 1965 696 2016 viam
729 1974 935 2033 parant.
979 1963 1069 2020 Sic
1095 1973 1149 2020 et
1179 1979 1276 2018 nos
1305 1964 1567 2018 faciamus
1601 1982 1613 2017 :
1646 1965 1844 2020 virtute

239 2052 298 2107 in
330 2062 510 2123 partes
536 2052 728 2120 divisa,
763 2055 934 2123 primo
960 2055 1231 2109 discamus
1258 2069 1363 2109 non
1388 2054 1594 2124 jurare,
1624 2069 1723 2109 nec
1751 2071 1844 2124 pe-

233 2142 418 2212 jerare
438 2184 453 2205 ,
484 2157 656 2206 neque
685 2145 1038 2209 maledicere;
1067 2145 1260 2200 deinde
1285 2187 1299 2210 ,
1333 2145 1399 2201 ad
1461 2149 1630 2206 alium
1701 2167 1838 2206 ver-

231 2247 361 2290 sum
384 2237 672 2304 progressi,
699 2253 805 2290 non
832 2237 1072 2292 im-idere
1096 2239 1235 2304 aliis,
1257 2253 1362 2292 non
1379 2252 1606 2306 corpora
1633 2252 1838 2303 amare,

239 2337 354 2378 non
383 2327 557 2378 ventri
583 2325 882 2395 indulgere,
914 2342 1018 2381 non
1050 2327 1324 2391 inebriari,
1353 2343 1458 2381 non
1493 2327 1835 2391 inhumanos,

240 2428 353 2468 non
379 2418 634 2471 socordes
661 2433 809 2481 esse;
843 2429 898 2471 ut
917 2418 1041 2472 hinc
1065 2433 1250 2473 rursus
1267 2419 1330 2473 ad
1349 2419 1642 2486 Spiritnalia
1667 2428 1842 2472 trans-

239 2509 454 2570 euntes,
477 2523 693 2576 operam
716 2509 908 2565 demus
929 2511 1315 2580 temperantiae,
1336 2512 1535 2564 ventris
1553 2511 1838 2580 neglectui,

242 2599 500 2662 castitati,
527 2600 711 2669 gloria:
733 2603 1084 2670 contemptui,
1104 2601 1406 2665 modestixr,
1436 2603 1618 2656 cordis
1640 2603 1842 2657 contri-

241 2687 414 2752 tiom;
462 2700 512 2742 et
552 2690 667 2744 haec
700 2691 857 2745 simul
884 2692 1061 2745 omnia
1105 2691 1448 2759 copulemus,
1478 2701 1532 2746 et
1570 2676 1622 2746 in
1664 2695 1841 2746 anima

233 2788 428 2833 nostra
451 2780 825 2836 inscribamus.
850 2783 1024 2851 Atque
1047 2783 1160 2836 haec
1177 2784 1354 2837 omnia
1378 2784 1543 2849 domi,
1566 2800 1685 2839 cum
1707 2785 1844 2837 ami-

239 2872 342 2936 eis,
375 2885 496 2925 cum
525 2887 696 2927 uxore
719 2914 734 2937 ,
769 2887 890 2927 eum
939 2874 1060 2926 tiliis
1099 2887 1468 2930 exerceamus.
1499 2875 1542 2927 A
1575 2874 1843 2943 prioribus

237 2970 424 3015 autem
461 2972 518 3016 et
565 2961 893 3016 facilioribus
940 2963 1292 3031 incipiamus;
1345 2963 1576 3032 exempli
1601 2979 1782 3025 causa,
1811 2979 1839 3017 a

237 3051 670 3120 juramentorum
690 3053 1043 3107 abstinentia:
1065 3053 1165 3106 hoc
1182 3053 1505 3107 elementum
1531 3055 1843 3122 frequenter

239 3142 388 3197 domi
421 3143 761 3199 meditemur.
793 3141 928 3197 Huic
959 3157 1119 3211 porro
1140 3140 1472 3197 meditationi
1501 3143 1664 3196 multa
1696 3143 1841 3198 domi

239 3235 489 3290 officiunt
517 3252 530 3288 :
559 3251 682 3289 nam
706 3236 932 3288 famulus
958 3234 1023 3287 ad
1047 3235 1378 3288 iracundiam
1402 3245 1682 3304 provocat.
1709 3249 1843 3288 uxor

241 3330 474 3382 molesta
505 3327 638 3380 iram
661 3328 879 3388 excitat,
915 3328 1052 3381 ﬁlius
1076 3327 1448 3393 immorigertts
1478 3337 1532 3380 et
1561 3327 1840 3380 inordina-

243 3429 332 3471 tus
361 3416 431 3470 ad
457 3417 631 3471 minas
658 3427 713 3470 et
735 3417 1098 3484 juramcntum
1134 3417 1372 3470 deducit.
1405 3414 1460 3471 Si
1492 3416 1671 3485 itaque
1696 3415 1841 3470 domi

241 3506 440 3575 sapius
462 3507 527 3561 ab
552 3507 637 3562 his
661 3508 979 3571 concitatus,
1012 3491 1285 3562 abstineas
1313 3516 1488 3561 tamen
1517 3522 1545 3561 a
1571 3510 1845 3576 iuramen-

242 3601 333 3663 tis,
360 3599 515 3653 facile
539 3601 738 3668 poteris
762 3602 924 3653 etiam
959 3601 1008 3653 in
1039 3601 1150 3653 fore
1185 3601 1415 3653 invictus
1443 3615 1791 3667 perseverare
1826 3617 1838 3651 :

242 3690 354 3744 intc-
399 3694 559 3744 etiam
607 3691 658 3744 id
701 3693 1049 3759 consequeris
1074 3732 1087 3754 ,
1130 3699 1190 3744 ut
1232 3690 1433 3744 nemini
1464 3690 1844 3744 contumeliam

245 3778 445 3834 inferas
470 3821 485 3845 ,
530 3795 635 3834 non
673 3782 847 3844 uxori,
883 3797 987 3834 non
1018 3781 1241 3845 famuio,
1279 3797 1386 3835 non
1423 3780 1842 3834 domesticorum

243 3869 496 3936 cuipiam.
533 3868 742 3924 Etenim
763 3885 899 3924 uxor
919 3887 1063 3938 saepe
1083 3872 1244 3924 alium
1268 3871 1573 3939 quempiam
1598 3871 1841 3931 laudans,

245 3971 300 4014 et.
341 3975 462 4015 sese
505 3960 755 4014 miseram
797 3961 1130 4029 prmdicans,
1167 3963 1329 4015 sirum
1363 3960 1632 4027 incendit,
1671 3969 1728 4013 ut
1770 3961 1844 4013 illi

247 4052 551 4106 maleditmt.
582 4050 660 4104 Tu
692 4066 818 4105 vero
848 4067 915 4106 ne
948 4053 1113 4105 iratus
1144 4068 1208 4105 eo
1244 4053 1503 4118 procedas
1526 4095 1541 4113 ,
1574 4061 1628 4103 ut
1658 4051 1843 4104 lauda-

245 4151 359 4197 t-tzn
392 4142 666 4210 vitupercs
689 4182 704 4207 ,
747 4143 841 4196 sed
867 4145 1045 4196 nlltlll'd
1077 4145 1286 4197 fortiter
1317 4146 1487 4206 feras;
1519 4144 1731 4196 etiamsi
1763 4143 1843 4194 fa-

245 4234 420 4288 mnlus
445 4242 564 4287 tuos
585 4233 766 4287 videas
793 4234 1036 4287 laudibus
1059 4234 1218 4289 heros
1245 4234 1377 4286 alios
1401 4234 1615 4299 eilia-re,
1637 4249 1706 4285 nu
1736 4239 1846 4285 tur-

249 4326 414 4389 ἓδωὶδ,
440 4324 534 4378 sed
563 4326 787 4381 viriliter
811 4328 1037 4380 sustine.
1066 4328 1150 4381 Sit
1181 4327 1270 4380 tibi
1304 4326 1496 4380 domus
1527 4327 1770 4393 pala-stra
1795 4333 1848 4377 et

245 4417 558 4471 certaminis
590 4416 758 4492 locus,
787 4427 841 4470 ut
864 4417 934 4470 ibi
965 4420 1134 4487 probe
1159 4419 1500 4480 exercitatus,
1528 4433 1649 4472 cum
1678 4417 1846 4471 multa

459 4587 503 4598 ,υ
513 4588 644 4597 ..ιο-.-
658 4589 1114 4599 unua“.—

1391 385 1456 441 IN
1493 380 1901 441 ΜΑΤΤΙΙᾸΞΗΜ
1945 382 2174 439 HOMIL.
2219 384 2332 441 XII.

3450 390 3556 443 ΞΜ

1955 497 2142 564 peritia
2182 498 2234 552 in
2277 499 2394 552 foro
2421 513 2542 553 cum
2570 499 2693 557 aliis
2724 503 3110 571 Congrediar-is.
3147 502 3382 575 idipsum
3414 511 3556 566 circa

1951 606 2143 645 vanam
2166 591 2390 662 gloriam
2415 594 2593 647 facito.
2627 594 2681 647 Si
2711 596 2858 648 enim
2883 596 3153 652 studueris
3174 613 3204 651 a
3228 613 3360 653 vana
3387 602 3556 671 gloria

1953 682 2226 737 abstinere
2249 697 2369 736 cum
2403 699 2570 739 uxore
2594 677 2859 740 et'liberis
2879 727 2893 750 ,
2925 695 2978 740 et
3007 686 3220 742 famulis
3243 729 3258 753 ,
3288 691 3427 758 apud
3457 707 3558 746 ne-

1954 773 2152 828 minem
2178 775 2340 828 alium
2364 775 2455 829 tali
2485 776 2675 830 morbo
2701 775 2858 830 facile
2889 778 3142 845 capieris.
3178 778 3386 850 Ubique
3415 781 3558 836 enim

1953 865 2040 920 hic
2079 866 2298 922 morbus
2337 869 2515 935 gravis
2556 870 2971 940 tyranuicusque
3009 881 3124 938 est,
3163 874 3398 928 maxime
3430 891 3562 929 vero

1952 971 2074 1009 cum
2129 956 2280 1012 adest
2336 972 2489 1011 uxnr.
2548 958 2606 1014 Si
2657 973 2788 1028 ergo
2841 968 2968 1013 tunc
3014 960 3165 1015 illum
3213 977 3559 1032 superemus,

1953 1051 2100 1103 nullo
2138 1050 2353 1121 negotio
2387 1051 2513 1104 alibi
2560 1051 2980 1122 proﬂigabimus.
3022 1051 3176 1108 Circa
3219 1054 3355 1107 alios
3393 1057 3556 1109 etiam

1952 1142 2116 1197 animi
2155 1135 2372 1200 morbos
2408 1145 2640 1214 idipsum
2684 1154 3002 1215 pra:stemus
3027 1187 3041 1212 ,
3075 1145 3329 1216 domique
3360 1146 3556 1202 adver-

1953 1249 2043 1287 sus
2075 1234 2194 1289 illos
2227 1249 2326 1289 nos
2352 1251 2700 1290 exerceamus
2721 1277 2736 1302 ,
2778 1237 3017 1306 quotidie
3062 1238 3362 1305 palaestram
3411 1233 3556 1293 illam

1949 1323 2229 1378 adeuntes.
2287 1324 2459 1394 thue
2487 1325 2696 1381 facilior
2723 1328 3036 1382 exercitatio
3067 1327 3156 1381 illa
3182 1328 3412 1392 evadat,
3456 1345 3556 1382 no-

1953 1413 2034 1467 bis
2085 1415 2216 1484 ipsis
2259 1417 2665 1486 castigationem
2711 1418 3085 1488 assignemus,
3126 1419 3169 1472 si
3213 1420 3266 1473 in
3301 1421 3556 1490 quopiam

1950 1507 2282 1576 propositum
2315 1508 2800 1579 transgrediamur.
2847 1510 2928 1564 Sit
2957 1526 3118 1578 porro
3145 1512 3430 1582 castigatio
3462 1513 3548 1565 illa

1951 1610 2058 1650 non
2080 1596 2358 1663 damnum,
2390 1599 2484 1654 sed
2513 1601 2819 1655 mercedem
2846 1611 2903 1657 et
2931 1601 3140 1656 lucrum
3170 1604 3395 1657 multum
3426 1603 3558 1660 affe-

1950 1703 2110 1754 rens;
2141 1692 2376 1760 exempli
2405 1706 2591 1758 causa,
2614 1693 2658 1747 si
2682 1693 2903 1762 jejuniis
2930 1695 3139 1762 asperis
3169 1710 3267 1749 nos
3294 1695 3443 1765 ipsos
3465 1695 3559 1749 da-

1951 1793 2218 1844 mnemus,
2265 1783 2311 1836 si
2361 1781 2506 1836 humi
2555 1782 2960 1848 decumbamus,
3004 1785 3088 1838 vel
3137 1786 3555 1840 macerationem

1945 1872 2108 1925 aliam
2133 1871 2504 1927 adhibeanuu.
2535 1872 2623 1928 Sic
2653 1875 2796 1928 enim
2822 1875 2986 1927 multa
3015 1873 3250 1942 undique
3277 1875 3433 1930 nobis
3463 1889 3554 1928 ac-

1950 1961 2146 2014 cedent
2177 1963 2342 2027 lucra,
2367 1973 2420 2016 et
2446 1964 2523 2016 sic
2555 1964 2605 2016 in
2637 1966 2832 2019 virtute
2856 1965 3015 2016 vitam
3047 1965 3284 2020 suaviter
3311 1980 3555 2034 agemus,

1951 2057 2124 2108 futura
2152 2052 2549 2124 Consequentur
2579 2057 2738 2116 bona,
2768 2071 2832 2110 ac
2860 2068 3119 2126 perpetuo
3145 2056 3241 2111 Dei
3266 2057 3423 2111 amici
3449 2057 3556 2112 eric

1951 2159 2090 2199 mus.
2137 2145 2240 2201 Sed
2270 2162 2336 2201 ne
2363 2148 2551 2202 eadem
2582 2149 2694 2212 ipsa
2727 2164 2913 2203 rursus
2948 2149 3231 2214 eveniant,
3270 2163 3373 2203 neu
3409 2159 3555 2217 post-

1950 2251 2108 2304 quam
2131 2251 2191 2289 ea
2219 2253 2338 2305 qua}
2367 2236 2451 2290 hic
2478 2238 2615 2290 dicta
2643 2248 2768 2291 sunt
2796 2238 3044 2291 admirati
3075 2237 3301 2304 fueritis,
3327 2241 3555 2308 egressi,

1951 2326 2283 2396 negligenter
2308 2327 2706 2396 oscitanter-que
2730 2368 2744 2390 ,
2783 2329 2990 2396 ahjecta
3027 2329 3222 2382 mentis
3250 2339 3445 2383 vestra)
3474 2340 3555 2383 ta-

1950 2415 2110 2479 bula,
2147 2416 2263 2469 hmc
2290 2416 2501 2470 delendi
2541 2433 2728 2470 ansam
2768 2418 2982 2471 diabolo
3026 2418 3342 2486 prtebcatis;
3445 2435 3552 2471 ius-

1951 2506 2178 2575 quisque
2221 2505 2441 2560 domum
2481 2521 2759 2574 regressus
2783 2547 2797 2572 ,
2829 2517 2983 2560 vocet
3029 2523 3244 2562 uxorem
3270 2551 3284 2571 ,
3327 2510 3442 2563 lta-c
3484 2510 3559 2563 illi

1951 2597 2250 2663 denuntiet,
2285 2599 2562 2668 ipsamque
2591 2611 2830 2654 assumat
2856 2600 3171 2668 adjutriceut
3192 2618 3211 2665 ;
3242 2602 3308 2655 ab
3333 2601 3433 2655 hac
3458 2617 3554 2654 au-

1951 2697 2056 2742 tem
2082 2689 2170 2742 die
2197 2689 2248 2742 in
2279 2689 2559 2758 pulchram
2589 2691 2733 2743 illam
2760 2691 3065 2758 palmstram
3094 2691 3409 2755 descendat,
3436 2691 3562 2746 oleo

1951 2795 2079 2833 usus
2105 2779 2337 2848 Spiritus
2366 2782 2538 2835 sancti
2569 2783 2791 2836 auxilio.
2826 2783 2934 2836 Etsi
2960 2799 3090 2837 vero
3115 2783 3307 2843 semel,
3341 2792 3432 2836 aut
3456 2783 3558 2848 bis,

1949 2878 2041 2923 aut
2085 2870 2286 2939 pluries
2328 2870 2379 2924 in
2426 2873 2517 2926 tali
2563 2873 2829 2926 exercitio
2868 2873 3143 2940 concidas,
3181 2891 3247 2929 ne
3277 2875 3556 2942 desperes,

1948 2962 2044 3016 sed
2073 2972 2150 3016 sta
2181 2977 2394 3016 rursum
2426 2973 2479 3017 et
2511 2964 2761 3028 dcccrta;
2796 2981 2895 3019 nec
2921 2966 3068 3034 prius
3096 2962 3329 3020 absis'tas
3353 3008 3367 3032 ,
3398 2982 3558 3036 quam

1950 3052 2288 3121 splendidam
2314 3061 2501 3108 contra
2532 3054 2806 3108 diabolum
2835 3055 3114 3108 victoriam
3149 3059 3508 3123 reportaret-is
3544 3076 3558 3112 :

1949 3154 2004 3197 et
2035 3144 2085 3198 in
2120 3145 2386 3199 tutissimo
2407 3144 2621 3198 virtutis
2653 3144 2907 3199 thesauro
2935 3143 3240 3216 depositum
3273 3146 3559 3200 recondas.

1949 3233 2082 3287 Nam
2112 3234 2156 3286 si
2185 3233 2310 3288 huic
2337 3235 2576 3302 pulchra:
2604 3235 2960 3304 phil050pbia:
2989 3251 3300 3300 assuescas,
3338 3253 3443 3290 non
3473 3240 3562 3291 ul-

1952 3335 2031 3377 tra
2073 3324 2274 3393 poteris
2303 3340 2369 3379 ex
2398 3324 2628 3394 segnitie
2670 3325 2922 3381 mandata
2957 3326 3210 3394 quazlibet
3238 3329 3561 3396 transgredi,

1950 3413 2343 3467 consuetudine
2386 3423 2591 3467 natura:
2635 3413 2944 3468 firmitatem
2986 3414 3250 3469 imitante.
3287 3406 3561 3482 Quemad-

1953 3505 2171 3560 modum
2217 3506 2360 3558 enim
2409 3505 2566 3561 facile
2608 3517 2692 3561 est
2715 3507 2988 3572 dormire,
3014 3507 3316 3570 comedere,
3353 3507 3560 3573 bibere,

1955 3598 2222 3664 respirare
2245 3639 2259 3661 ,
2291 3598 2362 3649 ita
2396 3598 2552 3650 nobis
2575 3597 2752 3650 facilia
2780 3607 2938 3651 erunt
2976 3613 3038 3650 ca
3073 3613 3193 3665 qua:
3218 3597 3284 3652 ad
3309 3599 3562 3653 virtutem

1953 3694 2219 3754 spectant,
2245 3702 2542 3757 puramque
2575 3688 2718 3742 illam
2749 3701 3102 3756 assequemur
3131 3688 3475 3755 voluptatem,
3509 3689 3562 3741 in

1955 3787 2067 3831 tuto
2101 3788 2255 3846 portu
2281 3778 2594 3841 constituti,
2624 3789 2678 3831 et
2705 3787 2960 3846 perpetua
2988 3776 3229 3831 fruentes
3259 3777 3562 3846 tranquilli-

1957 3881 2064 3926 tate
2090 3914 2103 3934 ,
2143 3872 2430 3940 navimque
2458 3872 2667 3940 magnis
2695 3869 2889 3939 opibus
2921 3880 3168 3924 onustam
3198 3870 3250 3923 in
3284 3870 3557 3922 civitatem

1956 3964 2098 4016 illam
2130 3962 2463 4031 appellemus
2506 3963 2556 4016 in
2604 3962 2692 4016 die
2738 3964 2864 4025 illa,
2909 3976 3138 4015 coronas
3167 3975 3564 4029 consequemur

1957 4069 2063 4107 non
2096 4054 2266 4105 fluxas
2302 4072 2313 4103 :
2345 4068 2478 4121 quas
2518 4055 2721 4104 utinam
2775 4052 2930 4105 nobis
2971 4053 3210 4105 nancisci
3243 4051 3563 4117 contingat,

1953 4148 2124 4215 gratia
2153 4155 2206 4199 et
2239 4147 2565 4214 benignitate
2599 4144 2804 4196 Domini
2845 4143 3012 4196 nostri
3054 4143 3182 4197 Jesu
3222 4141 3445 4207 Christi,
3479 4144 3566 4197 cui

1954 4238 2122 4308 gloria
2154 4245 2209 4290 et
2237 4236 2546 4303 imperium,
2575 4249 2717 4289 nunc
2738 4241 2792 4288 et
2810 4249 3045 4303 seraper,
3071 4243 3129 4288 et
3157 4235 3208 4288 in
3241 4234 3438 4289 saecula
3465 4248 3567 4289 sa:-

1957 4331 2221 4384 (nlorum.
2255 4330 2448 4382 Amen.

2337 4571 2422 4579 ,.._-
2433 4571 2466 4577 -
2479 4561 3466 4576 "W‘w~m
3506 4566 3514 4572 .
3527 4561 3565 4573 α

1547 4585 1978 4598 -ι--οος--σ-σ--ι
1995 4585 2000 4588 -
2023 4579 2152 4590 »ρ’-ί.-

1658 4704 2004 4769 ΗΟΜΠᾸΛ
2051 4697 2200 4758 ΧΠ.

251 4901 384 4956 Car.
414 4901 468 4954 5.
501 4917 548 4952 ν.
584 4903 667 4956 l5.
712 4902 853 4956 Tum:
903 4903 1032 4957 venit
1071 4901 1226 4958 Iesus
1263 4919 1292 4954 α
1340 4901 1557 4956 Galiltta
1581 4901 1634 4953 in
1659 4898 1848 4951 lardo.

476 5007 588 5042 nrm
615 4991 682 5043 ad
705 4991 957 5047 Joannem
974 5035 988 5058 ,
1019 5005 1070 5046 ut
1103 4994 1442 5052 ba:.~tizaretur
1466 4994 1528 5045 ab
1555 5007 1634 5046 eo.

332 5172 384 5224 4.
426 5169 559 5224 Cum
599 5168 810 5224 famulis
851 5170 1127 5235 Dominus,
1165 5188 1280 5226 cum
1325 5173 1430 5226 reis
1469 5171 1641 5226 Iudex
1683 5172 1856 5238 bapti-

260 5262 465 5316 tandus
514 5252 674 5315 venit.
717 5261 822 5315 Sed
856 5278 923 5314 ne
974 5264 1203 5315 tui-lamis
1239 5282 1249 5314 :
1284 5279 1404 5315 nam
1457 5263 1507 5316 in
1566 5263 1856 5316 hutniLluts

263 5350 570 5419 huiusmodi
599 5354 756 5407 rebus
786 5351 901 5420 ejus
945 5352 1205 5407 celsitudo
1253 5353 1485 5407 maxime
1526 5353 1852 5419 reSplendct.

265 5442 366 5510 Qui
413 5443 557 5496 enim
603 5441 657 5495 in
689 5443 930 5511 virginali
979 5442 1130 5495 vulva
1179 5454 1326 5496 tanto
1373 5427 1618 5517 tempore
1659 5444 1856 5507 gestari

267 5545 458 5586 cassus
479 5541 582 5596 est,
614 5543 668 5586 et
697 5532 819 5586 inde
841 5547 960 5586 cum
994 5542 1180 5586 natura
1215 5543 1394 5588 nostra
1429 5533 1663 5600 prodire,
1689 5534 1857 5601 alapis

263 5622 401 5678 caedi
427 5633 483 5677 et
511 5625 746 5694 crucifigi
773 5626 814 5689 ‘,
837 5625 1005 5678 ctalia
1024 5627 1225 5694 perpeti
1249 5641 1368 5695 qua:
1392 5639 1580 5694 passus
1606 5636 1707 5689 est,
1732 5626 1856 5695 quid

336 5802 353 5835 ι
381 5794 584 5859 Quidam
604 5809 712 5863 lost
726 5813 918 5864 vocem,
945 5803 1182 5871 crnn’ﬁgi,
1203 5802 1401 5863 addunt,
1427 5809 1472 5854 ct
1496 5802 1704 5866 sepeliri.

1964 4886 2174 4941 miraris
2195 4886 2238 4938 si
2271 4881 2528 4952 baptizari
2573 4880 2822 4946 dignatus
2851 4878 2942 4942 sit,
2974 4889 3027 4933 et
3056 4891 3177 4932 cum
3199 4877 3318 4932 aliis
3345 4879 3410 4933 ad
3447 4893 3567 4934 ser-

1963 4996 2085 5032 vum
2139 4974 2437 5031 accedere?
2482 4973 2615 5027 lllud
2669 4971 2813 5028 enim
2865 4970 3189 5040 stupendum
3240 4980 3376 5034 crat,
3423 4972 3568 5042 quod

1965 5070 2106 5123 Deus
2133 5082 2254 5119 cum
2284 5074 2448 5130 esset,
2476 5063 2636 5116 vellet
2661 5061 2822 5114 homo
2854 5061 2968 5114 fieri
3001 5077 3011 5113 :
3043 5070 3234 5114 caetera
3268 5077 3396 5116 vero
3411 5061 3570 5117 dein-

1963 5173 2093 5226 ceps
2121 5155 2416 5211 secundum
2462 5162 2662 5208 rectam
2691 5152 2954 5205 rationem
2982 5163 3409 5218 consequuntur.
3446 5153 3574 5207 ideo

1969 5249 2111 5303 enim
2135 5247 2371 5302 Joannes
2399 5245 2581 5299 statim
2601 5242 2756 5306 dixit,
2785 5257 2845 5297 se
2872 5258 2977 5297 non
3006 5257 3128 5297 esse
3154 5244 3375 5311 dignum
3408 5247 3570 5299 corri-

1969 5345 2110 5413 giam
2163 5338 2514 5395 calceamenti
2555 5337 2671 5406 ejus
2723 5337 2955 5400 solvere,
3006 5345 3312 5403 teneraque
3366 5341 3570 5402 omnia,

1974 5451 2168 5503 nor-1pc
2193 5433 2332 5502 quod
2359 5432 2526 5500 juch
2551 5431 2642 5496 sit,
2674 5429 2815 5499 quod
2848 5445 2944 5497 pro
2977 5431 3172 5483 merito
3197 5431 3422 5496 singulis
3450 5431 3576 5484 red-

1968 5528 2076 5589 dat,
2107 5523 2357 5592 quodque
2383 5522 2639 5589 Spiritum
2682 5520 2882 5574 affatim
2915 5519 3138 5573 daturus
3178 5523 3246 5574 sit
3277 5522 3570 5585 omnibus;

1970 5627 2027 5670 ut
2062 5631 2183 5669 cmn
2231 5612 2428 5668 videris
2460 5627 2582 5665 cum
2610 5610 2676 5665 ad
2709 5611 3030 5679 baptismum
3073 5605 3412 5674 venientem,
3439 5611 3571 5666 nihil

1972 5707 2077 5760 vile
2108 5705 2421 5774 suspiceris.
2456 5703 2660 5760 Idcirco
2701 5711 3024 5772 przesentcm
3068 5702 3213 5756 illum
3241 5704 3455 5757 cohibet
3489 5703 3568 5755 di-

1972 5813 2102 5853 ccus
2127 5816 2140 5851 :
2165 5796 2248 5851 ³14.
2289 5795 2396 5865 Ego
2423 5812 2454 5849 a
2486 5805 2530 5850 te
2553 5794 2705 5850 debeo
2745 5794 3014 5863 baptizari,
3047 5805 3092 5847 ct
3122 5802 3175 5847 tu
3202 5795 3337 5847 renis
3365 5794 3431 5845 ad
3458 5810 3532 5845 mc
3558 5813 3566 5844 :
