4050 6422
539 367 647 421 205

538 481 673 545 Quia
712 478 854 533 enim
900 477 1195 547 baptismus
1244 478 1572 546 poenitentiae
1602 485 1738 541 erat,
1781 485 1834 529 et
1873 476 1923 528 in
1965 489 2121 528 accu-

544 571 800 624 sationem
846 580 1184 638 peccatorum
1235 567 1520 623 inducebat
1565 584 1579 620 :
1630 582 1698 621 ne
1751 566 1871 635 quis
1915 574 2124 634 putaret

545 663 714 728 ipsum
742 662 933 716 eodem
953 661 1132 715 animo
1157 661 1222 714 ad
1245 660 1535 715 Iordanem
1576 659 1778 722 venire,
1812 656 1949 711 hanc
1975 657 2123 725 cogi-

543 752 795 806 tationem
823 753 1065 822 mirrigit,
1087 752 1214 806 dum
1254 767 1450 821 agnum
1496 758 1669 814 vocat,
1700 757 1755 803 et
1782 757 2119 817 peccatorum

541 856 637 910 per
662 841 848 895 orbem
898 843 1134 895 omnium
1180 841 1591 908 redemptorem.
1623 839 1723 906 Qui
1772 838 1917 892 enim
1963 839 2119 891 totius

543 934 762 987 humani
788 934 1001 1002 generis
1036 941 1252 1001 peccata
1277 931 1462 986 tollere
1503 941 1714 1000 potest,
1748 931 1917 985 multo
1954 931 2121 998 magis

541 1026 657 1090 ipse
698 1022 1054 1091 impeccahilis
1090 1032 1222 1076 erat.
1258 1020 1487 1090 Ideoque
1517 1038 1621 1076 non
1650 1021 1782 1075 dixit
1811 1040 1824 1074 :
1854 1020 1990 1074 Ecce
2020 1020 2119 1071 im-

541 1112 982 1180 peccabilis;sed
1021 1114 1160 1181 quod
1213 1114 1382 1166 multo
1433 1113 1603 1182 majus
1657 1121 1791 1175 erat,
1845 1111 1947 1177 Qui
1987 1110 2119 1164 tollit

535 1211 741 1269 peccata
768 1203 943 1255 mutuli
966 1202 1146 1270 (Joon.
1185 1205 1233 1256 l.
1267 1201 1382 1272 29),
1415 1213 1474 1256 ut
1499 1216 1621 1256 cum
1643 1201 1744 1254 hoc
1768 1210 1822 1255 et
1852 1200 1980 1255 illud
2003 1215 2119 1256 om-

533 1291 662 1343 nino
681 1304 881 1347 eertum
907 1295 1122 1356 habeas,
1154 1293 1437 1362 vidensque
1465 1289 1610 1345 illum
1638 1289 1742 1344 alia
1759 1289 2004 1361 quaedam
2025 1291 2120 1344 ad-

533 1385 922 1437 ministrantem
967 1382 1033 1436 ad
1063 1381 1380 1451 baptismum
1427 1381 1627 1435 venire.
1658 1381 1863 1436 Idcirco
1883 1382 2115 1436 venienti

533 1476 606 1528 illi
630 1475 840 1529 dicebat
872 1490 886 1527 :
916 1474 1029 1544 Ego
1057 1491 1088 1526 a
1128 1484 1177 1527 te
1219 1474 1370 1528 debeo
1397 1475 1665 1541 baptizari,
1707 1486 1753 1528 et
1784 1485 1836 1529 tu
1873 1476 2009 1529 venis
2047 1476 2116 1528 ad

532 1581 610 1616 me
631 1565 658 1616 .9
683 1564 865 1633 Neque
893 1564 1046 1629 dixit,
1095 1564 1162 1619 Et
1191 1575 1243 1620 tu
1274 1567 1562 1634 baptizaris
1600 1581 1629 1620 a
1669 1583 1755 1621 me
1789 1583 1802 1619 :
1829 1583 1950 1621 nam
1980 1567 2113 1621 illud

531 1656 719 1708 metuit
762 1653 942 1709 dicere
974 1655 1104 1710 :sed
1150 1657 1319 1724 quid?
1350 1657 1416 1709 Et
1439 1667 1492 1709 tu
1520 1658 1658 1712 venis
1706 1659 1775 1711 ad
1825 1659 1949 1712 me?
1975 1658 2111 1725 Quid

534 1744 696 1811 igitur
721 1743 1004 1798 Christus?
1043 1746 1194 1811 Quod
1221 1761 1344 1815 erga
1377 1747 1593 1801 Petrum
1643 1756 1824 1816 postea
1844 1789 1860 1814 ,
1903 1750 1954 1804 id
1989 1760 2114 1806 tunc

531 1833 692 1885 etiam
723 1831 866 1886 fecit.
898 1832 1027 1886 Nam
1065 1842 1119 1887 et
1162 1835 1275 1903 ipse
1322 1835 1601 1890 cohibebat
1634 1836 1805 1903 illum,
1857 1855 1925 1892 ne
1952 1840 2115 1907 pedes

530 1934 658 1974 suos
697 1921 930 1986 lavaret;
961 1922 1054 1977 sed
1100 1937 1221 1978 cum
1251 1926 1485 1980 audisset
1517 1943 1529 1978 :
1564 1926 1713 1993 Quod
1750 1941 1843 1998 ego
1885 1930 2020 1999 facio
2061 1940 2114 1982 tu

533 2011 712 2076 nescis,
733 2011 858 2065 scies
882 2021 1048 2064 autem
1071 2023 1241 2081 postea
1264 2013 1441 2086 (Joan.
1475 2015 1560 2069 l3.
1581 2017 1668 2086 ἠς
1690 2026 1744 2071 et
1768 2058 1783 2081 ,
1818 2016 1936 2072 Non
1963 2019 2116 2074 habe-

532 2099 609 2153 bis
634 2110 828 2169 partem
854 2117 1047 2156 mecum
1071 2102 1091 2177 (
1113 2103 1251 2158 Ibid.
1283 2120 1328 2157 υ.
1359 2104 1434 2177 8)
1465 2123 1478 2158 :
1511 2109 1687 2180 statim
1717 2124 1746 2162 a
1770 2112 2112 2167 contentione

531 2189 752 2253 destitit,
783 2201 837 2245 et
867 2192 917 2245 in
933 2193 1256 2247 contrarium
1279 2203 1514 2249 mutatus
1543 2206 1644 2250 est.
1681 2196 1777 2251 Hic
1805 2213 2017 2268 quoque
2039 2201 2113 2254 si-

530 2280 728 2334 militer
759 2289 815 2333 ut
837 2282 1037 2336 audivit
1065 2301 1078 2335 :
1113 2285 1195 2337 l5.
1230 2283 1356 2339 Sine
1374 2286 1523 2338 modo
1556 2288 1663 2341 :sic
1689 2289 1822 2342 enim
1855 2292 1993 2344 decet
2020 2308 2112 2346 nos

529 2371 740 2434 implere
793 2387 989 2425 omnem
1032 2375 1286 2439 justitiam
1346 2393 1365 2428 :
1415 2377 1595 2432 statim
1633 2379 1963 2448 obsequutus
2007 2392 2108 2436 est.

530 2456 714 2525 Neque
738 2460 880 2512 enim
911 2461 1252 2526 pertinaciter
1274 2473 1426 2517 erant
1453 2467 1794 2533 contentiosi,
1845 2469 1938 2522 sed
1966 2485 2112 2523 amo-

530 2561 644 2600 rem
667 2549 899 2603 simulet
929 2550 1646 2631 obedientiamexhibebant,
1676 2559 1729 2611 in
1757 2562 2111 2631 omnibusque

535 2637 759 2690 Domino
809 2629 1179 2709 obtemperare
1227 2643 1532 2698 studebant.
1589 2646 1881 2724 Considera
1932 2629 2108 2704 autem

527 2725 798 2792 quomodo
829 2727 974 2782 illum
1003 2729 1070 2783 ab
1098 2745 1163 2785 eo
1189 2731 1421 2797 inducat,
1448 2749 1476 2786 a
1503 2749 1609 2803 quo
1631 2738 1860 2792 maxime
1890 2741 2109 2807 putabat

529 2832 633 2870 non
658 2834 752 2887 par
780 2834 898 2873 esse
946 2821 1018 2874 ita
1051 2821 1161 2875 ﬁeri
1193 2843 1204 2876 :
1238 2838 1343 2878 non
1389 2827 1530 2878 enim
1575 2827 1729 2893 dixit,
1770 2829 1858 2884 Sic
1903 2831 2107 2898 jlhllllll

526 2917 644 2970 est;
673 2907 789 2975 sed,
814 2908 904 2962 Sic
928 2910 1086 2964 decet.
1119 2911 1251 2978 Quia
1281 2914 1421 2968 enim
1447 2916 1719 2986 indignum
1750 2922 1969 2976 omnino
1992 2939 2111 2978 esse

528 2997 768 3067 putabat,
801 2999 846 3052 si
871 2997 962 3054 ille
989 3015 1020 3053 a
1043 3015 1201 3055 servo
1227 3003 1604 3072 baptizaretur,
1629 3007 1731 3063 hoc
1759 3014 1989 3068 maxime
2010 3015 2110 3082 ipsi

526 3100 712 3142 contra
740 3093 1010 3159 opposuit,
1062 3108 1124 3146 ac
1153 3095 1196 3147 si
1227 3095 1452 3150 dixisset
1481 3098 1712 3154 :‘Nonue
1738 3101 1789 3153 id
1823 3106 2020 3172 refugis
2054 3117 2108 3161 et

523 3178 745 3230 cohibes
770 3181 920 3247 quasi
949 3181 1298 3235 indecorum?
1327 3183 1612 3255 Propterea
1643 3205 1770 3260 ergo
1797 3191 1921 3246 Sine
1939 3235 1953 3258 ,
1985 3198 2103 3262 quia

523 3268 807 3321 admodum
836 3269 1086 3325 decorum
1109 3282 1212 3328 est.
1243 3274 1423 3344 Neque
1443 3280 1759 3349 simpliciter
1777 3283 1931 3347 dixit,
1959 3287 2104 3351 Sine;

525 3357 619 3413 sed
650 3358 869 3421 addidit,
918 3359 1089 3413 Nunc.
1118 3361 1232 3416 Non
1279 3367 1411 3418 enin“
1450 3381 1705 3435 perpetuo
1749 3373 1818 3426 ita
1873 3375 1996 3441 erit,
2031 3378 2110 3429 in-

525 3450 640 3516 quit
669 3467 681 3501 :
706 3450 799 3504 sed
831 3451 882 3504 in
905 3465 972 3505 eo
997 3461 1137 3506 statu
1167 3469 1254 3509 me
1282 3458 1486 3514 videbis
1509 3501 1524 3522 ,
1555 3476 1660 3529 quo
1705 3462 1980 3520 desideras
2007 3485 2020 3529 ;
2054 3481 2107 3522 at

526 3555 666 3593 nunc
695 3542 796 3594 hoc
822 3552 1092 3607 exspecta.
1142 3543 1343 3600 Deinde
1383 3551 1620 3604 ostendit
1646 3555 1919 3620 quomodo
1974 3558 2103 3612 illud

523 3629 730 3685 deceat.
777 3630 1056 3696 Quomodo
1107 3635 1265 3703 igitur
1289 3637 1480 3692 decet?
1524 3641 1656 3707 Quia
1711 3644 1882 3713 legem
1937 3658 2101 3704 totam

524 3720 835 3786 implcmos;
872 3721 921 3773 id
950 3723 1144 3790 quippe
1161 3727 1475 3792 signiﬁcavit
1505 3731 1754 3799 dicendo,
1788 3735 1996 3791 Omnem
2012 3743 2104 3809 jn-

519 3812 724 3868 stitiam.
760 3809 972 3866 Iustitia
1019 3816 1161 3868 enim
1210 3825 1294 3871 est
1347 3820 1720 3876 mandatorum
1774 3825 2097 3884 observatio.

518 3902 650 3966 Quia
674 3902 853 3969 igitur,
886 3903 1074 3972 inquit,
1106 3908 1208 3959 alia
1235 3911 1415 3975 omnia
1446 3912 1692 3969 mandata
1721 3916 2058 3984 implevimus
2082 3963 2097 3985 ,

519 3991 622 4042 hoc
662 4001 839 4045 autem
891 4008 1051 4047 unum
1099 4008 1361 4064 superest,
1391 4009 1446 4053 et
1477 4001 1602 4055 illud
1633 4018 1843 4073 quoque
1883 4009 2097 4080 adjungl

516 4091 747 4148 oportet.
781 4082 910 4137 Veni
938 4087 1133 4154 quippe
1179 4088 1388 4142 solvere
1415 4090 1753 4148 maledictum
1774 4136 1789 4161 ,
1823 4113 1883 4150 ea
1919 4108 2098 4154 trans-

513 4173 789 4236 gressione
830 4175 960 4244 legis
995 4176 1322 4243 impositum.
1354 4178 1575 4246 Oportet
1604 4183 1763 4250 igitur
1784 4200 1869 4238 me
1901 4187 2095 4255 ipsum,

513 4275 634 4312 cum
662 4271 824 4315 totam
867 4265 1039 4332 legem
1080 4265 1392 4333 implevero,
1441 4275 1494 4321 et
1547 4283 1638 4322 vos
1681 4283 1710 4323 a
1747 4271 2092 4330 damnatione

515 4352 834 4415 liberavero,
860 4353 936 4406 sic
963 4354 1108 4407 illam
1153 4357 1434 4424 abrogare.
1463 4358 1626 4412 Decet
1660 4377 1788 4428 ergo
1813 4377 1900 4415 me
1933 4373 2094 4418 totam

510 4442 734 4510 implere
762 4444 932 4512 legem
962 4462 971 4495 τ
1004 4448 1123 4511 quia
1153 4447 1305 4501 decet
1329 4450 1484 4503 etiam
1519 4451 1856 4506 maledictum
1890 4455 2096 4510 solvere

510 4543 694 4585 contra
723 4547 816 4585 vos
847 4536 897 4586 in
925 4535 1041 4602 lege
1069 4538 1397 4605 inscriptum.
1431 4540 1554 4596 ideo
1581 4559 1797 4597 carnem
1827 4548 2093 4614 aSsumpsi

505 4624 556 4670 et
591 4622 802 4676 adveni.
839 4621 978 4676 Tum:
1002 4627 1188 4681 dimisit
1213 4643 1344 4681 eum.
1377 4631 1463 4686 l6.
1498 4632 1559 4684 Et
1599 4635 1879 4700 baptizatus
1919 4635 2090 4702 Iesus,

505 4712 771 4779 confestim
801 4717 1024 4768 ascendit
1053 4719 1117 4770 de
1142 4735 1293 4785 aqua,
1319 4729 1366 4773 et
1407 4740 1519 4776 ecce
1544 4730 1704 4794 aperti
1728 4738 1846 4780 sunt
1867 4730 1913 4782 ei
1940 4733 2050 4784 caeli
2071 4748 2091 4785 :

504 4811 550 4852 et
583 4805 702 4857 vidit
728 4804 978 4874 Spiritum
1007 4807 1101 4860 Dei
1128 4811 1506 4866 descendentem
1551 4816 1678 4869 sicut
1719 4819 2017 4884 columbam,
2042 4834 2090 4875 et

503 4905 590 4942 ven
601 4895 775 4946 icntem
796 4913 948 4962 super
967 4913 1100 4949 cum.

577 4985 632 5037 2.
674 4984 901 5039 Christus
948 5005 1039 5039 cur
1085 4988 1285 5044 Joanne
1335 4993 1499 5046 minor
1545 4998 1829 5062 putabatur.
1861 5003 2081 5071 -—-Quia

505 5079 650 5130 enim
678 5079 844 5130 multo
872 5082 1129 5147 majorem
1161 5082 1250 5135 illo
1273 5082 1534 5138 Joannem
1564 5101 1682 5139 esse
1707 5092 1990 5160 putabant,
2021 5112 2089 5151 eo

505 5170 649 5234 quod
684 5168 736 5219 in
769 5167 984 5224 deserto
1015 5186 1229 5240 semper
1259 5172 1502 5238 vixisset,
1538 5187 1591 5231 ct
1621 5179 1761 5232 lilius
1790 5187 2086 5243 saecrdozfs

504 5266 672 5317 esset,
717 5257 919 5325 talique
950 5259 1171 5313 indutus
1202 5262 1545 5329 vestimento,
1590 5277 1751 5334 atque
1786 5286 1973 5328 omnes
2017 5278 2083 5331 ad

506 5344 839 5411 baptismum
870 5359 1110 5414 vocaret,
1139 5365 1313 5420 exque
1343 5354 1510 5408 sterili
1541 5365 1702 5411 natus
1726 5371 1900 5425 esset;
1925 5363 2085 5419 Iesus

510 5450 642 5488 vero
669 5453 732 5488 ex
777 5437 1005 5492 obscura
1041 5443 1216 5508 puella
1249 5452 1409 5499 natus
1439 5464 1449 5496 :
1486 5457 1671 5515 partus
1701 5451 1843 5504 enim
1873 5470 1932 5506 ex
1963 5455 2084 5509 Vir-

507 5525 625 5594 gine
667 5529 904 5582 nondum
938 5533 1191 5587 omnibus
1239 5545 1354 5588 erat
1394 5547 1587 5603 notus;
1628 5542 1881 5610 quodque
1931 5547 2077 5601 domi

506 5614 758 5677 nutritus,
783 5632 902 5670 cum
923 5621 1176 5675 omnibus
1199 5633 1445 5678 versatus
1468 5636 1521 5681 et
1545 5628 1748 5698 vulgari
1770 5644 1918 5688 veste
1938 5647 2081 5690 esset

505 5702 764 5759 indutus:
797 5707 1058 5764 minorem
1095 5712 1269 5778 ipsum
1302 5731 1422 5771 esse
1455 5721 1718 5788 putabant
1768 5727 1893 5793 quia
1941 5728 2074 5782 nihil

1254 366 1312 421 S.
1351 363 1630 421 .IOANNIS
1665 361 2141 420 CHRYSOS’I'OMI
2179 361 2496 420 ABCIIIEP.
2535 368 3048 433 CONS‘I’ANTINOP

3709 390 3803 448 ΞΜ

2231 477 2405 533 adhuc
2447 496 2512 536 ex
2557 485 2766 539 arcanis
2811 487 2919 542 illis
2962 490 3220 548 viderant.
3273 494 3512 567 Contigit
3557 510 3727 556 autem
3758 512 3803 558 et

2227 572 2401 640 ipsum
2429 587 2458 626 a
2483 572 2687 631 Joanne
2708 577 2963 647 baptizari
2989 599 3002 635 :
3033 582 3085 637 id
3115 585 3255 652 quod
3287 586 3431 641 illam
3461 588 3694 644 maxime
3717 591 3798 646 lir-

2228 663 2415 749 mabat‘
2429 667 2756 735 opinionem,
2783 673 2942 725 etiam
2973 673 3017 727 si
3047 675 3177 730 nihil
3205 678 3349 733 aliud
3385 696 3450 736 ex
3495 681 3655 738 dictis
3679 701 3804 754 prae-

2226 739 2494 812 cessisset.
2538 757 2856 828 Cagitabant
2903 765 3046 819 enim
3087 783 3207 822 eum
3255 786 3375 827 esse
3429 739 3728 842 quempiam
3777 793 3803 829 a

2227 846 2386 915 vulgo
2418 867 2430 900 :
2465 849 2700 918 alioquin
2733 852 2900 917 enim,
2928 855 3027 908 nisi
3057 855 3124 911 de
3157 859 3316 928 vulgo
3355 873 3524 929 esset,
3557 879 3662 918 non
3689 879 3802 920 cum

2227 937 2376 990 turba
2425 937 2491 990 ad
2533 940 2852 1008 baptismum
2908 953 3164 1002 venturus
3207 959 3323 1003 erat
3355 968 3366 1002 :
3401 951 3638 1009 Joannes
3687 971 3803 1009 vero

2227 1025 2398 1094 major
2417 1036 2472 1080 et
2498 1026 2655 1098 longe
2700 1032 2998 1088 mirabilior
3040 1051 3160 1091 esse
3191 1039 3494 1107 putabatur.
3528 1042 3608 1098 Ne
3655 1045 3804 1114 igitur

2226 1115 2312 1167 illa
2341 1116 2480 1185 apud
2527 1119 2725 1174 multos
2751 1127 3014 1179 sententia
3038 1127 3357 1193 prmvaleret
3375 1170 3390 1194 ,
3420 1146 3545 1186 cum
3578 1134 3693 1202 ipse
3719 1135 3804 1189 ba-

2225 1206 2452 1274 ptizatus
2490 1208 2696 1277 fuisset,
2725 1213 2841 1267 caeli
2865 1216 3033 1282 aperti
3059 1227 3204 1281 sunt,
3229 1219 3461 1289 Spiritus
3507 1223 3805 1292 descendit,

2229 1306 2282 1349 et
2312 1311 2412 1351 vos
2457 1312 2578 1353 cum
2624 1300 2826 1369 Spiritu
2853 1305 3152 1373 praedicans
3177 1308 3400 1379 hujusce
3432 1310 3701 1383 Unigeniti
3729 1316 3806 1369 di-

2215 1390 2498 1457 gnitatem.
2523 1391 2654 1458 Quia
2681 1394 2824 1448 enim
2855 1395 2970 1450 haec
3015 1412 3119 1454 vox
3163 1415 3282 1469 quae
3311 1401 3523 1457 dicebat
3545 1445 3562 1471 ,
3594 1406 3680 1460 l7.
3713 1405 3807 1460 Hic

2220 1489 2292 1533 est
2320 1478 2485 1535 Filius
2508 1499 2645 1538 meus
2666 1486 2896 1554 dilectus,
2913 1490 3082 1546 multo
3106 1494 3275 1562 magis
3293 1494 3485 1550 Joanni
3503 1507 3808 1567 competere

2219 1569 2357 1638 apud
2390 1571 2643 1639 plurimos
2672 1574 2784 1628 visa
2828 1577 3050 1642 fuisset;
3083 1584 3256 1649 neque
3301 1584 3443 1638 enim
3494 1586 3806 1655 addiderat,

2219 1659 2318 1716 Hic
2340 1663 2430 1731 qui
2463 1664 2778 1734 baptizatur,
2801 1669 2896 1724 sed
2923 1669 3022 1724 Hic
3043 1673 3361 1744 simpliciter
3380 1716 3396 1741 ,
3424 1685 3479 1730 et
3504 1678 3805 1733 auditorum

2218 1750 2412 1821 singuli
2459 1753 2511 1807 id
2557 1755 2731 1822 potius
2755 1756 2822 1811 de
2876 1758 3198 1830 baptizaute,
3227 1779 3387 1832 quam
3433 1766 3500 1821 de
3544 1764 3808 1836 baptizata

2219 1839 2324 1895 dici
2350 1844 2604 1912 suspicati
2638 1845 2884 1915 fuissent,
2918 1859 3030 1904 tum
3055 1852 3126 1907 ob
3149 1854 3317 1922 ipsam
3351 1855 3608 1926 Baptista:
3633 1858 3804 1929 digni-

2219 1940 2381 1988 tatem
2412 1935 2452 1999 ⁸,
2482 1943 2590 1988 tum
2618 1936 2689 1990 ob
2717 1953 2779 1992 ea
2809 1940 2987 1994 omnia
3014 1957 3134 2011 quae
3157 1943 3268 2011 jam
3299 1945 3437 1998 dicta
3466 1955 3596 2001 sunt
3625 1966 3639 2001 :
3673 1949 3810 2003 venit

2217 2020 2443 2090 Spiritus
2455 2025 2714 2081 columba:
2730 2029 2928 2098 specie,
2949 2031 3037 2100 qui
3060 2047 3248 2088 vocem
3265 2037 3500 2090 traheret
3519 2038 3588 2092 ad
3605 2037 3804 2106 Iesum,

2215 2113 2569 2182 omnibusque
2611 2116 2908 2173 declararet
2939 2136 3122 2177 vocem
3178 2124 3363 2191 illam,
3409 2125 3544 2192 llic,
3594 2144 3702 2182 non
3742 2128 3808 2184 de

2213 2201 2420 2258 Joanne
2449 2205 2783 2273 baptizante,
2814 2209 2912 2264 sed
2962 2210 3028 2266 de
3080 2211 3207 2268 Jesu
3241 2216 3509 2285 baptizato
3561 2217 3804 2287 proferri.

2215 2294 2284 2349 Et
2303 2312 2486 2366 quare,
2519 2300 2748 2368 inquies,
2798 2300 2883 2357 his
2935 2305 3006 2358 ita
3050 2305 3215 2373 gestis
3269 2323 3376 2362 non
3428 2310 3808 2366 crediderunt?

2215 2387 2349 2453 Quia
2377 2393 2536 2444 etiam
2559 2394 2659 2445 sub
2694 2393 2876 2464 Moyse
2921 2397 3087 2452 multa
3114 2409 3321 2466 patrata
3352 2411 3478 2455 sunt
3525 2404 3803 2471 miracula,

2216 2483 2424 2536 etiamsi
2449 2500 2555 2536 non
2586 2486 2708 2538 talia
2739 2503 2753 2542 :
2787 2495 2840 2540 ct
2870 2497 3048 2544 tamen
3078 2501 3195 2558 post
3220 2493 3306 2546 illa
3335 2498 3537 2556 omnia,
3570 2505 3694 2566 post
3719 2512 3806 2550 vo-

2215 2585 2305 2625 ces
2334 2581 2390 2626 et
2421 2572 2595 2638 tubas,
2625 2584 2677 2629 et
2706 2575 2934 2644 fulgura,
2963 2579 3184 2633 vitulum
3212 2581 3537 2650 conﬁat-unt,
3568 2597 3620 2640 et
3654 2586 3803 2642 Beel-

2213 2659 2434 2729 phegori
2465 2663 2654 2718 initiati
2685 2675 2827 2718 sunt.
2862 2665 3071 2737 Ipsique
3096 2671 3278 2738 etiam,
3311 2674 3401 2742 qui
3429 2684 3542 2729 tum
3569 2691 3804 2746 prasen-

2215 2759 2296 2805 tes
2315 2763 2487 2816 erant,
2516 2769 2636 2808 cum
2665 2755 2921 2811 Lazarum
2947 2761 3262 2815 suscitatam
3290 2765 3576 2831 vidissent,
3604 2775 3802 2822 tantum

2213 2844 2378 2897 abluit
2402 2855 2458 2899 ut
2485 2847 2764 2901 crederent
2808 2849 2931 2902 talia
2967 2855 3219 2918 patranti,
3255 2865 3306 2907 ut
3336 2855 3499 2909 etiam
3534 2857 3687 2912 illum
3717 2872 3803 2912 oc-

2214 2935 2395 2990 cidere
2421 2952 2563 3006 saepe
2591 2948 2880 2994 tentarent.
2912 2942 2968 2994 Si
2999 2943 3157 3011 igitur
3187 2959 3296 3014 prae
3322 2946 3497 3000 oculis
3544 2948 3804 3004 habentes

2214 3036 2546 3081 mortuorum
2601 3032 3070 3099 resurrectionem,
3126 3035 3197 3088 ita
3248 3047 3402 3091 erant
3441 3038 3709 3094 increduli
3753 3051 3805 3096 et

2215 3119 2382 3184 pravi,
2411 3119 2534 3186 quid
2561 3122 2771 3174 miraris
2801 3123 2843 3175 si
2875 3139 3057 3178 vocem
3087 3127 3228 3181 illam
3255 3143 3543 3196 supernam
3577 3147 3689 3186 non
3716 3148 3806 3188 ex-

2211 3211 2499 3276 ceperunt?
2520 3211 2651 3266 Cum
2674 3214 2815 3267 enim
2848 3216 3088 3284 improba
3120 3229 3173 3272 et
3214 3234 3462 3287 perversa
3492 3232 3576 3277 est
3600 3227 3798 3286 anima,

2212 3299 2500 3368 livorisque
2530 3304 2716 3356 inorbo
2741 3302 2950 3370 aﬂ'ecta,
2980 3306 3107 3360 nulli
3137 3309 3276 3363 cedit
3299 3311 3591 3378 miraculo;
3615 3325 3801 3368 contra

2213 3406 2340 3444 vero
2363 3407 2484 3445 cum
2517 3395 2679 3460 proba
2706 3406 2810 3459 est,
2840 3399 3018 3450 omnia
3044 3417 3164 3453 eum
3197 3401 3298 3454 {ide
3329 3405 3544 3472 accipit,
3575 3406 3690 3460 imo
3715 3424 3803 3460 ne-

2212 3497 2314 3550 que
2341 3482 2422 3537 bis
2451 3484 2738 3539 admodum
2769 3503 2906 3555 opus
2935 3490 3112 3546 habet.
3148 3491 3222 3546 Nc
3253 3493 3415 3562 igitur
3450 3512 3669 3563 quaeras
3711 3515 3802 3554 cur

2211 3587 2316 3625 non
2348 3574 2691 3628 crediderunt
2730 3594 2742 3628 ε
2776 3578 2904 3631 illud
2938 3581 3030 3633 tibi
3059 3583 3404 3649 querendum
3449 3593 3594 3640 esset
3618 3589 3666 3641 si
3697 3604 3798 3643 non

2209 3662 2351 3716 facta
2394 3664 2620 3719 fuissent
2649 3670 2864 3731 .onmia,
2896 3685 3017 3738 qua:
3057 3671 3121 3724 ad
3168 3675 3494 3729 credendum
3543 3677 3799 3735 inducere

2209 3756 2496 3826 debebant.
2547 3758 2752 3812 Etenim
2810 3776 2904 3828 per
2952 3763 3264 3830 prophetam
3301 3766 3441 3820 Deus
3469 3781 3632 3834 super
3685 3771 3798 3827 lucc

2207 3845 2408 3909 omnia,
2436 3862 2553 3914 qua-
2581 3847 2648 3899 ab
2667 3864 2725 3902 se
2753 3853 2988 3916 prrcstari
3019 3852 3336 3920 debuerunt,
3367 3855 3795 3916 bunedel’ensio-

2209 3937 2290 3989 nis
2319 3937 2532 3990 modum
2561 3939 2736 3992 aﬂ'ert.
2785 3941 2920 4006 Quia
2949 3943 3090 3996 enim
3121 3945 3352 4000 futurum
3390 3960 3507 4001 crat
3545 3949 3795 4007 utJudazi

2207 4028 2461 4091 perirent,
2495 4037 2548 4080 et
2589 4038 2836 4082 extremo
2883 4033 3145 4100 supplicio
3171 4034 3545 4101 traderentur;
3579 4055 3648 4093 ne
3676 4044 3795 4110 quis

2203 4133 2267 4170 ex
2297 4117 2530 4185 ipsorum
2562 4123 2793 4188 nequitia
2827 4124 2942 4189 ejus
2974 4126 3360 4191 providentiam
3380 4130 3642 4198 culparet,
3678 4136 3790 4188 ait:

2207 4205 2341 4268 Quid
2369 4223 2446 4260 me
2461 4214 2682 4272 aportuit
2719 4214 2886 4278 facere
2925 4215 3079 4266 vincte
3109 4215 3245 4279 huic,
3288 4229 3460 4273 etnon
3489 4223 3586 4291 feci
3617 4223 3636 4291 (
3660 4222 3789 4277 Isai.

2203 4293 2258 4348 5.
2291 4296 2391 4365 4)?
2426 4297 2655 4365 ldipsmn
2691 4300 2776 4355 hic
2802 4304 3113 4359 consideres
3142 4318 3372 4375 Oportet,
3417 4312 3542 4380 quid
3571 4325 3791 4382 Oporte-

2200 4384 2287 4439 bat
2314 4387 2449 4451 ﬁeri,
2499 4398 2555 4441 et
2584 4404 2688 4443 non
2723 4390 2917 4445 laetum
2949 4405 3048 4449 est.
3085 4395 3152 4450 Et
3176 4398 3218 4450 si
3251 4399 3468 4466 quando
3501 4402 3569 4456 de
3598 4408 3783 4472 provi-

2197 4478 2374 4533 dentia
2397 4482 2487 4535 Dei
2510 4497 2787 4539 sermones
2799 4499 3130 4553 moveantur,
3152 4492 3256 4546 hoc
3275 4491 3603 4550 defensionis
3627 4497 3788 4552 modo

2202 4578 2350 4623 utere
2393 4570 2652 4627 adversus
2698 4590 2792 4628 eos
2842 4578 2931 4639 qui
2983 4579 3050 4629 de
3109 4581 3392 4634 utultorum
3443 4587 3784 4652 improbitate

2200 4659 2365 4727 ipsam
2391 4662 2660 4716 criminari
2691 4675 2969 4719 conantur.
3004 4667 3282 4737 Perpende
3313 4671 3470 4740 igitur
3497 4690 3658 4742 quam
3685 4679 3783 4730 mi-

2199 4748 2382 4801 rabilia
2414 4763 2803 4819 perpetrentur,
2843 4768 2897 4808 et
2944 4755 3243 4812 futurorum
3278 4761 3423 4815 initia
3455 4781 3468 4815 :
3499 4781 3603 4818 non
3633 4769 3776 4822 enim

2197 4839 2498 4905 paradisus,
2535 4844 2625 4896 sed
2668 4845 2858 4898 cadum
2905 4850 3163 4913 aperitur.
3201 4849 3391 4904 Verum
3441 4852 3556 4907 haec.
3589 4866 3774 4910 contra

2191 4925 2408 4983 Judteos
2457 4934 2626 4986 oratio
2678 4934 2728 4986 in
2776 4934 2918 4987 aliud
2967 4948 3174 5005 tempus
3241 4937 3521 4996 diferatttr
3566 4961 3578 4996 :
3634 4962 3773 5000 nunc

2191 5032 2389 5076 autem.
2421 5021 2525 5074 Deo
2548 5025 2785 5089 juvante,
2820 5027 2884 5080 ad
2915 5043 2975 5081 ea
2998 5045 3114 5096 quze
3138 5030 3246 5098 jam
3270 5023 3561 5088 tractamus
3593 5053 3774 5091 sermo

2194 5110 2456 5165 referatur
2486 5131 2497 5163 :
2531 5114 2594 5169 Et
2643 5118 2925 5182 bajitizatus
2951 5119 3122 5184 Iesus,
3151 5124 3376 5178 ascendit
3404 5127 3669 5190 confestim
3710 5149 3770 5184 cat

2189 5215 2318 5266 aqua
2342 5216 2357 5260 ,'
2389 5218 2432 5251 ει
2456 5220 2498 5253 ei
2511 5220 2563 5256 ce
2582 5208 2744 5273 aperti
2773 5220 2886 5260 sunt
2914 5210 2957 5261 ei
2977 5212 3105 5264 cer-li.
3132 5212 3241 5267 Cur
3267 5230 3353 5283 api
3372 5217 3436 5267 rti
3462 5230 3585 5270 sunt
3610 5222 3720 5272 cmi?
3752 5229 3767 5274 ί

2191 5289 2255 5342 Ut
2281 5291 2476 5352 discus,
2510 5312 2626 5350 cum
2666 5307 2720 5352 tu
2753 5299 3034 5367 baptizaris
3055 5347 3066 5364 ,
3116 5305 3341 5374 idipsmn
3390 5308 3500 5362 ﬁeri
3528 5353 3543 5375 ,
3577 5311 3685 5364 Deo
3715 5327 3764 5368 te

2186 5380 2250 5432 ad
2303 5383 2565 5438 arb-stem
2604 5391 2823 5455 patriam
2874 5405 3117 5456 vocante,
3160 5406 3212 5451 (ιι
3264 5400 3520 5454 suadente
3549 5412 3600 5454 ut
3633 5403 3762 5458 ηἰιιὶὶ

2183 5485 2301 5540 cum
2332 5480 2466 5526 terra
2494 5490 2775 5532 commune
2796 5478 3012 5535 habeas.
3040 5484 3190 5549 Quod
3218 5486 3259 5538 si
3284 5487 3334 5538 id
3365 5503 3470 5543 non
3497 5492 3668 5554 vides.
3697 5510 3765 5550 ue

2245 5693 2486 5768 ‘nouidatn
2504 5697 2700 5768 habent,
2716 5698 2774 5745 ob
2797 5698 2950 5767 ipsum
2971 5698 3192 5760 baptismt
3217 5702 3518 5768 dimittunt;
3534 5709 3623 5759 sed
3642 5711 3757 5760 Inul-

2179 5753 2227 5796 to
2255 5757 2446 5803 Urwstat
2471 5755 2613 5807 lectio
2638 5753 2746 5818 qua:
2774 5753 2849 5808 est
2882 5763 2928 5808 in
2953 5753 3110 5812 textu.
