4050 6420
257 372 375 462 eos.

258 555 436 600 tamen
467 543 626 600 ﬁdem
654 555 837 612 neges.
865 539 998 595 Nam
1029 540 1082 594 in
1108 538 1383 610 principiis
1433 552 1648 606 semper
1682 538 1855 592 admi-

256 636 547 691 randarum
593 632 1055 702 spiritualiumque
1105 645 1284 685 rerum
1336 629 1572 683 visiones
1601 637 1859 697 apparent

254 741 474 780 sensum
505 732 783 780 moventes
813 732 866 778 et
891 725 1040 793 signa
1067 720 1395 791 huiusmodi,
1421 721 1579 788 idque
1609 721 1854 788 stupido-

252 831 372 870 rum
406 815 682 868 hominum
709 830 889 879 causa,
921 815 1010 883 qui
1030 813 1214 867 sensili
1243 813 1446 866 visione
1474 825 1608 880 Opus
1634 810 1853 878 habent,

253 920 432 973 neque
456 917 680 974 possunt
700 907 928 974 aliquam
959 905 1295 972 incorporea:
1320 914 1524 958 natura:
1555 904 1728 959 ideam
1759 904 1857 957 θα-

253 998 496 1061 mittere,
548 997 639 1050 sed
683 996 753 1051 ad
802 996 1032 1050 visibilia
1083 1004 1287 1049 tantum
1337 996 1744 1064 obstupescunt,
1798 1004 1852 1048 ut

247 1089 463 1143 etiamsi
497 1097 680 1156 postea
726 1088 848 1140 talia
880 1103 986 1139 non
1018 1087 1288 1148 eveniant,
1319 1102 1382 1140 ea
1424 1099 1546 1154 quae
1590 1087 1754 1140 semel
1799 1097 1853 1140 et

249 1179 306 1230 in
336 1177 597 1247 principio
623 1177 760 1231 facta
789 1189 914 1231 sunt
941 1177 1158 1236 similia.
1182 1177 1248 1230 ad
1268 1177 1426 1230 ﬁdem
1458 1178 1524 1230 iis
1551 1177 1849 1241 habendam

245 1272 539 1325 deducant.
597 1270 728 1324 Nam
757 1278 812 1324 et
855 1285 1018 1335 super
1059 1269 1334 1339 apostolus
1362 1285 1528 1324 sonus
1558 1269 1729 1323 [actus
1771 1279 1852 1323 est

246 1363 471 1430 Spiritus
497 1362 864 1426 vehementis,
894 1369 949 1415 et
993 1362 1290 1429 linguarum
1330 1361 1606 1430 ignearum
1641 1362 1851 1430 species

245 1467 566 1522 apparuere,
597 1469 700 1505 non
750 1463 969 1520 propter
1021 1452 1315 1520 apostolos,
1363 1451 1458 1505 sed
1490 1462 1710 1521 propter
1756 1467 1851 1508 eos

245 1546 340 1614 qui
374 1555 497 1599 tunc
526 1556 816 1614 prtusentes
838 1555 992 1598 erant
1016 1543 1249 1598 Iudaeos.
1285 1545 1533 1597 Attamen
1572 1543 1692 1597 licet
1721 1557 1849 1596 sen-

246 1636 368 1690 silia
397 1637 545 1705 signa
577 1652 680 1689 non
723 1636 872 1700 ﬁant,
904 1652 1023 1704 qua:
1051 1649 1147 1703 per
1173 1635 1259 1688 illa
1288 1637 1453 1690 semel
1483 1635 1846 1689 demonstrata

245 1726 744 1780 suntadmittimus.
773 1726 904 1780 Nam
931 1737 984 1780 et
1005 1725 1256 1780 columba
1289 1726 1410 1780 ideo
1433 1735 1559 1779 tunc
1593 1726 1703 1778 visa
1743 1735 1844 1791 est,

247 1828 307 1872 ut
335 1819 484 1888 quasi
513 1819 678 1888 digito
701 1819 932 1888 quodam
967 1817 1320 1887 praesentibus
1346 1829 1396 1872 el
1428 1816 1620 1871 Joaini
1653 1817 1846 1871 Filium

245 1911 344 1966 Dei
367 1920 714 1966 monstraret.
740 1910 923 1980 Neque
955 1912 1075 1965 ideo
1099 1920 1303 1964 tantum
1325 1950 1341 1976 ,
1379 1913 1471 1964 sed
1521 1911 1680 1964 etiam
1712 1919 1762 1963 ut
1791 1919 1848 1963 tu

243 2002 517 2067 disceres,
550 2005 709 2058 etiam
761 2018 924 2073 super
969 2014 1020 2058 te
1073 2004 1418 2073 baptizatum,
1451 2003 1704 2072 Spiritum
1753 2003 1848 2057 de-

242 2094 524 2148 scendere.

317 2185 371 2237 5.
395 2184 552 2239 Fides
578 2203 679 2240 non
708 2203 835 2256 Opus
853 2188 999 2240 habet
1027 2187 1233 2240 visione.
1255 2185 1480 2257 Spiritus
1509 2195 1713 2240 sanctus
1745 2201 1846 2237 non

243 2276 413 2328 minor
461 2275 683 2330 Christo.
748 2278 979 2331 Christus
1032 2277 1334 2330 Judteornm
1388 2287 1431 2331 et
1489 2279 1738 2344 baptisma
1800 2289 1847 2333 et

244 2364 453 2419 Pascha
481 2368 1021 2436 abragat.—-l)emnm
1053 2384 1158 2422 non
1186 2384 1321 2437 opus
1366 2369 1521 2422 nobis
1549 2379 1631 2422 est
1658 2369 1842 2424 sensili

242 2460 472 2524 visione,
521 2477 642 2516 cum
694 2463 826 2517 lides
873 2463 991 2518 vice
1038 2465 1276 2516 omnium
1329 2465 1460 2518 satis
1507 2465 1574 2518 sit
1627 2484 1639 2518 :
1694 2466 1843 2533 signa

242 2554 442 2621 quippe
475 2569 580 2607 non
609 2555 955 2610 credentibus
980 2597 994 2621 ,
1027 2556 1120 2610 sed
1154 2557 1443 2610 incredulis
1471 2557 1686 2610 dantur.
1738 2556 1846 2612 Cur

240 2654 420 2697 autem
454 2644 505 2697 in
535 2645 798 2699 columbae
839 2646 1058 2714 specie?
1087 2646 1418 2701 Mansuetum
1449 2658 1530 2700 est
1562 2649 1757 2700 animal
1790 2656 1845 2702 et

242 2733 522 2786 mundum.
571 2733 705 2800 Quia
772 2735 930 2803 igitur
974 2735 1242 2804 Spiritus,
1294 2738 1717 2790 mansuetudinis
1762 2747 1845 2791 est

239 2824 471 2893 Spiritus
497 2864 513 2890 ,
557 2825 676 2879 ideo
725 2827 812 2879 illa
861 2825 1030 2880 [urina
1073 2829 1339 2896 apparuit.
1377 2828 1625 2896 Alioquin
1662 2840 1840 2880 autem

240 2925 482 2971 veterem
517 2917 796 2970 historiam
827 2918 980 2971 nobis
1012 2918 1063 2971 in
1093 2919 1406 2971 memoriam
1440 2928 1675 2972 revocat.
1706 2919 1838 2972 Nam

240 3021 366 3060 cum
414 3008 540 3060 olim
585 3010 857 3061 communi
907 3008 1185 3078 naufragio
1233 3019 1398 3064 totum
1453 3011 1638 3064 orbem
1697 3012 1844 3064 iuva-

237 3099 422 3160 dente,
459 3108 624 3152 totum
655 3114 875 3169 prorsus
903 3100 1176 3154 hominum
1210 3117 1377 3170 genus
1405 3101 1799 3169 periclitaretur
1823 3142 1838 3165 ,

241 3189 346 3244 hoc
374 3189 571 3242 animal
603 3190 850 3258 apparuit
876 3232 888 3252 ,
919 3199 972 3243 et
1004 3193 1336 3258 tempestatis
1381 3193 1538 3244 linem
1571 3193 1802 3245 ostetn‘lit
1823 3233 1838 3257 ,

237 3294 304 3334 ac
353 3296 562 3333 ramum
612 3281 767 3334 olivae
810 3290 985 3335 rostro
1032 3290 1261 3344 tenens,
1311 3278 1647 3337 communem
1697 3284 1842 3337 orbis

239 3373 678 3441 tranquillitatem
726 3375 990 3428 nuntiavit
1025 3394 1034 3425 :
1071 3393 1189 3444 qua:
1217 3379 1394 3430 omnia
1443 3377 1606 3447 ﬁgura
1639 3376 1842 3430 futuro-

241 3477 358 3516 rum
405 3473 578 3517 erant.
630 3462 781 3518 Tunc
825 3466 968 3519 enim
1017 3468 1182 3518 tn‘olto
1225 3466 1492 3523 deteriore
1534 3470 1842 3525 conditione

239 3569 329 3609 res
358 3554 632 3614 hominum
662 3564 816 3610 erant
835 3597 852 3622 ,
882 3572 945 3611 ac
972 3559 1138 3611 multo
1177 3560 1380 3627 majore
1423 3561 1494 3614 illi
1522 3569 1675 3615 erant
1716 3576 1842 3629 snp-

239 3647 403 3716 plicio
433 3647 600 3715 digiti.
647 3646 725 3702 Ne
752 3646 1008 3717 desperes
1038 3649 1198 3717 igitur
1224 3692 1239 3713 ,
1274 3651 1411 3705 hanc
1441 3651 1531 3704 tibi
1562 3651 1838 3704 historiam

239 3738 292 3791 in
339 3739 657 3792 memoriam
692 3747 925 3792 revocat.
974 3738 1103 3793 Nam
1136 3749 1259 3792 tunc
1303 3740 1598 3810 desperatis
1643 3735 1836 3805 rebus,

239 3829 416 3883 exitus
471 3839 646 3884 tamen
690 3830 907 3899 quidam
949 3841 1004 3884 et
1045 3831 1351 3886 emendatio
1397 3831 1493 3885 fuit
1528 3856 1538 3888 :
1572 3834 1666 3888 sed
1718 3845 1842 3888 tunc

239 3937 339 3994 per
381 3924 698 3993 supplicium
725 3965 739 3987 ,
773 3939 915 3978 nunc
956 3940 1086 3979 vero
1126 3941 1225 3994 per
1267 3927 1492 3995 gratiam
1542 3936 1595 3980 et
1638 3927 1836 3980 denum

241 4015 533 4069 ineffabile.
587 4015 815 4085 Ideoque
859 4016 1104 4071 columba
1157 4027 1378 4085 apparet
1410 4058 1423 4080 ,
1476 4033 1579 4069 non
1628 4031 1838 4071 ramum

238 4106 395 4160 oliva.-
418 4105 617 4173 ferens,
640 4107 733 4160 sed
762 4109 1000 4161 omnium
1028 4109 1290 4161 malorum
1321 4109 1658 4162 liberatorem
1688 4109 1840 4162 nobis

239 4198 551 4264 ostendens,
577 4199 877 4268 bonamque
906 4216 1058 4269 spem
1085 4199 1364 4254 exhibens.
1396 4199 1578 4268 Neque
1606 4199 1748 4253 enim
1769 4216 1833 4253 ex

241 4306 365 4346 arca
403 4307 568 4345 unum
597 4291 776 4347 educit
806 4291 1098 4355 hominem,
1124 4292 1216 4346 sed
1248 4309 1368 4347 cum
1400 4301 1642 4362 apparet,
1673 4302 1838 4346 totum

244 4382 429 4436 orbem
457 4383 654 4438 attollit
678 4384 729 4437 in
761 4385 949 4438 cmlum
974 4425 987 4448 ,
1020 4394 1073 4438 et
1105 4398 1201 4453 pro
1230 4384 1384 4454 oliva:
1415 4401 1562 4437 ramo
1593 4385 1840 4453 adoptio-

245 4488 368 4527 nem
400 4473 629 4526 ﬁliorum
662 4474 929 4526 communi
961 4474 1108 4528 orbis
1137 4475 1321 4542 generi
1361 4474 1532 4528 all'ert.
1581 4475 1839 4545 Magnum

244 4563 424 4618 dinem
465 4577 595 4631 ergo
621 4561 745 4616 doni
790 4571 964 4616 tecum
998 4575 1252 4632 reputans
1278 4604 1291 4622 .
1336 4581 1399 4618 ue
1429 4566 1691 4620 minorem
1724 4567 1842 4631 ejus

245 4655 557 4725 dignitatem
585 4656 893 4715 existimes,
941 4655 1080 4722 quod
1117 4658 1165 4708 in
1207 4656 1297 4709 tali
1345 4658 1524 4725 specie
1563 4668 1838 4727 appareat.

248 4747 379 4800 Nam
409 4747 667 4815 quosdam
694 4746 854 4801 audio
880 4747 1142 4809 dicen-1:5,
1177 4756 1378 4800 tantum
1423 4764 1542 4804 esse
1572 4749 1840 4803 hominem

248 4839 391 4894 inter
421 4846 476 4891 ct
516 4838 818 4892 Columbam
847 4838 1136 4893 discrimen
1158 4878 1171 4901 ,
1220 4848 1474 4907 quantum
1521 4840 1660 4894 inter
1688 4838 1844 4894 Citri-

249 4936 396 4980 stutn
428 4935 484 4980 et
505 4925 762 4994 Spiritum
792 4970 804 4991 ,
847 4929 967 4996 quia
997 4929 1084 4982 ille.
1111 4930 1160 4979 in
1191 4939 1376 4980 natura
1404 4940 1584 4982 nostra
1677 4931 1763 4988 hic
1790 4930 1842 4983 in

248 5016 433 5085 specie
472 5017 732 5070 columine
773 5018 1040 5086 apparuit.
1106 5017 1240 5084 Quid
1293 5018 1358 5070 ad
1408 5019 1521 5072 hare
1561 5019 1843 5073 dicendum

245 5107 374 5160 est?
423 5103 644 5171 Scilicet
687 5106 876 5159 Filium
925 5108 1018 5161 Dei
1069 5120 1312 5160 naturam
1366 5108 1596 5162 hominis
1640 5123 1846 5164 assum-

251 5196 462 5264 psisse;
492 5195 752 5264 Spiritum
779 5212 907 5251 vero
929 5214 1032 5252 non
1065 5208 1310 5251 naturam
1336 5202 1613 5268 accepisse
1641 5201 1848 5254 colum-

253 5294 359 5341 bze.
391 5285 516 5342 Ideo
542 5287 864 5355 evangelista
894 5302 999 5341 non
1031 5289 1081 5342 in
1111 5299 1319 5353 natura,
1346 5290 1440 5344 sed
1471 5291 1521 5343 in
1550 5291 1726 5360 specie
1751 5308 1846 5345 co-

256 5377 451 5430 lumbae
477 5375 606 5430 dixit
639 5394 652 5430 :
687 5392 858 5446 neque
885 5388 1067 5445 postea
1097 5394 1345 5447 umquam
1380 5382 1478 5433 hac
1510 5381 1672 5450 ﬁgura
1705 5384 1849 5436 visus

255 5476 339 5519 est
369 5509 383 5531 ,
412 5469 506 5522 sed
539 5480 665 5522 tunc
696 5477 922 5521 tantum.
955 5467 1009 5522 Si
1041 5484 1198 5536 porro
1228 5469 1342 5537 ejus
1376 5469 1494 5524 ideo
1539 5472 1847 5541 dignitatem

258 5559 524 5612 minorem
555 5561 721 5625 dicas,
755 5560 857 5615 hoc
880 5561 1229 5616 ratiocinandi
1259 5566 1417 5619 modo
1447 5566 1734 5622 Cherubini
1762 5570 1853 5623 ilio

261 5649 498 5718 majores
524 5652 860 5721 reperientur
888 5695 902 5718 ,
953 5663 1005 5708 et
1034 5665 1290 5724 quantum
1328 5659 1500 5728 aquila
1552 5661 1722 5730 major
1771 5674 1855 5718 est

257 5741 507 5796 eoltnuba
542 5758 557 5797 :
588 5759 708 5798 nam
738 5744 814 5799 illi
858 5744 996 5802 hanc
1027 5762 1313 5819 suscepere
1355 5751 1622 5820 Speciem;
1651 5744 1706 5808 Et
1750 5769 1848 5808 an-

1362 399 1426 456 IN
1463 395 1872 454 nummum
1911 391 2139 467 llOMlL.
2183 396 2297 454 xu.

3465 416 3572 472 206

1929 593 1931 596 Ι
1973 515 2076 584 geli
2103 531 2318 588 quoque
2342 520 2765 588 przestantiores.
2793 521 2884 592 qui
2912 522 3189 581 hominum
3215 526 3395 595 specie
3424 543 3570 599 saepe

1965 617 2344 677 apparuerunt.
2379 613 2450 665 At
2477 627 2584 666 non
2617 613 2712 680 ita,
2741 627 2848 669 non
2871 615 2943 670 ita
2970 618 3155 686 utique
3181 635 3268 674 res
3293 635 3354 675 se
3385 619 3566 675 habet.

1962 698 2096 753 Nam
2137 700 2280 756 aliud
2309 710 2392 757 est
2421 703 2620 760 veritas
2643 708 2962 763 teconomite
2984 749 2999 772 ,
3033 709 3175 764 aliud
3205 719 3570 782 temperantem

1963 790 2186 845 visionis
2215 794 2515 848 concessio.
2564 794 2642 850 Ne
2663 796 2843 867 itaque
2873 799 3112 868 ingratus
3142 802 3218 856 sis
3240 817 3367 872 erga
3397 805 3566 858 bene-

1962 879 2219 936 l’actorem
2243 923 2260 947 ,
2305 898 2483 954 neque
2524 891 2851 942 contrariam
2903 891 3139 959 repende
3168 893 3340 948 vicem
3381 896 3432 949 ei
3471 899 3564 965 qui

1961 972 2055 1025 tibi
2085 975 2431 1031 beatitudinis
2462 981 2661 1033 fontem
2703 980 2940 1038 donavit.
2996 983 3095 1039 Ubi
3140 985 3284 1039 enim
3314 995 3395 1040 est
3435 989 3567 1044 ado-

1961 1064 2158 1130 ptionis
2188 1066 2420 1136 dignitas
2444 1109 2459 1134 ,
2506 1069 2578 1124 ibi
2608 1082 2662 1124 et
2693 1073 2956 1127 malorum
2987 1074 3231 1145 depulsio
3255 1119 3271 1141 ,
3313 1089 3368 1133 et
3393 1079 3564 1135 bono-

1959 1172 2077 1210 rum
2123 1159 2363 1214 omniom
2425 1178 2637 1217 munus.
2710 1164 2833 1219 ideo
2881 1164 3164 1221 Iudaicum
3202 1169 3425 1246 quidem
3470 1172 3566 1225 ba-

1959 1249 2152 1318 ptisma
2182 1252 2472 1323 abrogatur
2495 1295 2510 1318 ,
2560 1270 2800 1309 nostrum
2830 1265 3005 1311 autem
3038 1259 3320 1314 exordium
3353 1261 3512 1317 habet
3541 1279 3557 1315 :

1958 1352 2119 1413 atque
2163 1345 2394 1413 idipsum
2427 1348 2566 1417 quod
2599 1348 2650 1401 in
2686 1349 2966 1416 Paschate,
2996 1351 3048 1404 in
3078 1352 3398 1419 baptismate
3422 1369 3557 1423 quoa

1957 1450 2062 1504 que
2086 1438 2329 1507 contigit.
2372 1438 2504 1493 Nam
2532 1456 2654 1494 cum
2685 1451 2973 1510 utrumque
3018 1444 3212 1510 pascha
3245 1445 3561 1501 celebrave-

1957 1529 2048 1594 rit,
2079 1530 2307 1584 alterum
2340 1532 2642 1602 abrogavit,
2672 1533 2828 1588 alteri
2860 1551 2987 1589 vero
3017 1537 3337 1606 principium
3365 1539 3512 1592 dedit
3542 1557 3558 1596 :

1957 1627 2013 1673 et
2061 1619 2147 1674 hic
2183 1637 2398 1676 rursum
2425 1664 2440 1688 ,
2486 1638 2605 1677 cum
2633 1623 2913 1679 Iudaicum
2967 1626 3228 1695 baptisma
3277 1629 3555 1697 implevit,

1957 1722 2084 1765 tunc
2142 1722 2196 1765 et
2240 1713 2496 1769 Ecclesia
2549 1714 2884 1784 baptismatis
2932 1717 3126 1786 januas
3169 1719 3375 1787 aperit;
3422 1722 3560 1774 sicut

1956 1809 2082 1855 tunc
2109 1803 2158 1855 in
2189 1818 2290 1856 una
2321 1819 2504 1858 mensa
2532 1846 2544 1868 ,
2577 1806 2664 1860 sic
2680 1821 2823 1861 nunc
2861 1807 2913 1860 in
2944 1824 3050 1862 uno
3075 1808 3295 1863 ﬂumine
3319 1851 3334 1874 ,
3367 1819 3421 1863 et
3443 1826 3560 1863 um-

1952 1892 2103 1946 bram
2136 1894 2435 1958 delineaos,
2467 1906 2520 1951 et
2542 1899 2823 1951 Veritatem
2853 1899 3076 1953 addens.
3105 1898 3340 1968 Spiritus
3361 1903 3559 1968 quippe

1953 1984 2176 2051 gratiam
2207 1984 2307 2039 hoc
2335 1986 2509 2040 solum
2539 1990 2802 2058 baptisma
2834 1989 3031 2054 habet;
3060 1990 3285 2046 Joannis
3311 2007 3441 2046 vero
3465 1993 3558 2046 ba-

1953 2075 2144 2140 ptisma
2174 2075 2275 2129 hoc
2307 2077 2451 2130 dono
2480 2093 2703 2131 vacuum
2749 2091 2885 2133 erat.
2920 2079 3148 2150 ideoque
3178 2080 3304 2134 dum
3327 2082 3417 2134 alii
3440 2096 3557 2135 om-

1914 2158 1917 2162 ’
1952 2177 2049 2218 nes
2077 2164 2502 2234 baptizareotur,
2529 2167 2658 2221 nihil
2692 2169 2797 2223 tale
2818 2171 3074 2238 contigit;
3104 2171 3198 2224 sed
3235 2171 3288 2224 in
3319 2171 3407 2224 illo
3435 2181 3553 2225 tan-

1952 2265 2063 2312 tum
2095 2258 2181 2326 qui
2210 2259 2336 2313 illud
2367 2260 2660 2313 traditurus
2687 2272 2832 2326 erat;
2858 2269 2914 2314 ut
2945 2278 3065 2314 cum
3091 2262 3420 2329 supradictis
3450 2263 3555 2319 hoc

1949 2366 2165 2418 qu0que
2192 2351 2390 2414 discas,
2417 2368 2524 2405 non
2552 2351 2838 2419 puritatem
2867 2353 3246 2422 baptizantis‘,
3269 2355 3363 2409 scd
3387 2355 3558 2424 bapti-

1951 2441 2054 2494 zati
2083 2441 2334 2494 virtutem
2379 2441 2429 2494 id
2463 2441 2672 2495 fecisse.
2728 2441 2880 2496 Tune
2927 2446 3104 2514 itaque
3134 2454 3190 2499 et
3216 2445 3334 2500 (ιπεὶὶ
3382 2449 3552 2510 aperti

1950 2540 2095 2597 sunt,
2127 2541 2179 2586 et
2208 2531 2439 2601 Spirisus
2461 2534 2790 2600 supervenit.
2812 2532 2944 2587 Nam
2969 2549 2995 2585 a
3028 2537 3196 2589 veteri
3229 2538 3438 2590 vivendi
3463 2553 3555 2606 ge-

1951 2639 2079 2679 nere
2110 2641 2208 2678 nos
2231 2626 2340 2693 jam
2391 2625 2621 2678 traducit
2661 2626 2725 2679 ad
2757 2642 2953 2678 novum
2986 2670 3000 2690 ,
3051 2628 3245 2696 januas
3292 2642 3556 2698 supernas

1949 2717 2226 2782 aperiens,
2261 2725 2313 2769 et
2341 2715 2599 2783 Spiritum
2640 2717 2764 2770 inde
2796 2718 3015 2772 mittens
3060 2719 3125 2772 ad
3161 2720 3303 2773 illam
3329 2723 3553 2789 patriam

1950 2815 2230 2859 voeantcm
2251 2825 2265 2869 ;
2287 2821 2389 2860 nec
2410 2816 2612 2860 tantum
2635 2817 2939 2874 vocantem,
2958 2809 3054 2863 sed
3077 2819 3130 2864 et
3153 2826 3274 2864 cum
3293 2812 3556 2880 dignitate

1949 2898 2200 2951 maxima.
2254 2897 2368 2951 Non
2401 2899 2545 2952 enim
2575 2899 2796 2968 angelos
2825 2910 2880 2954 et
2908 2901 3260 2971 archangelos
3278 2900 3422 2963 fecit.
3455 2905 3552 2960 sed

1950 2988 2086 3040 ﬁlios
2115 2989 2206 3041 Dei
2239 3000 2289 3042 et
2313 2990 2540 3044 dilectos
2569 3008 2580 3044 :
2606 2991 2684 3045 sic
2715 3005 2813 3044 nos
2839 2991 2904 3045 ad
2931 2993 3074 3045 illam
3095 3004 3292 3048 sortem
3312 2997 3553 3048 attrahit.

2021 3081 2072 3132 4.
2120 3079 2245 3132 lla-c
2273 3082 2515 3149 cogitans
2535 3081 2712 3134 omnia
2741 3121 2755 3144 ,
2785 3093 2839 3137 et
2869 3082 3161 3137 dilectione
3190 3086 3431 3138 vocantis
3452 3126 3466 3148 ,
3500 3094 3554 3137 ρι

1947 3171 2224 3222 consortio
2252 3171 2344 3223 illo
2372 3172 2572 3224 ca-lesti
2601 3181 2655 3223 et
2684 3173 2880 3224 collato
2903 3173 3108 3227 honore
3139 3175 3353 3244 dignam
3387 3175 3553 3228 ducns

1949 3261 2110 3312 vitam
2137 3269 2379 3328 oportet;
2413 3261 2615 3314 mundo
2653 3262 2973 3328 cruciﬁxus,
3016 3274 3071 3318 ct
3114 3267 3370 3320 mundum
3402 3268 3454 3321 in
3500 3278 3553 3322 te

1948 3350 2290 3420 cruciﬁgens,
2342 3366 2462 3404 cum
2493 3352 2640 3405 omni
2682 3353 2956 3422 diligentia
2990 3358 3201 3410 ca~loste
3247 3359 3549 3410 illSlilUlilti‘.

1947 3441 2171 3497 exhibe:
2203 3458 2374 3511 neque
2401 3444 2523 3513 quia
2567 3459 2763 3513 corpus
2792 3453 2936 3499 tuum
2966 3447 3200 3501 uetulum
3234 3449 3549 3502 translatum

1947 3542 2028 3587 est
2069 3534 2119 3586 in
2161 3534 2376 3600 cadum,
2422 3544 2578 3604 putes
2625 3545 2676 3590 te
2701 3537 2899 3606 aliquid
2923 3554 3044 3592 cum
3079 3548 3218 3592 terra
3259 3555 3551 3596 commune

1950 3622 2163 3677 habere.
2188 3625 2362 3692 Caput
2386 3629 2528 3680 enim
2556 3637 2704 3682 tuum
2727 3627 2894 3682 habes
2917 3631 2969 3683 in
2994 3630 3128 3685 casio
3155 3631 3370 3684 sedens.
3401 3633 3554 3686 Ideo-

1946 3731 2049 3785 que
2078 3717 2334 3771 Dominus
2360 3734 2479 3772 cum
2515 3720 2661 3787 prius
2684 3720 2796 3774 huc
2822 3723 3079 3782 venisset.
3111 3724 3436 3793 angelusque
3459 3741 3548 3779 se-

1948 3821 2068 3859 cum
2091 3807 2440 3874 adduxisset,
2481 3818 2606 3862 tunc
2634 3821 2686 3865 te
2710 3825 2986 3878 assumpto
3028 3812 3151 3865 illuc
3183 3813 3343 3876 abiit,
3390 3824 3446 3867 ut
3494 3829 3547 3869 tu

1947 3906 2234 3967 antequam
2261 3899 2388 3952 illnc
2414 3901 2676 3953 ascendas
2699 3943 2712 3962 ,
2760 3901 2965 3955 ediscas
2998 3918 3154 3971 posse
3185 3915 3234 3958 te
3263 3913 3461 3959 terram
3493 3917 3546 3960 ut

1947 3992 2136 4042 ca'lnm
2209 3992 2468 4044 incolere.
2523 3995 2938 4048 Perseveremus
2984 3996 3163 4065 itaque
3213 3997 3547 4053 nobilitatem

1946 4094 2184 4143 servare,
2213 4096 2372 4149 quam
2403 4083 2470 4135 ab
2498 4082 2648 4138 initio
2677 4086 3032 4153 suscepimus,
3068 4091 3377 4157 regiamqne
3404 4087 3549 4144 illam

1947 4170 2217 4225 caelestem
2261 4171 2502 4241 quotidie
2541 4187 2846 4242 quaeramus
2871 4219 2884 4238 .
2934 4193 2997 4234 ac
3036 4181 3321 4246 praesentia
3367 4185 3550 4236 omnia

1950 4261 2196 4314 umbram
2245 4271 2300 4316 et
2341 4265 2609 4318 somnium
2639 4281 2757 4318 esse
2790 4277 3058 4333 putemus.
3107 4258 3292 4340 Neque
3319 4273 3462 4326 enim
3506 4275 3550 4328 si

1947 4354 2212 4425 quispiam
2240 4371 2331 4409 rex
2365 4365 2609 4412 terrenus
2657 4367 2706 4410 te
2739 4361 3042 4415 mendicum
3069 4374 3120 4416 et
3149 4379 3440 4433 pauperem
3471 4381 3554 4422 rc-

1950 4459 2109 4510 petoe
2137 4445 2188 4498 in
2213 4447 2376 4498 ﬁlium
2405 4448 2712 4514 adoptaret.
2741 4450 3007 4516 tugurium
3037 4462 3184 4504 tuum
3212 4454 3438 4524 ejusque
3469 4459 3549 4510 vi-

1951 4534 2155 4589 litatem
2217 4537 2352 4589 ultra
2405 4539 2737 4606 respiceres,
2784 4539 2992 4593 etiamsi
3040 4541 3157 4596 hare
3209 4561 3314 4598 non
3359 4548 3549 4615 grandi

1950 4627 2236 4682 intervallo
2287 4639 2625 4697 separantur.
2673 4629 2750 4683 Ne
2799 4631 2978 4699 itaque
3029 4634 3115 4687 hic
3163 4635 3439 4705 quidpiam
3486 4656 3543 4692 cx

1951 4719 2217 4786 prioribus
2266 4717 2315 4770 in
2359 4728 2537 4773 mente
2584 4735 2765 4775 verses
2799 4739 2810 4774 :
2845 4738 2967 4774 nam
3017 4723 3080 4776 ad
3127 4725 3284 4790 longe
3332 4728 3551 4782 meliora

1952 4818 2181 4862 vocatus
2229 4823 2311 4862 es.
2370 4806 2472 4872 Qui
2499 4808 2647 4860 enim
2691 4819 2870 4875 vocat,
2905 4811 3225 4879 angelorum
3285 4815 3552 4868 Dominus

1948 4910 2052 4964 est,
2117 4902 2369 4968 bonaque
2435 4900 2528 4954 tibi
2595 4900 2795 4954 collata
2869 4905 3136 4956 rationem
3217 4923 3434 4959 omnem
3497 4890 3556 4958 ὀι

1954 5007 2185 5046 montem
2223 5003 2505 5059 superant.
2564 4990 2683 5045 Non
2718 4994 2864 5046 enim
2895 5011 2922 5045 a
2959 5004 3101 5048 terra
3157 4995 3209 5048 in
3272 5006 3470 5049 terram
3508 5008 3557 5050 te

1953 5082 2243 5146 transfert,
2295 5089 2354 5133 ut
2390 5081 2480 5136 ille
2510 5096 2640 5147 rex;
2685 5081 2780 5136 sed
2826 5096 2857 5134 a
2904 5091 3042 5135 terra
3077 5084 3129 5136 in
3159 5085 3376 5151 carlum,
3422 5094 3478 5141 et
3523 5103 3551 5139 a

1953 5177 2162 5230 mortali
2196 5183 2382 5228 natura
2428 5175 2479 5227 in
2531 5175 2755 5245 gloriam
2805 5176 3163 5232 immortalem
3211 5190 3265 5233 et
3315 5180 3557 5234 inell'abi-

1954 5270 2083 5330 lem,
2117 5285 2234 5337 qum
2261 5278 2386 5321 tunc
2413 5276 2616 5322 tantum
2644 5268 2787 5323 clare
2817 5273 3009 5335 poterit
3039 5272 3287 5339 perspici,
3317 5289 3437 5326 cum
3468 5275 3552 5326 illa

1958 5360 2214 5412 fruemur.
2259 5359 2407 5413 Talia
2443 5371 2618 5416 tamen
2649 5372 3075 5430 consequuturos
3105 5362 3265 5421 bona,
3301 5366 3556 5431 pecunias

1960 5449 2085 5502 mihi
2118 5465 2551 5514 commemoras,
2600 5459 2976 5519 terrcuamque
3023 5467 3265 5520 pompam
3316 5454 3562 5508 retines?

1961 5556 2056 5592 nec
2113 5550 2264 5607 putas
2311 5541 2426 5593 lure
2465 5541 2640 5593 omnia
2687 5557 2805 5608 qua:
2849 5540 2948 5594 sub
2991 5551 3266 5610 aspectum
3321 5544 3554 5609 cadunt,

1959 5629 2328 5685 meudicorum
2364 5632 2553 5701 pannis
2578 5647 2699 5686 esse
2731 5632 2954 5686 viliora?
2991 5632 3062 5686 Et
3101 5639 3374 5702 quomodo
3410 5642 3562 5689 tanto

2030 5787 2048 5818 ι
2084 5793 2227 5847 Unus,
2252 5799 2348 5837 non
2366 5789 2624 5852 puritatem
2649 5765 2893 5850 baptismi;
2915 5787 3077 5836 mintts
3091 5791 3246 5836 recte.
