4050 6424
511 405 618 461 2M

513 523 718 576 honore
746 511 938 580 dignus
963 496 1244 558 habearis’
1268 507 1426 563 quam
1451 487 1816 547 defensionem
1859 480 2096 554 proferre

521 604 737 680 possis?
781 578 890 656 imo
915 595 1094 668 potius
1129 602 1261 658 quas
1289 599 1474 657 pinnas
1499 596 1604 635 non
1630 579 1747 632 lues
1767 617 1781 641 ,
1812 589 1940 680 etin:
1979 578 2099 680 gest

513 659 722 755 {tantum
773 659 971 744 donuin
1015 682 1081 737 ad
1128 680 1360 749 priorem
1413 671 1666 726 vomitum
1713 662 1940 719 curras?
1982 659 2096 715 Non

517 785 664 841 enim
705 779 842 836 ultra
873 785 934 832 ut
979 774 1139 828 homo
1164 811 1180 832 .
1223 765 1316 821 sed
1362 772 1417 818 ut
1445 761 1581 814 filius
1631 755 1722 810 Dei
1755 761 2097 841 peccatorum

515 837 709 944 pinnas
737 868 888 922 dabis
912 906 927 930 ,
979 862 1178 928 tibique
1209 853 1424 907 honoris
1466 843 1773 917 magnitudo
1815 839 1881 895 ad
1929 837 2102 908 majus

520 935 840 1031 supplicium
868 953 1007 1006 viam
1039 945 1263 1018 parabit.
1309 936 1582 1007 Siquidem
1631 946 1766 995 nos,
1820 935 2102 1031 peccantes

521 1017 732 1116 servos,
764 1056 818 1102 et
839 1044 974 1097 filios
1002 1017 1370 1104 delinquentes
1399 1043 1505 1082 non
1553 1025 1664 1095 pari
1709 1020 1970 1091 supplicio
1995 1017 2105 1087 ple-

519 1109 872 1201 ctin'ms,cum
901 1129 1131 1185 maxime
1155 1125 1226 1178 illi
1257 1134 1442 1188 magna
1465 1125 1586 1172 sunt
1613 1131 1644 1170 a
1672 1113 1825 1168 nobis
1848 1109 2105 1166 beneficia

523 1223 856 1296 consequuti.
885 1220 1016 1275 Nam
1045 1217 1089 1271 si
1116 1217 1160 1268 is
1181 1211 1272 1282 qui
1302 1208 1604 1279 paradisum
1630 1204 1681 1257 in
1709 1211 1908 1257 sortem
1949 1212 2105 1252 acce-

522 1289 874 1390 perat;un
899 1307 1064 1364 semel
1104 1313 1468 1372 transgressus
1488 1303 1632 1353 esset
1655 1336 1667 1357 ,
1693 1301 1834 1347 tanta
1862 1299 1981 1361 post
2008 1289 2131 1350 ho-,

525 1385 710 1465 norem
739 1385 961 1475 pertulit
989 1399 1163 1462 mala;
1196 1409 1293 1448 nos
1319 1394 1406 1461 qui
1435 1390 1622 1444 carlum
1651 1385 1955 1452 accepimus
1987 1421 2001 1443 ,
2030 1387 2111 1431 at-

524 1518 631 1572 que
660 1474 929 1566 Unigeniti
959 1486 1252 1546 coheredes
1280 1483 1400 1538 facti
1425 1494 1640 1542 sumus,
1671 1489 1828 1544 quam
1856 1474 2113 1538 impetra-

526 1560 703 1646 liimus
733 1560 938 1640 veniam
965 1622 980 1646 ,
1007 1579 1052 1633 si
1072 1577 1139 1631 ad
1167 1579 1467 1642 serpentem
1510 1568 1693 1622 relicta
1713 1560 1955 1617 columba
1985 1573 2110 1613 cur-

529 1676 750 1732 ramus?
775 1672 890 1728 Non
917 1671 1058 1724 enim
1087 1665 1222 1719 ultra
1251 1661 1549 1715 audiemus.
1580 1654 1734 1708 Terra
1762 1668 1830 1714 es,
1857 1659 1903 1703 et
1930 1650 1981 1700 in
2003 1657 2108 1699 ter-

530 1785 645 1822 ram
665 1763 922 1820 reverteris
949 1758 1098 1832 (Gen.
1144 1755 1198 1811 3.
1231 1751 1344 1823 l9),
1376 1763 1546 1819 neque
1593 1742 1893 1814 Operabcris
1931 1749 2114 1793 terram

533 1860 685 1932 (Gen.
717 1859 770 1913 4.
806 1855 913 1925 η)
939 1895 956 1919 ,
984 1851 1067 1904 vel
1093 1849 1194 1903 alia
1221 1846 1346 1900 olim
1371 1843 1534 1904 dicta,
1568 1837 1661 1893 sed
1687 1836 1847 1902 longe
1878 1832 1962 1885 bis
1995 1843 2116 1900 gra-

536 1923 686 2005 viora
711 1989 727 2014 ,
757 1923 1000 2002 tenebras
1027 1939 1321 1997 exteriores
1345 1975 1360 2000 ,
1402 1929 1613 1986 vincula
1643 1923 1961 1984 iusolubilia,
1994 1935 2115 1972 ver—

535 2038 675 2096 mem
699 2010 1044 2095 venenosum,
1069 2027 1351 2085 stridorem
1371 2020 1638 2077 dentium;
1659 2024 1716 2069 et
1739 2015 1856 2083 jure
1879 2010 2115 2081 quidem.

536 2135 635 2202 Qui
661 2133 802 2192 enim
830 2143 927 2183 nec
958 2134 1078 2197 post
1105 2129 1308 2175 tantum
1336 2113 1654 2170 beneficium
1685 2107 1874 2160 melior
1901 2100 2114 2164 evadit,

532 2189 1039 2295 j'ureextremas'et
1075 2209 1417 2282 gravissimas
1462 2202 1646 2272 patinas
1684 2195 1850 2250 dabit.
1899 2189 2120 2260 Aperuit

537 2284 664 2370 olim
706 2321 760 2367 et
783 2307 975 2365 clausit
1003 2304 1191 2359 caelum
1221 2298 1381 2359 Elias,
1412 2292 1507 2348 sed
1539 2291 1611 2346 ita
1651 2295 1710 2341 ttt
1748 2284 1976 2356 pluviam
2023 2289 2115 2333 aut

538 2403 842 2473 demitteret
884 2407 975 2450 aut
1005 2394 1258 2448 retineret
1286 2385 1362 2457 (5.
1396 2382 1522 2451 Reg.
1558 2380 1648 2448 Π)
1678 2395 1692 2431 :
1719 2375 1812 2473 tibi
1841 2387 1970 2427 vero
2003 2385 2120 2473 Inon

539 2461 611 2564 ita
640 2493 830 2548 cadum
873 2485 1111 2555 aperitur
1135 2522 1151 2546 ,
1182 2478 1275 2533 sed
1308 2483 1362 2529 ut
1390 2472 1515 2528 illuc
1543 2465 1831 2528 ascendas;
1877 2461 2125 2532 quodque

541 2557 711 2654 majus
748 2590 866 2646 est,
909 2551 1018 2631 non
1066 2582 1123 2627 ut
1166 2565 1428 2622 ascendas
1473 2570 1676 2616 tantum
1703 2598 1719 2622 ,
1752 2555 1845 2609 sed
1893 2561 1950 2607 ut
1991 2551 2124 2603 alios

540 2643 703 2730 etiam
734 2643 908 2725 tecum
935 2668 1119 2725 ducas,
1151 2661 1194 2715 si
1228 2656 1383 2719 velis,
1419 2661 1627 2714 tantam,
1643 2645 1736 2701 tibi
1780 2646 1831 2698 in
1860 2643 1970 2696 suis
2003 2655 2126 2693 om»

540 2727 699 2820 uibus
723 2759 968 2814 ﬁduciam
1012 2762 1067 2808 et
1105 2754 1420 2820 potestatem
1464 2740 1626 2795 dedit.
1659 2734 1920 2801 Quoniam
1966 2727 2127 2799 igitur

541 2855 614 2910 ibi
643 2853 833 2906 domus
859 2855 1039 2901 nostra
1067 2817 1165 2902 est,
1199 2838 1306 2890 illic
1327 2832 1504 2888 omnia
1530 2829 1884 2896 deponamus,
1911 2830 1964 2875 et
1993 2817 2122 2872 nihil

547 2945 632 2998 hic
662 2942 1045 3008 relinquamus,
1080 2948 1145 2985 ne
1176 2929 1263 2983 illa
1286 2925 1591 2996 perdamus.
1624 2917 1720 2971 llic
1750 2915 1888 2969 enim
1919 2910 2125 2966 etiamsi

543 3034 750 3088 clavem
776 3005 1029 3082 adhibeas
1057 3067 1069 3086 ,
1101 3031 1156 3074 et
1182 3029 1363 3088 portas
1389 3023 1442 3069 et
1469 3022 1646 3066 vectes
1663 3051 1677 3075 ,
1707 3009 1751 3061 si
1778 3005 1924 3059 mille
1944 3017 2127 3056 servos

543 3125 699 3178 siStas
724 3162 740 3184 ,
786 3127 842 3172 et
876 3116 1209 3168 insidiatores
1239 3119 1427 3163 omnes
1455 3103 1723 3164 declines,
1754 3096 1961 3151 etiamsi
1995 3094 2127 3146 invi-

543 3214 732 3267 dorum
764 3207 946 3262 oculos
976 3202 1215 3271 effugias,
1244 3197 1341 3251 etsi
1374 3195 1563 3253 tineas.
1592 3189 1801 3245 etiamsi
1836 3185 2126 3254 perniciem

551 3317 707 3371 quam
737 3305 975 3350 vetustas
997 3292 1151 3346 aliert
1179 3331 1194 3352 ,
1226 3285 1363 3356 quod
1394 3295 1569 3336 tamen
1604 3279 1715 3332 fieri
1749 3276 1951 3345 nequit,
1980 3289 2124 3326 inor-

547 3368 655 3446 tem
683 3397 827 3442 'certc
859 3400 962 3437 non
994 3378 1213 3448 effugies
1238 3419 1251 3438 ,
1299 3387 1508 3440 unoque
1562 3368 1814 3436 temporis
1856 3372 2128 3418 momento

556 3483 671 3534 lucc
700 3477 874 3531 omnia
923 3471 1228 3524 auferentur
1259 3484 1270 3518 :
1320 3478 1417 3517 nec
1449 3461 1607 3514 modo
1637 3457 1980 3513 auferenlur.
2035 3453 2128 3505 sed

548 3573 707 3627 etiam
754 3583 894 3635 saepe
926 3567 975 3617 in
1007 3576 1194 3616 manus
1224 3556 1560 3610 inimicorum
1595 3551 1886 3603 tradentur.
1917 3546 1970 3598 Si
2001 3559 2128 3596 vero

547 3667 600 3717 iu
628 3661 842 3714 domum
884 3655 1026 3708 illam
1069 3650 1428 3704 transmittas,
1465 3642 1713 3696 omnibus
1763 3637 1843 3690 his
1884 3633 2128 3702 Superior

546 3754 672 3807 eris.
716 3749 896 3815 Neque
921 3745 1061 3798 enim
1092 3741 1270 3794 claves
1296 3776 1309 3797 ,
1351 3736 1434 3788 vel
1476 3743 1677 3800 portas,
1711 3729 1792 3780 vel
1821 3735 2000 3779 vectus
2030 3723 2126 3774 atl—

549 3842 733 3894 liibcre
763 3845 970 3904 oportet
997 3850 1011 3895 ;
1056 3844 1221 3896 usque
1265 3826 1397 3877 adeo
1425 3823 1625 3875 munita
1665 3829 1744 3870 est
1790 3817 1876 3870 illa
1906 3816 2091 3868 civitas
2115 3853 2126 3872 ,

551 3943 657 3986 tam
690 3923 1122 3994 inexpugnabilis
1148 3921 1316 3979 locus,
1343 3923 1445 3967 tam
1476 3912 1778 3964 inaccessos
1802 3904 2126 3972 corruptioni

546 4034 601 4077 ct
628 4015 963 4086 malignitati.

617 4109 669 4162 5.
713 4085 902 4159 Annon
948 4107 1198 4154 extrema:
1239 4091 1519 4146 dementiae
1547 4100 1661 4144 eSt,
1697 4085 1766 4138 ibi
1813 4086 1990 4137 omnia
2033 4097 2119 4134 ac.-

547 4198 819 4253 cnmularc
844 4195 929 4246 ubi
962 4189 1203 4256 deposita
1232 4189 1452 4249 pereunt
1494 4188 1547 4230 et
1568 4185 2004 4242 corrumpuntur,
2038 4174 2125 4224 ubi

549 4306 677 4345 vero
725 4290 923 4340 intacta
974 4287 1191 4332 manent
1237 4283 1290 4326 ct
1315 4280 1609 4340 augentur,
1644 4267 1712 4319 ibi
1746 4282 1812 4320 ne
1857 4265 2128 4318 minimam

549 4396 733 4435 eorum
767 4385 973 4446 partem
1000 4373 1302 4439 deponere,
1332 4377 1451 4416 cum
1483 4359 1712 4412 maxime
1760 4358 1827 4410 ibi
1860 4357 1976 4408 sine
2023 4355 2126 4407 line

551 4471 737 4524 victuri
794 4463 999 4518 simus?
1046 4461 1165 4513 Μαι·
1208 4453 1434 4526 gentiles
1486 4449 1640 4501 fidem
1676 4455 1872 4515 negant
1919 4447 1983 4497 iis
2011 4459 2128 4511 qua:

559 4561 786 4615 dicimus
819 4575 832 4609 :
862 4571 982 4607 nam
1012 4567 1074 4605 ex
1129 4548 1310 4608 factis,
1345 4559 1450 4596 non
1481 4561 1540 4596 ex
1588 4539 1740 4593 dictis
1788 4538 2127 4589 (lt’mflnSlV'Lm

1319 4679 1472 4689 ,φο-..-

895 4686 1126 4698 ...μμ-

547 4686 1126 4710 Mm
1134 4683 1297 4693 *⁵⁸-

1223 381 1280 436 S.
1320 375 1599 437 JOANNIS
1633 367 2111 430 CHRYSOSTOMI
2148 363 2464 423 ARCHIEP.
2505 355 3039 419 CONSTANTINOP.

3676 345 3770 400 208

2202 478 2403 532 tionem
2447 490 2478 528 a
2529 472 2682 527 nobis
2713 471 2933 539 exigunt
2965 486 2977 520 :
3005 481 3068 521 ac
3094 479 3217 520 cum
3272 462 3456 518 vident
3503 476 3602 515 nos
3642 458 3774 514 ades

2202 574 2478 623 exstruere
2504 561 2837 634 splendidas,
2868 558 3053 612 hortos
3079 567 3134 612 et
3161 556 3353 611 balnea
3378 568 3573 623 parare
3592 593 3605 615 ,
3633 564 3775 621 agros

2205 672 2404 720 emere,
2437 655 2623 710 nolunt
2660 651 2888 706 credere
2933 663 3030 703 nos
3057 648 3360 717 profectum
3392 646 3444 700 in
3475 643 3636 698 aliam
3663 641 3773 696 civi-

2208 756 2368 802 tatem
2401 760 2611 815 parare.
2658 742 2787 797 Nam
2834 741 2880 795 si
2930 741 2998 794 ita
3043 745 3220 801 esset,
3252 738 3436 801 aiunt,
3467 733 3645 790 omnia
3677 747 3782 801 qua

2209 836 2296 890 hic
2322 835 2524 890 habent
2553 835 2605 888 in
2648 839 2926 900 argentum
2972 834 3332 891 commutata,
3381 827 3494 880 illic
3529 824 3784 892 deponere

2212 933 2626 997 praeverterent;
2671 923 3137 991 coniecturamque
3183 919 3387 972 ducunt
3425 932 3494 972 ex
3548 917 3648 979 iis.
3681 929 3786 984 qua:

2168 1053 2173 1060 -
2213 1018 2301 1074 hic
2328 1018 2443 1072 fleri
2488 1016 2684 1071 solent.
2713 1013 3092 1080 Opulentiores
3116 1009 3312 1079 quippe
3337 1008 3590 1062 videmus
3619 1005 3670 1060 in
3692 1002 3787 1057 illis

2212 1109 2446 1164 maxime
2468 1106 2686 1162 urbibus
2715 1104 2906 1158 domos
2927 1143 2940 1166 ,
2986 1114 3147 1170 agros
3167 1139 3180 1162 ,
3207 1099 3415 1168 aliaque
3440 1096 3625 1151 omnia
3651 1107 3788 1148 com-

2216 1214 2405 1270 parare
2429 1237 2442 1260 .
2471 1199 2523 1251 in
2547 1197 2738 1266 quibus
2781 1195 2940 1249 sedes
2969 1192 3189 1262 posituri
3223 1199 3348 1245 sunt
3376 1205 3390 1242 :
3421 1188 3522 1242 sed
3552 1201 3649 1240 nos
3671 1199 3789 1240 eon-

2217 1301 2297 1347 tra
2321 1291 2563 1353 facimus,
2592 1302 2808 1353 terram,
2832 1301 2990 1356 quam
3022 1284 3299 1353 paulopost
3320 1279 3566 1335 relicturi
3597 1290 3791 1340 sumus,

2218 1396 2408 1450 magno
2433 1395 2554 1434 cum
2582 1378 2760 1434 studio
2785 1377 3122 1447 possidemus
3139 1416 3154 1436 ,
3183 1388 3282 1428 nec
3327 1370 3588 1440 pecunias
3612 1367 3762 1421 modo
3779 1404 3793 1429 ,

2218 1469 2312 1560 sed
2360 1469 2673 1560 sanguinem
2701 1471 2861 1522 etiam
2909 1481 3006 1535 pro
3037 1465 3218 1535 paucis
3265 1474 3423 1518 terra:
3448 1459 3728 1530 iugeribus
3750 1465 3798 1511 ct

2218 1550 2464 1614 domibus
2491 1559 2796 1621 fundimus;
2827 1556 2893 1611 ad
2921 1556 3110 1611 caelum
3138 1570 3264 1609 vero
3288 1550 3711 1620 comparandum
3735 1562 3798 1602 ne

2220 1654 2486 1723 superﬂua
2537 1653 2755 1722 quidem
2802 1665 3024 1720 erogare
3078 1649 3355 1709 volumus.
3411 1643 3626 1700 etiamsi
3682 1641 3800 1696 illud

2221 1759 2392 1815 parvo
2420 1745 2593 1814 pretio
2622 1749 2831 1797 ematur
2856 1782 2871 1805 ,
2895 1750 2951 1796 et
2999 1741 3052 1794 in
3099 1738 3487 1806 sempiternum
3541 1732 3804 1804 possidea-

2224 1849 2329 1902 tur,
2354 1840 2400 1894 si
2420 1853 2683 1894 emamus.
2717 1837 3004 1904 Propterea
3032 1843 3303 1888 extremas
3326 1829 3580 1884 dabimus
3605 1841 3805 1898 poenas,

2221 1947 2343 1988 cum
2371 1929 2496 1986 nudi
2524 1939 2578 1984 et
2599 1942 2861 1997 pauperes
2880 1940 2946 1979 eo
2973 1923 3338 1994 migrabimus;
3368 1921 3478 1974 imo
3504 1919 3688 1989 potius
3708 1931 3806 1970 non

2224 2023 2294 2077 ob
2321 2027 2685 2092 paupertatem
2715 2026 2974 2079 nostram,
3003 2013 3097 2068 sed
3127 2012 3268 2083 quod
3299 2011 3433 2066 alios
3460 2009 3517 2063 in
3546 2012 3689 2063 hanc
3713 2007 3807 2062 mi-

2223 2115 2416 2170 seriam
2445 2109 2859 2181 conjecerimus,
2891 2103 3210 2160 intolerabili
3243 2101 3535 2156 calamitati
3563 2099 3808 2168 subjicie-

2226 2221 2364 2260 mur.
2395 2203 2525 2258 Nam
2570 2217 2693 2256 cum
2737 2198 2968 2269 gentiles
3012 2196 3227 2251 videant
3252 2193 3336 2247 bis
3383 2192 3583 2248 studiis
3611 2190 3811 2246 deditos

2229 2298 2389 2352 tantis
2417 2294 2519 2349 frui
2549 2291 2821 2362 mysteriis
2850 2308 2862 2342 :
2896 2287 3066 2342 multo
3108 2285 3280 2356 magis
3307 2294 3363 2339 et
3409 2284 3510 2352 ipsi
3546 2281 3811 2351 presenti-

2227 2388 2328 2441 bus
2354 2386 2514 2441 rebus
2552 2383 2885 2444 addicentur,
2935 2381 3205 2448 ingentem
3249 2377 3425 2445 ignem
3456 2387 3623 2441 supra
3668 2377 3814 2438 caput

2233 2487 2474 2534 nostrum
2504 2474 2922 2530 accumulantes.
2966 2468 3099 2524 Cum
3131 2470 3273 2522 enim
3301 2448 3551 2532 nosiqui
3583 2475 3811 2532 prasen-

2234 2571 2364 2622 tium
2389 2581 2568 2621 rerum
2612 2570 2981 2628 contemptum
3029 2558 3150 2612 illos
3175 2556 3369 2610 docere
3395 2553 3684 2616 debemus,
3713 2563 3815 2604 ma-

2238 2658 2379 2711 xime
2408 2655 2645 2709 omnium
2679 2653 2889 2706 illarum
2923 2651 2974 2703 in
3006 2649 3085 2703 eis
3110 2645 3457 2717 cupiditatem
3485 2644 3781 2699 excitemus
3801 2679 3815 2702 .

2231 2745 2498 2815 quomodo
2543 2745 2767 2798 salutem
2812 2737 3065 2807 consequi
3110 2736 3420 2805 poterimus,
3467 2732 3562 2802 qui
3603 2732 3817 2785 aliorum

2237 2837 2487 2907 perniciei
2537 2851 2722 2904 ptenas
2775 2834 2954 2886 subire
2983 2829 3313 2886 debeamus?
3341 2827 3457 2884 Non
3485 2828 3648 2882 audis
3677 2824 3817 2881 Chri-

2236 2937 2376 2980 stum
2402 2925 2669 2979 dicentem
2691 2965 2704 2987 ,
2735 2939 2795 2978 se
2822 2939 2920 2992 pro
2949 2921 3063 2976 sale
3090 2931 3145 2975 et
3191 2918 3527 2987 lampadibus
3568 2932 3668 2971 nos
3701 2914 3818 2971 reli-

2237 3018 2417 3086 quisse
2449 3017 2499 3069 in
2553 3018 2654 3069 hoc
2701 3014 2901 3068 mundo
2923 3055 2937 3076 ,
2971 3021 3028 3066 ut
3057 3012 3330 3080 voluptate
3358 3008 3670 3064 diffluentes
3699 3023 3818 3062 cou-

2237 3108 2561 3175 stringamus
2581 3148 2594 3166 ,
2624 3116 2677 3160 et
2710 3105 2948 3172 pecunia:
2979 3102 3169 3156 studiis
3214 3100 3598 3155 obtenebratos
3629 3098 3819 3153 illumi-

2239 3196 2468 3251 nemus?
2499 3196 2551 3251 Si
2583 3210 2712 3264 ergo
2744 3196 2862 3249 illos
2891 3194 3059 3263 magis
3083 3193 3134 3245 in
3170 3193 3420 3246 tenebras
3451 3191 3821 3260 conjiciamus,

2238 3300 2292 3342 et
2319 3288 2595 3342 molliores
2621 3287 2930 3351 reddamus,
2961 3301 3080 3354 qum
3112 3284 3266 3338 nobis
3309 3298 3435 3354 spes
3466 3283 3664 3336 salutis
3689 3280 3822 3336 erit?

2237 3379 2391 3432 Nulla
2421 3398 2433 3431 :
2463 3377 2554 3432 sed
2602 3378 2867 3444 ejulantcs
2910 3385 2966 3430 et
3003 3373 3252 3429 dentibus
3297 3373 3610 3437 stridentes,
3662 3371 3824 3440 ligatis

2241 3473 2462 3543 pedibus
2492 3471 2845 3536 manibusque
2874 3469 2925 3520 in
2957 3467 3220 3535 gehennae
3248 3465 3421 3527 ignem
3455 3466 3821 3532 conjicienntr,

2239 3574 2517 3634 postquam
2542 3561 2845 3615 divitiarum
2870 3557 3173 3612 sollicitudo
3202 3571 3300 3610 nos
3323 3557 3479 3624 plane
3510 3556 3820 3610 confecerit.

2239 3658 2364 3711 l-lmc
2405 3658 2582 3724 itaque
2613 3653 2908 3721 cogitantes
2931 3690 2946 3713 ,
2973 3650 3151 3702 omnia
3199 3649 3316 3702 talis
3362 3647 3591 3702 fallacia
3625 3646 3821 3699 vincula

2239 3749 2536 3805 solvamus.
2577 3762 2644 3798 ne
2673 3745 2722 3796 in
2754 3742 2841 3794 illa
2868 3739 3166 3793 incidamus
3192 3754 3312 3807 quae
3339 3738 3445 3807 igni
3475 3738 3826 3802 inexstingui-

2242 3841 2330 3894 bili
2361 3856 2457 3894 nos
2485 3838 2737 3891 traditura
2761 3846 2902 3889 sunt.
2942 3830 3072 3884 Nam
3104 3833 3191 3899 qui
3222 3831 3422 3886 divitiis
3448 3830 3640 3892 servit,
3662 3840 3716 3884 ct
3739 3843 3825 3884 ca-

2242 3934 2378 3987 tenis
2405 3933 2508 3995 hic,
2528 3942 2582 3986 et
2610 3931 2815 3985 catenis
2842 3931 2948 3982 illic
2967 3935 3222 3997 perpetuo
3247 3923 3537 3979 adstrictus
3562 3922 3670 3976 erit
3700 3942 3711 3975 :
3741 3920 3824 3990 qui

2236 4035 2412 4080 autem
2461 4024 2527 4078 ab
2556 4027 2652 4077 bac
2693 4022 2984 4090 cupiditate
3025 4018 3160 4072 liber
3180 4024 3293 4079 est,
3330 4022 3555 4081 utraque
3587 4012 3825 4065 libertste

2241 4123 2471 4189 potietur
2500 4139 2512 4171 :
2542 4134 2698 4185 quam
2730 4126 2787 4171 ut
2819 4131 2912 4169 nos
2944 4128 3156 4185 quoque
3186 4125 3562 4180 assequamur,
3595 4106 3825 4161 contrito

2241 4211 2385 4276 gravi
2418 4211 2509 4262 illo
2537 4209 2773 4260 avaritiae
2797 4207 2925 4273 iugo
2947 4246 2960 4268 ,
2990 4203 3054 4256 ad
3087 4206 3277 4256 osclum
3325 4200 3579 4253 advolare
3603 4207 3823 4252 conten-

2239 4306 2461 4367 damus,
2517 4301 2685 4371 gratia
2739 4315 2793 4353 et
2844 4296 3171 4367 benignitate
3221 4293 3427 4348 Domini
3483 4291 3655 4344 nostri
3705 4289 3823 4343 Jesu

2239 4396 2430 4449 Christi
2455 4436 2467 4458 ,
2495 4396 2576 4447 cui
2599 4392 2764 4461 gloria
2798 4400 2846 4444 ct
2880 4389 3159 4456 imperium
3188 4386 3239 4439 in
3269 4385 3463 4438 saecula
3486 4377 3820 4436 seculorum.

2239 4489 2430 4538 Amen.

1493 4676 1632 4687 --——
1649 4677 1662 4683 ι
1671 4672 1936 4683 -.ο-..-δαυ-ι,
1945 4671 2039 4678 ραν-ς
2051 4664 2315 4676 υ--..ν--οι---ο
2327 4661 2400 4672 .av--
2409 4661 2441 4671 σο
2451 4656 2916 4669 ..η-*ωαψς*
2957 4642 3817 4664 -ιψ--ιρφ-ι-οοη--ι-*υ

1901 4782 2246 4844 HOMiLH.
2291 4777 2468 4837 Xlll.

543 4951 668 5012 Car.
702 4949 754 5002 d.
785 4962 832 4996 ν.
871 4946 918 4998 l.
951 4941 1090 4994 Tunc
1112 4937 1262 4991 λειω
1288 4938 1467 4988 ductus
1496 4941 1565 4985 est
1595 4931 1646 4982 in
1671 4928 1920 4982 desertum
1943 4943 1973 4976 a
2003 4923 2121 4991 Spi.

928 5035 1026 5085 ritu
1045 5073 1059 5091 ,
1089 5041 1140 5082 ut
1169 5037 1439 5081 tentaretur
1458 5041 1488 5076 α
1519 5021 1740 5077 diabolo.

613 5133 662 5183 1.
699 5127 798 5182 Cur
827 5124 1054 5177 Christus
1083 5119 1262 5173 tentari
1283 5126 1328 5168 et
1347 5116 1582 5183 jeiunure
1606 5111 1836 5165 voluerit.
1860 5106 2121 5160 Tcntatio-

544 5221 619 5272 uis
667 5222 886 5286 fructus.
921 5209 1320 5277 Intemperautia
1365 5206 1596 5258 uitiorum
1643 5201 1816 5255 radiat.
1845 5229 1879 5238 ο
1901 5229 1913 5234 -
1936 5196 2119 5255 Tunc;

542 5307 924 5378 quandonam?
956 5314 1075 5372 post
1113 5302 1432 5355 descensum
1479 5298 1624 5350 illum
1666 5294 1896 5363 Spiritus
1917 5291 2118 5352 sancti,

547 5411 667 5470 post
694 5414 877 5453 vocem
910 5397 1052 5449 illam
1085 5407 1318 5463 superne
1343 5390 1569 5442 delatam
1601 5397 1656 5441 et
1680 5387 1943 5440 dicentem
1976 5401 1988 5434 :
2024 5381 2121 5434 llic

543 5501 615 5548 est
646 5489 807 5542 Filius
834 5504 964 5539 metu
993 5486 1225 5549 dilectus,
1256 5485 1306 5535 in
1330 5497 1426 5549 quo
1454 5481 1575 5531 mihi
1597 5477 1881 5545 complacui
1903 5473 2118 5546 (Matth.

545 5584 598 5638 ὅ.
635 5582 740 5642 l7).
770 5577 1027 5644 Quodque
1073 5577 1263 5629 mirum
1296 5580 1410 5633 cst,
1457 5586 1485 5622 a
1532 5570 1733 5638 Spiritu
1780 5575 1964 5620 sancto
1993 5579 2005 5615 :
2037 5564 2122 5617 hic

543 5671 688 5724 enim
713 5670 885 5739 ipsum
941 5664 1160 5717 adduxit
1207 5662 1352 5714 illuc.
1382 5659 1514 5724 Quia
1557 5659 1698 5712 enim
1729 5657 1904 5710 omnia
1936 5653 2002 5706 ad
2030 5653 2122 5707 do-

542 5758 771 5812 cendum
799 5771 896 5810 nos
923 5753 1044 5807 fecit
1071 5761 1125 5809 et
1153 5764 1340 5820 passus
1365 5757 1482 5816 est,
1514 5747 1638 5803 illuc
1660 5746 1888 5812 adduci,
1915 5753 2116 5799 etcum

2238 4917 2455 4971 diabolo
2486 4927 2654 4982 pugna
2680 4933 2712 4963 2s
2739 4910 3079 4964 committere
3111 4904 3280 4959 voluit
3301 4943 3316 4966 ,
3358 4913 3415 4956 ut
3453 4901 3818 4969 unusquisque

2236 5008 2623 5077 baptizatorno.
2643 5045 2658 5069 ,
2690 5003 2736 5055 si
2783 5011 2904 5066 post
2948 4998 3269 5066 baptismum
3301 4995 3532 5062 majores
3555 4994 3816 5046 sustineat

2235 5101 2572 5159 tentationes,
2601 5110 2669 5148 ne
2712 5093 2992 5152 turbetur,
3025 5088 3174 5156 quasi
3221 5076 3546 5153 insperatam
3577 5099 3689 5135 rem
3723 5097 3813 5135 ex-

2234 5199 2433 5258 pertus,
2467 5185 2560 5240 sed
2588 5196 2798 5238 maneat
2841 5183 3048 5235 fortiter
3073 5179 3252 5231 omnia
3295 5177 3511 5237 ferens,
3541 5183 3726 5242 utpote
3759 5186 3813 5223 re

2232 5279 2520 5335 secundum
2548 5285 2746 5330 rectam
2774 5273 2966 5326 seriem
2996 5268 3292 5323 accidente.
3343 5265 3554 5318 Etenim
3585 5263 3706 5318 ideo
3733 5280 3810 5316 ar-

2221 5383 2315 5425 ma
2342 5369 2631 5436 accepisti;
2684 5380 2787 5419 non
2817 5374 2874 5416 ut
2919 5361 3128 5423 otieris,
3169 5358 3264 5413 sed
3309 5369 3532 5426 pugnes.
3578 5353 3701 5408 ideo
3734 5355 3812 5407 in-

2229 5469 2480 5535 gruentes
2517 5458 2836 5511 tentationes
2864 5469 2967 5507 non
3000 5449 3222 5519 impedit
3266 5448 3406 5501 Deus
3439 5463 3451 5497 :
3484 5445 3656 5513 primo
3699 5443 3810 5512 qui-

2228 5556 2351 5609 dem
2383 5562 2440 5606 ut
2463 5551 2638 5605 discas
2671 5558 2720 5601 te
2745 5547 2915 5602 multo
2939 5543 3212 5598 fortiorem
3255 5538 3483 5600 factum;
3515 5535 3710 5591 deinde
3751 5543 3806 5586 ut

2231 5646 2506 5700 moderate
2532 5641 2709 5709 sapias
2730 5680 2746 5704 ,
2794 5651 2970 5705 neque
3011 5635 3275 5689 donorum
3315 5624 3685 5698 magnitudine
3713 5640 3802 5677 ex-

2229 5737 2453 5803 tollaris,
2483 5747 2603 5790 cum
2628 5741 2678 5788 te
2706 5729 3032 5801 mutationes
3062 5725 3384 5794 reprimant;
3414 5718 3481 5776 ad
3515 5720 3628 5774 liaze
3659 5731 3802 5779 vero,
