4050 6448
293 361 400 419 Ξοτ

293 475 715 544 ἀπολαύσωμεν.
742 471 1012 528 Τοιούτων
1043 475 1224 529 τοίνυν
1252 477 1461 546 μέλλων
1488 478 1737 549 μετέχειν
1757 480 1897 547 ἀγα-

293 561 426 621 θῶν,
462 561 762 630 χρημάτων
794 576 883 626 μοι
919 561 1215 631 μέμνησαι,
1244 563 1338 614 καὶ
1368 566 1466 633 τῆς
1496 564 1731 616 ἐνταῦθα
1762 582 1896 633 φαν-

291 644 486 702 τασίας
516 642 718 713 ἀντέχῃ
743 658 756 704 ;
783 641 876 694 καὶ
917 643 979 694 οὐ
1019 642 1265 713 νομίζεις
1294 644 1511 697 ἅπαντα
1537 645 1604 698 τὰ
1637 645 1892 716 ὁρώμενα

279 725 534 777 τῶνητοῦ
578 724 1003 796 προσαιτοῦντος
1051 725 1259 795 ῥακίων
1304 727 1667 798 εὐτελέστερα
1711 723 1888 790 εἷναις

289 806 402 858 Καὶ
435 804 551 870 πῶς
608 807 758 873 ἄξιος
786 810 1003 878 φανήσῃ
1035 806 1238 877 ταύτης
1273 809 1371 877 τῆς
1403 809 1604 878 τιμῆς;
1649 810 1809 864 ποίαν
1833 810 1891 863 δὲ

287 891 437 954 ἔξεις
484 890 782 959 ἀπολογίαν
814 893 1008 954 εἰπεῖν,
1052 890 1254 959 μᾶλλον
1285 890 1342 943 δὲ
1388 892 1550 944 ποίαν
1595 892 1653 944 οὐ
1698 891 1891 956 δώσεις

284 971 468 1043 δίκην,
500 974 637 1044 μετὰ
666 975 932 1043 τοσαύτην
949 973 1158 1044 δωρεὰν
1182 974 1273 1026 ἐπὶ
1291 975 1379 1026 τὸν
1402 975 1668 1045 πρότερον
1695 976 1890 1045 ἐμετόν

284 1056 535 1125 τρέχων;
569 1057 767 1110 Οὐκέτι
800 1057 907 1126 γάρ
951 1056 1028 1118 ὡς
1069 1055 1356 1128 ἄνθρωπος
1406 1058 1614 1121 ἁπλῶς,
1658 1058 1774 1111 ἀλλ’
1812 1061 1889 1123 ὡς

285 1138 407 1201 υίὸς
439 1137 577 1192 Θεοῦ
617 1139 880 1209 ἁμαρτὼν
914 1138 1143 1209 κολάζῃ,
1202 1141 1295 1193 καὶ
1334 1141 1546 1209 γίνεταί
1581 1158 1662 1194 σοι
1694 1142 1754 1194 τὸ
1790 1144 1888 1212 τῆς

281 1222 456 1290 τιμῆς
487 1223 713 1292 μέγεθος
757 1222 968 1290 ἐφόδιον
1002 1224 1271 1292 τιμωρίας
1315 1226 1579 1294 μείζονος.
1628 1227 1737 1280 Καὶ
1779 1227 1887 1297 γὰρ

283 1302 380 1355 καὶ
401 1305 558 1372 ἡμεῖς
579 1308 675 1373 οὐχ
697 1304 897 1374 ὁμοίως
924 1305 1146 1368 δούλους
1161 1302 1600 1378 ἁμαρτάνοντας,
1627 1309 1719 1360 καί
1737 1309 1887 1372 υίούς
1925 1315 1928 1324 ‘

278 1385 347 1437 τὸ
367 1386 500 1439 αὐτὸ
521 1387 980 1456 πλημμελοῦντας
1010 1387 1314 1458 κολάζομεν
1341 1407 1354 1420 ·
1386 1391 1478 1444 καί
1500 1391 1737 1460 μάλιστα
1758 1393 1885 1443 ὅταν

283 1469 500 1538 μεγάλα
533 1470 659 1540 παρ’
695 1471 854 1541 ἡμῶν
884 1471 1310 1543 εύεργετημένοι
1343 1474 1365 1505 ³
1397 1475 1655 1543 τύχωσιν.
1684 1476 1746 1527 Εἰ
1775 1475 1885 1546 7&9

277 1552 310 1603 ὀ
333 1553 659 1621 παράδεισον
673 1552 856 1623 λαχὼν
885 1553 1056 1626 [Ιϐϐ],
1073 1554 1160 1608 διὰ
1189 1555 1318 1625 μίαν
1342 1557 1627 1627 παρακοὴν
1648 1557 1884 1610 τοσαῦτα

280 1635 425 1703 μετὰ
456 1636 553 1697 τὴν
587 1636 751 1706 τιμὴν
776 1636 985 1707 ὑπέστη
1017 1637 1170 1691 δεινά
1189 1653 1202 1665 '
1226 1638 1276 1691 οἰ
1305 1637 1395 1690 τὸν
1429 1639 1654 1710 οὐρανὸν
1679 1640 1884 1693 ἀπολα-

277 1716 467 1779 ϐόντες
500 1719 680 1787 ἡμεῖς,
716 1720 813 1771 καὶ
837 1718 914 1788 τῷ
938 1720 1237 1787 Μονογενεῖ
1266 1721 1547 1791 γενόμενοι
1576 1721 1782 1790 συγκλη
1794 1739 1883 1792 ρο-

275 1797 454 1866 νὸμοι,
505 1800 626 1852 τίνα
669 1799 863 1869 ἕξομεν
915 1801 1268 1872 συγγνώμην,
1321 1803 1399 1872 τῷ
1437 1804 1558 1872 ὄφει
1604 1803 1744 1873 μετά
1785 1805 1885 1874 τὴν

275 1881 610 1952 περιστερὰν
641 1883 1105 1954 προστρέχοντες;
1151 1885 1347 1938 Οὐκέτι
1382 1886 1512 1956 7&9,
1554 1885 1643 1954 Γῆ
1675 1887 1747 1950 εἷ,
1783 1887 1881 1939 καὶ

273 1963 366 2027 εἰς
389 1961 508 2030 γῆν
533 1964 870 2033 ἁπελεύσῃ,
896 1965 1010 2029 καὶ,
1041 1966 1218 2035 Ἐργᾷ
1244 1967 1359 2034 τὴν
1381 1969 1514 2036 γῆν.
1539 1969 1634 2022 καὶ
1656 1969 1722 2022 τά
1751 1969 1884 2039 πρό-

270 2059 414 2114 τερα
429 2045 563 2098 ἀκου
573 2047 777 2115 σόμεθα
802 2042 1016 2109 ἐκεῖνα,
1048 2048 1186 2100 ἀλλά
1200 2051 1269 2103 τά
1292 2050 1472 2121 πολλῷ
1488 2052 1694 2103 τούτων
1720 2052 1878 2121 χαλες

271 2127 519 2198 πώτερα,
553 2131 612 2182 τὸ
653 2125 844 2193 σκότος
881 2131 940 2182 τὸ
973 2130 1257 2206 ἐξώτερον,
1291 2134 1360 2185 τά
1387 2134 1563 2203 δεσμά
1589 2133 1659 2185 τὰ
1683 2134 1870 2198 ἄλυτα,

269 2209 363 2262 τὸν
389 2210 648 2280 σκώληκα
686 2214 777 2264 τὸν
811 2213 1038 2278 ἰοὸὀλον,
1070 2214 1163 2266 τὸν
1193 2215 1438 2284 βρυγμὺν
1477 2215 1586 2268 τῶν
1615 2217 1873 2269 ὀδόντων·

269 2291 368 2343 καὶ
404 2292 549 2360 μάλα
581 2293 826 2356 εἰκότως.
879 2294 936 2347 ’0
984 2295 1095 2366 γάρ
1128 2296 1261 2365 μηδὲ
1307 2296 1599 2368 εὐεργεσίᾳ
1638 2299 1878 2371 τοσαύτῃ

267 2375 562 2443 γενόμενος
592 2375 837 2444 βελτίων,
868 2379 1091 2443 δικαίως
1124 2381 1191 2433 ἂν
1210 2380 1308 2450 τὴν
1335 2381 1574 2450 ἐσχάτην
1597 2381 1691 2433 καὶ
1719 2383 1879 2450 χαλε-

266 2462 524 2529 πωτέραν
562 2460 671 2530 δῴη
711 2462 730 2491 ³
763 2461 940 2531 δίκην.
985 2463 1203 2526 Ἥνοιξέ
1243 2480 1375 2515 ποτε
1407 2465 1500 2516 καὶ
1534 2465 1744 2517 ἔκλεισε
1785 2467 1876 2517 τὸν

265 2541 498 2608 οὐρανὸν
544 2543 751 2606 Ἠλίας,
797 2544 912 2596 ἀλλ’
958 2545 1097 2598 ὥστε
1153 2547 1307 2599 ὑετὸν
1351 2552 1701 2615 κατενεγκεῖν
1733 2549 1754 2580 ⁸
1780 2551 1875 2602 καὶ

266 2624 617 2678 ἀναστεῖλαι·
658 2628 743 2679 σοί
783 2627 839 2679 δὲ
887 2629 985 2697 οὐχ
1016 2629 1190 2692 οὔτως
1237 2631 1514 2698 ἀνοίγεται
1555 2635 1582 2684 ὀ
1621 2632 1870 2704 οὐρανὸς,

265 2706 384 2761 ἀλλ’
422 2708 562 2760 ὥστε
589 2710 856 2779 ἀναϐῆναί
889 2728 949 2762 σε
984 2713 1137 2764 ἐκεῖ’
1174 2713 1269 2764 καὶ
1313 2715 1373 2765 τὸ
1414 2715 1477 2785 δὴ
1518 2714 1719 2783 μεῖζον,
1774 2717 1872 2785 οὐχ

263 2790 407 2843 ῶστε
435 2791 720 2862 ἀναϐῆναι,
758 2793 872 2845 ἀλλ’
902 2793 1041 2846 ὥστε
1068 2796 1160 2847 καὶ
1202 2797 1426 2865 ἐτέρους
1461 2799 1779 2865 ἀναγαγεῖν,
1822 2801 1869 2850 εἰ

267 2873 288 2904 ³
324 2872 676 2944 βουληθείης’
707 2874 976 2946 τοσαύτην
1017 2894 1097 2929 σοι
1147 2879 1456 2947 παρρησίαν
1491 2885 1584 2932 καί
1619 2880 1870 2942 ἐξουσίαν

265 2959 326 3009 ἐν
349 2959 464 3019 τοῖς
490 2959 682 3011 ἑαυτοῦ
718 2959 918 3012 ἔδωκεν
945 2961 1166 3013 ἅπασιν.
1215 2962 1368 3014 Ἑπεί
1395 2960 1488 3015 οῦν
1509 2964 1628 3015 ἐκεῖ
1647 2965 1804 3035 ἡμῶν
1835 2967 1868 3036 ἡ

261 3038 434 3100 οἰκία,
476 3041 594 3093 ἐκεῖ
641 3041 821 3093 πάντα
863 3042 1221 3112 ἀποθώμεθα,
1277 3045 1371 3098 καὶ
1411 3045 1579 3114 μηδὲν
1635 3047 1870 3100 ἐνταῦθα

263 3121 658 3191 καταλίπωμεν
691 3125 734 3188 ⁸,
766 3124 855 3178 ἵνα
891 3123 964 3194 μὴ
996 3126 1134 3176 αὐτὰ
1165 3127 1540 3195 ἀπολέσωμεν.
1601 3129 1869 3181 Ἐνταῦθα

267 3204 370 3273 μιν
393 3204 502 3272 γὰρ
537 3205 639 3257 κᾶν
681 3205 830 3257 κλεῖν
862 3205 1079 3276 ἐπιθῇς,
1115 3208 1218 3260 κᾶν
1250 3207 1422 3278 θύρας
1469 3209 1564 3262 καὶ
1615 3210 1866 3279 μοχλοὺς,

263 3288 375 3339 κᾶν
423 3287 654 3356 μυρίους
685 3290 991 3360 ἐπιστήσῃς
1027 3284 1269 3352 οἰκέτας,
1320 3291 1414 3343 καὶ
1464 3293 1680 3344 πάντων
1710 3310 1866 3362 περι-

261 3369 398 3439 γένῃ
438 3370 544 3422 τῶν
574 3370 921 3439 κακούργων,
952 3371 1056 3424 κᾶν
1081 3373 1100 3400 ⁷
1133 3373 1259 3434 τοὺς
1291 3372 1400 3424 τῶν
1435 3371 1722 3442 βασκάνων
1749 3374 1866 3428 δια-

263 3452 448 3524 φύγῃς
488 3452 826 3522 ὀφθαλμοὺς,
857 3454 960 3508 κάν
983 3456 1109 3518 τοὺς
1142 3455 1328 3525 σῆτας.
1354 3456 1459 3509 κᾶν
1491 3456 1591 3527 τὴν
1635 3457 1745 3510 ἀπὸ
1771 3459 1866 3512 τοῦ

263 3535 462 3606 χρόνου
487 3535 782 3606 γινομένην
814 3536 1113 3596 ἀπώλειαν.
1136 3538 1272 3607 ὅπερ
1301 3538 1588 3603 ἀδύνατον,
1617 3540 1707 3592 τὸν
1736 3541 1866 3608 γοῦν

264 3617 496 3672 θάνατον
524 3619 584 3669 οὐ
607 3619 872 3691 διαφεύξῃ
904 3620 1057 3684 ποτὲ,
1079 3620 1192 3672 ἀλλ’
1228 3621 1582 3694 ἀφαιρεθήσῃ
1608 3622 1628 3652 ³
1653 3622 1866 3675 ἅπαντα

262 3705 451 3759 ἐκεῖνα
502 3707 560 3757 ἐν
618 3707 717 3776 μιᾷ
756 3705 950 3777 καιροῦ
999 3709 1141 3777 ῥοπῇ
1170 3723 1184 3736 ο
1239 3708 1334 3759 καὶ
1370 3708 1472 3761 οὐκ
1519 3709 1867 3784 ἀφαιρεθήσῃ

267 3787 452 3858 μόνον,
487 3788 623 3841 άλλά
651 3789 746 3841 καὶ
773 3790 855 3852 εἰς
888 3790 986 3852 τάς
1021 3789 1130 3842 τῶν
1158 3789 1371 3860 ἐχθρῶν
1396 3790 1657 3853 πολλάκις
1683 3809 1865 3865 παραυ

264 3871 506 3941 πέμψεις
539 3875 749 3942 χεῖρας.
778 3874 876 3926 Ἂν
896 3873 953 3926 δέ
992 3875 1071 3936 εἰς
1104 3875 1323 3942 ἐκείνην
1353 3875 1736 3948 παραπέμψῃς
1763 3879 1866 3947 τὴν

262 3955 467 4019 οἰκίαν,
495 3953 714 4006 πάντων
740 3954 1013 4027 ἀνώτερος
1057 3956 1177 4027 ἔσῃ.
1210 3956 1349 4009 Οὔτε
1386 3958 1496 4029 γὰρ
1528 3959 1698 4024 κλεῖν,
1739 3959 1866 4013 οὔτε

262 4038 434 4109 θύρας
460 4037 553 4090 καὶ
576 4038 806 4108 μοχλοὺς
839 4040 1108 4092 ἐπιθεῖναι
1129 4040 1211 4092 δεῖ
1235 4057 1248 4069 ’
1271 4039 1497 4110 τοιαύτη
1526 4044 1626 4111 τῆς
1655 4041 1867 4107 πόλεως

261 4122 483 4188 ἐκείνης
505 4122 538 4191 ἡ
560 4120 789 4191 δύναμις
813 4138 826 4151 ο
863 4121 1035 4184 οὕτως
1065 4123 1266 4176 ἄσυλον
1299 4122 1359 4175 τὸ
1389 4124 1586 4193 χωρίον
1614 4125 1753 4186 ἐστὶ,
1773 4127 1867 4179 καὶ

263 4204 444 4275 φθορᾷ
471 4204 564 4257 καὶ
591 4206 825 4276 πονηρίᾳ
849 4207 995 4278 πάσῃ
1021 4207 1222 4262 άῦατον
1255 4201 1412 4260 τοῦτο
1444 4206 1719 4278 ὑφέστηκε
1747 4207 1790 4262 ⁸.

333 4294 397 4342 ε’.
425 4288 549 4350 Πῶς
581 4285 673 4340 οὖν
692 4289 792 4341 οὐκ
810 4291 1045 4360 ἐσχάτης
1065 4290 1271 4356 ἀνοίας,
1293 4289 1420 4343 ἔνθα
1442 4292 1540 4359 μὲν
1563 4292 1862 4348 ἀπόλλυται

262 4371 360 4423 καὶ
387 4369 761 4440 διαφθείρεται
788 4371 856 4423 τὰ
897 4372 1288 4441 ἀποτιθέμενα,
1324 4373 1586 4441 σωρεύειν
1618 4375 1854 4439 ᾶπαντα,

264 4453 393 4506 ινθα
419 4453 477 4504 δὲ
511 4452 767 4520 ἀνέπαφα
817 4453 990 4521 μένει,
1029 4456 1122 4506 καὶ
1148 4454 1321 4506 πλείω
1349 4455 1580 4521 γίνεται,
1625 4457 1862 4514 ἐνταῦθα

267 4535 404 4606 μηδέ
434 4535 496 4586 τδ
518 4535 806 4588 πολλοστὸν
835 4535 1189 4590 ἀποτίθεσθαι
1222 4535 1407 4605 μέρος,
1437 4542 1531 4592 καὶ
1564 4540 1738 4595 ταῦτα
1769 4542 1861 4596 τὸν

263 4617 480 4672 ἅπαντα
504 4617 797 4688 μέλλοντας
814 4621 930 4671 ἐκεῖ
955 4618 1247 4688 βιώσεσθαι
1270 4621 1312 4652 ¹⁰
1336 4622 1553 4691 χρόνον;
1577 4625 1677 4675 Διὰ
1702 4625 1860 4678 τοῦτο

264 4699 363 4752 καὶ
389 4699 652 4775 Ἕλληνες
680 4699 970 4753 ἀπιστοῦσι
1005 4704 1117 4764 τοῖς
1150 4703 1279 4773 παρ’
1319 4704 1474 4773 ἡμῶν
1504 4703 1821 4775 λεγομένοις
1843 4723 1856 4736 °

262 4780 356 4849 ἀφ’
399 4774 473 4832 ὧν
519 4780 629 4851 7&9
688 4781 1024 4851 πράττομεν,
1066 4784 1167 4836 οὐκ
1207 4783 1299 4851 ἀφ’
1336 4777 1411 4837 ῶν
1459 4774 1722 4854 λέγομεν,
1759 4789 1860 4858 τὴν

1460 360 1527 416 IN
1577 357 1998 419 MATTHEUM
2047 362 2283 422 HOMIL.
2316 366 2456 424 XIII.

3413 367 3600 424 .208

1997 481 2129 553 παρ’
2151 482 2308 552 ἡμῶν
2331 481 2606 545 ἀπόδειξιν
2629 481 2928 552 λαμϐάνειν
2955 478 3199 532 ἐθέλουσι
3221 496 3234 510 ·
3262 481 3354 532 καὶ
3378 480 3600 536 ἐπειδὰν

1998 563 2183 617 ῐδωσιν
2223 564 2404 628 οίκίας
2435 564 2925 635 οἰκοδομουμένους
2963 561 3244 629 λαμπρὰς,
3287 563 3383 614 καὶ
3415 580 3596 633 παρα-

1993 645 2205 709 δείσους
2245 647 2762 711 κατασκευάζοντας
2805 646 2900 697 καὶ
2945 645 3147 713 λουτρά
3174 685 3188 706 ,
3239 647 3335 698 καὶ
3390 648 3599 716 ἀγροὺς

1993 728 2367 798 ὠνουμένους,
2414 730 2515 783 οὐκ
2566 729 2811 781 ἐθέλουσι
2862 729 2902 762 ‘-'
2948 725 3274 790 πιστεῦσαι,
3325 729 3404 780 ὄτι
3459 727 3606 798 πρδρ

1995 812 2188 882 ἑτέραν
2235 811 2778 883 παρασκευαζόμεθα
2809 812 2849 843 ¹¹
2889 810 3098 872 πόλεως
3151 809 3481 878 ἀποδημίαν.
3532 811 3594 862 Εἰ

1993 898 2101 968 γάρ
2131 895 2290 948 τοῦτο
2319 893 2409 967 ἦν,
2445 899 2630 966 φησιν,
2677 897 2894 950 ἅπαντα
2935 894 3004 947 τά
3049 893 3286 947 ἐνταῦθα
3319 892 3387 946 ἂν
3433 894 3599 964 ἐξαρ-

1991 979 2341 1049 γυρίσαντες,
2385 982 2502 1032 ἐκεῖ
2543 980 2957 1050 προαπέθεντοσ
3003 977 3098 1030 καὶ
3145 975 3306 1028 τοῦτο
3337 976 3446 1027 ἀπὸ
3485 976 3594 1028 τῶν

1991 1059 2228 1114 ἐνταῦθα
2280 1063 2583 1131 γινομένων
2632 1061 3008 1131 στοχάζονται.
3060 1059 3173 1112 Καὶ
3219 1058 3329 1128 γάρ
3375 1058 3594 1129 ὁρῶμεν

1989 1143 2118 1211 τοὺς
2151 1144 2357 1215 σφόδρα
2391 1143 2663 1215 εὐπόρους
2701 1145 2758 1196 ἐν
2792 1143 3031 1204 ἐκείναις
3069 1141 3307 1210 μάλιστα
3337 1142 3458 1203 ταῖς
3490 1140 3591 1193 πό-

1989 1224 2137 1276 λεσιν
2167 1227 2346 1290 οἰκίας
2387 1228 2482 1279 καὶ
2521 1228 2728 1296 ἀγροὺς
2768 1226 2860 1278 καὶ
2892 1225 2960 1278 τὰ
2995 1223 3133 1298 ἄλλα
3168 1225 3346 1276 πάντα
3389 1239 3592 1290 κεκτη-

1993 1306 2220 1374 μένους,
2284 1308 2342 1360 ἐν
2397 1306 2486 1371 αίς
2536 1307 2837 1375 διατρίϐειν
2881 1307 3186 1375 μέλλουσιν.
3246 1305 3385 1356 Ἀλλ’
3427 1305 3590 1374 ἡμεῖς

1986 1388 2301 1442 τούναντίον
2331 1389 2598 1459 ποιοῦμεν
2617 1406 2630 1417 ’
2671 1391 2765 1442 καὶ
2793 1389 2892 1458 τὴν
2927 1389 3023 1458 μὲν
3051 1388 3092 1418 ⁸³
3118 1391 3243 1458 γῆν,
3284 1388 3350 1458 ἡν
3393 1387 3588 1458 μικρὸν

1989 1470 2215 1540 ὕστερον
2236 1472 2458 1540 ἀφιέναι
2483 1471 2772 1542 μέλλομεν,
2801 1475 2940 1540 μετά
2969 1471 3172 1539 πολλῆς
3196 1470 3458 1538 κτώμεθα
3487 1470 3590 1538 τῆς

1990 1554 2259 1622 σπουδῆς,
2303 1554 2425 1624 οὐχὶ
2475 1554 2736 1624 χρήματα
2769 1551 2922 1624 [167]
2973 1553 3154 1622 μόνον,
3202 1552 3338 1604 άλλά
3393 1552 3487 1605 καὶ
3525 1551 3589 1604 τὸ

1985 1630 2126 1704 αἷμα
2148 1635 2281 1688 αὐτὸ
2308 1639 2623 1707 προϊέμενοι
2651 1637 2793 1706 ὑπὲρ
2815 1635 3068 1704 πλέθρων
3090 1635 3132 1665 ⁸⁸
3152 1636 3245 1688 καὶ
3265 1635 3587 1703 οἰκημάτων

1985 1719 2183 1786 ὀλίγων
2205 1735 2219 1748 °
2250 1719 2390 1790 ὑπὲρ
2429 1719 2486 1772 δέ
2515 1718 2609 1770 τοῦ
2659 1717 2753 1770 τὸν
2779 1718 3011 1787 οὐρανὸν
3054 1716 3318 1787 πρίασθαι
3363 1717 3484 1769 οὐδὲ
3517 1715 3587 1772 τὰ

1986 1801 2221 1872 περιττά
2273 1802 2372 1871 τῆς
2422 1800 2614 1871 χρείας
2665 1799 2976 1869 ἀνεχόμεθα
3026 1800 3241 1864 δοῦναι,
3272 1798 3368 1852 καὶ
3409 1799 3585 1853 ταῦτα

1983 1883 2172 1952 ὀλίγης
2202 1884 2364 1936 αὐτόν
2401 1882 2686 1952 μέλλοντες
2716 1881 2974 1934 ώνεῖσθαι
3007 1881 3189 1951 τιμῆς,
3225 1881 3321 1933 καὶ
3359 1882 3586 1935 διαπαν-

1980 1967 2072 2029 τὸς
2101 1966 2270 2036 ἔχειν,
2315 1967 2430 2034 εἴγε
2463 1965 2625 2018 αὐτὸν
2653 1963 3032 2035 ώνησαίμεθα.
3062 1965 3159 2016 Διά
3187 1981 3271 2016 τοι
3298 1964 3456 2016 τοῦτο
3484 1965 3584 2034 τὴν

1981 2049 2218 2119 ἐσχάτην
2242 2047 2490 2117 δώσομεν
2516 2047 2694 2118 δίκην,
2714 2047 2912 2117 γυμνοὶ
2938 2047 3035 2100 καὶ
3065 2047 3298 2117 πένητες
3331 2046 3585 2109 ἀπιόντες

1979 2133 2115 2184 ἐκεῖ⁶
2143 2125 2343 2201 μᾶλλον
2365 2131 2421 2183 δὲ
2438 2132 2536 2200 οὐχ
2556 2131 2695 2201 ὑπὲρ
2712 2131 2810 2200 τῆς
2835 2130 3115 2201 ἡμετέρας
3130 2129 3427 2200 πτωχείας,
3449 2127 3584 2181 ἀλλὰ

1979 2216 2072 2268 καὶ
2103 2216 2246 2285 ὐπέρ
2284 2209 2360 2268 ὧν
2394 2215 2588 2277 ἀλλους
2618 2215 2895 2277 τοιούτους
2926 2213 3211 2283 ποιοῦμεν,
3240 2213 3342 2276 τάς
3385 2213 3584 2282 ἀνηκέ-

1981 2315 2138 2360 στους
2157 2298 2578 2368 ὁποστησόμεθα
2598 2315 2662 2350 συ
2672 2298 2907 2367 μφοράς.
2925 2296 3095 2351 Ὅταν
3115 2297 3224 2367 γὰρ
3251 2297 3437 2349 ἴδωσιν
3453 2295 3583 2347 "ER-

1977 2381 2138 2451 ληνες
2161 2382 2292 2450 περὶ
2318 2380 2494 2433 ταῦτα
2528 2380 2932 2444 σπουδάζοντας
2969 2382 3098 2444 τοὺς
3144 2380 3416 2433 τοσούτων
3443 2381 3582 2432 ἀποο

1975 2463 2278 2525 λαύσαντας
2304 2464 2641 2534 μυστηρίων,
2679 2463 2860 2532 πολλῷ
2887 2464 3088 2532 μᾶλλον
3120 2464 3276 2516 αὐτοὶ
3304 2461 3413 2515 τῶν
3447 2479 3585 2529 παρ·

1975 2546 2146 2599 όντων
2196 2545 2537 2612 ἀνθέξονται.
2581 2544 2745 2598 Ὅθεν
2791 2547 2928 2600 πολὺ
2967 2548 3011 2578 ¹⁵
3055 2548 3149 2600 καὶ
3197 2543 3450 2599 ἐντεῦθεν
3486 2543 3581 2595 ἐπὶ

1974 2629 2072 2700 τὴν
2116 2631 2393 2700 ἡμετέραν
2439 2630 2688 2699 κεφαλὴν
2730 2629 3048 2701 σωρεύομεν
3097 2629 3227 2697 πῦρ.
3257 2630 3427 2680 Ὅταν
3468 2626 3583 2697 γὰρ

1973 2713 2022 2763 οἰ
2068 2711 2341 2763 διδάσκειν
2389 2712 2589 2774 αὐτοὺς
2623 2712 2934 2779 ὀφείλοντες
2982 2713 3260 2782 ὑπερορᾷν
3301 2709 3411 2763 τῶν
3453 2726 3584 2778 φαι-

1973 2793 2214 2860 νομένων
2251 2793 2533 2852 ἁπάντων,
2564 2793 2718 2844 αὐτοὶ
2752 2794 2988 2862 μάλιστα
3026 2796 3242 2846 πάντων
3266 2792 3465 2852 αὐτοὺς
3497 2793 3579 2854 είς

1970 2871 2068 2942 τὴν
2096 2872 2300 2924 τούτων
2330 2873 2696 2943 ἐμϐάλλωμεν
2723 2876 3041 2946 ἐπιθυμίαν,
3077 2875 3204 2927 πότε
3232 2873 3578 2943 δυνησόμεθα

1975 2956 2237 3027 σωθῆναι,
2275 2957 2374 3026 τῆς
2416 2956 2621 3028 ἐτέρων
2655 2959 2929 3021 ἀπωλείας
2957 2959 3057 3022 τάς
3088 2958 3318 3020 εὐθύνας
3349 2957 3580 3026 ὑπέχον-

1971 3057 2095 3103 τες;
2136 3040 2251 3092 Οὐκ
2298 3041 2519 3104 ἀκούεις
2566 3040 2678 3113 τοῦ
2711 3041 2950 3113 Χριστοῦ
2996 3041 3288 3110 λέγοντος,
3325 3041 3406 3092 ὅτι
3451 3040 3576 3094 ἀντὶ

1972 3123 2116 3175 ἀλῶν
2143 3123 2236 3173 καὶ
2260 3123 2559 3191 λαμπάδων
2582 3112 2795 3192 άφῆκεν
2813 3127 2960 3193 ἡμᾶς
2982 3119 3121 3177 εἶναι
3149 3125 3192 3154 ’⁸
3209 3125 3265 3175 ἐν
3283 3121 3360 3192 τῷ
3383 3122 3578 3192 κόσμῳ

1967 3206 2166 3275 τούτῳ,
2211 3206 2298 3257 ἵνα
2340 3208 2435 3258 καὶ
2480 3209 2607 3269 τοὺς
2644 3207 3001 3277 διαρρέοντας
3046 3207 3153 3258 ὑπὸ
3192 3211 3404 3276 τρυφῆς
3439 3209 3576 3259 ἐπι-

1926 3363 1937 3368 _
1975 3291 2334 3358 σφίγγωμεν,
2387 3291 2481 3341 καὶ
2531 3289 2656 3352 τοὺς
2703 3294 2769 3359 τῇ
2837 3290 3079 3362 μερίμνῃ
3114 3288 3224 3342 τῶν
3271 3289 3577 3363 χρημάτων

1974 3371 2393 3441 ἐσκοτωμένους
2425 3368 2790 3441 φωτίζωμεν;
2822 3373 2991 3426 Ὅταν
3025 3369 3118 3425 οὖν
3148 3372 3241 3425 καὶ
3271 3374 3353 3435 είς
3383 3372 3577 3436 σκότος

1969 3455 2168 3516 αὐτοὺς
2203 3454 2568 3524 ἐμϐάλλωμεν
2613 3456 2820 3519 πλεῖον,
2861 3457 2958 3509 καὶ
2999 3457 3366 3526 χαυνοτέρους
3404 3455 3574 3510 ποιῶ-

1973 3553 2096 3605 μεν,
2127 3535 2208 3600 τίς
2238 3535 2393 3589 ἐσται
2426 3537 2704 3608 σωτηρίας
2741 3540 2874 3609 ἡμῖν
2906 3539 3096 3603 ἐλπίς;
3129 3539 3244 3590 Οὐκ
3288 3538 3436 3591 ἐστιν
3482 3539 3576 3592 ού-

1968 3620 2164 3691 δεμίαο
2203 3619 2323 3672 ἀλλ’
2361 3619 2696 3690 οἰμώζοντες
2721 3663 2736 3687 ,
2770 3623 2864 3675 καὶ
2903 3622 3031 3686 τοὺς
3075 3622 3294 3683 ὀδόντας
3341 3621 3576 3692 βρόχον-

1967 3722 2077 3767 τες,
2099 3704 2194 3756 καὶ
2220 3704 2498 3772 δεδεμένοι
2529 3705 2697 3768 πόδας
2722 3707 2816 3758 καὶ
2835 3709 3022 3775 χεῖρας
3048 3707 3127 3767 εἰς
3145 3705 3206 3758 τὸ
3225 3704 3326 3774 τῆς
3347 3704 3578 3774 γεέννης

1967 3787 2384 3859 ἀπελευσόμεθα
2417 3785 2530 3858 πῦρ
2561 3786 2625 3852 ¹⁷,
2667 3787 2805 3856 μετά
2838 3789 2899 3840 τὸ
2919 3787 3362 3860 κατεργασθῆναι
3390 3787 3576 3850 καλῶς

1967 3878 2087 3937 ταῖς
2129 3872 2225 3927 τοῦ
2272 3872 2507 3926 πλούτου
2556 3871 2826 3943 φροντίσι.
2868 3872 3034 3925 Ταῦτ’
3077 3868 3171 3925 οὖν
3219 3873 3576 3942 ἐννοήσαντες

1968 3960 2221 4018 ἅπαντα,
2255 3958 2325 4009 τὰ
2371 3956 2550 4026 δεσμά
2578 3957 2833 4025 λύσωμεν
2869 3958 2972 4027 τῆς
3014 3957 3272 4026 τοιαύτης
3318 3956 3573 4026 ἀπάτης,

1969 4040 2056 4092 ἶνα
2091 4039 2229 4110 μηδὲ
2266 4039 2348 4100 εἰς
2384 4039 2570 4090 ἐκεῖνα
2612 4038 2950 4107 ἐμπέσωμεν
2980 4038 3048 4092 τὰ
3087 4039 3166 4109 τῷ
3203 4040 3344 4110 πυρὶ
3386 4056 3569 4110 παρα-

1968 4123 2181 4176 διδόντα
2212 4124 2245 4191 ἡ
2257 4122 2364 4190 μᾶς
2385 4119 2464 4190 τῷ
2489 4119 2764 4190 ἀσϐέστῳ.
2807 4122 2866 4173 Ὀ
2899 4121 2998 4191 μὲν
3027 4123 3137 4190 γὰρ
3170 4123 3419 4192 χρήμασι
3449 4121 3574 4174 δουο

1972 4205 2165 4269 λεύων,
2203 4203 2298 4256 καὶ
2335 4205 2456 4265 ταῖς
2504 4202 2739 4255 ἐνταῦθα
2782 4203 3006 4256 ἁλύσεσι
3040 4205 3136 4256 καὶ
3171 4207 3290 4267 ταῖς
3329 4206 3447 4257 ἐκεῖ
3495 4206 3575 4258 δι-

1971 4287 2186 4359 ηνεκῶς
2224 4286 2377 4340 ἔσται
2409 4285 2713 4348 ὑπεύθυνος
2734 4302 2746 4314 ·
2775 4289 2803 4339 ὀ
2830 4286 2884 4337 δὲ
2913 4287 3118 4359 ταύτης
3149 4284 3572 4357 ἀπηλλαγμένος

1971 4373 2071 4441 τῆς
2115 4369 2435 4439 ἐπιθυμίας,
2472 4370 2741 4438 ἐκατέρας
2785 4370 3035 4436 τεύξεται
3073 4371 3171 4439 τῆς
3213 4369 3526 4441 ἐλευθερίας
3554 4389 3570 4402 ·

1966 4449 2035 4525 ἦς
2071 4453 2160 4506 ἵνα
2190 4452 2288 4504 κα)⁸
2314 4453 2477 4521 ἡμεῖς
2509 4451 2878 4521 ἐπιτύχωμεν,
2902 4453 2994 4504 τὸν
3027 4453 3266 4523 χαλεπὸν
3298 4454 3398 4522 τῆς
3423 4454 3573 4522 φιλο-

1968 4535 2284 4607 χρηματίας
2309 4533 2703 4604 συντρίψαντες
2733 4533 2915 4601 ζυγὸν,
2937 4535 3313 4606 πτερώσωμεν
3342 4537 3573 4599 ἐαυτούς

1969 4619 2107 4688 πρὸς
2136 4620 2227 4671 τὸν
2259 4617 2511 4686 οὐρανὸν,
2548 4617 2734 4688 χάριτι
2765 4619 2860 4669 καὶ
2897 4619 3282 4690 φιλανθρωπίᾳ
3314 4617 3409 4671 τοῦ
3454 4621 3570 4672 Κυα

1971 4704 2088 4774 ρίου
2129 4699 2289 4771 ἡμῶν
2327 4698 2502 4768 Ἰησοῦ
2533 4699 2796 4769 Χριστοῦ,
2831 4694 2936 4771 ᾧὴ
2973 4702 3096 4766 δόξα
3133 4703 3227 4756 καὶ
3260 4703 3322 4755 τὸ
3366 4703 3572 4773 κράτος

1968 4791 2045 4848 εἰς
2071 4787 2195 4848 τοὺς
2216 4783 2420 4846 αἰῶνας
2442 4783 2550 4836 τῶν
2577 4783 2810 4838 αἰώνων.
2855 4786 3049 4856 Ἀμήν.

288 4902 780 4998 βεξηργεξρμξρξ
803 4905 867 4998 Αἱ
897 4905 955 4958 Β.
972 4905 1582 4998 Οςεύεργετούημεγοιᾳθξ
1598 4912 2101 4998 τυγιχάνωσινἸΕριί.
2144 4912 2164 4944 ³
2184 4911 2319 4998 δῴη]
2346 4911 2437 4966 Sic
2469 4912 2743 4998 Ελςπξιειίί
2776 4912 2958 4998 δώσει.
3046 4915 3390 4998 καταγαγεξν
3415 4915 3479 4969 Α.
3502 4915 3564 4970 Β.

261 4974 325 5027 C.
386 4972 407 5001 ⁸
430 4969 514 5040 εἰ]
544 4969 640 5024 ἐάν
668 4973 802 5032 Edd.
847 4969 1302 5046 ⁶καταλείπὶυμεν
1322 4969 1376 5031 Ε’.
1418 4982 1437 5011 ⁷
1462 4981 1586 5103 κᾶνᾶ
1616 4969 1798 5035 καίύ.
1829 4983 1864 5035 E

265 5045 327 5096 l).
354 5041 565 5104 πέφυκε
589 5040 648 5094 F.
686 5045 794 5097 vid.
821 5045 1009 5099 adnot.
1073 5048 1116 5077 '°
1149 5047 1446 5104 βιώσασθαι
1476 5050 1547 5102 Είί
1596 5091 1608 5104 .
1693 5054 1731 5082 ¹¹
1759 5052 1873 5104 ἐθελ

2011 4986 2032 5016 ⁸
2054 4969 2488 5054 ἁφαιρὲθῆσεται
2512 4984 2644 5104 (bist).
2674 4984 2839 5037 idem.
2875 4986 2894 5015 ⁵
2923 4969 3223 5064 ὐφέστηκεῖ
3259 4969 3569 5056 καθέστηκε

1976 5070 2077 5104 rm
2108 5056 2169 5104 A.
2198 5054 2257 5104 Ο.
2289 5053 2569 5104 πιστεύειν
2648 5053 2740 5104 (Ιά.
2828 5054 2870 5084 ¹¹
2897 5053 2986 5104 διο
3024 5054 3080 5104 Β.
3128 5055 3188 5104 Ε.
3227 5056 3390 5104 vulgo
3422 5073 3566 5104 παο-

265 5045 327 5096 Ι).
354 5041 565 5114 πέφυκε
589 5040 648 5114 F_.
686 5045 794 5097 vid.
821 5045 1009 5099 adnot.
1073 5048 1116 5077 '°
1149 5040 1446 5114 βιώσασθαι
1476 5040 1608 5104 Eald.

262 5111 705 5180 ασκευασάμεθα.

469 5180 560 5234 Sic
580 5180 642 5235 E.
677 5183 770 5235 καὶ
805 5185 938 5236 πολύ
966 5180 1024 5238 D.

263 5179 426 5249 πολύ]

1693 5054 1731 5082 ¹¹
1759 5052 2077 5121 ἐθελήσουσι
2108 5056 2169 5106 Α.
2195 5052 2257 5106 C.
2289 5053 2569 5104 πιστεύειν

736 5113 777 5143 ⁸³
798 5115 893 5166 καὶ
923 5117 1022 5199 τὴν
1049 5118 1170 5238 μέν]
1189 5119 1287 5183 τὴν
1315 5118 1414 5186 μὲν
1430 5120 1540 5205 γάρ
1558 5121 1624 5173 Α.
1645 5119 1701 5173 Β.
1724 5121 1785 5174 C.
1832 5122 1876 5153 ”
1896 5113 2170 5204 πλέθρωνι
2193 5124 2318 5176 add.
2339 5123 2443 5191 γῆς
2467 5125 2529 5204 Α.
2556 5122 2615 5176 Β.
2636 5139 2759 5176 ηιος
2781 5123 3118 5193 πριάσασθαι
3144 5124 3276 5178 Edd.
3324 5113 3366 5156 ⁵⁸
3393 5113 3560 5178 Ὂθὲν

736 5183 770 5235 ιὶ
805 5185 938 5236 πολυ
966 5185 1024 5238 Ι).
1101 5225 1107 5233 ι
1145 5187 1279 5238 πολύ
1301 5189 1361 5238 Α.
1391 5189 1449 5238 Β.
1483 5191 1542 5238 (λ.
1566 5191 1903 5238 σωρεύομεν]
1932 5192 2021 5238 Sw
2053 5194 2109 5238 R-
2148 5196 2300 5238 Arm-
2343 5206 2523 5238 mnu-ru
2559 5209 2682 5238 cum
2713 5194 2810 5238 Gn-
2838 5193 3192 5238 amoadnvc:c_
3277 5196 3319 5226 η
3339 5196 3451 5238 Οὐκ
3487 5193 3560 5238 ιιῖ.

1101 5225 1107 5233 ι
1145 5187 1279 5263 πολύ
1483 5187 1873 5263 (Ζησωρεύομεν

1976 5187 2110 5263 ἦρἘ.
2146 5187 2300 5263 Arn).
2343 5187 2523 5246 ézéu-ri
2559 5209 2684 5263 cum
2713 5194 2810 5248 Ge.
2830 5187 3194 5263 σωρεύοντες.

2648 5053 2740 5106 «Ιά.
2828 5054 2870 5084 ¹¹
2897 5053 2986 5126 _Sic
3128 5053 3390 5126 ‘yulgn
3422 5053 3566 5126 πάρ.

3277 5196 3319 5226 ¹⁶
3339 5196 3453 5247 Οὐκ
3487 5193 3564 5248 οἷ-

649 5253 702 5305 ά.
733 5270 798 5339 κ.
835 5254 886 5306 λ.
908 5255 1126 5339 ἀφῆκεν.
1150 5249 1296 5339 ἡμᾶς
1315 5260 1342 5310 ὀ
1371 5258 1604 5339 Χριστὸς
1631 5249 2075 5339 ἑῖνᾼαιἈιΒκα.-
2117 5262 2297 5339 ⁸ζάλλ“
2325 5249 2932 5339 ἀνάγκηοἰμώζοντας,⁸
2955 5265 3049 5318 καὶ
3090 5249 3210 5318 τίό.
3239 5264 3564 5335 βρύχοντας,

264 5323 357 5373 καὶ
379 5319 696 5388 δεδεμένους
723 5338 784 5375 π.
817 5341 870 5375 κ.
892 5319 1047 5393 χ.ἐίς
1077 5319 1251 5397 τὸτῆς
1280 5343 1334 5395 γ.
1364 5319 1790 5398 ἀποπέμπεσθαι
1825 5333 1873 5384 πὶ

1976 5335 2017 5384 ι.
2041 5332 2099 5386 Β.
2134 5333 2194 5387 C.
2224 5332 2330 5386 Pro
2361 5319 2597 5401 vul'ga'lis
2619 5319 2774 5387 .slain
2805 5319 2991 5388 vis».

320 5434 3495 5463 Mm

1753 5501 1994 5554 OMIAIA
2036 5500 2131 5553 II".

268 5561 409 5636 Τότε
446 5561 683 5636 ἀνήχθη
719 5564 753 5617 ὁ
785 5563 1040 5636 Ἰησοῦςᾼ
1055 5567 1142 5630 εἰς
1178 5565 1295 5633 τὴν
1331 5566 1556 5636 ἔρημον
1585 5565 1706 5623 ὑπὸ
1747 5570 1851 5622 τοῦ

355 5633 724 5700 Πνεύματος,
746 5633 1144 5702 πειρασθῆναι
1172 5637 1290 5690 ὑπὸ
1323 5633 1762 5696 τοῦδιαόόλου.

336 5730 406 5778 α’.
440 5727 575 5779 Τότε
593 5738 606 5752 ⁶
639 5727 806 5791 πότε;
837 5728 992 5781 Μετὰ
1021 5729 1119 5799 τὴν
1141 5731 1233 5784 τοῦ
1265 5732 1404 5784 Πνεύ
1414 5751 1582 5802 ματος
1606 5733 1852 5790 κάθοδον.

273 5807 410 5885 μετά
437 5812 534 5877 τὴν
558 5809 743 5879 φωνὴν
766 5809 860 5880 τὴν
880 5810 1086 5866 ἀνωθεν
1112 5813 1420 5884 ἐνεχθεῖσαν
1442 5817 1537 5870 καὶ
1557 5817 1856 5885 λέγουσαν·

284 5884 476 5954 Οὗτός
499 5891 671 5944 ἐστιν
696 5895 730 5946 ό
767 5894 897 5960 Υἱός
924 5912 1042 5963 μου
1081 5899 1114 5951 ό
1148 5897 1476 5967 ἀγαπητὸς,
1506 5899 1576 5952 ἐν
1606 5893 1655 5966 ᾧ
1683 5899 1862 5968 ηὐδόο

347 5977 389 6011 ⁸⁸
419 5979 630 6049 ἐνάγειν
647 5984 713 6036 Α.

1963 5587 2144 5636 κησα.
2182 5569 2290 5621 Καὶ
2314 5568 2376 5621 τὸ
2395 5569 2458 5639 δὴ
2495 5570 2830 5639 θαυμαστὸν,
2862 5572 2944 5624 ὃτι
2976 5570 3082 5624 ὐπὸ
3111 5571 3205 5623 τοῦ
3239 5571 3564 5642 Πνεύματος

1961 5651 2056 5706 τοῦ
2085 5651 2241 5719 ἁγίου
2258 5669 2269 5681 ·
2289 5651 2449 5704 τοῦτο
2469 5654 2578 5723 γὰρ
2599 5655 2764 5706 αὐτὸν
2787 5655 3012 5721 ἀνάγειν
3038 5655 3079 5684 ¹¹¹
3115 5655 3351 5708 ἐνταῦθά
3373 5672 3562 5724 φησιν.

1979 5735 2199 5803 Ἐπειδὴ
2232 5735 2342 5804 γάρ
2374 5736 2554 5790 πάντα
2586 5737 2724 5807 πρὸς
2770 5735 3123 5790 διδασκαλίαν
3157 5738 3314 5808 ἡμῶν
3360 5738 3561 5807 ἐπρατ-

1967 5835 2026 5869 τε
2060 5819 2154 5870 καλ¹
2181 5819 2474 5888 ὑπέμενεν,
2497 5820 2751 5889 ἀνέχεται
2787 5823 2881 5874 καὶ
2911 5822 3008 5891 τῆς
3041 5823 3218 5874 ἐκεῖσε
3244 5822 3561 5889 ἀναγωγῆς,

1971 5901 2066 5953 καὶ
2099 5899 2200 5970 τῆς
2239 5901 2375 5971 πρὸς
2406 5901 2496 5954 τὸν
2516 5902 2763 5956 διάϐολον
2790 5903 2968 5973 πάλης
2989 5922 3000 5934 ο
3037 5903 3158 5976 ἵναὴ
3178 5903 3301 5977 168]
3331 5905 3560 5966 lnam
