4050 6422
257 351 366 410 2ης)

259 479 315 521 ιιι
341 467 610 538 malignus
634 465 722 520 ille
741 462 974 524 daemon,
995 475 1062 514 an
1084 458 1154 514 ab
1169 473 1228 513 se
1248 454 1562 512 discesseris
1580 450 1853 512 dubitans,

257 557 617 615 tentationum
643 556 1014 624 experimento
1038 553 1238 607 certior
1264 549 1374 613 ﬂat,
1407 558 1457 601 te
1489 549 1606 617 ipso
1638 560 1856 615 prorsus

255 647 452 701 relicto
482 645 831 706 abscessisse;
856 651 1050 711 quarto
1077 651 1136 695 ut
1159 640 1347 693 fortior
1376 648 1430 692 et
1458 642 1574 706 ipso
1604 637 1744 691 ferro
1767 650 1857 689 so-

257 736 420 790 lidior
460 735 538 789 sic
577 734 812 799 evadas;
841 734 1029 804 quinto
1054 743 1110 786 ut
1138 731 1374 786 thesauri
1404 730 1498 783 tibi
1527 728 1712 783 crediti
1738 742 1858 782 cer-

260 839 373 883 tum
407 827 607 882 habeas
635 835 1038 896 argumentum.
1085 823 1271 892 Neque
1298 822 1440 877 enim
1469 830 1521 876 te
1567 820 1854 875 invasisset

257 917 538 982 diabolus,
569 917 672 971 nisi
703 925 756 971 te
799 917 851 970 in
878 915 1082 985 majore
1114 914 1343 983 positum
1373 912 1581 966 honore
1607 911 1848 966 vidisset.

257 1009 376 1064 Hac
402 1009 470 1064 de
492 1022 652 1064 causa
677 1009 822 1064 enim
850 1007 919 1061 ab
957 1007 1116 1061 initio
1145 1006 1435 1060 iusurrexit
1458 1005 1518 1075 in
1548 1003 1812 1057 Adamum
1834 1043 1849 1066 ,

256 1101 387 1169 quia
414 1100 575 1154 multa
602 1098 751 1153 illum
774 1098 878 1153 frui
902 1097 1115 1152 videbat
1137 1095 1414 1164 dignitate.
1442 1094 1567 1148 Ideo
1586 1101 1642 1148 et
1664 1101 1850 1147 contra

257 1192 456 1246 Jobum
487 1192 657 1245 aciem
686 1190 967 1250 instruxit,
996 1189 1120 1259 quia
1163 1188 1313 1241 illum
1353 1196 1670 1240 coronatum
1703 1183 1851 1240 etab

257 1284 631 1337 universorum
667 1282 776 1336 Deo
814 1281 1143 1335 celebratum
1187 1278 1420 1332 videbat.
1458 1277 1524 1330 Et
1552 1292 1648 1330 cur
1680 1275 1845 1341 dicit,

261 1373 425 1425 Orate
449 1387 511 1426 ne
537 1372 733 1425 intretis
771 1372 825 1424 in
850 1371 1174 1423 tentationem
1204 1367 1416 1437 (Matth.
1446 1367 1538 1422 26.
1569 1369 1690 1434 41)?
1720 1367 1851 1421 Pro-

261 1473 448 1533 pterea
476 1461 661 1518 Jcsum
691 1477 798 1515 non
828 1461 968 1516 ultro
994 1470 1210 1516 euntem
1251 1459 1505 1523 exhibet,
1537 1459 1631 1514 sed
1677 1457 1850 1512 addu-

256 1564 408 1609 ctum
452 1553 748 1607 secundum
775 1553 1091 1609 (nconomiae
1120 1552 1379 1606 rationem
1423 1569 1437 1604 :
1468 1550 1811 1604 subindicans
1830 1591 1846 1615 ,

257 1661 371 1702 non
396 1643 740 1701 inslliendum
762 1659 904 1708 esse,
929 1642 1025 1699 sed
1047 1643 1095 1696 si
1126 1643 1472 1705 adducamur,
1498 1641 1707 1695 fortiter
1727 1656 1849 1696 esse

257 1734 531 1789 standum.
579 1735 643 1788 Et
685 1733 966 1788 considam
997 1747 1103 1800 quo
1147 1733 1295 1786 illum
1342 1732 1573 1803 Spiritus
1598 1730 1844 1794 duxerit;

256 1839 370 1878 non
399 1825 449 1877 in
482 1823 692 1888 urbem,
726 1838 824 1877 nec
864 1823 920 1878 in
947 1822 1144 1887 forum,
1184 1823 1280 1877 sed
1311 1823 1366 1876 in
1390 1823 1683 1877 desertum.
1713 1821 1847 1888 Quia

256 1915 404 1970 enim
436 1915 706 1968 diabolum
734 1915 909 1985 ipsum
936 1914 1151 1969 volebat
1177 1913 1394 1967 allicere
1419 1952 1435 1977 ,
1465 1926 1570 1966 non
1602 1927 1669 1966 ex
1705 1911 1848 1967 fame

257 2016 466 2061 tantum
490 2048 506 2069 ,
551 2007 644 2060 sed
671 2008 831 2060 etiam
857 2021 922 2060 ex
969 2005 1089 2060 loco
1112 2006 1453 2060 occasionem
1480 2003 1554 2056 illi
1599 2003 1842 2072 prwbnit.

253 2098 414 2154 Tunc
435 2099 578 2152 enim
605 2095 838 2151 maxime
862 2095 1104 2151 diabolus
1132 2097 1353 2166 ingruit,
1384 2110 1505 2149 cum
1535 2095 1677 2149 solos
1704 2093 1847 2148 videt

252 2205 322 2244 ac
368 2188 594 2243 seorsim
637 2198 880 2258 agentes.
924 2187 1012 2242 Sic
1038 2188 1316 2242 mulierem
1361 2187 1514 2240 initio
1556 2201 1846 2257 aggressus

251 2287 370 2342 est,
402 2279 571 2333 solam
614 2281 821 2343 adiens,
848 2278 1070 2332 absente
1100 2277 1236 2331 viro.
1277 2277 1411 2330 Cum
1448 2278 1590 2331 enim
1635 2277 1844 2346 aliquos

253 2369 416 2423 simul
460 2379 514 2423 et
559 2377 910 2438 congregatos
959 2369 1134 2433 videt,
1189 2383 1294 2420 non
1351 2367 1514 2421 audet
1568 2366 1840 2420 invadere.

251 2459 381 2513 Ideo
405 2466 616 2527 Oportet
638 2459 737 2512 hac
764 2459 993 2512 maxime
1019 2458 1086 2512 de
1109 2471 1266 2511 causa
1292 2457 1598 2527 frequenter
1621 2471 1846 2524 congre-

248 2550 405 2618 gari,
453 2563 521 2604 ne
563 2547 778 2603 diabolo
806 2557 962 2616 captu
1010 2547 1196 2602 faciles
1237 2547 1427 2602 simus.
1479 2546 1683 2601 Invenit
1713 2561 1842 2615 ergo

248 2641 401 2695 illum
446 2639 690 2696 diabolus
739 2641 792 2694 in
845 2640 1095 2704 deserto,
1139 2647 1196 2694 et
1240 2638 1293 2692 in
1340 2637 1627 2694 solitudine
1675 2636 1838 2690 invia.

247 2733 402 2800 Quod
427 2733 570 2786 enim
594 2733 712 2785 talis
737 2744 880 2787 esset
908 2729 1146 2784 solitudo
1165 2769 1178 2791 ,
1207 2730 1417 2784 Marcus
1459 2727 1725 2799 significat
1757 2728 1840 2780 his

245 2825 425 2879 verbis
457 2841 471 2878 :
501 2823 628 2876 Erat
656 2840 769 2877 cum
792 2824 959 2876 bestiis
984 2822 1172 2892 (Marc.
1196 2823 1246 2875 l.
1279 2823 1388 2890 15).
1417 2820 1695 2888 Perpende
1715 2834 1837 2872 cum

243 2924 442 2985 quanta
476 2915 682 2969 vafritie
711 2924 764 2969 et
814 2915 1050 2982 nequitia
1081 2912 1326 2976 accedat,
1359 2922 1414 2965 et
1443 2909 1587 2979 quod
1619 2918 1834 2977 tempus

242 3010 513 3063 observet.
539 3007 652 3062 Noo
676 3008 816 3062 enim
835 3008 1169 3076 jejunantem
1191 3006 1334 3070 adit,
1359 3004 1454 3060 sed
1474 3004 1797 3058 esurientem
1819 3019 1832 3054 :

244 3113 304 3155 ut
329 3102 506 3157 discas
529 3109 784 3170 quantum
816 3101 1013 3154 bonum
1059 3101 1128 3152 sit
1159 3099 1441 3167 jejunium,
1474 3107 1838 3165 quantumque

243 3195 314 3246 sit
345 3203 529 3245 contra
573 3191 842 3245 diabolum
876 3192 1075 3253 telum;
1105 3200 1162 3241 et
1198 3185 1342 3257 quod
1373 3197 1491 3255 post
1517 3187 1833 3254 baptismum

244 3302 354 3341 non
385 3284 624 3347 deliciis,
660 3299 766 3337 non
795 3283 1041 3337 ebrietati
1066 3322 1079 3343 ,
1110 3295 1215 3334 non
1249 3294 1448 3334 mensa:
1469 3318 1483 3340 ,
1513 3279 1604 3332 sed
1628 3277 1836 3346 jejunio

246 3393 412 3447 opera
444 3378 514 3430 sit
538 3375 736 3429 danda.
773 3375 1067 3443 Pr0pterea
1098 3372 1239 3427 enim
1287 3372 1374 3426 ille
1407 3357 1696 3440 jejunavit,
1730 3384 1834 3422 non

243 3468 386 3539 quod
433 3467 640 3537 jejunio
684 3481 819 3535 opus
876 3465 1126 3525 haberet,
1168 3463 1274 3518 ‘sed
1331 3471 1389 3518 ut
1441 3477 1539 3516 nos
1577 3460 1833 3515 erudiret.

243 3561 377 3627 Quia
405 3568 621 3628 peccata
641 3567 766 3612 ante
789 3557 1056 3610 lavacrum
1074 3557 1275 3610 ventris
1302 3554 1517 3623 crapula
1547 3553 1797 3606 intulerat
1821 3567 1834 3604 :

245 3650 700 3721 quemadmodum
730 3650 774 3704 si
803 3649 922 3720 quis
964 3659 1225 3718 mgrotum
1264 3647 1328 3700 ad
1373 3647 1656 3700 sanitatem
1685 3645 1754 3698 ab
1778 3659 1838 3698 se

246 3731 526 3797 reductum
551 3740 736 3810 jubeat
763 3755 867 3793 non
902 3740 988 3793 illa
1027 3738 1204 3792 facere
1236 3737 1376 3791 unde
1407 3736 1627 3789 morbus
1659 3735 1838 3787 illatus

246 3844 327 3888 est
353 3851 366 3887 :
395 3835 473 3887 sic
501 3845 556 3888 et
586 3833 676 3886 ille
709 3840 832 3901 post
861 3832 1128 3885 lavacrum
1159 3831 1365 3883 induxit
1386 3828 1674 3898 jejunium.
1703 3825 1836 3880 Nam

247 3939 298 3980 et
329 3925 590 3980 Adamnm
620 3923 1027 3994 intemperantia
1059 3922 1259 3975 ventris
1288 3936 1352 3975 ex
1382 3919 1628 3990 paradiso
1654 3917 1835 3985 ejecit,

248 4027 303 4074 et
321 4017 578 4074 diluvium
609 4024 848 4083 tempore
885 4013 1013 4068 Note
1044 4012 1286 4076 induxit,
1318 4019 1477 4080 atque
1508 4011 1559 4063 in
1591 4007 1839 4063 Sodomi-

249 4121 330 4164 tas
362 4109 578 4162 fulmiua
615 4108 854 4160 immisit.
886 4105 1104 4159 Etiamsi
1129 4105 1270 4157 enim
1301 4102 1582 4169 utrobique
1609 4097 1841 4152 fornica-

252 4201 411 4256 tionis
438 4202 642 4253 crimen
673 4205 788 4252 erat
807 4239 822 4262 ,
850 4205 1088 4250 attamen
1112 4194 1384 4261 utriusque
1411 4189 1656 4260 supplicii
1688 4187 1838 4242 radix

251 4293 376 4350 inde
423 4291 620 4361 prodiit
667 4289 855 4357 :quod
901 4296 956 4342 et
1001 4285 1248 4341 Ezechiel
1295 4284 1536 4338 indicans
1579 4280 1836 4335 dicebat:

260 4383 615 4438 Verumtamen
655 4383 750 4434 hoc
781 4388 886 4433 erat
917 4387 1176 4449 peccatum
1203 4376 1544 4430 Sodomorum
1564 4414 1578 4435 ,
1599 4372 1837 4440 quoniam

249 4476 304 4527 in
335 4472 568 4542 superbia
609 4482 654 4523 et
697 4471 751 4524 in
792 4470 1054 4522 saturitate
1093 4482 1316 4534 panum,
1345 4474 1391 4516 et
1431 4465 1485 4515 in
1527 4461 1840 4514 abundantia

251 4563 571 4620 lasciuiebant
597 4562 808 4634 (Ezecli.
836 4561 920 4616 l6.
944 4558 1059 4631 49).
1083 4559 1170 4612 Sic
1196 4565 1250 4611 et
1269 4555 1440 4611 Judaei
1455 4555 1682 4608 maxima
1714 4567 1835 4622 per-

252 4664 530 4725 petrarunt
575 4653 710 4708 mala
735 4691 752 4716 ,
796 4651 866 4705 ab
906 4650 1165 4705 ebrietate
1184 4656 1236 4702 et
1263 4646 1502 4702 ciborum
1529 4644 1733 4700 deliciis
1783 4643 1839 4697 in

250 4747 586 4815 iniquitatem
617 4744 995 4814 impiugentes.

323 4836 380 4891 2.
426 4835 550 4889 ldeo
575 4845 631 4889 et
659 4836 772 4904 ipse
792 4834 1000 4903 jejunat
1033 4829 1378 4903 quadraginta
1409 4828 1618 4892 diebus,
1651 4826 1838 4881 salutis

250 4928 410 4984 nobis
438 4927 676 4982 rcmed‘a
725 4925 1016 4981 ostendens
1038 4965 1054 4990 ,
1080 4939 1256 4991 neque
1302 4923 1527 4975 ulterius
1555 4919 1795 4989 procedit
1818 4959 1835 4984 ,

248 5038 318 5083 ne
362 5020 433 5075 ob
475 5031 755 5074 excessum
819 5015 1090 5080 miraculi,
1137 5013 1451 5069 oeconomiae
1491 5012 1685 5065 veritas
1729 5025 1836 5064 non

246 5112 584 5171 crederetur.
613 5107 768 5164 Nunc
793 5107 933 5160 enim
963 5106 1181 5159 minime
1209 5102 1338 5157 illud
1363 5102 1673 5163 timendum,
1699 5115 1837 5169 quo-

251 5207 394 5260 niam
426 5201 635 5271 Moyses
660 5208 715 5253 et
730 5197 887 5251 Elias
922 5196 1018 5249 Dei
1045 5194 1276 5263 potentia
1304 5192 1455 5257 fulti,
1485 5191 1548 5244 ad
1582 5191 1724 5244 illam
1753 5189 1836 5257 je-

246 5296 382 5368 junii
422 5293 826 5350 diuturnitatem
850 5288 1150 5358 pertingere
1200 5275 1503 5368 potuerunt.
1554 5282 1610 5337 Si
1659 5291 1835 5335 autem

249 5388 477 5444 ulterius
508 5395 821 5453 progressus
848 5379 1052 5442 fuisset,
1087 5377 1209 5432 hinc
1240 5376 1481 5445 plurimis
1511 5373 1838 5428 incredibilis

250 5481 364 5533 visa
395 5470 585 5531 fuisset
608 5473 787 5528 carnis
807 5470 1122 5538 assumptio.
1158 5467 1214 5520 2.
1246 5466 1372 5521 Cum
1401 5466 1682 5536 jejunasset
1706 5477 1834 5532 ergo

248 5559 588 5639 quadraginta
615 5563 791 5617 diebus
816 5571 860 5614 et
889 5559 1228 5628 quadraginta
1248 5557 1494 5618 noctibus,
1521 5565 1691 5624 postea
1717 5569 1837 5606 estt-

248 5657 336 5709 riit
369 5670 381 5709 :
412 5654 746 5709 occasionem
777 5649 1065 5706 accedendi
1093 5646 1306 5700 diabolo
1329 5645 1572 5714 przebcns
1595 5685 1607 5706 ,
1635 5653 1691 5697 ut
1717 5657 1839 5697 con-

250 5760 466 5818 gressus
512 5744 820 5802 ostenderet
848 5783 862 5808 ,
892 5738 1160 5811 quomodo
1180 5744 1451 5807 oporteret
1491 5749 1744 5806 superare
1774 5751 1836 5791 ac

1405 342 1467 397 IN
1507 327 1915 394 ΜᾹΤΤΙΙᾹΞΕΜ
1956 327 2183 387 llOMiL.
2217 333 2349 394 Xlll.

3463 347 3570 402 210

1966 453 2201 509 vincere.
2251 456 2342 511 Sic
2385 467 2441 512 et
2487 457 2707 513 athleta:
2767 453 3010 515 faciunt:
3045 475 3168 513 nam
3225 469 3285 514 ut
3322 459 3565 531 discipu-

1965 547 2044 601 los
2087 562 2214 602 suos
2260 547 2489 603 doceant
2511 549 2784 618 quomodo
2825 551 3042 603 vincere
3087 558 3377 620 oporteat,
3423 551 3564 604 ultro

1963 654 2083 692 cum
2126 640 2244 693 aliis
2287 641 2338 693 in
2387 641 2636 710 palmstra
2683 655 2743 694 se
2784 641 3152 710 complicant,
3200 643 3252 695 in
3301 640 3564 696 adversa-

1963 733 2165 787 riorum
2218 733 2541 802 corporibus
2591 734 2956 803 spectaculum
3023 732 3153 801 ipsis
3197 731 3561 794 exhibentes.

1963 836 2020 879 ut.
2071 826 2316 883 vincendi
2376 826 2594 880 modum
2666 826 2927 880 ediscant.
2986 826 3140 894 Quod
3202 835 3327 880 tunc
3387 825 3562 881 etiam

1963 917 2162 971 factum
2191 925 2288 971 est.
2315 915 2450 983 Quia
2495 918 2638 970 enim
2689 916 2966 970 diabolum
3011 916 3228 970 Volebat
3279 915 3345 969 ad
3385 927 3560 970 certa-

1961 1009 2394 1082 menattrahere,
2444 1007 2639 1062 famem
2668 1020 2852 1062 notam
2881 1009 2984 1076 ipsi
3009 1007 3160 1072 fecit,
3205 1008 3562 1063 accedentem

1963 1101 2205 1168 excepit,
2237 1111 2633 1169 exceptumque
2661 1100 2851 1164 semel,
2882 1101 2965 1154 bis
2992 1110 3047 1153 et
3069 1108 3170 1160 ter.
3222 1101 3394 1168 ipsum
3434 1114 3557 1153 cum

1961 1190 2215 1244 faetlitate
2262 1189 2359 1244 sibi
2389 1200 2729 1265 competente
2757 1191 3060 1257 prostravit.
3088 1189 3193 1244 Sed
3241 1205 3310 1243 nc
3353 1189 3450 1241 has
3481 1190 3562 1241 vi-

1957 1283 2158 1335 ctorias
2202 1290 2677 1348 praetercurrcntes
2697 1323 2711 1345 ,
2744 1281 2955 1334 utilitati
3006 1289 3200 1335 vestra:
3229 1278 3431 1349 aliquid
3460 1279 3558 1333 de-

1961 1373 2255 1436 trahamus,
2285 1387 2313 1425 a
2345 1372 2517 1441 primo
2560 1387 2853 1442 congressu
2879 1372 2988 1425 orsi
3015 1411 3031 1436 ,
3086 1370 3330 1441 singulos
3357 1369 3558 1426 deinde

1943 1474 2207 1518 «accurate
2229 1464 2591 1533 exploremus.
2618 1463 2881 1531 Quoniam
2908 1464 3117 1528 esuriit,
3153 1463 3262 1518 ait:
3302 1463 3358 1519 3.
3400 1463 3556 1516 Acce-

1958 1556 2081 1608 dens
2107 1565 2327 1609 tentator
2353 1555 2480 1607 dixit
2507 1556 2554 1605 ei
2572 1571 2590 1608 :
2632 1553 2693 1608 Si
2725 1553 2893 1606 Filius
2919 1552 3018 1606 Dei
3042 1569 3125 1614 es,
3155 1551 3239 1604 dic
3280 1562 3334 1605 ut
3356 1552 3559 1622 lapides

1953 1649 2039 1702 isti
2062 1664 2216 1716 panes
2237 1648 2383 1715 ﬁant.
2429 1647 2560 1712 Quia
2605 1647 2750 1699 enim
2793 1645 3037 1700 audierat
3065 1660 3252 1700 vocem
3309 1646 3379 1700 de
3417 1645 3554 1698 Ctelo

1954 1739 2256 1793 dicentem:
2292 1737 2390 1791 Hic
2415 1747 2486 1791 est
2517 1736 2682 1789 Filius
2699 1753 2840 1790 metu
2857 1738 3071 1790 dilectus
3095 1737 3307 1807 (Matth.
3333 1739 3385 1792 5.
3407 1739 3498 1806 i7)
3531 1753 3553 1802 ;

1953 1827 2197 1881 audierat
2230 1828 2353 1880 item
2383 1827 2648 1880 Joannem
2680 1835 2824 1879 tanta
2854 1825 2924 1880 de
2960 1827 3076 1894 ipso
3125 1825 3545 1894 testificantem;

1951 1917 2252 1987 deindeque
2277 1916 2410 1970 vidit
2461 1917 2609 1970 illum
2656 1917 3021 1971 esurientem:
3053 1915 3291 1970 incertus
3333 1916 3553 1971 demum

1952 2020 2102 2073 erat;
2131 2023 2302 2078 neque
2332 2008 2475 2062 enim
2503 2007 2676 2076 ipsum
2706 2007 2978 2060 hominem
3031 2020 3154 2060 esse
3211 2020 3400 2074 purum
3424 2020 3548 2060 cre-

1951 2101 2080 2154 dere
2107 2109 2338 2168 poterat,
2386 2098 2457 2152 ob
2477 2113 2540 2151 ea
2562 2113 2680 2165 qua:
2708 2097 2776 2150 de
2798 2095 2893 2150 illo
2920 2096 3063 2149 dicta
3098 2096 3344 2161 fuerant,
3371 2109 3550 2164 neque

1951 2207 2073 2246 eum
2092 2191 2284 2245 Fiiium
2312 2191 2404 2244 Dei
2433 2189 2737 2253 admittere,
2758 2187 2898 2256 quod
2919 2187 3123 2241 videret
3145 2187 3294 2240 illum
3316 2187 3547 2241 esurire.

1950 2282 2288 2351 Quapropter
2339 2279 2531 2336 dubius
2571 2277 2758 2342 animi,
2799 2277 2994 2330 dubias
3017 2278 3214 2330 emittit
3245 2291 3424 2330 voces.
3468 2277 3549 2331 Ac

1950 2371 2400 2441 quemadmodum
2431 2369 2640 2422 Adamo
2667 2371 2718 2421 in
2744 2368 3010 2436 principio
3034 2369 3248 2422 obviam
3282 2369 3505 2424 veniens
3527 2409 3544 2435 ,

1950 2478 2071 2533 qua;
2101 2477 2207 2518 non
2239 2471 2396 2517 erant
2421 2461 2591 2530 fingit,
2625 2469 2679 2512 ut
2700 2475 2820 2530 qum
2849 2467 3005 2512 erant
3038 2459 3337 2513 edisceret:
3371 2459 3444 2514 ita
3489 2468 3548 2514 et

1949 2569 2106 2620 nunc,
2127 2570 2248 2608 cum
2289 2569 2392 2605 non
2411 2552 2554 2606 clare
2575 2545 2924 2618 cognosceret
2949 2563 3203 2603 arcanum
3226 2548 3548 2603 meonomite

1949 2647 2287 2717 mysterium,
2323 2659 2420 2697 nec
2447 2644 2568 2711 quis
2611 2649 2756 2695 esset
2810 2642 2897 2694 ille
2929 2649 3058 2694 tunc
3112 2653 3351 2708 prmsens
3376 2680 3390 2703 ,
3439 2640 3544 2694 alia

1951 2745 2166 2791 nectere
2193 2736 2326 2788 retia
2358 2734 2597 2793 molitur,
2623 2734 2776 2800 queis
2803 2730 3040 2800 putabat,
3067 2730 3118 2784 id
3148 2731 3289 2799 quod
3317 2731 3548 2785 abscon-

1947 2827 2117 2879 ditum
2150 2824 2547 2891 obscurumque
2577 2831 2714 2875 .erat
2753 2836 2810 2874 se
2841 2821 3048 2874 discere
3097 2835 3276 2889 posse.
3336 2820 3543 2887 Ecquid

1947 2917 2059 2970 ait?
2090 2916 2150 2970 Si
2181 2915 2230 2968 F
2234 2918 2355 2970 ilius
2391 2915 2488 2967 Dei
2510 2914 2684 2978 es,dic
2719 2923 2773 2965 ut
2813 2913 3010 2982 lapides
3046 2914 3130 2965 isti
3183 2929 3366 2976 panes,
3389 2914 3538 2981 fiunt.

1944 3007 2059 3060 Non
2087 3006 2241 3069 dixit,
2265 3003 2526 3071 Quoniam
2554 3002 2762 3064 esuris;
2786 3001 2904 3064 sed,
2935 3000 2998 3054 Si
3018 3000 3188 3053 Filius
3208 3000 3304 3053 Dei
3333 3017 3421 3055 es:
3447 3016 3546 3070 pu-

1949 3106 2067 3148 tans
2094 3111 2152 3149 se
2181 3109 2341 3163 posse
2365 3094 2512 3146 illum
2539 3092 2812 3160 pellicere.
2860 3089 2987 3143 ideo
3010 3090 3206 3146 famem
3234 3091 3423 3156 tacuit,
3471 3108 3543 3146 ne

1942 3187 2215 3241 videretur
2245 3184 2370 3238 illud
2405 3184 2502 3251 ipsi
2530 3184 2769 3251 proferre
2791 3191 2846 3235 ut
2872 3181 3242 3251 exprobraret.
3265 3180 3398 3235 Cum
3430 3197 3542 3236 non

1945 3285 2128 3330 nosset
2166 3276 2310 3329 enim
2367 3289 2546 3327 rerum
2594 3289 2715 3340 qua:
2744 3272 3196 3340 dispensabantur
3218 3273 3546 3339 magnitudi-

1945 3385 2088 3430 nem,
2123 3367 2174 3420 id
2198 3367 2270 3420 illi
2305 3366 2501 3435 probro
2525 3363 2637 3418 fore
2666 3363 2884 3432 putabat
2915 3371 3281 3433 :quapropter
3314 3362 3543 3416 adulan-

1946 3463 2014 3514 tis
2041 3475 2191 3515 more
2220 3459 2448 3512 subdole
2487 3456 2802 3526 dignitatem
2861 3456 2980 3522 ejus
3029 3454 3198 3508 solam
3251 3463 3538 3509 memorat.

1944 3553 2081 3621 Quid
2129 3552 2286 3620 igitur
2309 3548 2593 3604 Christus?
2613 3547 2834 3601 Fastum
2850 3545 2966 3615 ejus
2988 3545 3293 3614 deprimens
3314 3586 3328 3607 ,
3359 3554 3544 3600 osten-

1945 3646 2184 3714 densque
2212 3659 2310 3697 nec
2335 3641 2654 3710 probrosum
2687 3637 2741 3692 id
2774 3652 2896 3691 esse
2930 3636 3071 3706 quod
3104 3635 3406 3698 acciderat,
3441 3651 3541 3690 nec

1951 3735 2212 3806 sapientia
2243 3748 2338 3786 sua
2369 3731 2668 3798 indignum,
2694 3728 2838 3797 quod
2862 3727 2949 3780 ille
2972 3725 3243 3780 adulando
3263 3734 3540 3791 tacuerat,

1948 3828 2050 3881 hoc
2076 3827 2128 3880 in
2155 3824 2389 3879 medium
2415 3821 2621 3892 profert
2646 3834 2708 3872 ac
2738 3818 2901 3872 dicit:
2935 3819 2990 3871 4.
3021 3816 3141 3870 Νοη
3167 3817 3220 3869 in
3251 3817 3361 3871 solo
3409 3832 3543 3886 pano

1947 3922 2072 3974 vivet
2093 3919 2263 3972 homo.
2312 3915 2402 3970 Sie
2426 3930 2454 3965 a
2484 3912 2804 3965 necessitate
2835 3909 3037 3962 ventris
3067 3907 3271 3976 incipit.
3299 3906 3380 3960 Tu
3410 3921 3544 3960 vero

1946 4009 2077 4062 mihi
2106 4003 2323 4073 maligni
2351 4000 2614 4055 dzemonis
2635 3999 2924 4053 versutiam
2969 3997 3239 4065 perpende
3265 4038 3279 4062 ,
3311 4006 3364 4051 et
3395 3997 3544 4050 unde

1947 4111 2223 4157 certamen
2255 4094 2492 4162 incipiat,
2546 4100 2599 4144 et
2623 4089 2891 4159 quomodo
2921 4103 3031 4142 suae
3063 4102 3167 4140 non
3194 4087 3546 4142 obliviscatur

1948 4192 2100 4245 artis.
2128 4188 2208 4242 Ab
2237 4187 2302 4239 iis
2323 4185 2468 4238 enim
2493 4181 2646 4251 queis
2678 4179 2906 4247 primum
2939 4178 3213 4230 hominem
3235 4175 3541 4245 dejecerat,

1947 4300 2011 4340 ac
2037 4281 2303 4338 sexcentis
2329 4279 2483 4331 malis
2513 4270 2939 4329 circumdederat
2964 4270 3003 4334 ⁸,
3040 4269 3108 4322 ab
3136 4268 3324 4322 iisdem
3354 4267 3545 4322 dolui»

1948 4375 2134 4437 nectit,
2164 4372 2230 4426 de
2257 4368 2458 4423 ventris
2485 4363 2889 4432 intemperantia
2920 4361 3130 4427 loquor.
3156 4358 3350 4412 Multos
3376 4357 3546 4412 etiam

1957 4481 2099 4522 mmc
2128 4464 2319 4517 stultos
2343 4458 2530 4513 audire
2555 4467 2655 4518 est,
2689 4455 2775 4523 qui
2799 4453 2979 4505 dicunt
3003 4457 3255 4504 sexcenta
3280 4463 3373 4517 per
3403 4462 3541 4501 vcn-

1956 4569 2089 4613 trcm
2117 4555 2256 4609 mala
2283 4551 2424 4604 illata
2447 4561 2589 4601 esse.
2619 4546 2687 4598 At
2708 4543 2954 4596 Christus
3005 4537 3298 4592 ostendens
3345 4540 3546 4591 virtute

1949 4648 2232 4718 praeditum
2259 4656 2362 4695 non
2387 4653 2546 4708 posse
2573 4631 2971 4704 hactyranuide
3006 4628 3253 4697 compelli
3300 4627 3365 4682 ad
3397 4641 3548 4697 qua"-

1951 4743 2076 4795 dam
2126 4743 2312 4789 contra
2340 4731 2590 4785 decorem
2622 4723 2970 4784 admittenda,
2999 4731 3051 4774 et
3077 4720 3269 4783 esurit,
3293 4727 3345 4772 et
3368 4718 3547 4787 jussui

1951 4845 2054 4884 non
2084 4834 2252 4896 paret,
2276 4825 2476 4878 docens
2509 4822 2560 4873 in
2606 4819 2753 4872 nullo
2769 4814 2993 4884 obsequi
3022 4812 3234 4866 diabolo
3257 4825 3354 4864 nos
3383 4823 3547 4879 opor-

1951 4933 2082 4977 tere.
2114 4921 2247 4987 Quia
2269 4916 2414 4971 enim
2441 4913 2644 4982 primus
2671 4909 2832 4962 homo
2861 4905 2963 4959 hoc
2990 4912 3143 4972 pacto
3175 4901 3340 4955 Deum
3369 4897 3543 4952 offen-

1949 5015 2104 5068 derat
2133 5011 2305 5080 lcgcm
2352 5013 2738 5072 transgressus,
2787 5013 2849 5052 ex
2882 4992 3177 5050 abundanti
3234 5001 3290 5046 te
3337 4989 3499 5044 docet
3527 5030 3546 5054 ,

1951 5106 2159 5161 etiamsi
2185 5101 2260 5167 id,
2283 5098 2423 5171 quod
2450 5097 2540 5151 ille
2560 5095 2732 5163 jubet,
2757 5089 3115 5158 transgressio
3141 5101 3245 5140 non
3272 5085 3362 5149 sit,
3387 5098 3454 5136 ne
3470 5083 3537 5135 sit

1953 5199 2113 5253 etiam
2145 5190 2624 5262 obtemperandum
2647 5199 2788 5238 esse.
2825 5179 3029 5250 Ecquid
3061 5178 3549 5246 transgressionem

1951 5288 2116 5344 dico?
2141 5285 2256 5340 Etsi
2276 5281 2401 5352 quid
2431 5278 2560 5332 utile
2588 5276 2767 5328 dicant
2791 5270 3097 5332 daemones,
3131 5267 3338 5334 inquit,
3373 5279 3438 5316 ne
3469 5263 3547 5315 sic

1950 5396 2162 5452 quoque
2193 5377 2296 5429 illis
2321 5371 2586 5427 attendas.
2640 5366 2730 5420 Sic
2779 5363 2920 5418 enim
2955 5362 3044 5414 ille
3076 5359 3362 5452 da‘monas
3402 5354 3550 5422 loqui

1950 5446 2138 5531 vetuit.
2172 5465 2530 5539 praedicantes
2558 5460 2732 5527 ipsum
2757 5469 2879 5508 esse
2928 5453 3022 5508 Dei
3061 5451 3252 5505 Filium
3298 5446 3460 5510 (Luc.
3494 5446 3550 5498 Α.

1951 5565 2074 5633 55).
2134 5537 2334 5614 Paulus
2382 5554 2508 5607 item
2557 5550 2787 5616 idipsum
2860 5545 3157 5600 clamantes
3213 5537 3547 5606 increpavit,

2014 5739 2030 5770 ί
2053 5745 2198 5792 Unus,
2211 5738 2258 5782 et
2288 5731 2534 5780 scatentes
2558 5719 2677 5772 alios
2697 5712 2958 5767 inmuncris
2981 5710 3118 5760 titulis
3144 5703 3549 5760 circumdederat.
