4050 6422
559 357 654 414 2H

554 466 763 526 etiamsi
800 463 872 526 id,
913 459 1055 533 quod
1107 455 1394 516 dicebant,
1446 450 1578 504 utile
1621 454 1803 510 esset;
1853 442 1948 497 sed
2003 441 2122 494 illos

555 560 725 631 magis
785 555 1052 624 magisque
1096 543 1431 612 deprimens,
1462 550 1753 604 eorumque
1781 542 1970 586 contra
2024 543 2124 583 nos

558 626 775 702 insidias
798 646 1101 698 obstruens.
1127 639 1286 693 etiam
1309 649 1430 689 cum
1458 629 1705 686 salutaria
1727 626 1969 694 dogmata
1992 636 2128 691 prae-

559 740 821 799 dicarent,
847 731 1214 803 prepnlsabat,
1241 740 1426 781 eorum
1455 721 1732 773 ohstruens
1759 730 1872 779 ora,
1894 714 2129 803 ipsisque

559 825 832 879 silentium
851 801 1133 889 imperans
1163 818 1294 886 (Act.
1324 813 1411 867 16.
1441 809 1551 876 l8).
1581 807 1782 861 Idcirco
1829 818 1998 873 neque
2044 801 2130 854 hic

561 915 804 969 Christus
843 911 996 965 dictis
1036 905 1261 960 annuit:
1301 901 1392 955 sed
1416 899 1542 968 quid
1590 895 1745 949 ait'?
1777 893 1897 947 Non
1940 894 1992 944 in
2022 891 2131 945 solo

564 1021 693 1074 pane
719 1004 844 1057 vivet
878 1000 1044 1051 homo.
1067 993 1216 1059 Quod
1239 1006 1368 1044 vero
1383 989 1528 1050 dicit,
1558 983 1855 1054 huiusmodi
1884 991 1995 1035 est:
2029 980 2132 1034 Po-

565 1069 826 1148 testDens
849 1089 1009 1142 etiam
1054 1083 1220 1138 verbo
1249 1079 1574 1135 esurientem
1624 1074 1787 1136 alere,
1835 1085 1901 1124 ex
1953 1069 2132 1122 Veteri

565 1185 842 1253 Scriptura
874 1176 1236 1232 testimonium
1277 1172 1526 1230 aﬂ'erens,
1554 1181 1618 1220 ac
1651 1165 1873 1228 docens,
1896 1161 2136 1230 quamvis

571 1277 888 1336 esuriamus,
922 1268 1165 1340 quamvis
1190 1263 1332 1318 aliud
1359 1260 1630 1331 quidpiam
1661 1255 1955 1326 patiamur,
1981 1266 2136 1304 num-

566 1381 722 1436 quam
751 1379 780 1416 a
811 1361 1034 1414 Domino
1058 1352 1578 1409 absistendumesse.

639 1457 692 1509 5.
723 1450 875 1518 Quod
915 1448 959 1503 si
1003 1448 1120 1516 quis
1143 1442 1370 1505 dixerit,
1415 1439 1575 1494 Certe
1615 1430 1964 1503 oportebatid
1989 1428 2138 1485 exhi-

560 1546 730 1600 bere:
759 1537 1096 1609 respondebo
1132 1533 1230 1603 ipsi
1253 1531 1421 1595 ,Cur,
1467 1537 1524 1583 et
1548 1540 1648 1595 qua
1672 1523 1741 1577 de
1773 1523 1976 1577 causa?
2025 1518 2139 1573 Non

569 1637 735 1698 enim,
778 1642 835 1685 ut
859 1629 1120 1691 crederet,
1163 1622 1213 1677 id
1260 1622 1349 1675 ille
1377 1617 1623 1679 dicebat;
1671 1612 1764 1668 sed
1793 1620 1851 1665 ut
1879 1619 2139 1679 quantum

571 1724 920 1794 opinabatur,
993 1718 1061 1772 de
1123 1709 1493 1770 incredulitate
1550 1707 1720 1774 ipsum
1777 1701 2139 1756 convinceret.

573 1787 1010 1880 Quandoquidem
1054 1805 1255 1874 primos
1275 1800 1520 1855 homines
1548 1797 1626 1848 sic
1680 1791 1920 1859 decepit.
1962 1798 2017 1842 et
2053 1787 2144 1840 de-

575 1901 890 1961 monstravit
915 1900 1058 1967 ipsos
1081 1910 1188 1948 non
1217 1892 1440 1946 multum
1461 1888 1572 1941 Deo
1599 1883 1839 1938 credere.
1859 1880 1992 1934 Nam
2021 1894 2148 1931 con-

578 1989 732 2050 traria
765 1994 829 2046 iis
853 2006 972 2061 qua:
1004 1989 1143 2042 Deus
1178 1985 1385 2039 dixerat
1403 1982 1518 2048 ipse
1549 1976 1852 2046 pollicitus,
1882 1972 2026 2024 inani
2049 1984 2142 2023 eos

577 2099 672 2152 spe
701 2059 912 2142 innans,
945 2086 1104 2144 atque
1147 2075 1198 2127 in
1227 2068 1651 2125 incredulitatem
1696 2063 1985 2128 conjiciens
2011 2099 2025 2122 ,
2070 2059 2148 2111 sic

576 2148 734 2226 etiam
761 2186 824 2223 ex
862 2169 927 2221 iis
957 2179 1074 2236 qua:
1103 2160 1448 2233 possidebant
1494 2155 1647 2209 bonis
1676 2152 1894 2220 dejecit.
1951 2148 2143 2202 Verum

577 2260 819 2315 Christus
848 2272 968 2311 sese
993 2259 1271 2315 monstrat,
1295 2261 1466 2314 neque
1497 2243 1727 2304 diabolo,
1758 2255 1927 2308 neque
1945 2236 2148 2291 Judmis

576 2351 763 2404 eadem
793 2363 910 2414 qua:
931 2343 1169 2397 diabolus
1185 2336 1534 2394 sentientibus
1559 2333 2034 2398 obtemperantem,
2056 2341 2151 2378 nos

581 2439 776 2507 ubique
803 2437 1023 2495 docens,
1057 2428 1265 2484 etiamsi
1286 2425 1552 2497 possimus
1577 2420 1772 2488 aliquid
1801 2418 2033 2486 operari,
2068 2415 2151 2467 ni-

583 2527 658 2581 hil
685 2505 858 2580 tamen
891 2531 1093 2576 temere
1117 2527 1171 2571 et
1192 2518 1307 2570 sine
1332 2520 1489 2567 causa
1512 2508 1815 2563 faciendum
1844 2521 1964 2559 esse
1989 2546 2002 2567 ,
2046 2505 2152 2556 imo

584 2630 686 2671 nec
709 2615 751 2668 si
777 2610 1062 2667 necessitas
1087 2609 1266 2668 instet,
1283 2601 1493 2657 diabolo
1514 2613 1633 2653 esse
1654 2593 2149 2663 obtemperantium.

583 2705 719 2774 Quid
745 2705 916 2772 agitur
943 2695 1305 2754 essecrandus
1332 2694 1421 2747 ille
1436 2693 1609 2744 victus
1637 2688 1760 2742 fecit
1785 2689 1808 2740 ’ἒ
1864 2687 2148 2752 Postquam

582 2797 809 2851 suadere
836 2809 941 2847 non
971 2795 1223 2861 potuerat
1249 2793 1306 2839 ut
1329 2785 1534 2851 jussum
1561 2786 1963 2847 exsequeretur,
1995 2777 2153 2827 etiam

588 2899 731 2941 tanta
759 2887 988 2938 instante
1011 2882 1176 2942 fame,
1209 2877 1279 2931 ad
1304 2873 1445 2929 aliud
1470 2868 1945 2941 proceditdicens:
1995 2865 2047 2919 6.
2096 2865 2155 2917 Si

586 2977 636 3031 F
638 2978 754 3030 ilius
781 2974 875 3028 Dei
903 2990 974 3038 es,
1003 2974 1143 3024 mitte
1172 2978 1219 3022 te
1252 2968 1504 3021 deorsum.
1557 2962 1816 3029 Scriptum
1861 2969 1934 3011 est
1977 2957 2107 3009 enim
2134 2971 2151 3007 :

591 3064 838 3132 Quoniam
881 3059 1072 3129 angelis
1119 3057 1224 3110 suis
1265 3051 1522 3106 mandavit
1573 3050 1636 3100 de
1664 3058 1740 3110 te,
1771 3056 1815 3098 et
1844 3048 1897 3097 in
1925 3045 2156 3096 manibus

589 3154 760 3207 tollent
781 3161 827 3205 te
863 3149 1024 3219 (Psal.
1054 3145 1281 3211 90.“).
1333 3142 1441 3196 Cur
1497 3138 1722 3206 singulis
1770 3134 2152 3190 tentationibus

594 3243 698 3294 hoc
720 3238 1016 3311 praemittit,
1042 3235 1101 3289 Si
1135 3234 1298 3287 Filius
1330 3231 1423 3283 Dei
1447 3229 1541 3281 es?
1587 3227 1737 3292 Quod
1767 3226 1874 3294 jam
1903 3227 2049 3292 prius
2078 3224 2156 3277 fe-

589 3340 754 3395 cerat,
775 3329 826 3383 id
852 3336 906 3381 et
924 3340 1062 3379 nunc
1089 3324 1232 3377 facit.
1259 3320 1408 3375 Sicut
1435 3319 1576 3372 enim
1597 3327 1722 3370 tunc
1757 3317 1868 3369 Deo
1898 3312 2154 3368 detrahe-

590 3419 682 3474 bat
707 3420 789 3473 his
816 3417 1008 3480 verbis,
1057 3414 1377 3481 Quacumque
1401 3410 1483 3462 die
1530 3406 1842 3460 comederitis
1864 3445 1878 3467 ,
1932 3406 2160 3472 aperien-

591 3521 676 3564 tur
722 3510 850 3562 oculi
892 3506 1036 3560 vestri
1078 3502 1232 3571 (Gen.
1259 3503 1312 3556 ὅ.
1343 3499 1449 3569 5);
1500 3498 1583 3552 his
1640 3495 1925 3550 ostendere
1977 3494 2160 3546 volens

591 3603 736 3668 ipsos
779 3598 1028 3667 deceptos
1059 3610 1120 3649 ac
1143 3593 1360 3647 delusos
1405 3590 1599 3649 fuisse,
1643 3586 1878 3652 nihilque
1919 3583 2160 3638 beneficii

591 3691 896 3760 accepisse:
927 3690 996 3740 ita
1051 3695 1104 3739 et
1131 3684 1217 3736 hic
1251 3681 1480 3750 idipsum
1524 3676 1864 3730 subindicans
1905 3673 1977 3725 ait
2024 3689 2037 3724 :
2089 3671 2165 3725 'l‘e

592 3780 787 3834 frustra
817 3778 982 3831 filium
1009 3771 1257 3835 vocavit,
1289 3784 1352 3822 ac
1397 3768 1539 3820 dono
1570 3773 1619 3818 te
1650 3764 1832 3817 fefellit
1864 3783 1875 3816 :
1929 3770 2072 3814 certe
2119 3761 2163 3813 si

592 3883 702 3923 non
736 3868 806 3921 ita
835 3882 894 3921 se
920 3879 1007 3918 res
1028 3863 1240 3925 habeat,
1271 3856 1525 3913 ostendas
1559 3853 1715 3908 nobis
1742 3861 1956 3923 oportet
2005 3864 2055 3904 te
2082 3862 2162 3903 ta—

593 3960 700 4013 lem
748 3956 943 4009 habere
998 3960 1336 4021 potestatem.
1367 3943 1568 4000 Deinde
1597 3985 1611 4006 ,
1634 3943 1895 4011 quoniam
1917 3956 1983 3995 ex
2014 3941 2161 3994 Scri-

593 4050 764 4119 pturis
793 4048 960 4115 ipsum
997 4043 1300 4110 alloquutus‘
1319 4047 1464 4100 erat,
1494 4037 1608 4102 ipse
1637 4049 1847 4100 quoque
1898 4033 2167 4100 propheta:

597 4138 953 4194 testimonium
979 4134 1156 4187 aﬂ'ert.

668 4229 910 4284 Diabolus
929 4242 1015 4290 per
1041 4222 1330 4292 patientiam
1350 4226 1630 4287 superatur.
1646 4243 1718 4254 —-
1736 4213 1843 4269 Cur
1869 4228 1996 4282 ergo
2020 4213 2174 4266 Chr]-

599 4329 713 4373 stus
760 4330 860 4370 non
905 4313 1235 4380 indignatus,
1268 4325 1372 4361 non
1400 4314 1740 4372 exasperatus
1769 4312 1888 4366 est,
1922 4301 2013 4355 sed
2051 4318 2174 4355 cum

600 4403 1004 4463 mansuetudine
1035 4401 1194 4454 multa
1227 4409 1408 4451 rursus
1431 4411 1495 4448 ex
1536 4393 1823 4461 Scripturis
1852 4393 2022 4459 ipsum
2046 4391 2174 4443 allo-

602 4498 801 4567 quitur,
830 4495 1052 4546 dicens:
1077 4491 1128 4542 7.
1162 4488 1280 4540 Non
1309 4483 1516 4538 tentabis
1547 4482 1818 4535 Dominum
1845 4479 2005 4532 Deum
2035 4490 2173 4531 tuum

605 4586 780 4655 (Deut.
810 4585 862 4637 6.
888 4581 1012 4652 l6)?
1043 4580 1109 4634 Ut
1137 4594 1233 4630 nos
1266 4576 1476 4638 doceat,
1510 4589 1614 4626 non
1638 4587 1729 4640 per
1753 4572 1920 4639 signa,
1956 4570 2048 4623 sed
2083 4585 2176 4638 per

604 4675 911 4746 patientiam
942 4667 1299 4739 superandum
1326 4665 1596 4719 diabolum
1623 4677 1762 4720 esse,
1797 4661 2027 4729 nihilque
2053 4676 2172 4712 om-

605 4768 731 4821 n'ino
775 4764 840 4817 ad
871 4761 1275 4816 ostentationem
1306 4770 1426 4811 esse
1473 4752 1792 4808 faciendum.
1845 4750 1968 4818 Ejus
2017 4765 2176 4818 porro

606 4855 884 4909 stultitiam
914 4852 994 4906 vel
1016 4851 1083 4903 ab
1107 4864 1171 4903 eo
1200 4847 1337 4916 quod
1365 4845 1537 4897 attulit
1568 4841 1870 4897 testimonio
1887 4842 2171 4908 perpende.

605 4943 736 4998 Nam
763 4940 1056 4996 testimonia
1082 4954 1112 4991 a
1134 4937 1353 4990 Domino
1381 4934 1536 4986 allata
1569 4933 1726 4985 ambo
1758 4929 2039 4983 admodum
2082 4946 2180 4997 0p-

607 5041 832 5103 portune
853 5028 1082 5083 adhibita
1110 5036 1264 5089 sunt;
1289 5038 1405 5094 qua
1432 5033 1606 5077 autem
1633 5023 1700 5076 ab
1721 5021 1810 5074 illo
1835 5030 2175 5088 usurpantur,

607 5134 810 5178 temere
835 5131 888 5175 et
913 5121 1089 5188 inepte
1114 5116 1472 5184 proferuntur,
1503 5128 1598 5166 nec
1624 5112 1687 5164 ad
1714 5125 1827 5165 rem
1853 5111 2173 5179 propositam

607 5212 1009 5268 accommodata
1039 5217 1178 5262 sunt.
1204 5206 1386 5274 Neque
1411 5205 1550 5257 enim
1584 5201 1708 5256 illud
1731 5243 1746 5264 ,
1788 5201 2040 5269 Scriptum
2072 5208 2178 5265 est,

615 5301 819 5371 Angelis
843 5301 946 5352 suis
975 5297 1225 5350 mandauit
1269 5295 1331 5346 de
1377 5304 1443 5359 te,
1482 5293 1667 5345 suadet
1692 5305 1810 5343 sese
1856 5290 2177 5357 prmcipitern

611 5393 743 5446 dare
772 5407 788 5445 :
821 5391 1051 5458 alioquin
1074 5402 1202 5441 vero
1229 5401 1332 5439 non
1356 5384 1422 5438 de
1453 5383 1678 5437 Domino
1704 5381 1805 5434 hoc
1844 5381 2052 5433 dicitur.
2083 5383 2179 5432 At-

619 5495 795 5538 tamen
824 5482 924 5534 hoc
951 5481 1037 5533 ille
1080 5493 1185 5532 non
1211 5476 1421 5539 refellit,
1455 5473 1553 5527 etsi
1579 5471 1958 5526 contumeliose
2002 5469 2184 5522 diabo-

621 5575 705 5628 lus
729 5573 869 5626 dicto
894 5585 1018 5622 usus
1035 5568 1239 5631 fuisset,
1263 5565 1519 5633 valdeque
1540 5563 1805 5616 contrario
1822 5576 2000 5616 sensu.
2019 5560 2184 5614 Nemo

681 5685 699 5717 ⁸
735 5690 878 5741 Unus,
900 5681 985 5731 sed
1008 5679 1142 5730 illum
1163 5675 1352 5740 placide
1372 5672 1636 5736 redarguit,
1661 5672 1841 5721 dicens.

1282 341 1338 397 S.
1377 334 1657 394 JOANNIS
1692 325 2164 388 CllRYSOSTOMl
2203 321 2514 379 AliClllEP.
2565 314 3098 375 CONSTANTINOP.
3707 312 3798 368 21‘!

2235 436 2376 490 enim
2405 450 2436 490 a
2467 434 2602 489 Filio
2632 433 2726 488 Dei
2760 431 2863 485 hoc
2891 430 3054 499 petit,
3082 428 3174 484 sed
3194 426 3394 484 diaboli
3429 433 3486 482 et
3517 425 3801 482 daemonum

2232 527 2516 581 consilium
2532 534 2613 580 est
2631 539 2692 578 se
2716 522 2971 578 deorsum
3001 520 3211 574 mittere
3237 536 3250 573 :
3281 519 3376 574 Dei
3402 532 3556 584 vero,
3585 518 3805 587 iacentes

2233 621 2460 688 erigere.
2489 617 2620 672 Nam
2654 617 2697 670 si
2732 615 3020 684 potentiam
3047 611 3334 666 ostendere
3374 618 3680 678 oporteret,
3711 624 3804 665 non

2235 710 2467 775 seipsum
2499 705 2783 768 mittendo,
2803 703 2887 758 vel
2910 702 3310 772 praecipitando,
3330 701 3424 755 sed
3444 700 3584 755 alios
3608 715 3804 755 servan-

2235 801 2326 862 do,
2357 797 2408 853 id
2431 798 2662 852 fecisset.
2705 795 2951 866 Seipsnm
2977 796 3119 849 enim
3154 793 3204 846 in
3244 801 3518 861 praerupta
3543 801 3598 846 et
3638 792 3803 860 praei-

2237 890 2364 959 pitia
2407 889 2638 952 mittere,
2663 886 2732 940 ad
2760 885 2954 939 diaboli
2988 883 3305 953 phalangem
3335 885 3590 952 pertinet.
3615 882 3700 938 Sic
3729 883 3811 952 lgi-

2239 987 2326 1033 tur
2381 977 2471 1033 ille
2501 977 2750 1032 seductor
2777 976 2973 1042 ubique
3001 988 3162 1042 agere
3190 972 3342 1027 solet.
3378 973 3487 1027 Sed
3530 972 3615 1026 bis
3651 973 3808 1039 dictis,

2238 1070 2484 1124 Christus
2510 1082 2615 1122 non
2641 1081 2699 1121 se
2727 1077 2901 1118 tamen
2929 1064 3150 1128 revelat,
3178 1064 3270 1119 sed
3293 1065 3444 1134 quasi
3477 1065 3640 1118 homo
3667 1065 3711 1119 ei
3740 1066 3814 1119 in-

2244 1161 2395 1212 terim
2422 1159 2672 1227 loquitur.
2702 1157 2833 1210 Nam
2852 1156 2990 1224 quod
3018 1155 3170 1219 dixit,
3203 1153 3324 1208 Non
3348 1155 3400 1207 in
3419 1155 3534 1208 solo
3567 1156 3814 1224 panevivet

2243 1251 2412 1313 homo,
2443 1258 2601 1317 atque
2624 1248 2774 1311 illud,
2798 1247 2916 1300 Non
2941 1247 3150 1298 tentabis
3179 1245 3450 1297 Dominum
3477 1244 3643 1298 Drum
3669 1255 3813 1308 tuum,

2245 1355 2350 1392 non
2380 1353 2501 1393 sese
2526 1337 2812 1391 admodum
2867 1334 3252 1389 manifestantis
3296 1343 3434 1398 erat,
3474 1336 3572 1390 sed
3607 1350 3722 1389 sese
3759 1351 3816 1389 ex

2244 1437 2556 1481 cancrorum
2588 1426 2861 1479 hominum
2888 1439 3110 1479 numero
3137 1425 3482 1478 declarantis.
3515 1425 3596 1480 Ne
3625 1425 3818 1480 mireris

2246 1531 2407 1584 porro
2433 1517 2475 1570 si
2505 1516 2779 1570 Christum
2808 1516 3106 1584 alloquens,
3139 1529 3199 1569 se
3224 1515 3424 1568 circum
3456 1531 3606 1584 smpe
3642 1525 3817 1569 vertat.

2246 1606 2706 1674 Quemadmodum
2738 1606 2880 1659 enim
2912 1605 3138 1674 pugiles,
3183 1620 3305 1659 eum
3340 1605 3517 1661 letalia
3570 1607 3822 1675 accipiunt

2247 1697 2470 1751 vulnera
2495 1737 2509 1760 ,
2543 1697 2856 1765 sanguinem
2916 1697 3446 1762 circumemittentes,
3479 1708 3536 1751 et
3581 1700 3823 1767 vertigine

2249 1787 2388 1854 capti
2416 1785 2862 1839 circumferuntur
2891 1799 2906 1838 :
2939 1785 3016 1839 sic
3046 1795 3100 1839 et
3131 1785 3219 1838 ille
3259 1801 3288 1838 a
3319 1788 3488 1853 prima
3521 1798 3579 1841 et
3609 1788 3824 1841 secunda

2254 1877 2402 1945 plaga
2427 1875 2825 1940 obtenebratus,
2854 1889 2973 1942 qua:
3004 1875 3056 1926 in
3103 1886 3335 1927 mentem
3366 1876 3594 1930 veniunt
3641 1878 3826 1946 simpli-

2251 1972 2384 2024 citer
2414 1971 2650 2037 profert,
2678 1976 2731 2022 et
2765 1967 2832 2020 ad
2862 1968 3078 2021 tertium
3109 1981 3456 2036 congressum
3490 1969 3752 2038 procedit.
3778 1971 3824 2023 8.

2253 2059 2321 2112 Et
2336 2067 2593 2122 assumpto
2616 2074 2671 2109 eo
2698 2058 2748 2108 in
2774 2068 2991 2110 montem
3018 2058 3271 2110 excelsum
3296 2098 3310 2122 ,
3341 2059 3563 2111 ostendit
3605 2059 3649 2110 ei
3674 2059 3828 2110 omnia

2253 2166 2406 2218 regna
2428 2150 2442 2179 ¹
2465 2165 2478 2212 ;
2503 2148 2555 2201 9.
2581 2158 2627 2199 et
2644 2148 2773 2199 dixit
2802 2162 2818 2200 :
2840 2145 2966 2200 Haec
2989 2148 3159 2199 omnia
3186 2148 3272 2199 tibi
3292 2147 3423 2200 dabo
3449 2150 3490 2202 si
3514 2150 3700 2201 cadens
3719 2150 3829 2201 ado-

2253 2239 2439 2291 raveris
2468 2253 2563 2289 me.
2591 2237 2673 2290 lO.
2700 2236 2842 2288 Tunc
2864 2236 2985 2288 dicit
3016 2238 3058 2287 ei
3089 2253 3106 2289 :
3145 2235 3287 2289 Vade
3329 2247 3461 2304 retro
3503 2255 3604 2300 me,
3645 2249 3827 2289 satana.

2257 2330 2513 2394 Scriptum
2534 2339 2604 2380 est
2625 2329 2755 2379 enim
2779 2344 2798 2380 :
2825 2326 3098 2379 Dominum
3132 2326 3294 2379 Deum
3324 2339 3462 2380 tuum
3493 2330 3731 2383 adorabis
3749 2371 3763 2391 ,
3792 2339 3831 2380 et

2257 2421 2330 2472 illi
2360 2420 2453 2472 soli
2484 2419 2663 2489 servies
2686 2417 2861 2488 (Deut.
2881 2419 2933 2471 6.
2961 2419 3070 2486 15).
3098 2418 3228 2484 Quia
3259 2419 3400 2471 enim
3422 2421 3534 2486 jam
3557 2407 3613 2472 iri
3639 2419 3829 2473 Patrem

2258 2514 2426 2578 ipsum
2459 2519 2809 2578 peccaverat,
2862 2512 3038 2563 omnia
3066 2526 3186 2579 qua:
3231 2510 3372 2563 illius
3399 2521 3555 2564 erant
3595 2526 3689 2564 sua
3725 2526 3833 2566 esse

2256 2603 2459 2666 dicens,
2491 2609 2545 2655 et
2581 2615 2640 2655 se
2671 2600 2831 2654 deum
2862 2600 3097 2669 profiteri
3123 2601 3404 2665 studebat,
3437 2609 3495 2655 ut
3542 2612 3832 2655 creatorem

2259 2695 2515 2759 universi,
2551 2706 2675 2749 tunc
2723 2694 3056 2762 increpavit;
3114 2710 3286 2762 neque
3314 2709 3436 2748 cum
3479 2697 3830 2758 vehementia,

2259 2786 2350 2840 sed
2381 2785 2693 2854 simpliciter
2718 2800 2731 2836 :
2772 2783 2912 2836 Vade
2938 2794 3069 2837 retro
3097 2801 3192 2849 me,
3237 2795 3436 2838 satana.
3457 2786 3613 2851 Quod
3643 2787 3833 2854 jussum

2262 2876 2426 2944 magis
2467 2883 2620 2937 erat,
2675 2890 2834 2943 quam
2889 2875 3204 2942 increpatio.
3247 2874 3412 2929 Simul
3447 2877 3648 2946 quippe
3694 2877 3831 2938 dixit.

2270 2965 2428 3029 Vade,
2456 2974 2510 3020 et
2538 2965 2734 3034 fugavit
2760 2967 2925 3019 illum.
2950 2964 3131 3033 Neque
3146 2966 3287 3017 enim
3310 2966 3441 3018 alias
3469 2967 3570 3034 ipsi
3605 2969 3835 3021 tentatio-

2262 3070 2356 3108 nes
2386 3056 2593 3107 obtulit.

2330 3148 2381 3200 4.
2413 3146 2674 3211 Quomodo
2703 3146 2930 3199 Christus
2956 3162 3152 3199 omnem
3177 3149 3495 3201 tentationem
3526 3166 3835 3204 consumma-

2263 3239 2404 3290 verit.
2434 3237 2621 3289 Contra
2649 3235 2863 3288 habendi
2885 3237 3302 3305 rupiditatem.—-
3322 3239 3390 3292 Et
3413 3241 3719 3307 quomodo.
3764 3241 3835 3293 in-

2264 3327 2432 3395 quies,
2466 3321 2634 3380 Lucas
2660 3326 2754 3388 ait,
2785 3328 2954 3393 ipsum
2977 3342 3189 3381 omnem
3223 3330 3574 3384 tentationem
3605 3347 3838 3387 consum-

2266 3418 2495 3470 mavisse
2523 3415 2672 3483 (Luc.
2707 3416 2760 3469 4.
2792 3417 2926 3486 l5)?
2961 3416 3179 3471 Videtur
3221 3419 3352 3472 mihi
3383 3429 3440 3473 ut
3467 3424 3642 3488 capita
3685 3433 3838 3478 tenta-

2267 3509 2468 3562 tionum
2489 3507 2711 3570 diceret,
2729 3521 2916 3561 omnes
2942 3506 3161 3573 dixisse,
3185 3509 3333 3577 quasi
3357 3509 3477 3563 aliis
3499 3511 3604 3566 hoc
3633 3529 3841 3567 numero

2265 3598 2686 3667 comprehensis.
2713 3597 2845 3651 Nam
2871 3597 2981 3652 Ι)ωο
3005 3599 3162 3660 mala,
3184 3599 3459 3654 innumera
3487 3602 3592 3655 alia
3621 3604 3842 3670 comple-

2267 3699 2502 3754 ctuntur,
2525 3689 2696 3744 ventri
2719 3690 2941 3752 servire,
2966 3689 3032 3742 ad
3056 3703 3243 3743 vanam
3268 3692 3490 3759 gloriam
3519 3694 3648 3760 quid
3675 3710 3841 3763 agere,

2270 3781 2466 3833 furioso
2505 3779 2844 3847 pecuniarum
2888 3792 3071 3834 amore
3115 3780 3306 3833 teneri.
3356 3779 3507 3845 Quod
3535 3797 3661 3836 cum
3693 3784 3843 3838 sciret

2269 3871 2562 3925 sceleratus
2613 3869 2730 3934 ille,
2781 3869 3030 3924 omnibus
3072 3870 3441 3936 valentiorem,
3496 3874 3843 3929 insatiabilem

2271 3962 2497 4016 habendi
2524 3961 2893 4031 cupiditatem,
2916 3961 3154 4014 ultimam
3185 3964 3388 4031 posuit;
3423 3964 3471 4016 id
3496 3966 3610 4032 jam
3647 3976 3768 4020 ante
3800 3977 3845 4019 et

2270 4066 2300 4104 a
2331 4052 2589 4120 principio
2626 4052 2947 4120 parturiens,
2995 4050 3089 4103 sed
3133 4062 3460 4118 postremum
3491 4067 3737 4121 servans,
3770 4064 3845 4108 ut-

2276 4150 2396 4208 pote
2425 4140 2648 4193 validius
2682 4140 2913 4193 cmteris.
2961 4139 3085 4193 Haec
3109 4141 3307 4209 quippe
3352 4141 3518 4211 ipsius
3549 4146 3848 4198 certaminis

2275 4231 2356 4284 lex
2383 4239 2486 4295 est,
2532 4239 2588 4283 ut
2615 4245 2734 4299 quae
2755 4229 3002 4284 videntur
3036 4229 3101 4284 ad
3147 4232 3597 4300 supplantandum
3629 4238 3845 4306 aptiora,

2274 4332 2540 4390 postrema
2566 4321 2772 4374 aﬂ'erat.
2805 4321 2955 4385 Quod
2987 4322 3145 4375 etiam
3182 4322 3322 4376 circa
3353 4321 3544 4378 Jobum
3594 4325 3742 4382 fecit.
3770 4327 3820 4380 ld

2275 4410 2416 4463 circo
2443 4409 2528 4462 hic
2556 4425 2710 4464 orsus
2730 4411 2797 4464 ab
2825 4411 2887 4465 iis
2916 4427 3032 4480 qua:
3065 4411 3378 4467 videbantur
3399 4414 3699 4472 infirmiora
3717 4433 3846 4482 esse,

2277 4499 2342 4552 ad
2373 4500 2630 4553 valentius
2655 4500 2914 4569 procedit.
2963 4501 3243 4568 Quomodo
3287 4514 3464 4558 autem
3508 4506 3614 4562 hoc
3663 4511 3848 4564 malum

2278 4590 2491 4645 vincere
2519 4591 2762 4658 oportet?
2795 4591 2860 4644 Ut
2883 4591 3130 4646 Christus
3149 4592 3350 4658 docuit,
3377 4594 3442 4648 ad
3475 4595 3645 4652 Deum
3675 4600 3849 4654 confit.

2279 4681 2470 4749 giendo
2517 4696 2531 4732 :
2582 4682 2734 4735 itaut
2762 4697 2860 4736 nec
2906 4684 3043 4736 fame
3071 4683 3436 4751 concidamus,
3478 4689 3763 4747 credentes
3807 4694 3850 4746 ei

2279 4773 2366 4841 qui
2400 4780 2574 4841 potest
2603 4773 2758 4826 etiam
2789 4773 2950 4826 verbo
2973 4787 3210 4842 pascere,
3248 4790 3345 4829 nec
3379 4777 3429 4829 in
3453 4779 3609 4836 bonis
3637 4799 3755 4852 quae
3774 4798 3855 4837 θεοί

2281 4873 2544 4939 cepimus,
2568 4869 2804 4924 datorem
2831 4881 3117 4937 tentemus;
3151 4872 3246 4928 sed
3274 4888 3505 4944 superna
3534 4878 3706 4945 gloria
3733 4892 3849 4932 con-

2284 4962 2434 5024 tenti,
2469 4960 2711 5015 humanae
2733 4962 2929 5015 nullam
2963 4963 3250 5020 habeamus
3271 4967 3555 5031 rationem,
3588 4978 3642 5022 et
3672 4969 3850 5037 ubique

2282 5050 2423 5118 quod
2450 5051 2771 5118 superfluum
2791 5061 2893 5114 est,
2915 5053 3292 5120 despiciamus.
3316 5054 3455 5109 Nihil
3483 5057 3626 5110 enim
3651 5057 3720 5110 ita
3747 5057 3849 5110 dia-

2283 5141 2407 5194 bolo
2437 5140 2706 5194 subditum
2744 5141 2939 5206 reddit,
2971 5151 3025 5196 ut
3055 5144 3368 5198 insatiabilis
3397 5146 3628 5200 habendi
3657 5146 3850 5216 cupidi-

2288 5242 2387 5295 tas,
2423 5233 2741 5285 et‘avaritia.
2777 5233 2938 5302 quue
2964 5249 3027 5288 ex
3057 5235 3122 5288 iis
3147 5251 3263 5303 qua:
3294 5251 3436 5288 nunc
3459 5238 3714 5291 eveniunt
3745 5254 3851 5291 cer-

2286 5336 2416 5375 nere
2471 5329 2572 5374 est.
2615 5320 2750 5375 Sunt
2793 5323 2934 5376 enim
2983 5325 3074 5392 qui
3128 5324 3306 5378 dicant
3335 5340 3348 5380 :
3382 5324 3509 5379 lla‘c
3549 5329 3730 5381 omnia
3773 5327 3851 5380 tibi

2286 5410 2568 5480 dabimus,
2623 5412 2668 5466 si
2723 5413 2920 5466 cadens
2977 5413 3600 5469 adoraveriszhomines
3651 5417 3851 5486 quidem

2288 5511 2497 5564 natura,
2531 5502 2624 5556 sed
2667 5502 3019 5557 instrumenta
3050 5504 3243 5558 diaboli
3270 5504 3466 5560 effecti.
3503 5506 3634 5561 Nam
3663 5518 3719 5562 et
3744 5518 3855 5561 tunc

2351 5610 2367 5641 ί
2405 5617 2512 5678 post
2533 5611 2620 5679 has
2642 5624 2804 5663 voces.
2828 5613 2990 5664 onmia
3009 5625 3175 5676 regna,
3200 5614 3392 5675 quidam
3411 5615 3611 5678 addunt,
3634 5616 3800 5666 πωγωάὶ
3817 5624 3854 5665 et

2289 5669 2492 5732 gloriam
2511 5672 2638 5732 ejus.
