4050 6442
317 374 427 435 IIS

320 509 427 548 non
461 506 559 563 per
586 505 648 547 se
667 490 864 553 solum,
891 484 987 541 sed
1006 499 1101 555 per
1119 483 1219 539 alia
1246 480 1489 553 quaedam
1509 481 1682 553 ipsum
1708 493 1919 551 aggres-

316 597 413 637 sus
456 590 541 637 est
572 599 587 635 :
616 580 758 651 quod
796 575 1079 632 declamas
1099 573 1273 629 Lucas
1311 572 1522 627 dicebat
1553 589 1566 624 :
1597 572 1677 625 Ad
1724 583 1921 637 teutpus

319 673 553 727 discessit
580 670 756 725 abillo
786 670 805 736 (
822 667 947 720 Luc.
972 668 1027 721 4.
1058 664 1191 737 lli);
1223 664 1506 719 det-larans
1532 660 1708 733 ipsum
1735 671 1919 731 postea

317 781 443 819 cum
468 764 699 833 propriis
724 762 824 814 sibi
856 760 1228 814 instrumentis
1250 756 1565 812 accessisse.
1598 756 1686 811 ll.
1718 754 1786 809 Et
1806 770 1919 809 cccc

314 855 491 924 angeli
514 863 849 914 accesserunt,
884 862 931 905 et
960 848 1318 917 ministrabant
1354 847 1419 901 ei.
1447 844 1582 900 Cum
1609 845 1753 901 cuitu
1795 859 1916 899 eon-

317 948 497 1001 llictus
546 954 696 1007 erat,
736 960 839 997 non
894 942 1020 996 sivit
1057 940 1180 996 illos
1210 954 1509 1010 apparere,
1556 952 1625 992 ne
1650 953 1772 991 mox
1826 951 1915 991 ca-

316 1034 573 1107 piendum
609 1034 1058 1105 perterrefaceret
1086 1049 1101 1085 :
1134 1039 1415 1103 postquam
1446 1038 1626 1085 auten.
1649 1030 1797 1085 illttm
1822 1044 1919 1099 per

314 1137 510 1185 cuncta
551 1127 869 1191 confutavit,
911 1138 967 1181 et
994 1124 1214 1197 fugavit,
1252 1133 1380 1179 tunc
1402 1132 1663 1195 apparent
1700 1123 1776 1178 illi
1808 1139 1824 1176 :
1859 1132 1917 1176 ut

307 1213 495 1268 discas
509 1223 560 1267 te
575 1224 1111 1284 quoque,postquatn
1124 1215 1190 1269 ad
1206 1217 1516 1285 exemplum
1533 1216 1655 1285 ejus
1673 1216 1918 1280 viceris’,

306 1304 990 1374 abangeliscxcipiemlnm
1004 1319 1127 1361 esse
1139 1305 1614 1376 plaudentibus,ac
1627 1323 1721 1376 per
1736 1307 1920 1362 omnia

307 1396 664 1465 stipantibus.
686 1396 778 1455 Sic
801 1398 947 1453 enim
970 1407 1024 1453 et
1040 1395 1311 1454 Lazarum
1338 1408 1464 1469 post
1490 1398 1767 1455 fornacem
1791 1413 1917 1469 pau-

309 1490 559 1559 perlatis,
567 1490 729 1545 famis
742 1500 793 1544 et
806 1491 1271 1561 angustiz,angeli
1288 1492 1624 1561 excipientes
1637 1492 1913 1548 abierunt.

308 1580 611 1652 Siquidem,
643 1588 704 1634 ut
717 1579 827 1649 jam
855 1578 989 1645 dixi,
1021 1570 1191 1632 multa
1208 1576 1460 1632 Christus
1483 1590 1626 1631 nunc
1652 1575 1908 1642 ostendit,

308 1674 509 1744 quibus
539 1688 640 1728 nos
671 1671 931 1727 fruemur.
969 1670 1106 1739 Quia
1138 1670 1299 1740 igitur
1326 1668 1443 1723 ba‘c
1483 1668 1661 1723 omnia
1690 1678 1911 1738 pr0ptcr

306 1772 365 1817 te
387 1761 521 1817 facta
552 1772 698 1827 sunt,
732 1762 870 1816 banc
923 1762 1134 1815 imitare
1157 1800 1174 1827 ,
1205 1768 1262 1815 et
1304 1760 1559 1815 amulare
1604 1760 1905 1815 victoriam.

308 1851 380 1906 Et
400 1852 446 1906 si
485 1853 607 1922 quis
635 1868 700 1907 ex
725 1850 869 1907 illius
902 1850 1171 1905 dremouis
1202 1850 1460 1905 ministris
1504 1860 1557 1904 te
1595 1849 1772 1916 adeat,
1816 1851 1905 1920 qui

307 1942 433 1995 talia
452 1944 642 2012 sapiat,
669 1942 1003 2011 exprobrans
1031 1940 1125 1996 tibi
1146 1956 1210 1996 ac
1239 1940 1426 1996 dicens
1449 1956 1464 1993 :
1487 1940 1748 1995 Mirabtlis
1794 1956 1906 1995 ma-

302 2046 552 2103 gnusque
584 2047 663 2095 es,
715 2043 954 2087 montem
984 2030 1217 2086 transfer
1246 2050 1259 2085 :
1290 2045 1358 2086 ne
1385 2031 1639 2093 turberis,
1682 2046 1751 2086 ne
1790 2046 1907 2086 tuo-

304 2124 513 2189 vearis;
545 2123 639 2178 sed
658 2138 779 2178 eum
801 2122 1210 2178 mansuetudine
1232 2122 1519 2192 responde,
1539 2132 1596 2175 ut
1621 2124 1903 2178 Dominum

298 2214 500 2270 audisti
530 2214 796 2271 dicentem
829 2232 843 2269 :
877 2212 998 2269 Non
1016 2214 1227 2269 (satiabis
1248 2212 1525 2268 Dominum
1546 2213 1710 2269 Deum
1737 2208 1900 2267 luunt.

298 2306 397 2360 Sin
419 2304 509 2360 ille
536 2305 758 2376 gloriam
802 2305 1203 2375 potentiamque
1231 2303 1464 2359 offerens
1486 2313 1648 2374 atque
1673 2304 1902 2358 immen-

295 2412 416 2453 sam
445 2398 550 2452 vim
578 2398 913 2463 divitiarum,
944 2398 1174 2453 adorare
1205 2406 1255 2451 te
1294 2396 1481 2465 jubeat
1504 2437 1518 2461 ,
1552 2405 1631 2450 sta
1667 2396 1898 2450 fortiter.

296 2490 413 2546 Non
438 2491 582 2547 enim
604 2501 790 2546 contra
817 2506 1158 2547 communem
1192 2489 1474 2543 Dominum
1512 2498 1752 2545 nostrum
1784 2504 1900 2541 otn—

295 2584 448 2639 nium
492 2593 695 2638 tantum
726 2586 827 2639 hoc
856 2584 981 2638 fecit
1019 2582 1301 2646 diabolus;
1351 2582 1445 2638 sed
1473 2583 1636 2637 etiam
1659 2580 1899 2651 quotidie

294 2675 349 2729 in
392 2672 634 2745 singulos
662 2674 778 2744 ejus
810 2689 998 2729 servos
1022 2675 1118 2728 bas
1148 2673 1401 2727 admovet
1445 2672 1757 2735 machinas;
1788 2688 1897 2726 non

291 2776 501 2823 tantum
521 2766 573 2822 in
605 2766 895 2830 montibus,
921 2764 1245 2831 in'desertis,
1266 2764 1359 2820 sed
1374 2766 1535 2820 etiam
1567 2765 1619 2818 in
1649 2766 1894 2830 urbibus,

290 2862 345 2912 in
375 2857 532 2924 foris,
562 2858 613 2913 in
646 2858 1031 2921 tribunalibus;
1073 2870 1248 2926 neque
1277 2870 1376 2924 per
1405 2867 1463 2909 se
1500 2857 1675 2913 solum
1720 2858 1812 2911 sed
1842 2864 1897 2911 et

287 2964 387 3020 per
402 2949 652 3006 homines
675 2961 937 3021 cognatos
960 2957 1195 3004 nostros.
1216 2946 1350 3014 Quid
1379 2947 1533 3021 igitur
1548 2948 1893 3003 faciendum?

285 3040 405 3099 Non
436 3040 770 3098 credendum
799 3042 848 3097 ei
876 3082 889 3105 ,
924 3055 1188 3113 auresque
1218 3048 1344 3095 sunt
1369 3038 1735 3103 obstruendze,
1762 3038 1893 3094 adu-

284 3137 535 3208 latorque
578 3133 704 3191 odio
747 3134 1030 3191 habendus
1063 3151 1076 3187 :
1108 3141 1166 3188 et
1209 3148 1332 3187 cum
1370 3133 1569 3201 majora
1606 3132 1888 3201 promittit,

284 3241 400 3284 tum
435 3228 601 3297 magis
631 3227 871 3281 aversari
902 3212 1031 3279 eum
1054 3231 1288 3292 Oportet.
1318 3222 1593 3293 Siquidem
1626 3230 1681 3277 et
1722 3222 1887 3275 Evam

282 3336 409 3374 cum
440 3334 536 3387 spe
563 3318 769 3387 majore
794 3316 1009 3381 extulit,
1043 3324 1169 3369 tunc
1188 3313 1404 3383 dejecit,
1425 3315 1764 3381 maximaque
1789 3314 1885 3380 ipsi

283 3410 468 3465 intulit
497 3410 657 3464 mala.
694 3408 874 3463 Hostis
904 3408 1106 3476 quippe
1128 3416 1205 3460 est
1253 3404 1620 3468 inexorabilis,
1655 3405 1884 3459 bellum-

281 3519 388 3571 que
415 3513 601 3557 contra
632 3518 730 3556 nos
760 3501 997 3569 suscepit
1022 3498 1377 3568 implacabile,
1414 3498 1522 3552 Nec
1558 3500 1625 3550 ita
1657 3514 1754 3551 nos
1800 3515 1886 3550 sa-

280 3596 378 3650 luti
410 3606 611 3650 nostra:
645 3594 947 3659 studemus,
980 3603 1036 3646 ut
1065 3592 1155 3646 ille
1186 3600 1381 3646 nostra:
1413 3590 1686 3659 perniciei.
1728 3592 1882 3643 Aver-

278 3702 463 3742 semur
504 3687 681 3756 itaque
734 3686 907 3747 illum,
964 3699 1069 3738 non
1103 3682 1280 3736 verbis
1312 3690 1516 3735 tantum
1541 3722 1554 3743 ,
1599 3682 1691 3734 sed
1720 3681 1880 3735 etiam

277 3778 567 3848 operibus;
624 3792 729 3831 non
768 3784 952 3830 mente
997 3774 1207 3836 solum,
1238 3772 1333 3827 sed
1381 3772 1607 3836 actibus,
1642 3772 1881 3840 nihilque

276 3870 419 3939 quod
450 3868 550 3937 ipsi
595 3868 845 3937 placitum
870 3867 943 3919 sit
972 3865 1226 3919 faciamus
1262 3881 1274 3916 :
1306 3863 1383 3917 sic
1409 3864 1589 3916 omnia
1621 3878 1740 3931 qua:
1772 3862 1881 3916 Dco

278 3960 472 4030 placita
501 3968 625 4015 sunt
654 3958 932 4013 faciemus.
963 3954 1095 4009 Nam
1123 3954 1288 4008 multa
1320 3954 1405 4007 ille
1430 3953 1736 4019 pollicetur,
1773 3966 1877 4005 non

278 4065 337 4111 ut
363 4056 495 4118 det,
526 4053 623 4107 sed
655 4064 713 4106 ut
743 4050 991 4121 accipiat.
1020 4047 1098 4103 Ex
1131 4048 1317 4117 rapina
1349 4046 1651 4115 pollicetur,
1684 4053 1741 4097 ut
1783 4060 1879 4096 au-

276 4146 413 4201 ferat
440 4159 661 4213 regnum
692 4152 745 4198 et
764 4142 1062 4210 justitiam;
1097 4138 1381 4193 thesauros
1412 4136 1463 4189 in
1496 4145 1641 4189 terra
1666 4150 1762 4189 ceu
1794 4136 1875 4188 la—

274 4251 445 4307 queos
473 4234 699 4290 tendens
729 4242 891 4302 atque
922 4243 1138 4292 casses,
1188 4236 1245 4283 ut
1283 4238 1337 4283 et
1368 4226 1450 4281 his
1490 4236 1545 4282 et
1573 4225 1878 4280 cmlestibus

274 4329 451 4399 privet
505 4324 820 4380 thesauris:
855 4323 967 4377 vult
1019 4336 1118 4377 nos
1166 4322 1251 4374 hic
1305 4319 1593 4382 ditescere,
1648 4335 1715 4372 ne
1772 4318 1875 4370 illic

274 4420 622 4475 ditescamus.
658 4416 751 4472 Sin
781 4432 885 4470 non
921 4418 1089 4487 possit
1130 4428 1228 4469 ms
1275 4429 1372 4469 "iter
1420 4412 1631 4466 divitias
1673 4414 1738 4465 ab
1786 4411 1873 4463 illa

274 4521 425 4569 sorte
449 4511 673 4581 ejicere,
701 4511 950 4573 alteram,
979 4522 1074 4577 per
1095 4514 1461 4574 paupertatem
1494 4518 1701 4573 nempe,
1737 4504 1873 4555 viam

274 4604 414 4659 init:
449 4602 591 4674 quod
625 4603 675 4655 in
706 4600 810 4657 Job
857 4601 1001 4653 fecit.
1048 4600 1183 4651 Cum
1225 4596 1414 4650 viderit
1446 4597 1589 4648 enim
1644 4594 1772 4648 nihil
1823 4610 1869 4645 et

276 4695 525 4750 nocuisse
568 4692 779 4749 divitias
807 4734 820 4750 .
853 4706 948 4760 per
977 4698 1344 4759 paupertatem
1376 4687 1503 4739 retia
1538 4688 1723 4747 ttCCitt,
1775 4684 1873 4736 hac

274 4787 357 4841 via
413 4799 635 4855 Sperans
684 4798 743 4840 se
788 4784 1066 4838 victoriam
1112 4788 1508 4850 l‘tpOI'lMllt‘lltil
1571 4791 1689 4829 esse
1723 4796 1735 4829 ;
1768 4793 1872 4845 quo

273 4876 401 4951 quid
444 4876 659 4931 stultius
684 4892 804 4930 esse
850 4873 1057 4943 possit?
1089 4873 1189 4941 Qui
1232 4874 1378 4926 enim
1426 4870 1636 4923 divitias.
1670 4880 1873 4935 tempe-

273 4980 458 5026 rantcr
486 4969 627 5024 ferre
654 4968 846 5037 potuit,
882 4969 1049 5021 multo
1080 4966 1249 5034 magis
1271 4975 1637 5034 paupertatem
1664 4959 1871 5014 fortiter

272 5066 408 5117 feret
430 5076 445 5115 :
475 5070 529 5115 et
549 5061 636 5130 qui
659 5068 955 5130 pra-sontes
976 5058 1186 5109 divitias
1207 5072 1309 5109 non
1332 5056 1657 5121 concupivit,
1679 5054 1865 5107 absen-

275 5166 355 5207 tes
387 5168 495 5205 non
526 5160 751 5219 qureret,
784 5148 1235 5217 quemadmodum
1292 5160 1466 5211 neque
1512 5146 1698 5198 beatus
1745 5144 1869 5205 ille,

270 5246 366 5301 sed
410 5262 477 5301 ex
524 5252 836 5315 paupertate
876 5257 1088 5295 rursum
1123 5240 1453 5309 Splendidior
1501 5240 1723 5291 Dilectus
1766 5248 1867 5290 est.

272 5341 403 5395 Nam
431 5340 646 5393 divitias
672 5337 886 5408 quidem
916 5337 1127 5389 auferre
1149 5335 1320 5404 pozuit
1348 5332 1611 5397 malignus
1643 5330 1734 5383 ille
1759 5329 1871 5381 da:-

272 5447 433 5494 tnon;
476 5432 751 5484 caritatem
782 5444 909 5482 vero
945 5440 1069 5496 erga
1118 5425 1281 5478 Donni
1317 5438 1420 5475 non
1468 5421 1627 5474 modo
1657 5416 1871 5472 auferre

272 5540 378 5576 non
410 5521 611 5590 potuit,
646 5522 738 5573 sed
771 5520 931 5573 etiam
967 5516 1341 5570 lcrventiorem
1376 5513 1633 5574 roddiutt,
1669 5512 1873 5577 ipsum-

273 5630 377 5684 que
405 5611 659 5666 nudatum
680 5610 948 5671 omnibus,
977 5607 1214 5676 pluribus
1241 5603 1445 5659 curavit
1471 5602 1756 5673 splendere
1777 5600 1873 5654 bo-

326 5734 344 5762 ι
376 5732 589 5789 Legerat
601 5725 650 5774 in
665 5727 830 5772 Graeco
841 5725 945 5789 aut’
961 5717 1568 5789 ἐκεί-ωνξῐοιιξςτίιινφηὶυς
1580 5715 1861 5789 Latineque

268 5777 572 5847 redlidErat,
606 5780 1224 5848 postquamilloshrtceris.
1269 5777 1467 5829 V’idesis
1496 5791 1609 5841 qua:
1648 5777 1699 5825 in
1734 5777 1865 5824 hunc

272 5853 439 5901 loc-tm
461 5845 647 5899 notavit
686 5845 969 5899 Fridericus
1004 5845 1160 5895 l‘irid.

1484 364 1549 419 IN
1588 360 1998 421 διλττητεωι
2039 361 2271 421 ΠΟΜΙΙ..
2317 364 2452 421 ΧΙΙΙ.

3526 360 3636 420 2H

2029 480 2146 546 nis;
2198 481 2427 553 ideoque
2472 482 2601 553 quid
2641 482 2851 537 consilii
2898 491 3116 550 caperet
3170 478 3463 536 nesciebat.
3518 480 3641 551 Quo

2028 575 2209 645 plures
2234 576 2378 630 enim
2412 575 2684 645 indigebat
2711 575 2912 646 plagas,
2954 589 3023 630 eo
3050 573 3401 631 valentiorem
3442 590 3636 634 corne-

2025 664 2137 720 bat.
2170 663 2405 735 Ideoque
2432 658 2684 720 omnibus
2714 664 2932 720 tentatis
2959 674 3014 718 et
3043 663 3320 729 adhibitis,
3342 666 3465 736 quia
3494 666 3630 721 nihil

2024 758 2196 829 magis
2219 758 2550 829 proficiebat,
2580 758 2650 813 ad
2676 768 2829 813 vetus
2860 756 2987 813 illud
3008 756 3173 811 telum
3191 757 3381 821 currit,
3406 773 3628 813 uxorem

2024 866 2249 921 nempe,
2293 859 2348 906 et
2377 861 2649 922 asstnnpta
2683 849 3034 921 providentia
3076 848 3244 915 larva,
3293 849 3631 906 calamitates

2023 942 2142 1010 ejus
2164 940 2545 996 miserabiliter
2571 950 2625 996 et
2662 940 2863 1011 tragice
2906 938 3186 1003 describit,
3223 947 3281 995 et
3320 940 3540 994 simulat
3568 954 3629 993 se

2024 1032 2388 1102 perniciosum
2437 1031 2566 1086 illud
2608 1030 2744 1087 dare
2772 1031 3098 1097 consilium,
3147 1039 3207 1085 ut
3261 1031 3351 1086 ille
3391 1046 3422 1086 a
3469 1031 3627 1086 malis

2021 1138 2243 1192 prorsus
2270 1123 2546 1179 liberetur.
2578 1121 2687 1179 Sed
2716 1136 2894 1193 neque
2920 1122 2992 1177 ita
3025 1121 3343 1193 praevaluit:
3371 1122 3454 1177 vir
3480 1122 3624 1177 enim

2021 1215 2112 1270 ille
2131 1214 2479 1270 admirandus
2500 1214 2617 1285 ejus
2636 1229 2817 1270 escam
2838 1213 3240 1278 animadvertit,
3258 1228 3324 1269 ac
3348 1227 3472 1268 cum
3490 1198 3627 1266 mul-

2021 1316 2074 1363 ta
2101 1306 2381 1383 prudentia
2404 1308 2579 1373 uxori,
2605 1308 2723 1379 ejus
2750 1321 2914 1363 suasu
2942 1307 3206 1379 loquenti,
3236 1321 3300 1362 os
3327 1305 3623 1362 obstruxit.

2090 1399 2143 1454 5.
2179 1398 2237 1453 ld
2263 1397 2407 1468 quod
2437 1398 2602 1454 etiam
2632 1414 2731 1453 nos
2754 1398 2933 1454 facere
2954 1398 3238 1463 convenit;
3266 1396 3478 1454 etiamsi
3516 1398 3625 1451 fra-

2020 1488 2135 1554 tris,
2168 1489 2379 1546 etiamsi
2420 1490 2614 1556 amici,
2644 1492 2745 1545 etsi
2790 1492 2977 1545 uxoris
3006 1490 3086 1544 vel
3114 1491 3342 1546 alterius
3365 1490 3624 1560 cujusque

2018 1580 2576 1651 personam‘induens,
2606 1595 2710 1636 non
2738 1568 3086 1651 congruentia
3118 1580 3387 1651 loquatur,
3423 1595 3527 1634 non
3554 1596 3620 1636 ex

2017 1688 2246 1743 persona
2300 1674 2572 1744 loquentis
2608 1674 2894 1729 consilium
2936 1676 3217 1743 excipere,
3257 1674 3355 1729 sed
3406 1675 3617 1729 ratione

2016 1767 2302 1837 perniciosi
2329 1766 2543 1823 consilii
2590 1765 2705 1821 haec
2748 1764 3020 1821 dicentem
3063 1768 3301 1821 aversari
3333 1765 3617 1822 debemus.

2013 1859 2290 1931 Siquidem
2323 1873 2467 1913 nunc
2512 1858 2677 1913 etiam
2706 1858 2905 1913 similia
2938 1859 3101 1913 multa
3135 1857 3283 1923 facit,
3314 1867 3621 1915 etcomtm.

2010 1949 2297 2006 serationis
2320 1949 2519 2004 larvam
2538 1948 2793 2009 asseruit;
2824 1963 2889 2003 ac
2911 1948 3037 2002 dum
3066 1948 3364 2006 beneVolus
3386 1950 3618 2016 videtur,

2014 2042 2315 2111 perniciosa
2350 2050 2404 2093 et
2450 2042 2640 2109 quovis
2668 2054 2877 2094 veneno
2902 2024 3169 2097 deteriora
3212 2042 3386 2097 fundit
3427 2040 3619 2099 verba.

2009 2132 2143 2188 Nam
2182 2131 2249 2186 ad
2305 2142 2685 2195 nocumentum
2716 2130 2959 2197 adulari,
3012 2133 3250 2198 diaboli;
3292 2133 3361 2187 ad
3416 2135 3615 2191 bonum

2010 2222 2370 2293 praestandum
2396 2224 2693 2292 corripere,
2721 2224 2813 2279 Dei
2833 2236 2935 2279 est.
2967 2224 3044 2280 Ne
3065 2226 3245 2295 itaque
3261 2225 3612 2296 decipiamur,

2011 2330 2182 2385 neque
2215 2329 2310 2383 per
2341 2327 2559 2368 omnem
2590 2317 2807 2369 modum
2839 2315 3181 2386 tranquillam
3209 2324 3481 2371 sectemur
3524 2318 3609 2369 vi-

2007 2414 2137 2459 tam.
2170 2404 2338 2472 Quem
2364 2407 2506 2460 enim
2534 2407 2703 2475 diligit
2733 2406 2869 2460 Deus
2893 2448 2909 2473 ,
2942 2408 3158 2478 castigat
3196 2405 3379 2476 (Prov.
3408 2408 3463 2463 5.
3498 2407 3613 2479 12).

2006 2497 2196 2568 inquit.
2227 2497 2361 2554 Cum
2384 2500 2563 2569 itaque
2595 2497 2839 2568 improbe
2866 2498 3105 2553 viventes
3135 2499 3298 2554 rebus
3341 2500 3615 2568 prosperis

2002 2590 2263 2655 fruimur,
2326 2598 2453 2644 tunc
2496 2589 2727 2643 maxime
2777 2587 3055 2643 doleamus
3088 2607 3101 2639 :
3136 2598 3419 2657 peccantes
3467 2591 3612 2644 enim

2003 2698 2217 2753 semper
2243 2684 2435 2736 timere
2466 2689 2715 2751 oportet:
2744 2688 2853 2733 tum
2883 2695 3011 2735 vero
3041 2681 3275 2735 maxime
3302 2696 3425 2736 cum
3458 2682 3612 2737 triste

2004 2775 2135 2829 nihil
2175 2775 2427 2845 patimur.
2477 2772 2703 2840 Quando
2732 2772 2878 2825 enim
2908 2786 3005 2841 per
3047 2781 3225 2841 partes
3255 2772 3392 2826 Deus
3422 2786 3613 2842 pteuas

1999 2866 2181 2936 exigit,
2214 2864 2468 2919 leviorem
2514 2873 2665 2933 parat
2690 2861 3017 2927 vindictam;
3050 2861 3265 2933 quando
3288 2873 3467 2944 autem
3492 2878 3614 2918 sce-

2000 2957 2109 3012 lera
2133 2955 2338 3026 singula
2356 2955 2461 3010 fert
2484 2956 2765 3024 patienter,
2781 2954 2833 3007 in
2858 2968 3103 3024 magnam
3129 2967 3229 3008 nos
3257 2954 3310 3008 in
3339 2954 3405 3009 iis
3425 2969 3612 3023 perse-

1998 3058 2249 3105 verantes
2280 3055 2520 3101 reservat
2549 3045 2829 3100 ultionem.
2860 3044 2993 3099 Nam
3022 3045 3067 3099 si
3098 3044 3279 3115 probis
3302 3046 3605 3100 necessaria

1995 3152 2078 3198 est
2106 3140 2325 3195 afflictio
2349 3181 2363 3205 ,
2393 3139 2563 3193 multo
2606 3139 2776 3207 magis
2807 3137 3172 3206 peccantibus.
3204 3135 3341 3191 Vide
3372 3152 3603 3205 namque

1993 3240 2248 3302 quantam
2280 3230 2368 3284 Dei
2402 3229 2714 3299 patientiam
2743 3238 3005 3297 expertus
3032 3228 3259 3291 Pharao,
3297 3239 3599 3284 extremum

1992 3325 2224 3394 denique
2259 3339 2353 3392 pro
2380 3321 2633 3374 omnibus
2665 3322 2759 3373 luit
2790 3319 3131 3388 supplicium;
3155 3330 3285 3387 quot
3313 3320 3599 3374 criminum

1993 3432 2117 3469 reus
2145 3410 2672 3475 Nabuchodonosor,
2728 3409 2970 3463 omnium
3002 3406 3215 3463 tandem
3247 3424 3433 3477 ptenas
3464 3410 3595 3470 luit;

1990 3510 2140 3563 dives
2181 3508 2305 3561 item
2348 3505 2471 3575 quia
2519 3502 2650 3556 nihil
2696 3501 2780 3556 hic
2813 3516 3177 3555 :erumnarunt
3210 3515 3400 3571 passus
3447 3512 3594 3561 erat,

1992 3600 2109 3653 ideo
2140 3598 2368 3651 maxime
2420 3596 2583 3648 ltllSL'f'
2612 3595 2710 3647 fuit
2731 3612 2745 3650 :
2770 3592 2894 3661 quia
2922 3594 2972 3647 in
3015 3591 3112 3645 hac
3136 3592 3239 3645 vita
3279 3592 3556 3647 deliciatus
3577 3635 3592 3656 ,

1991 3691 2114 3747 illuc
2138 3690 2269 3744 abiit
2290 3688 2528 3741 omnium
2563 3700 2749 3755 pu‘nas
2773 3685 3017 3748 daturus,
3052 3682 3137 3738 ubi
3169 3684 3367 3739 nullam
3396 3686 3447 3740 in
3479 3701 3594 3739 ma-

1989 3783 2054 3836 lis
2081 3780 2502 3836 consolationem
2527 3779 2763 3848 reperire
2790 3787 2927 3832 erat.
2958 3777 3207 3831 Attamen
3235 3777 3451 3847 quidam
3469 3789 3592 3833 sunt

1987 3875 2059 3929 ita
2092 3872 2266 3944 frigidi
2298 3882 2353 3927 et
2382 3872 2551 3932 stulti.
2576 3879 2632 3923 ut
2662 3870 2944 3940 pra-scotia
2969 3876 3172 3921 tantum
3202 3881 3416 3938 semper
3441 3886 3585 3937 quir-

1988 3975 2125 4026 rant,
2146 3975 2199 4018 et
2217 3964 2331 4016 haec
2358 3960 2577 4015 ridicula
2601 3963 2761 4015 verba
2790 3961 3087 4028 proferant:
3113 3958 3327 4011 Interim
3348 3973 3587 4028 prmsen-

1987 4058 2127 4112 tibus
2156 4055 2302 4109 fruar
2322 4053 2591 4116 omnibus;
2614 4062 2740 4105 tunc
2758 4051 2825 4104 de
2852 4051 3071 4105 incertis
3093 4048 3438 4119 prospiciam;
3462 4064 3590 4105 ven-

1986 4149 2051 4203 tri
2080 4146 2388 4216 indulgebo,
2418 4142 2780 4212 voluptatibus
2803 4140 3036 4197 serviam
3054 4183 3069 4207 ,
3102 4140 3295 4196 abutar
3337 4144 3587 4209 praesenti

1986 4243 2111 4295 vita.
2173 4241 2246 4295 Da
2302 4238 2433 4291 mihi
2494 4236 2809 4291 hodiernum
2841 4234 3007 4300 diem,
3055 4244 3111 4289 et
3149 4236 3336 4304 accipe
3396 4236 3586 4289 crasti-

1985 4349 2133 4389 num.
2176 4330 2221 4387 0
2260 4331 2531 4398 ingentem
2585 4328 2902 4383 stultitiam!
2953 4326 3008 4381 ln
3052 4342 3163 4397 quo
3212 4328 3280 4382 ab
3329 4327 3492 4382 hircis
3536 4338 3590 4382 et

1984 4426 2159 4496 porcis
2200 4423 2454 4479 diﬁet'unt
2490 4422 2578 4493 qui
2626 4420 2750 4475 talia
2788 4418 3116 4491 loquuntur?
3168 4420 3300 4475 Nam
3357 4420 3401 4475 si
3452 4436 3545 4477 eos
3572 4462 3588 4486 ,

1981 4519 2069 4587 qui
2110 4517 2175 4571 ad
2226 4529 2448 4570 uxorem
2500 4514 2728 4583 proximi
2755 4513 2835 4567 sui
2866 4512 3136 4577 hinniunt,
3169 4528 3276 4567 non
3305 4513 3431 4567 sinit
3459 4528 3588 4583 pru-

1984 4611 2141 4676 pheta
2191 4607 2439 4661 homines
2468 4607 2706 4674 reputari
2738 4602 2868 4673 (λεν.
2901 4606 2955 4660 5.
2980 4604 3074 4670 8),
3116 4606 3235 4675 quis
3276 4619 3375 4659 nos
3400 4608 3585 4675 culpa—

1982 4702 2050 4753 bit
2086 4701 2129 4752 si
2159 4700 2258 4753 hos
2288 4696 2491 4761 hircos,
2522 4710 2715 4763 porcos
2742 4706 2795 4750 et
2846 4697 3011 4751 asinis
3042 4697 3438 4763 insipientiores
3467 4710 3588 4750 esse

1980 4792 2370 4854 existimemus,
2422 4789 2513 4858 qui
2557 4790 2780 4842 clariora
2813 4788 2905 4849 iis,
2952 4804 3069 4856 qua:
3103 4789 3270 4841 oculis
3315 4788 3583 4851 videntur,

1981 4883 2185 4937 incerta
2217 4896 2337 4935 esse
2364 4889 2551 4948 putant
2571 4881 2595 4931 ?
2619 4878 2676 4935 Si
2703 4884 2843 4934 enim
2880 4879 3006 4932 nulli
3042 4882 3127 4932 alii
3160 4879 3355 4941 credis,
3382 4879 3587 4933 daemo-

1980 4974 2134 5028 nibus
2172 4973 2361 5027 saltem
2392 4970 2541 5024 adsta
2576 4971 2702 5024 duo.
2744 4972 3122 5031 verberantur;
3164 4972 3227 5023 iis
3252 4969 3456 5023 scilicet
3494 4970 3582 5038 qui

1981 5068 2034 5121 in
2068 5066 2359 5135 perniciem
2392 5075 2628 5116 nostram
2669 5063 2796 5115 nihil
2829 5080 2933 5116 non
2963 5062 3147 5115 dicunt
3188 5071 3241 5114 ct
3268 5071 3449 5130 agunt.
3478 5062 3583 5115 Nc-

1979 5176 2081 5228 que
2112 5157 2252 5210 enim
2286 5157 2385 5209 hor.
2429 5162 2718 5221 negaturus
2754 5169 2832 5215 es,
2864 5154 3008 5221 lpStlS
3064 5166 3257 5220 nempe
3296 5151 3429 5205 nihil
3476 5166 3583 5204 non

1978 5266 2137 5319 agere
2166 5262 2219 5303 ut
2244 5248 2503 5302 desidiam
2535 5259 2771 5300 nostram
2803 5256 3051 5315 augeant,
3082 5246 3341 5315 gehennm
3378 5255 3581 5297 metum

1978 5341 2244 5401 auferant,
2282 5340 2622 5408 el't’iciantque
2653 5348 2709 5390 ttt
2762 5338 3166 5407 futurojudicio
3213 5336 3373 5389 ﬁdem
3416 5350 3577 5402 negc~

1980 5449 2117 5488 mus.
2171 5435 2418 5486 Attamen
2452 5432 2540 5499 qui
2572 5432 2686 5484 iure
2731 5431 2971 5499 cupiunt,
3012 5431 3304 5481 clamantes
3358 5436 3413 5480 et
3458 5426 3580 5479 ulu-

1978 5523 2151 5577 lantes
2196 5536 2339 5589 sape
2364 5564 2378 5585 ,
2411 5531 2674 5575 tormenta
2726 5521 2832 5575 illic
2880 5521 3112 5574 adhibita
3139 5519 3578 5589 prmdicanthi).

1982 5614 2132 5670 Unde
2176 5614 2337 5682 igitur
2384 5612 2499 5665 haec
2531 5611 2735 5679 dicunt,
2796 5623 2849 5665 et
2874 5621 3059 5665 contra
3104 5626 3265 5681 quam
3294 5611 3475 5665 volunt
3505 5613 3574 5663 lo-

2040 5750 2114 5811 (a)
2149 5756 2261 5809 Qut}:
2296 5749 2371 5794 hic
2403 5747 2466 5796 de
2501 5746 2813 5796 dmmoniacis
2843 5744 3099 5804 dicuntur,
3142 5746 3407 5795 obsert'atu
3430 5740 3577 5804 digna

1978 5824 2110 5859 ειωι.
