4050 6426
517 377 621 432 ﬁlii

515 484 784 559 quuntttr?
827 482 941 538 Non
992 481 1092 536 alia
1148 479 1214 533 de
1248 492 1456 542 causa,
1509 488 1666 544 quam
1713 469 1852 540 quod
1908 466 2094 537 majori

513 583 751 636 cruciatu
795 585 1070 648 cogantur.
1103 572 1282 643 Neque
1313 570 1459 625 enim
1503 568 1699 622 vellent
1728 569 1918 633 sponte
1968 575 2097 616 con-

515 675 693 739 fiteri,
740 673 823 726 vel
875 685 935 725 se
985 683 1015 722 a
1066 665 1289 720 mortuis
1342 661 1643 718 hominibus
1695 651 1970 724 torqueri,
2012 651 2098 708 vel

511 782 570 821 se
615 764 835 819 omnino
865 775 1027 832 grave
1056 757 1326 828 quidpiam
1359 756 1485 824 pati.
1513 750 1625 817 Q'ta
1664 761 1794 816 ergo
1838 744 1906 799 de
1936 755 2094 798 causa

515 862 627 912 tunc
673 873 704 911 a
735 871 821 910 me
858 854 997 909 dicta
1050 850 1212 906 sunt?
1247 847 1382 916 Quia
1428 845 1722 907 daemones,
1771 837 1861 908 qui
1911 834 2097 890 nolunt

511 950 658 1005 credi
705 948 1023 1020 gehennam,
1073 954 1245 997 tamen
1297 937 1595 1009 gehennam
1642 933 2002 990 conﬁtentur:
2037 935 2094 983 tu

513 1056 641 1094 vero
685 1039 774 1108 qui
820 1046 963 1090 tanto
993 1031 1226 1104 dignaris
1274 1030 1496 1092 honore,
1528 1028 1722 1098 quique
1750 1020 2092 1079 ineﬂ'abilium

511 1143 735 1186 consors
772 1141 834 1202 res
871 1125 1283 1197 mysteriorum,
1341 1135 1439 1175 nec
1509 1119 1627 1172 illos
1670 1115 1927 1177 imitaris,
1998 1109 2094 1165 sed

505 1222 674 1277 etiam
725 1218 828 1274 illis
872 1216 1109 1273 deterior
1152 1214 1321 1270 factus
1367 1228 1443 1266 es.
1497 1208 1708 1278 Ecquis,
1743 1205 1969 1276 inquies,
2027 1201 2096 1258 ab

513 1313 721 1368 inferno
767 1311 928 1373 venit,
979 1317 1034 1363 et
1077 1309 1192 1363 haec
1235 1302 1535 1360 nuntiavit?
1581 1299 1687 1355 Sed
1737 1306 1791 1354 et
1834 1296 1905 1351 de
1947 1295 2096 1350 caulis

510 1403 630 1473 quis
675 1401 837 1468 venit,
866 1400 1108 1468 dixitque
1156 1399 1320 1452 Deum
1357 1411 1478 1451 esse.
1522 1393 1613 1464 qui
1643 1391 1821 1448 omnia
1852 1385 2094 1444 creavit?

507 1491 662 1561 Quod
712 1502 888 1546 autem
948 1490 1179 1544 animam
1232 1486 1520 1542 habeamus
1560 1482 1701 1537 unde
1743 1480 1917 1551 palam
1968 1477 2094 1532 est?

511 1584 569 1639 Si
597 1584 739 1638 enim
783 1583 870 1636 illa
918 1581 1090 1635 solum
1131 1594 1250 1649 quae
1298 1576 1398 1632 sub
1437 1585 1709 1644 aSpectum
1741 1571 1938 1627 cadunt
1971 1583 2091 1624 cre-

511 1676 718 1730 diturus
757 1689 835 1738 es,
887 1687 950 1727 ac
973 1671 1040 1726 de
1070 1672 1200 1735 Deo,
1231 1669 1299 1724 de
1344 1669 1568 1739 angelis,
1621 1667 1690 1720 de
1726 1672 1906 1720 mente
1949 1662 2094 1718 etde

511 1768 685 1820 anima
714 1765 944 1830 dubitas,
974 1765 1050 1818 sic
1093 1763 1182 1818 tibi
1208 1762 1388 1817 omnia
1418 1759 1655 1814 veritatis
1693 1758 1942 1828 dogmata
1974 1771 2096 1827 pes-

512 1865 629 1903 sum
729 1849 902 1905 ibunt.
948 1848 1107 1918 Atqui
1135 1847 1180 1903 si
1225 1846 1325 1902 sub
1367 1860 1581 1901 sensum
1613 1843 1926 1898 cadentibus
1975 1853 2092 1896 tan-

514 1950 623 1993 tttm
665 1939 744 1994 vis
763 1939 1005 2005 credere,
1033 1937 1387 1993 invisibilibus
1411 1937 1578 2006 magis
1605 1951 1763 2006 quam
1797 1933 2095 1988 visibilibus

509 2031 699 2087 credas
738 2039 966 2099 oportet.
995 2029 1147 2098 Quod
1186 2031 1229 2085 si
1262 2028 1577 2097 stupendum
1609 2028 1851 2082 videatur
1875 2027 1927 2081 id
1956 2025 2095 2097 quod

512 2121 640 2187 dixi,
670 2129 901 2175 attamen
928 2135 1111 2174 verum
1149 2129 1206 2174 et
1243 2118 1382 2188 apud
1417 2129 1594 2172 mente
1620 2118 1873 2186 przeditos
1896 2119 1947 2171 in
1967 2132 2096 2173 con-

513 2210 655 2266 fesso
669 2222 771 2266 est.
795 2211 944 2268 Oculi
963 2213 1102 2266 enim
1130 2225 1273 2282 saepe
1294 2209 1569 2274 falluntur,
1593 2226 1698 2265 non
1733 2211 1783 2264 in
1817 2210 2094 2265 invisibili-

511 2302 609 2357 bns
625 2311 826 2357 tantum
848 2302 990 2371 (inec
1006 2306 1202 2374 quippe
1229 2317 1335 2358 non
1357 2304 1599 2371 norunt),
1620 2302 1716 2380 sed
1734 2304 1785 2357 in
1809 2303 1912 2356 illis
1933 2304 2092 2358 etiam

509 2410 629 2463 qua:
683 2409 905 2449 cernere
964 2395 1063 2448 sibi
1118 2394 1403 2458 videntur;
1454 2394 1702 2448 obstante
1749 2393 1952 2448 scilicet
2005 2403 2099 2448 aut

507 2480 798 2546 distantia,
851 2488 942 2534 aut
989 2494 1151 2545 aere,
1207 2489 1298 2534 aut
1346 2489 1525 2534 mente
1575 2479 1683 2533 alio
1714 2479 1951 2544 intenta,
2005 2488 2098 2534 aut

513 2572 613 2634 ira,
663 2578 754 2622 aut
800 2569 1190 2634 sollicitudine,
1228 2579 1319 2621 aut
1362 2570 1628 2623 sexcentis
1675 2569 1795 2622 aliis
1854 2568 2097 2623 obicibus

511 2659 905 2712 accurationem
959 2654 1267 2712 tollentibus
1324 2675 1335 2708 :
1399 2657 1591 2711 anima:
1653 2667 1828 2712 autem
1890 2658 2093 2727 cogita-

509 2749 620 2812 tio,
664 2749 708 2800 si
759 2747 1056 2802 divinarum
1106 2747 1501 2816 Scripturarum
1554 2749 1668 2800 luce
1715 2747 2091 2816 perfundatur,

509 2841 806 2896 accuratius
832 2855 896 2895 ac
939 2839 1136 2894 certius
1187 2855 1363 2893 rerum
1405 2840 1659 2908 judicium
1703 2839 1855 2894 feret.
1901 2841 2096 2897 Neita-

507 2947 611 2999 que
633 2946 729 2984 nos
757 2931 901 3000 ipsos
924 2931 1112 2986 frustra
1132 2931 1482 3000 decipiamus,
1499 2946 1631 2987 neve
1652 2946 1843 3001 prteter
1865 2934 1984 2987 vitae
2013 2949 2097 2988 se-

506 3023 724 3091 gnitiem
745 3023 1048 3092 ltujusmodi
1066 3023 1402 3093 dogmatibus
1419 3034 1644 3093 partam,
1677 3024 1834 3077 etiam
1856 3040 1949 3092 pro
1970 3025 2095 3092 ipsis

505 3114 842 3184 dogmatibus
868 3115 1169 3182 graviorem
1200 3114 1354 3168 nobis
1383 3116 1490 3168 vim
1520 3113 1654 3183 ignis
1675 3114 2090 3168 accumulemns.

508 3205 665 3260 Certe
697 3206 742 3261 si
783 3205 1040 3275 judicium
1098 3223 1200 3261 non
1246 3218 1361 3271 est,
1411 3221 1583 3277 neque
1621 3220 1807 3275 pmnas
1851 3205 2094 3261 dabimus

509 3300 792 3366 scelerum,
827 3317 999 3371 neque
1026 3301 1266 3356 laborum
1285 3303 1500 3370 praemia
1521 3318 1936 3371 consequemur.
1969 3303 2096 3358 Per-

510 3390 745 3457 pendite,
776 3405 976 3458 quarso,
1001 3406 1106 3460 quo
1137 3392 1354 3445 tendant
1377 3391 1718 3460 blaSphemiae
1742 3403 1951 3458 vestrae,
1975 3409 2094 3447 cum

509 3480 702 3546 dicitis,
738 3481 906 3535 Deum
932 3481 1154 3549 justum,
1180 3483 1381 3547 mitem,
1418 3493 1492 3535 tot
1529 3483 1740 3537 labores
1767 3484 2097 3553 sudoresque

510 3570 806 3639 despicere.
843 3570 907 3624 Et
933 3572 1200 3641 quomodo
1231 3573 1343 3627 hinc
1372 3574 1560 3627 rationi
1593 3589 1827 3629 consona
1857 3574 2094 3630 fuerint?

583 3661 967 3715 Demonstramr
1011 3665 1286 3716 mercedem
1339 3665 1506 3718 virtuti
1554 3674 1600 3717 et
1648 3667 1764 3718 vitio
1804 3684 2002 3734 prauam
2045 3668 2097 3721 in

509 3751 668 3803 altera
695 3752 796 3805 vita
823 3754 1084 3805 reservari.
1127 3784 1194 3791 —-—
1238 3755 1345 3807 Etsi
1377 3755 1517 3807 cnim
1557 3769 1662 3807 non
1706 3755 1921 3810 aliunde
1945 3798 1958 3819 ,
1986 3757 2096 3811 sal-

512 3851 614 3896 tem
653 3858 720 3896 ex
753 3842 817 3894 iis
846 3859 962 3909 quae
988 3842 1040 3895 in
1067 3842 1228 3897 domo
1258 3853 1344 3896 tua
1389 3853 1648 3914 geruntur
1692 3843 1808 3899 hate
1839 3846 2053 3914 explora
2077 3889 2092 3913 ,

511 3943 566 3985 ct
594 3942 716 3986 tunc
736 3948 894 4002 quam
926 3933 1150 3987 absurda
1184 3936 1296 3987 hinc
1315 3935 1420 3986 sint
1447 3913 1836 4002 deprehendes.
1874 3935 2090 3990 Etiamsi

509 4004 651 4077 eoin
681 4023 967 4078 admodum
994 4022 1314 4077 inhumanus
1342 4025 1416 4077 sis
1444 4015 1506 4079 ac
1525 4025 1760 4080 crudelis
1787 4069 1799 4091 ,
1837 4029 1941 4080 imo
1966 4027 2092 4096 ipsis

513 4116 640 4171 feris
667 4116 966 4182 inmanior,
996 4116 1166 4171 nolles
1190 4127 1335 4171 certe
1362 4132 1571 4170 servum
1603 4127 1749 4172 tuum
1772 4118 2092 4173 benevolum

512 4207 603 4261 tibi
627 4208 859 4262 moriens
881 4208 996 4262 sine
1034 4207 1257 4274 pra-min
1281 4206 1578 4275 relinquere
1597 4247 1612 4272 ,
1635 4207 1728 4261 sed
1769 4216 1823 4261 et
1852 4207 2096 4262 libertate

511 4299 679 4354 donas
699 4341 715 4365 ,
740 4308 793 4352 et
814 4299 1051 4367 pecunia:
1071 4314 1292 4352 munere
1317 4315 1330 4360 ;
1363 4307 1414 4352 ct
1443 4298 1562 4368 quia
1590 4298 1936 4354 ttt-decedens
1966 4299 2096 4354 nihil

515 4402 664 4461 potes
696 4391 829 4446 ultra
870 4391 967 4455 ipsi
994 4390 1238 4445 conferte
1260 4391 1380 4446 boni
1404 4435 1416 4455 ,
1470 4391 1519 4445 id
1546 4391 1684 4459 apud
1719 4390 1948 4447 heredes
1977 4402 2095 4448 tuos

511 4499 688 4545 curas,
717 4496 910 4552 rogans
933 4482 1168 4551 nihilque
1199 4498 1302 4537 non
1331 4497 1512 4551 agens,
1543 4490 1598 4534 ut
1616 4497 1681 4535 nc
1709 4482 1796 4537 ille
1818 4483 1934 4538 sine
1960 4500 2094 4539 mer-

511 4575 642 4629 cede
663 4583 894 4628 maneat.
919 4573 1075 4642 Atqui
1102 4573 1144 4628 si
1177 4583 1228 4627 tu
1260 4589 1486 4643 nequam
1510 4574 1668 4629 homo
1689 4615 1704 4641 ,
1732 4575 1803 4628 ita
1833 4574 2097 4630 humanus

511 4665 874 4733 benignusque
895 4679 952 4717 es
981 4678 1105 4733 erga
1146 4663 1430 4729 famulum,
1461 4680 1527 4717 an
1567 4665 1827 4719 immensa
1874 4667 1966 4721 Dei
1995 4667 2091 4722 bo-

512 4756 677 4819 nitas,
727 4753 1003 4809 ineﬂ‘abilis
1048 4754 1346 4825 benignitas
1367 4795 1380 4816 ,
1412 4763 1553 4807 tanta
1586 4755 1671 4808 illa
1703 4757 2091 4826 mansuetudo,

513 4846 738 4898 tumulos
781 4859 934 4908 suos,
972 4839 1217 4910 l‘etrum‘,
1253 4845 1490 4910 Paulum,
1535 4845 1792 4900 Jacobum
1837 4858 1888 4902 et
1933 4849 2094 4902 Joan-

513 4951 672 5000 neut,
717 4936 950 5006 qu0tidte
998 4946 1212 5005 propter
1269 4936 1416 4990 illum
1471 4937 1803 5005 esurientes,
1848 4940 2093 5006 vinctos,

512 5027 807 5096 llagellatos
827 5069 840 5094 ,
875 5028 1123 5084 fluctibus
1147 5029 1450 5095 demersos,
1485 5031 1611 5086 feris
1637 5030 1876 5100 objectos
1895 5075 1910 5098 ,
1939 5038 2094 5090 morti

515 5120 768 5184 traditos,
796 5121 1004 5191 aliaque
1035 5122 1309 5178 innumera
1339 5138 1544 5192 passos,
1568 5125 1909 5182 incoronatos
1941 5129 2096 5182 relin-

513 5212 681 5279 quet?
713 5213 1041 5282 Agonotlieta
1072 5230 1200 5270 sane
1225 5217 1478 5270 victorem
1503 5218 1555 5272 in
1585 5217 1877 5290 Olympicis
1907 5223 2095 5288 prrcdi-

516 5315 602 5355 cat
623 5314 676 5356 et
697 5314 948 5368 coronat,
985 5303 1145 5360 herus
1171 5320 1381 5362 servum
1404 5349 1418 5373 ,
1449 5323 1542 5363 rex
1584 5307 1804 5364 militem
1833 5310 2051 5365 honorat
2082 5353 2094 5375 ,

519 5405 571 5447 et
598 5395 820 5464 quisque
847 5395 1056 5450 demunt
1083 5397 1226 5452 illum
1254 5400 1344 5468 qui
1370 5400 1468 5454 sibi
1499 5401 1879 5458 ministraverit
1909 5405 2098 5471 quibus

522 5496 698 5556 potest
726 5488 878 5541 bonis
909 5501 1209 5545 remunerat
1240 5510 1253 5546 :
1287 5493 1526 5562 Deosque
1557 5495 1730 5560 solus,
1775 5505 1894 5563 post
1925 5506 2099 5551 tantos

521 5576 744 5631 sudores
773 5588 826 5632 et
866 5577 1099 5646 labores,
1144 5597 1242 5636 nec
1284 5599 1502 5652 parvum
1533 5600 1631 5639 nec
1681 5602 1927 5656 magnum
1973 5589 2098 5656 ipsis

522 5668 715 5722 bonum
759 5669 998 5736 confert,
1028 5674 1119 5727 sed
1160 5674 1286 5742 justi
1330 5676 1404 5730 illi
1443 5691 1505 5730 ac
1531 5677 1601 5746 pii
1637 5679 1770 5744 viri,
1800 5680 1889 5748 qui
1941 5695 2098 5735 omne

524 5761 727 5816 virtutis
764 5775 933 5832 genus
992 5764 1265 5832 adierunt,
1317 5767 1502 5822 eadem
1553 5779 1707 5825 erunt
1753 5771 2094 5841 conditione,

1225 365 1284 421 S.
1327 359 1600 418 J'OANNIS
1637 353 2114 415 CllliYSUS‘lOMI
2156 351 2472 410 AltClllEP.
2514 349 3070 442 CONS'I‘ANTINOP.

3680 349 3790 404 2N

2202 484 2308 537 qua
2361 467 2583 530 moechi,
2629 466 2946 534 parricidae,
3006 465 3296 522 homicidae
3339 463 3793 531 tumulorumque

2201 558 2568 614 cll'ossorcs‘?
2600 556 2780 628 Ecqua
2812 558 2941 612 insit
2965 559 3018 613 in
3063 559 3148 613 his
3187 559 3358 612 ratio?
3395 557 3451 612 Si
3481 556 3634 610 enim
3654 554 3795 608 nihil

2204 655 2342 707 ultra
2359 663 2444 708 cst
2466 662 2586 722 post
2618 653 2921 708 discessum
2937 668 3004 708 ex
3035 652 3138 709 hac
3171 654 3302 715 vita,
3322 662 3376 708 et
3389 651 3436 707 si
3472 659 3665 706 nostra
3686 649 3796 703 sint

2203 747 2488 814 prasentis
2503 747 2627 802 vita:
2640 746 2906 802 limitibus
2922 747 3355 814 circumscripta,
3383 747 3437 800 in
3448 745 3649 800 eodem
3666 751 3798 798 sunt

2199 836 2340 880 statu
2365 835 2420 881 et
2450 825 2501 882 bi
2523 834 2578 881 et
2603 825 2676 880 illi
2702 843 2717 890 ;
2748 826 2856 881 imo
2880 840 2986 882 non
3023 825 3215 897 eodem
3255 826 3308 880 in
3335 833 3496 881 statu.
3537 824 3600 880 Si
3629 825 3803 889 enim,

2199 919 2489 975 secundum
2522 929 2606 982 te,
2661 919 2883 988 posthac
2911 917 3101 974 eodem
3131 919 3182 973 in
3222 927 3364 973 statu
3391 918 3500 972 sint
3529 935 3543 972 :
3574 925 3634 972 at
3671 916 3756 972 hic
3782 955 3803 984 ,

2201 1013 2272 1066 illi
2306 1015 2356 1067 in
2388 1011 2788 1082 tranquillitate,
2812 1012 2862 1065 hi
2888 1012 2939 1065 in
2969 1010 3232 1080 supplicio
3258 1018 3372 1066 toto
3398 1018 3650 1079 tempore
3677 1024 3800 1063 ver-

2199 1105 2297 1158 sati
2322 1113 2464 1158 sunt.
2499 1102 2690 1171 Ecquis
2721 1115 2976 1173 tyrannus
3001 1102 3282 1166 immanis,
3329 1101 3449 1171 quis
3477 1100 3649 1173 homo
3674 1115 3800 1155 cru-

2200 1195 2334 1250 delis
2361 1203 2416 1251 et
2439 1196 2756 1248 inhumanus
2778 1208 2966 1247 servos
2994 1192 3344 1262 subditosque
3367 1171 3606 1250 suosiic
3631 1207 3805 1246 exce-

2203 1288 2320 1356 pit"
2351 1287 2530 1342 Viden‘
2576 1287 2842 1358 ingentem
2891 1286 3272 1341 absurditatem
3297 1325 3312 1348 ,
3345 1294 3399 1339 et
3438 1286 3530 1354 qui
3578 1283 3705 1339 linis
3733 1284 3803 1338 sit

2202 1379 2320 1450 talis
2347 1377 2651 1433 ratiocinii?
2677 1376 2861 1447 itaque
2879 1380 2924 1432 si
2954 1377 3100 1432 nullo
3125 1376 3250 1442 alio,
3279 1375 3384 1430 hoc
3407 1376 3602 1430 saltem
3629 1376 3800 1429 ratio-

2198 1470 2339 1524 cinio
2367 1470 2634 1534 eruditus,
2685 1469 2822 1523 hanc
2860 1469 3148 1538 pessimam
3193 1465 3502 1536 Opinionem
3534 1466 3760 1534 repudia
3783 1503 3802 1530 ,

2199 1561 2318 1630 fuge
2344 1560 2596 1614 malitiam
2618 1602 2634 1626 ,
2659 1567 2712 1614 et
2737 1559 2949 1614 labores
2977 1573 3073 1628 pro
3099 1559 3293 1612 virtute
3316 1558 3526 1627 suscipe
3547 1598 3562 1620 ,
3588 1567 3643 1611 et
3676 1566 3804 1610 tunc

2199 1653 2335 1708 scies
2362 1663 2542 1706 nostra
2567 1667 2672 1706 non
2694 1666 2816 1707 esse
2843 1652 3122 1721 praesentis
3141 1651 3262 1704 vitae
3287 1650 3545 1704 limitibus
3570 1651 3806 1704 circum-

2200 1726 2420 1812 scripta.
2474 1743 2529 1797 Si
2577 1742 2697 1812 quis
2752 1751 2929 1797 autem
2981 1750 3186 1812 quaerat
3226 1756 3257 1795 a
3303 1750 3397 1796 te:
3429 1740 3630 1810 Ecquis
3675 1740 3805 1794 inde

2201 1835 2418 1889 veniens
2444 1834 2530 1889 illa
2552 1833 2854 1889 nuntiavit?
2900 1832 3164 1903 responde
3203 1832 3278 1888 illi
3311 1852 3324 1888 :
3358 1833 3529 1888 llomo
3576 1831 3800 1903 quidem

2202 1927 2413 1982 nullus:
2446 1942 2568 1980 nam
2605 1927 2650 1980 si
2679 1925 2842 1980 homo
2883 1932 3057 1990 esset,
3104 1940 3210 1978 non
3241 1923 3315 1977 illi
3341 1922 3606 1978 creditum
3653 1937 3805 1992 saepe

2200 2017 2406 2086 fuisset,
2439 2027 2622 2088 utpote
2653 2017 2745 2088 qui
2775 2032 2862 2072 res
2887 2024 3235 2088 exaggeraret
3274 2016 3742 2086 ampliliearetque
3786 2031 3802 2068 :

2199 2109 2510 2179 angelorum
2540 2124 2669 2163 vero
2697 2109 2955 2163 Dominus
2983 2108 3072 2162 illa
3093 2108 3271 2163 omnia
3298 2115 3547 2161 accurate
3575 2107 3804 2160 nuntia-

2200 2201 2294 2254 vit.
2347 2198 2486 2267 Quid
2537 2214 2666 2269 ergo
2695 2215 2829 2270 opus
2853 2199 3103 2264 homine,
3147 2212 3268 2252 eum
3320 2197 3364 2250 is
3394 2195 3481 2265 qui
3531 2211 3727 2265 prenas
3771 2210 3804 2250 a

2201 2289 2355 2344 nobis
2401 2299 2687 2345 exacturus
2721 2299 2841 2355 est,
2871 2288 3106 2359 quotidie
3149 2288 3346 2342 clamet
3383 2300 3444 2341 se
3492 2287 3806 2357 gehennam

2202 2381 2506 2450 paravisse,
2536 2388 2590 2435 et
2618 2395 2841 2448 regnum
2889 2393 3269 2434 concessurum
3298 2393 3450 2444 esse,
3493 2378 3808 2448 horumque

2201 2473 2355 2527 nobis
2375 2482 2683 2542 argumenta
2711 2473 2853 2525 clara
2885 2471 3163 2541 praebeat?
3211 2469 3342 2524 Nam
3370 2469 3414 2524 si
3449 2485 3557 2524 non
3578 2468 3804 2550 judica-

2202 2572 2352 2619 turus
2374 2573 2536 2628 esset,
2562 2579 2629 2618 ne
2658 2562 2743 2616 hic
2769 2562 2982 2631 quidem
3008 2577 3256 2632 umquam
3287 2575 3472 2629 ptenas
3502 2559 3803 2628 exegisset.

2201 2655 2410 2710 Etenim
2439 2655 2488 2710 id
2510 2669 2723 2726 quoque
2752 2653 3020 2724 quomodo
3045 2669 3166 2708 cum
3189 2655 3396 2707 ratione
3415 2661 3706 2717 consutict,
3736 2666 3803 2707 ex

2199 2748 2514 2804 facinorosis
2539 2749 2675 2803 alios
2704 2747 2913 2818 puniri,
2945 2748 3080 2801 alios
3111 2746 3374 2800 minime?
3409 2744 3541 2800 Nam
3573 2746 3621 2800 si
3659 2745 3806 2802 Deus

2201 2855 2458 2909 personas
2481 2854 2589 2893 non
2611 2839 2824 2907 accipit,
2849 2836 2993 2906 quod
3019 2852 3203 2890 verum
3232 2847 3379 2889 certe
3409 2844 3512 2901 est,
3536 2850 3636 2889 cur
3656 2835 3807 2890 hunc

2203 2931 2342 2985 ultus
2369 2940 2452 2984 est
2475 2972 2489 2996 ,
2524 2930 2666 2984 hunc
2701 2929 2919 2998 impune
2947 2927 3097 2983 abire
3125 2925 3286 2981 sivit?
3316 2926 3427 2982 l-loc
3454 2926 3603 2982 enim
3631 2927 3808 2998 majo-

2203 3039 2316 3078 rem
2360 3037 2518 3092 quam
2564 3036 2722 3090 supra
2768 3021 2908 3075 dicta
2945 3018 3311 3086 difficultatem
3357 3026 3558 3074 movet.
3605 3017 3716 3074 Sed
3756 3019 3804 3074 si

2201 3114 2341 3170 bono
2372 3131 2457 3168 me
2495 3115 2672 3167 animo
2703 3113 2889 3168 audire
2916 3112 3192 3167 volueritis
3211 3154 3226 3177 ,
3261 3111 3397 3168 banc
3426 3127 3644 3184 quoque
3692 3112 3806 3168 sol-

2201 3222 2386 3261 vemus
2436 3206 2804 3275 quaestionem.
2840 3205 3096 3272 Qua-nam
3126 3220 3254 3275 ergo
3282 3205 3478 3259 solutio
3516 3207 3646 3260 est?
3691 3205 3807 3261 Nec

2200 3299 2268 3353 ab
2317 3301 2565 3354 omnibus
2612 3299 2695 3352 hic
2725 3314 2911 3370 poenas
2950 3300 3152 3369 exigit,
3181 3313 3248 3353 ne
3287 3299 3352 3353 de
3396 3300 3806 3356 resurrectione

2201 3391 2453 3460 desperes
2480 3399 2531 3444 et
2556 3391 2622 3444 de
2650 3390 2826 3443 futuro
2851 3389 3071 3458 judicio.
3092 3390 3241 3459 quasi
3271 3405 3458 3443 omnes
3486 3390 3576 3443 hic
3603 3405 3799 3459 pinnas

2201 3482 2446 3537 dederint
2472 3501 2484 3535 :
2517 3497 2687 3549 neque
2707 3495 2896 3534 omnes
2928 3480 3145 3548 impune
3171 3479 3299 3534 sinit
3324 3479 3508 3544 abire;
3540 3495 3612 3534 ne
3641 3490 3800 3549 putes

2199 3573 2377 3626 omnia
2425 3573 2541 3626 sine
2585 3571 2690 3625 ulla
2741 3570 3074 3640 providentia
3101 3569 3214 3641 geri
3251 3586 3263 3621 :
3301 3569 3395 3623 sed
3436 3577 3491 3624 et
3520 3569 3676 3639 punit
3699 3611 3716 3634 ,
3745 3579 3799 3623 et

2201 3681 2307 3720 non
2332 3667 2500 3736 punit.
2530 3665 2664 3721 Cum
2700 3667 2846 3733 punit
2871 3677 3051 3719 autem
3074 3705 3088 3728 ,
3117 3663 3388 3730 ostendit,
3422 3678 3481 3718 se
3523 3663 3690 3718 etiam
3730 3663 3804 3719 ab

2202 3758 2306 3813 illis
2329 3759 2419 3828 qui
2465 3758 2550 3814 hic
2580 3759 2721 3830 plexi
2750 3769 2872 3812 sunt
2902 3773 3086 3825 prunas
3128 3757 3238 3812 illic
3283 3766 3594 3812 exacturum
3639 3771 3801 3822 csse;

2201 3866 2321 3905 cum
2351 3866 2480 3906 vero
2512 3866 2614 3905 non
2647 3853 2834 3921 punit,
2865 3859 2915 3904 te
2953 3849 3016 3903 ad
3047 3849 3374 3904 credendum
3415 3848 3651 3916 inducit,
3678 3866 3804 3905 esse

2193 3951 2321 4010 post
2371 3957 2649 4023 excessum
2693 3958 2754 3995 ex
2804 3941 2902 3996 hac
2931 3944 3034 3995 vita
3060 3940 3291 3995 tribunal
3334 3939 3688 3996 horrendum.
3742 3941 3802 3997 Si

2198 4047 2358 4101 porro
2385 4033 2560 4101 priora
2589 4032 2808 4087 omnino
2851 4033 3142 4102 negligeret
3161 4074 3176 4098 ,
3219 4031 3394 4085 nullos
3424 4030 3512 4085 hic
3539 4032 3758 4101 puniret
3785 4075 3803 4100 ,

2201 4123 2375 4178 nullos
2416 4124 2691 4178 beneficiis
2729 4123 2969 4178 afﬁceret
3001 4141 3014 4177 :
3054 4137 3194 4178 nunc
3232 4131 3409 4178 autem
3447 4124 3598 4179 vides
3647 4124 3802 4181 illum

2203 4222 2420 4281 propter
2447 4222 2496 4267 te
2521 4221 2577 4266 et
2601 4214 2789 4267 cat-lum
2816 4214 3125 4270 extendisse
3143 4257 3158 4281 ,
3182 4223 3234 4270 et
3265 4215 3432 4271 solem
3461 4216 3804 4286 accendis“,

2202 4313 2257 4358 ct
2290 4313 2484 4359 terram
2516 4303 2800 4372 fundasse,
2830 4315 2883 4360 et
2913 4323 3060 4362 mare
3085 4306 3286 4363 fudisse
3309 4349 3326 4374 ,
3353 4317 3409 4363 et
3448 4323 3634 4364 acrem
3663 4325 3805 4379 pan-

2201 4394 2343 4450 disse
2363 4436 2377 4461 ,
2404 4405 2457 4451 et
2488 4397 2624 4451 lunae
2645 4412 2833 4451 cursus
2861 4397 3212 4467 disposuisse,
3253 4408 3307 4454 et
3348 4399 3475 4454 anni
3505 4408 3807 4470 tempesta-

2206 4487 2345 4541 tibus
2401 4488 2647 4543 immotas
2701 4489 2951 4543 statuisse
3003 4489 3184 4559 leges,
3249 4499 3556 4561 caeteraque
3616 4492 3807 4548 omnia

2204 4579 2369 4649 ipsius
2391 4589 2520 4634 nutu
2545 4590 2791 4636 accurate
2815 4597 3033 4635 eursmn
3068 4597 3220 4636 suum
3251 4581 3530 4651 perlicere.
3554 4583 3626 4636 At
3653 4585 3806 4640 enim

2205 4682 2388 4726 natura
2408 4681 2606 4740 nostra,
2633 4685 2818 4727 natura
2843 4688 3052 4742 quoque
3081 4672 3551 4739 irrationabilium,
3573 4688 3808 4746 serpen-

2206 4765 2375 4827 tium,
2437 4764 2766 4834 gradentinm
2793 4807 2806 4825 ,
2851 4765 3178 4830 volantium,
3231 4767 3563 4832 natantium,
3608 4783 3806 4823 eorum

2202 4873 2323 4925 qua:
2346 4859 2395 4910 in
2422 4859 2617 4923 stagnis
2643 4900 2656 4923 ,
2685 4862 2733 4912 in
2779 4859 3010 4912 fontibus
3033 4897 3048 4921 ,
3069 4857 3125 4911 in
3160 4856 3488 4925 ﬂuminibus,
3518 4859 3572 4914 in
3600 4850 3809 4916 monti-

2205 4948 2304 5002 bus
2325 4993 2338 5011 .
2375 4965 2425 5001 ιη
2454 4950 2710 5017 .altibus,
2760 4951 2812 5004 in
2843 4949 3090 5003 domibus
3115 4992 3129 5015 ,
3181 4949 3233 5003 in
3270 4960 3393 5005 acre
3417 4993 3431 5015 ,
3462 4950 3516 5005 in
3555 4951 3768 5022 campis
3789 4993 3807 5019 ,

2207 5043 2399 5110 plantae
2419 5083 2434 5106 ,
2477 5043 2709 5108 semina,
2737 5043 2960 5096 arbores
2984 5058 3077 5097 seu
3107 5043 3383 5098 silvestres
3401 5083 3418 5109 ,
3447 5058 3544 5098 seu
3572 5045 3757 5099 sativa
3784 5086 3801 5110 ,

2205 5139 2489 5192 fructuosa:
2511 5138 2596 5192 vel
2614 5137 2976 5204 infructuosa),
2996 5137 3174 5192 omnia
3196 5137 3408 5192 demum
3429 5138 3498 5193 ab
3523 5137 3798 5193 indefessa

2209 5229 2295 5282 illa
2322 5242 2483 5290 manu
2505 5238 2646 5283 mota
2677 5230 2837 5284 vitam
2883 5237 3118 5284 nostram
3150 5231 3358 5295 fovent,
3410 5244 3517 5284 non
3545 5229 3614 5285 ad
3646 5246 3809 5288 usum

2205 5328 2434 5387 tantum,
2463 5321 2556 5376 sed
2583 5322 2741 5376 ctiam
2769 5322 2834 5376 ad
2865 5323 3236 5378 liberalitatem
3263 5323 3626 5379 exercendam
3652 5335 3708 5379 et
3733 5327 3806 5379 ad

2207 5411 2515 5466 famulatum
2559 5414 2911 5469 ministerium
2938 5430 3093 5469 suum
3123 5414 3277 5469 nobis
3305 5415 3620 5484 prmbentia.
3653 5416 3805 5472 Tau-

2209 5498 2318 5554 titm
2347 5503 2526 5570 itaque
2545 5503 2729 5558 videns
2759 5519 2935 5559 rerum
2960 5503 3200 5558 ordinem
3227 5505 3326 5558 etsi
3357 5506 3602 5576 exiguam
3626 5507 3808 5565 Solam

2206 5593 2322 5661 ejus
2368 5605 2569 5663 partem
2619 5595 2912 5651 referamus
2936 5636 2952 5663 ,
2981 5596 3160 5650 dicere
3199 5595 3363 5650 audes
3389 5638 3404 5663 ,
3436 5612 3561 5651 eum
3592 5598 3686 5667 qui
3735 5609 3815 5656 tot

2210 5694 2460 5754 tantaque
2514 5697 2727 5757 prepter
2757 5699 2808 5744 te
2833 5695 3084 5757 operatus
3111 5699 3210 5756 est,
3246 5689 3298 5746 in
3322 5690 3578 5747 extremis
3601 5701 3661 5757 te
3713 5710 3812 5749 ne-

2272 5786 2292 5818 ι
2330 5784 2442 5846 Alii,
2495 5800 2842 5856 murorumque
2885 5788 3149 5853 effossorrs.
