  <div class='ocr_page' id='page_1' title='image "/cluster/home/n/w/nwhite01/storage/ocr_20150623/57/ien.35556001660844/148.png"; bbox 0 0 4050 6422; ppageno 0'>
   <div class='ocr_carea' id='block_1_1' title="bbox 215 351 323 413">
    <p class='ocr_par' dir='ltr' id='par_1_1' title="bbox 215 351 323 413">
     <span class='ocr_line' id='line_1_1' title="bbox 215 351 323 413; baseline -0.093 0"><span class='ocrx_word' id='word_1_1' title='bbox 215 351 323 413; x_wconf 73' lang='grc'><strong>217</strong></span> 
     </span>
    </p>
   </div>
   <div class='ocr_carea' id='block_1_2' title="bbox 203 453 1804 553">
    <p class='ocr_par' dir='ltr' id='par_1_2' title="bbox 203 453 1804 553">
     <span class='ocr_line' id='line_1_2' title="bbox 203 453 1804 553; baseline -0.019 -16"><span class='ocrx_word' id='word_1_2' title='bbox 203 485 502 553; x_wconf 83' lang='lat' dir='ltr'><strong>glecturum</strong></span> <span class='ocrx_word' id='word_1_3' title='bbox 532 492 657 536; x_wconf 87' lang='lat' dir='ltr'><strong>esse</strong></span> <span class='ocrx_word' id='word_1_4' title='bbox 680 515 695 539; x_wconf 92' lang='lat'><strong>,</strong></span> <span class='ocrx_word' id='word_1_5' title='bbox 713 481 768 530; x_wconf 87' lang='lat' dir='ltr'><strong>et</strong></span> <span class='ocrx_word' id='word_1_6' title='bbox 796 486 916 528; x_wconf 91' lang='lat' dir='ltr'><strong>cum</strong></span> <span class='ocrx_word' id='word_1_7' title='bbox 943 469 1109 524; x_wconf 78' lang='lat' dir='ltr'><strong>asinis</strong></span> <span class='ocrx_word' id='word_1_8' title='bbox 1136 473 1190 520; x_wconf 92' lang='lat' dir='ltr'><strong>et</strong></span> <span class='ocrx_word' id='word_1_9' title='bbox 1219 460 1391 533; x_wconf 86' lang='lat' dir='ltr'><strong>porcis</strong></span> <span class='ocrx_word' id='word_1_10' title='bbox 1419 466 1687 553; x_wconf 75' lang='lat' dir='ltr'><strong>mortuum</strong></span> <span class='ocrx_word' id='word_1_11' title='bbox 1719 453 1804 553; x_wconf 79' lang='lat' dir='ltr'><strong>di-</strong></span> 
     </span>
    </p>
   </div>
   <div class='ocr_carea' id='block_1_3' title="bbox 196 546 1805 639">
    <p class='ocr_par' dir='ltr' id='par_1_3' title="bbox 196 546 1805 639">
     <span class='ocr_line' id='line_1_3' title="bbox 196 546 1805 639; baseline -0.021 -8"><span class='ocrx_word' id='word_1_12' title='bbox 196 546 494 631; x_wconf 69' lang='lat' dir='ltr'><strong>missurum</strong></span> <span class='ocrx_word' id='word_1_13' title='bbox 538 570 843 639; x_wconf 81' lang='lat' dir='ltr'><strong>jacentem;</strong></span> <span class='ocrx_word' id='word_1_14' title='bbox 876 577 938 618; x_wconf 90' lang='lat' dir='ltr'><strong>ac</strong></span> <span class='ocrx_word' id='word_1_15' title='bbox 968 569 1249 632; x_wconf 80' lang='lat' dir='ltr'><strong>postquam</strong></span> <span class='ocrx_word' id='word_1_16' title='bbox 1277 564 1329 608; x_wconf 90' lang='lat' dir='ltr'><strong>te</strong></span> <span class='ocrx_word' id='word_1_17' title='bbox 1357 563 1504 606; x_wconf 84' lang='lat' dir='ltr'><strong>tanto</strong></span> <span class='ocrx_word' id='word_1_18' title='bbox 1533 546 1805 618; x_wconf 75' lang='lat' dir='ltr'><strong>religionis</strong></span> 
     </span>
    </p>
   </div>
   <div class='ocr_carea' id='block_1_4' title="bbox 192 641 1808 729">
    <p class='ocr_par' dir='ltr' id='par_1_4' title="bbox 192 641 1808 729">
     <span class='ocr_line' id='line_1_4' title="bbox 192 641 1808 729; baseline -0.025 -5"><span class='ocrx_word' id='word_1_19' title='bbox 192 668 351 724; x_wconf 88' lang='lat' dir='ltr'><strong>dono</strong></span> <span class='ocrx_word' id='word_1_20' title='bbox 377 659 680 726; x_wconf 73' lang='lat' dir='ltr'><strong>honoravit,</strong></span> <span class='ocrx_word' id='word_1_21' title='bbox 707 675 814 729; x_wconf 85' lang='lat' dir='ltr'><strong>quo</strong></span> <span class='ocrx_word' id='word_1_22' title='bbox 843 665 893 713; x_wconf 85' lang='lat' dir='ltr'><strong>te</strong></span> <span class='ocrx_word' id='word_1_23' title='bbox 913 653 1119 721; x_wconf 78' lang='lat' dir='ltr'><strong>angelis</strong></span> <span class='ocrx_word' id='word_1_24' title='bbox 1147 646 1406 718; x_wconf 82' lang='lat' dir='ltr'><strong>aequalem</strong></span> <span class='ocrx_word' id='word_1_25' title='bbox 1431 641 1576 706; x_wconf 80' lang='lat' dir='ltr'><strong>fecit,</strong></span> <span class='ocrx_word' id='word_1_26' title='bbox 1606 648 1659 694; x_wconf 91' lang='lat' dir='ltr'><strong>te</strong></span> <span class='ocrx_word' id='word_1_27' title='bbox 1688 646 1808 729; x_wconf 66' lang='lat' dir='ltr'><strong>post</strong></span> 
     </span>
    </p>
   </div>
   <div class='ocr_carea' id='block_1_5' title="bbox 201 726 1805 814">
    <p class='ocr_par' dir='ltr' id='par_1_5' title="bbox 201 726 1805 814">
     <span class='ocr_line' id='line_1_5' title="bbox 201 726 1805 814; baseline -0.02 0"><span class='ocrx_word' id='word_1_28' title='bbox 201 765 490 814; x_wconf 76' lang='lat' dir='ltr'><strong>sexcentos</strong></span> <span class='ocrx_word' id='word_1_29' title='bbox 537 726 750 809; x_wconf 80' lang='lat' dir='ltr'><strong>labores</strong></span> <span class='ocrx_word' id='word_1_30' title='bbox 797 758 850 805; x_wconf 90' lang='lat' dir='ltr'><strong>et</strong></span> <span class='ocrx_word' id='word_1_31' title='bbox 881 745 1106 802; x_wconf 80' lang='lat' dir='ltr'><strong>sudores</strong></span> <span class='ocrx_word' id='word_1_32' title='bbox 1147 732 1569 808; x_wconf 81' lang='lat' dir='ltr'><strong>despectorum?</strong></span> <span class='ocrx_word' id='word_1_33' title='bbox 1602 726 1805 795; x_wconf 87' lang='lat' dir='ltr'><strong>Ecquid</strong></span> 
     </span>
    </p>
   </div>
   <div class='ocr_carea' id='block_1_6' title="bbox 203 821 1808 921">
    <p class='ocr_par' dir='ltr' id='par_1_6' title="bbox 203 821 1808 921">
     <span class='ocr_line' id='line_1_6' title="bbox 203 821 1808 921; baseline -0.02 -20"><span class='ocrx_word' id='word_1_34' title='bbox 203 847 400 903; x_wconf 81' lang='lat' dir='ltr'><strong>rationi</strong></span> <span class='ocrx_word' id='word_1_35' title='bbox 431 843 609 898; x_wconf 90' lang='lat' dir='ltr'><strong>minus</strong></span> <span class='ocrx_word' id='word_1_36' title='bbox 652 836 993 896; x_wconf 86' lang='lat' dir='ltr'><strong>consonum?</strong></span> <span class='ocrx_word' id='word_1_37' title='bbox 1024 832 1150 887; x_wconf 71' lang='lat' dir='ltr'><strong>“ch</strong></span> <span class='ocrx_word' id='word_1_38' title='bbox 1194 828 1424 899; x_wconf 89' lang='lat' dir='ltr'><strong>quippe,</strong></span> <span class='ocrx_word' id='word_1_39' title='bbox 1451 821 1555 878; x_wconf 85' lang='lat' dir='ltr'><strong>etsi</strong></span> <span class='ocrx_word' id='word_1_40' title='bbox 1604 833 1703 873; x_wconf 87' lang='lat' dir='ltr'><strong>nos</strong></span> <span class='ocrx_word' id='word_1_41' title='bbox 1730 827 1808 921; x_wconf 73' lang='lat' dir='ltr'><strong>ta-</strong></span> 
     </span>
    </p>
   </div>
   <div class='ocr_carea' id='block_1_7' title="bbox 199 916 1807 1002">
    <p class='ocr_par' dir='ltr' id='par_1_7' title="bbox 199 916 1807 1002">
     <span class='ocr_line' id='line_1_7' title="bbox 199 916 1807 1002; baseline -0.021 -8"><span class='ocrx_word' id='word_1_42' title='bbox 199 951 458 997; x_wconf 82' lang='lat' dir='ltr'><strong>ceamus,</strong></span> <span class='ocrx_word' id='word_1_43' title='bbox 496 933 701 1002; x_wconf 86' lang='lat' dir='ltr'><strong>lapides</strong></span> <span class='ocrx_word' id='word_1_44' title='bbox 730 927 1072 990; x_wconf 84' lang='lat' dir='ltr'><strong>clamabunt,</strong></span> <span class='ocrx_word' id='word_1_45' title='bbox 1115 923 1186 977; x_wconf 82' lang='lat' dir='ltr'><strong>ita</strong></span> <span class='ocrx_word' id='word_1_46' title='bbox 1217 928 1342 975; x_wconf 88' lang='lat' dir='ltr'><strong>sunt</strong></span> <span class='ocrx_word' id='word_1_47' title='bbox 1378 916 1521 971; x_wconf 89' lang='lat' dir='ltr'><strong>clara</strong></span> <span class='ocrx_word' id='word_1_48' title='bbox 1550 920 1605 967; x_wconf 90' lang='lat' dir='ltr'><strong>et</strong></span> <span class='ocrx_word' id='word_1_49' title='bbox 1636 916 1807 964; x_wconf 84' lang='lat' dir='ltr'><strong>mani-</strong></span> 
     </span>
    </p>
   </div>
   <div class='ocr_carea' id='block_1_8' title="bbox 202 1004 1812 1095">
    <p class='ocr_par' dir='ltr' id='par_1_8' title="bbox 202 1004 1812 1095">
     <span class='ocr_line' id='line_1_8' title="bbox 202 1004 1812 1095; baseline -0.02 -12"><span class='ocrx_word' id='word_1_50' title='bbox 202 1031 362 1092; x_wconf 80' lang='lat' dir='ltr'><strong>festa,</strong></span> <span class='ocrx_word' id='word_1_51' title='bbox 399 1026 570 1095; x_wconf 88' lang='lat' dir='ltr'><strong>magis</strong></span> <span class='ocrx_word' id='word_1_52' title='bbox 595 1037 756 1093; x_wconf 87' lang='lat' dir='ltr'><strong>quam</strong></span> <span class='ocrx_word' id='word_1_53' title='bbox 789 1017 1120 1089; x_wconf 88' lang='lat' dir='ltr'><strong>ipsi-solares</strong></span> <span class='ocrx_word' id='word_1_54' title='bbox 1158 1010 1313 1066; x_wconf 85' lang='lat' dir='ltr'><strong>radii.</strong></span> <span class='ocrx_word' id='word_1_55' title='bbox 1345 1007 1473 1063; x_wconf 64' lang='lat'><strong>“:20</strong></span> <span class='ocrx_word' id='word_1_56' title='bbox 1503 1004 1665 1074; x_wconf 77' lang='lat' dir='ltr'><strong>igitur</strong></span> <span class='ocrx_word' id='word_1_57' title='bbox 1693 1016 1812 1056; x_wconf 82' lang='lat' dir='ltr'><strong>om-</strong></span> 
     </span>
    </p>
   </div>
   <div class='ocr_carea' id='block_1_9' title="bbox 202 1100 1802 1186">
    <p class='ocr_par' dir='ltr' id='par_1_9' title="bbox 202 1100 1802 1186">
     <span class='ocr_line' id='line_1_9' title="bbox 202 1100 1802 1186; baseline -0.018 -13"><span class='ocrx_word' id='word_1_58' title='bbox 202 1121 294 1174; x_wconf 84' lang='lat' dir='ltr'><strong>nia</strong></span> <span class='ocrx_word' id='word_1_59' title='bbox 322 1116 647 1186; x_wconf 85' lang='lat' dir='ltr'><strong>cogitantes,</strong></span> <span class='ocrx_word' id='word_1_60' title='bbox 679 1120 734 1166; x_wconf 89' lang='lat' dir='ltr'><strong>ct</strong></span> <span class='ocrx_word' id='word_1_61' title='bbox 761 1114 812 1165; x_wconf 89' lang='lat' dir='ltr'><strong>in</strong></span> <span class='ocrx_word' id='word_1_62' title='bbox 841 1107 1034 1164; x_wconf 85' lang='lat' dir='ltr'><strong>animis</strong></span> <span class='ocrx_word' id='word_1_63' title='bbox 1062 1104 1264 1161; x_wconf 75' lang='lat' dir='ltr'><strong>nostris</strong></span> <span class='ocrx_word' id='word_1_64' title='bbox 1292 1109 1438 1156; x_wconf 83' lang='lat' dir='ltr'><strong>certa</strong></span> <span class='ocrx_word' id='word_1_65' title='bbox 1461 1100 1802 1186; x_wconf 68' lang='lat' dir='ltr'><strong>statuentes,</strong></span> 
     </span>
    </p>
   </div>
   <div class='ocr_carea' id='block_1_10' title="bbox 210 1184 1809 1275">
    <p class='ocr_par' dir='ltr' id='par_1_10' title="bbox 210 1184 1809 1275">
     <span class='ocr_line' id='line_1_10' title="bbox 210 1184 1809 1275; baseline -0.016 -14"><span class='ocrx_word' id='word_1_66' title='bbox 210 1184 411 1275; x_wconf 77' lang='lat' dir='ltr'><strong>nempe</strong></span> <span class='ocrx_word' id='word_1_67' title='bbox 442 1213 562 1274; x_wconf 89' lang='lat' dir='ltr'><strong>post</strong></span> <span class='ocrx_word' id='word_1_68' title='bbox 584 1203 862 1258; x_wconf 82' lang='lat' dir='ltr'><strong>decessum</strong></span> <span class='ocrx_word' id='word_1_69' title='bbox 893 1215 961 1254; x_wconf 75' lang='lat' dir='ltr'><strong>ex</strong></span> <span class='ocrx_word' id='word_1_70' title='bbox 985 1197 1088 1252; x_wconf 81' lang='lat' dir='ltr'><strong>hac</strong></span> <span class='ocrx_word' id='word_1_71' title='bbox 1123 1196 1256 1261; x_wconf 86' lang='lat' dir='ltr'><strong>vita,</strong></span> <span class='ocrx_word' id='word_1_72' title='bbox 1289 1207 1389 1247; x_wconf 87' lang='lat' dir='ltr'><strong>nos</strong></span> <span class='ocrx_word' id='word_1_73' title='bbox 1415 1186 1683 1243; x_wconf 89' lang='lat' dir='ltr'><strong>horrendo</strong></span> <span class='ocrx_word' id='word_1_74' title='bbox 1709 1184 1809 1238; x_wconf 78' lang='lat' dir='ltr'><strong>tri-</strong></span> 
     </span>
    </p>
   </div>
   <div class='ocr_carea' id='block_1_11' title="bbox 205 1276 1813 1358">
    <p class='ocr_par' dir='ltr' id='par_1_11' title="bbox 205 1276 1813 1358">
     <span class='ocr_line' id='line_1_11' title="bbox 205 1276 1813 1358; baseline -0.017 -3"><span class='ocrx_word' id='word_1_75' title='bbox 205 1300 398 1356; x_wconf 86' lang='lat' dir='ltr'><strong>bunali</strong></span> <span class='ocrx_word' id='word_1_76' title='bbox 440 1297 708 1356; x_wconf 80' lang='lat' dir='ltr'><strong>sistendae</strong></span> <span class='ocrx_word' id='word_1_77' title='bbox 733 1310 854 1350; x_wconf 83' lang='lat' dir='ltr'><strong>esse</strong></span> <span class='ocrx_word' id='word_1_78' title='bbox 874 1335 888 1358; x_wconf 90' lang='lat'><strong>,</strong></span> <span class='ocrx_word' id='word_1_79' title='bbox 921 1291 1183 1348; x_wconf 88' lang='lat' dir='ltr'><strong>rationem</strong></span> <span class='ocrx_word' id='word_1_80' title='bbox 1215 1284 1521 1341; x_wconf 80' lang='lat' dir='ltr'><strong>reddituros</strong></span> <span class='ocrx_word' id='word_1_81' title='bbox 1549 1278 1617 1334; x_wconf 90' lang='lat' dir='ltr'><strong>de</strong></span> <span class='ocrx_word' id='word_1_82' title='bbox 1644 1276 1813 1348; x_wconf 82' lang='lat' dir='ltr'><strong>gestis</strong></span> 
     </span>
    </p>
   </div>
   <div class='ocr_carea' id='block_1_12' title="bbox 1361 329 2311 398">
    <p class='ocr_par' dir='ltr' id='par_1_12' title="bbox 1361 329 2311 398">
     <span class='ocr_line' id='line_1_12' title="bbox 1361 329 2311 398; baseline -0.019 0"><span class='ocrx_word' id='word_1_83' title='bbox 1361 344 1426 398; x_wconf 71' lang='lat' dir='ltr'><strong>IN</strong></span> <span class='ocrx_word' id='word_1_84' title='bbox 1466 335 1876 398; x_wconf 65' lang='lat' dir='ltr'><strong>MATTI-IEL&#39;M</strong></span> <span class='ocrx_word' id='word_1_85' title='bbox 1919 329 2145 388; x_wconf 75' lang='lat' dir='ltr'><strong>llOMlL.</strong></span> <span class='ocrx_word' id='word_1_86' title='bbox 2194 329 2311 385; x_wconf 77' lang='lat' dir='ltr'><strong>X-IV</strong></span> 
     </span>
    </p>
   </div>
   <div class='ocr_carea' id='block_1_13' title="bbox 3417 299 3523 380">
    <p class='ocr_par' dir='ltr' id='par_1_13' title="bbox 3417 299 3523 380">
     <span class='ocr_line' id='line_1_13' title="bbox 3417 299 3523 380; baseline 0.009 -1"><span class='ocrx_word' id='word_1_87' title='bbox 3417 299 3523 380; x_wconf 73' lang='lat' dir='ltr'><strong>‘m</strong></span> 
     </span>
    </p>
   </div>
   <div class='ocr_carea' id='block_1_14' title="bbox 1913 444 3522 516">
    <p class='ocr_par' dir='ltr' id='par_1_14' title="bbox 1913 444 3522 516">
     <span class='ocr_line' id='line_1_14' title="bbox 1913 444 3522 516; baseline -0.002 -12"><span class='ocrx_word' id='word_1_88' title='bbox 1913 447 2188 512; x_wconf 87' lang='lat' dir='ltr'><strong>omnibus,</strong></span> <span class='ocrx_word' id='word_1_89' title='bbox 2223 461 2410 516; x_wconf 67' lang='lat' dir='ltr'><strong>penus</strong></span> <span class='ocrx_word' id='word_1_90' title='bbox 2434 444 2656 501; x_wconf 81' lang='lat' dir='ltr'><strong>daturos</strong></span> <span class='ocrx_word' id='word_1_91' title='bbox 2674 487 2689 509; x_wconf 94' lang='lat'><strong>,</strong></span> <span class='ocrx_word' id='word_1_92' title='bbox 2716 453 2774 501; x_wconf 83' lang='lat' dir='ltr'><strong>et</strong></span> <span class='ocrx_word' id='word_1_93' title='bbox 2802 445 3062 500; x_wconf 85' lang='lat' dir='ltr'><strong>ultionem</strong></span> <span class='ocrx_word' id='word_1_94' title='bbox 3091 455 3446 514; x_wconf 79' lang='lat' dir='ltr'><strong>esperturos,</strong></span> <span class='ocrx_word' id='word_1_95' title='bbox 3475 447 3522 502; x_wconf 89' lang='lat' dir='ltr'><strong>si</strong></span> 
     </span>
    </p>
   </div>
   <div class='ocr_carea' id='block_1_15' title="bbox 1916 534 3524 611">
    <p class='ocr_par' dir='ltr' id='par_1_15' title="bbox 1916 534 3524 611">
     <span class='ocr_line' id='line_1_15' title="bbox 1916 534 3524 611; baseline -0.004 -17"><span class='ocrx_word' id='word_1_96' title='bbox 1916 539 2230 611; x_wconf 83' lang='lat' dir='ltr'><strong>in-pcccatis</strong></span> <span class='ocrx_word' id='word_1_97' title='bbox 2261 551 2609 600; x_wconf 84' lang='lat' dir='ltr'><strong>maneamus;</strong></span> <span class='ocrx_word' id='word_1_98' title='bbox 2638 545 2822 591; x_wconf 89' lang='lat' dir='ltr'><strong>contra</strong></span> <span class='ocrx_word' id='word_1_99' title='bbox 2853 550 2983 591; x_wconf 87' lang='lat' dir='ltr'><strong>vero</strong></span> <span class='ocrx_word' id='word_1_100' title='bbox 3007 535 3226 590; x_wconf 86' lang='lat' dir='ltr'><strong>coronis</strong></span> <span class='ocrx_word' id='word_1_101' title='bbox 3255 541 3310 591; x_wconf 85' lang='lat' dir='ltr'><strong>et</strong></span> <span class='ocrx_word' id='word_1_102' title='bbox 3335 534 3524 589; x_wconf 67' lang='lat' dir='ltr'><strong>ineﬂa-</strong></span> 
     </span>
    </p>
   </div>
   <div class='ocr_carea' id='block_1_16' title="bbox 1913 624 3530 696">
    <p class='ocr_par' dir='ltr' id='par_1_16' title="bbox 1913 624 3530 696">
     <span class='ocr_line' id='line_1_16' title="bbox 1913 624 3530 696; baseline -0.004 -11"><span class='ocrx_word' id='word_1_103' title='bbox 1913 629 2110 685; x_wconf 87' lang='lat' dir='ltr'><strong>bilibus</strong></span> <span class='ocrx_word' id='word_1_104' title='bbox 2143 629 2298 684; x_wconf 84' lang='lat' dir='ltr'><strong>bonis</strong></span> <span class='ocrx_word' id='word_1_105' title='bbox 2343 626 2654 692; x_wconf 82' lang='lat' dir='ltr'><strong>donandus,</strong></span> <span class='ocrx_word' id='word_1_106' title='bbox 2677 627 2722 680; x_wconf 91' lang='lat' dir='ltr'><strong>si</strong></span> <span class='ocrx_word' id='word_1_107' title='bbox 2753 640 2917 696; x_wconf 77' lang='lat' dir='ltr'><strong>parvo</strong></span> <span class='ocrx_word' id='word_1_108' title='bbox 2946 635 3190 696; x_wconf 88' lang='lat' dir='ltr'><strong>tempore</strong></span> <span class='ocrx_word' id='word_1_109' title='bbox 3216 624 3374 681; x_wconf 88' lang='lat' dir='ltr'><strong>nobis</strong></span> <span class='ocrx_word' id='word_1_110' title='bbox 3398 625 3530 696; x_wconf 82' lang='lat' dir='ltr'><strong>ipsis</strong></span> 
     </span>
    </p>
   </div>
   <div class='ocr_carea' id='block_1_17' title="bbox 1915 714 3529 788">
    <p class='ocr_par' dir='ltr' id='par_1_17' title="bbox 1915 714 3529 788">
     <span class='ocr_line' id='line_1_17' title="bbox 1915 714 3529 788; baseline -0.004 -11"><span class='ocrx_word' id='word_1_111' title='bbox 1915 721 2193 777; x_wconf 88' lang='lat' dir='ltr'><strong>attendere</strong></span> <span class='ocrx_word' id='word_1_112' title='bbox 2223 720 2587 784; x_wconf 90' lang='lat' dir='ltr'><strong>voluerimus;</strong></span> <span class='ocrx_word' id='word_1_113' title='bbox 2607 733 2796 774; x_wconf 89' lang='lat' dir='ltr'><strong>eorum</strong></span> <span class='ocrx_word' id='word_1_114' title='bbox 2825 719 2916 788; x_wconf 85' lang='lat' dir='ltr'><strong>qui</strong></span> <span class='ocrx_word' id='word_1_115' title='bbox 2942 716 3026 772; x_wconf 89' lang='lat' dir='ltr'><strong>his</strong></span> <span class='ocrx_word' id='word_1_116' title='bbox 3049 717 3319 772; x_wconf 86' lang='lat' dir='ltr'><strong>contraria</strong></span> <span class='ocrx_word' id='word_1_117' title='bbox 3345 714 3529 771; x_wconf 84' lang='lat' dir='ltr'><strong>dicere</strong></span> 
     </span>
    </p>
   </div>
   <div class='ocr_carea' id='block_1_18' title="bbox 1914 808 3527 882">
    <p class='ocr_par' dir='ltr' id='par_1_18' title="bbox 1914 808 3527 882">
     <span class='ocr_line' id='line_1_18' title="bbox 1914 808 3527 882; baseline -0.006 -12"><span class='ocrx_word' id='word_1_118' title='bbox 1914 815 2116 870; x_wconf 82' lang='lat' dir='ltr'><strong>audent</strong></span> <span class='ocrx_word' id='word_1_119' title='bbox 2159 829 2254 870; x_wconf 89' lang='lat' dir='ltr'><strong>ora</strong></span> <span class='ocrx_word' id='word_1_120' title='bbox 2283 814 2628 868; x_wconf 88' lang='lat' dir='ltr'><strong>obstruamus</strong></span> <span class='ocrx_word' id='word_1_121' title='bbox 2652 853 2667 877; x_wconf 93' lang='lat'><strong>,</strong></span> <span class='ocrx_word' id='word_1_122' title='bbox 2700 822 2758 868; x_wconf 90' lang='lat' dir='ltr'><strong>et</strong></span> <span class='ocrx_word' id='word_1_123' title='bbox 2787 811 2887 882; x_wconf 87' lang='lat' dir='ltr'><strong>ipsi</strong></span> <span class='ocrx_word' id='word_1_124' title='bbox 2915 811 3158 866; x_wconf 77' lang='lat' dir='ltr'><strong>veritatis</strong></span> <span class='ocrx_word' id='word_1_125' title='bbox 3185 810 3325 865; x_wconf 89' lang='lat' dir='ltr'><strong>viam</strong></span> <span class='ocrx_word' id='word_1_126' title='bbox 3358 808 3527 878; x_wconf 90' lang='lat' dir='ltr'><strong>eliga-</strong></span> 
     </span>
    </p>
   </div>
   <div class='ocr_carea' id='block_1_19' title="bbox 1918 899 3531 974">
    <p class='ocr_par' dir='ltr' id='par_1_19' title="bbox 1918 899 3531 974">
     <span class='ocr_line' id='line_1_19' title="bbox 1918 899 3531 974; baseline -0.004 -12"><span class='ocrx_word' id='word_1_127' title='bbox 1918 923 2040 962; x_wconf 88' lang='lat' dir='ltr'><strong>mus</strong></span> <span class='ocrx_word' id='word_1_128' title='bbox 2059 949 2074 974; x_wconf 93' lang='lat'><strong>,</strong></span> <span class='ocrx_word' id='word_1_129' title='bbox 2108 915 2166 962; x_wconf 90' lang='lat' dir='ltr'><strong>ut</strong></span> <span class='ocrx_word' id='word_1_130' title='bbox 2189 921 2312 961; x_wconf 90' lang='lat' dir='ltr'><strong>cum</strong></span> <span class='ocrx_word' id='word_1_131' title='bbox 2343 904 2537 960; x_wconf 78' lang='lat' dir='ltr'><strong>ﬁducia</strong></span> <span class='ocrx_word' id='word_1_132' title='bbox 2558 903 2886 974; x_wconf 87' lang='lat' dir='ltr'><strong>competenti</strong></span> <span class='ocrx_word' id='word_1_133' title='bbox 2913 903 2981 957; x_wconf 88' lang='lat' dir='ltr'><strong>ad</strong></span> <span class='ocrx_word' id='word_1_134' title='bbox 3016 899 3251 958; x_wconf 80' lang='lat' dir='ltr'><strong>tribunal</strong></span> <span class='ocrx_word' id='word_1_135' title='bbox 3281 900 3418 956; x_wconf 85' lang='lat' dir='ltr'><strong>illud</strong></span> <span class='ocrx_word' id='word_1_136' title='bbox 3439 915 3531 956; x_wconf 84' lang='lat' dir='ltr'><strong>ac-</strong></span> 
     </span>
    </p>
   </div>
   <div class='ocr_carea' id='block_1_20' title="bbox 1915 993 3524 1065">
    <p class='ocr_par' dir='ltr' id='par_1_20' title="bbox 1915 993 3524 1065">
     <span class='ocr_line' id='line_1_20' title="bbox 1915 993 3524 1065; baseline -0.006 -10"><span class='ocrx_word' id='word_1_137' title='bbox 1915 999 2201 1065; x_wconf 85' lang='lat' dir='ltr'><strong>cedentes,</strong></span> <span class='ocrx_word' id='word_1_138' title='bbox 2245 998 2383 1052; x_wconf 89' lang='lat' dir='ltr'><strong>bona</strong></span> <span class='ocrx_word' id='word_1_139' title='bbox 2408 996 2564 1052; x_wconf 88' lang='lat' dir='ltr'><strong>nobis</strong></span> <span class='ocrx_word' id='word_1_140' title='bbox 2594 995 2858 1065; x_wconf 85' lang='lat' dir='ltr'><strong>promissa</strong></span> <span class='ocrx_word' id='word_1_141' title='bbox 2884 1008 3281 1064; x_wconf 85' lang='lat' dir='ltr'><strong>consequamur</strong></span> <span class='ocrx_word' id='word_1_142' title='bbox 3304 1035 3320 1059; x_wconf 94' lang='lat'><strong>,</strong></span> <span class='ocrx_word' id='word_1_143' title='bbox 3353 993 3524 1063; x_wconf 87' lang='lat' dir='ltr'><strong>gratia</strong></span> 
     </span>
    </p>
   </div>
   <div class='ocr_carea' id='block_1_21' title="bbox 1919 1081 3533 1158">
    <p class='ocr_par' dir='ltr' id='par_1_21' title="bbox 1919 1081 3533 1158">
     <span class='ocr_line' id='line_1_21' title="bbox 1919 1081 3533 1158; baseline -0.006 -14"><span class='ocrx_word' id='word_1_144' title='bbox 1919 1102 1973 1144; x_wconf 90' lang='lat' dir='ltr'><strong>et</strong></span> <span class='ocrx_word' id='word_1_145' title='bbox 2003 1087 2331 1158; x_wconf 80' lang='lat' dir='ltr'><strong>benignitate</strong></span> <span class='ocrx_word' id='word_1_146' title='bbox 2357 1085 2570 1141; x_wconf 86' lang='lat' dir='ltr'><strong>Domini</strong></span> <span class='ocrx_word' id='word_1_147' title='bbox 2601 1085 2771 1141; x_wconf 85' lang='lat' dir='ltr'><strong>nostri</strong></span> <span class='ocrx_word' id='word_1_148' title='bbox 2809 1083 2939 1138; x_wconf 86' lang='lat' dir='ltr'><strong>Jesu</strong></span> <span class='ocrx_word' id='word_1_149' title='bbox 2977 1081 3212 1150; x_wconf 86' lang='lat' dir='ltr'><strong>Christi,</strong></span> <span class='ocrx_word' id='word_1_150' title='bbox 3244 1082 3329 1136; x_wconf 92' lang='lat' dir='ltr'><strong>cui</strong></span> <span class='ocrx_word' id='word_1_151' title='bbox 3361 1081 3533 1152; x_wconf 78' lang='lat' dir='ltr'><strong>gloria</strong></span> 
     </span>
    </p>
   </div>
   <div class='ocr_carea' id='block_1_22' title="bbox 1920 1172 3534 1251">
    <p class='ocr_par' dir='ltr' id='par_1_22' title="bbox 1920 1172 3534 1251">
     <span class='ocr_line' id='line_1_22' title="bbox 1920 1172 3534 1251; baseline -0.006 -16"><span class='ocrx_word' id='word_1_152' title='bbox 1920 1193 1971 1235; x_wconf 90' lang='lat' dir='ltr'><strong>et</strong></span> <span class='ocrx_word' id='word_1_153' title='bbox 2006 1178 2289 1249; x_wconf 87' lang='lat' dir='ltr'><strong>imperium</strong></span> <span class='ocrx_word' id='word_1_154' title='bbox 2312 1221 2326 1244; x_wconf 95' lang='lat'><strong>,</strong></span> <span class='ocrx_word' id='word_1_155' title='bbox 2361 1193 2504 1232; x_wconf 88' lang='lat' dir='ltr'><strong>nunc</strong></span> <span class='ocrx_word' id='word_1_156' title='bbox 2539 1185 2594 1231; x_wconf 90' lang='lat' dir='ltr'><strong>et</strong></span> <span class='ocrx_word' id='word_1_157' title='bbox 2622 1191 2869 1251; x_wconf 87' lang='lat' dir='ltr'><strong>semper,</strong></span> <span class='ocrx_word' id='word_1_158' title='bbox 2901 1182 2956 1229; x_wconf 86' lang='lat' dir='ltr'><strong>et</strong></span> <span class='ocrx_word' id='word_1_159' title='bbox 2995 1176 3048 1228; x_wconf 92' lang='lat' dir='ltr'><strong>in</strong></span> <span class='ocrx_word' id='word_1_160' title='bbox 3077 1172 3274 1228; x_wconf 77' lang='lat' dir='ltr'><strong>saecula</strong></span> <span class='ocrx_word' id='word_1_161' title='bbox 3305 1172 3534 1229; x_wconf 59' lang='lat' dir='ltr'><strong>szeculos</strong></span> 
     </span>
    </p>
   </div>
   <div class='ocr_carea' id='block_1_23' title="bbox 1923 1273 2300 1324">
    <p class='ocr_par' dir='ltr' id='par_1_23' title="bbox 1923 1273 2300 1324">
     <span class='ocr_line' id='line_1_23' title="bbox 1923 1273 2300 1324; baseline -0.003 0"><span class='ocrx_word' id='word_1_162' title='bbox 1923 1286 2064 1324; x_wconf 91' lang='lat' dir='ltr'><strong>rum.</strong></span> <span class='ocrx_word' id='word_1_163' title='bbox 2105 1273 2300 1324; x_wconf 84' lang='lat' dir='ltr'><strong>Amen.</strong></span> 
     </span>
    </p>
   </div>
   <div class='ocr_carea' id='block_1_24' title="bbox 205 1397 3512 1444">
    <p class='ocr_par' dir='ltr' id='par_1_24' title="bbox 205 1397 3512 1444">
     <span class='ocr_line' id='line_1_24' title="bbox 205 1397 3512 1444; baseline -0.002 -27"><span class='ocrx_word' id='word_1_164' title='bbox 205 1397 3512 1444; x_wconf 75' lang='lat'><strong>____________________________________________.___.______.____.___</strong></span> 
     </span>
    </p>
   </div>
   <div class='ocr_carea' id='block_1_25' title="bbox 1569 1474 2144 1543">
    <p class='ocr_par' dir='ltr' id='par_1_25' title="bbox 1569 1474 2144 1543">
     <span class='ocr_line' id='line_1_25' title="bbox 1569 1474 2144 1543; baseline -0.019 1"><span class='ocrx_word' id='word_1_165' title='bbox 1569 1475 1918 1543; x_wconf 81' lang='lat' dir='ltr'><strong>HOMILIA</strong></span> <span class='ocrx_word' id='word_1_166' title='bbox 1969 1474 2144 1536; x_wconf 78' lang='lat' dir='ltr'><strong>XIV.</strong></span> 
     </span>
    </p>
   </div>
   <div class='ocr_carea' id='block_1_26' title="bbox 208 1601 1815 1685">
    <p class='ocr_par' dir='ltr' id='par_1_26' title="bbox 208 1601 1815 1685">
     <span class='ocr_line' id='line_1_26' title="bbox 208 1601 1815 1685; baseline -0.021 0"><span class='ocrx_word' id='word_1_167' title='bbox 208 1627 350 1685; x_wconf 64' lang='lat' dir='ltr'><strong>Car.</strong></span> <span class='ocrx_word' id='word_1_168' title='bbox 386 1628 441 1683; x_wconf 61' lang='grc' dir='ltr'><strong>Δ.</strong></span> <span class='ocrx_word' id='word_1_169' title='bbox 494 1625 670 1681; x_wconf 73' lang='grc' dir='ltr'><strong>ν.12.</strong></span> <span class='ocrx_word' id='word_1_170' title='bbox 721 1622 848 1678; x_wconf 85' lang='lat' dir='ltr'><strong>Cum</strong></span> <span class='ocrx_word' id='word_1_171' title='bbox 893 1618 1117 1674; x_wconf 77' lang='lat' dir='ltr'><strong>audisset</strong></span> <span class='ocrx_word' id='word_1_172' title='bbox 1165 1613 1346 1676; x_wconf 84' lang='lat' dir='ltr'><strong>Jcsns,</strong></span> <span class='ocrx_word' id='word_1_173' title='bbox 1397 1607 1532 1680; x_wconf 77' lang='lat' dir='ltr'><strong>quod</strong></span> <span class='ocrx_word' id='word_1_174' title='bbox 1587 1601 1815 1658; x_wconf 84' lang='lat' dir='ltr'><strong>Joannes</strong></span> 
     </span>
    </p>
   </div>
   <div class='ocr_carea' id='block_1_27' title="bbox 427 1704 1596 1778">
    <p class='ocr_par' dir='ltr' id='par_1_27' title="bbox 427 1704 1596 1778">
     <span class='ocr_line' id='line_1_27' title="bbox 427 1704 1596 1778; baseline -0.016 -8"><span class='ocrx_word' id='word_1_175' title='bbox 427 1717 642 1770; x_wconf 84' lang='lat' dir='ltr'><strong>traditus</strong></span> <span class='ocrx_word' id='word_1_176' title='bbox 671 1722 815 1778; x_wconf 87' lang='lat' dir='ltr'><strong>esset,</strong></span> <span class='ocrx_word' id='word_1_177' title='bbox 845 1710 1046 1766; x_wconf 74' lang='lat' dir='ltr'><strong>secessit</strong></span> <span class='ocrx_word' id='word_1_178' title='bbox 1073 1710 1125 1761; x_wconf 89' lang='lat' dir='ltr'><strong>in</strong></span> <span class='ocrx_word' id='word_1_179' title='bbox 1151 1704 1420 1760; x_wconf 78' lang='lat' dir='ltr'><strong>Galilteam</strong></span> <span class='ocrx_word' id='word_1_180' title='bbox 1439 1743 1454 1767; x_wconf 93' lang='lat'><strong>,</strong></span> <span class='ocrx_word' id='word_1_181' title='bbox 1487 1709 1596 1754; x_wconf 89' lang='lat' dir='ltr'><strong>etc.</strong></span> 
     </span>
    </p>
   </div>
   <div class='ocr_carea' id='block_1_28' title="bbox 288 1787 1819 1865">
    <p class='ocr_par' dir='ltr' id='par_1_28' title="bbox 288 1787 1819 1865">
     <span class='ocr_line' id='line_1_28' title="bbox 288 1787 1819 1865; baseline -0.018 0"><span class='ocrx_word' id='word_1_182' title='bbox 288 1811 336 1865; x_wconf 90' lang='grc'><strong>1.</strong></span> <span class='ocrx_word' id='word_1_183' title='bbox 381 1808 492 1863; x_wconf 87' lang='lat' dir='ltr'><strong>Cur</strong></span> <span class='ocrx_word' id='word_1_184' title='bbox 519 1820 735 1862; x_wconf 84' lang='lat' dir='ltr'><strong>rursum</strong></span> <span class='ocrx_word' id='word_1_185' title='bbox 761 1801 1028 1858; x_wconf 83' lang='lat' dir='ltr'><strong>secessit?</strong></span> <span class='ocrx_word' id='word_1_186' title='bbox 1070 1797 1137 1855; x_wconf 86' lang='lat' dir='ltr'><strong>Ut</strong></span> <span class='ocrx_word' id='word_1_187' title='bbox 1165 1810 1264 1852; x_wconf 88' lang='lat' dir='ltr'><strong>nos</strong></span> <span class='ocrx_word' id='word_1_188' title='bbox 1293 1795 1515 1850; x_wconf 86' lang='lat' dir='ltr'><strong>doceret</strong></span> <span class='ocrx_word' id='word_1_189' title='bbox 1535 1833 1549 1853; x_wconf 94' lang='lat'><strong>,</strong></span> <span class='ocrx_word' id='word_1_190' title='bbox 1589 1806 1655 1845; x_wconf 90' lang='lat' dir='ltr'><strong>ne</strong></span> <span class='ocrx_word' id='word_1_191' title='bbox 1679 1787 1819 1841; x_wconf 87' lang='lat' dir='ltr'><strong>ultro</strong></span> 
     </span>
    </p>
   </div>
   <div class='ocr_carea' id='block_1_29' title="bbox 211 1883 1819 1961">
    <p class='ocr_par' dir='ltr' id='par_1_29' title="bbox 211 1883 1819 1961">
     <span class='ocr_line' id='line_1_29' title="bbox 211 1883 1819 1961; baseline -0.013 -3"><span class='ocrx_word' id='word_1_192' title='bbox 211 1901 543 1957; x_wconf 82' lang='lat' dir='ltr'><strong>tentationes</strong></span> <span class='ocrx_word' id='word_1_193' title='bbox 569 1897 824 1952; x_wconf 87' lang='lat' dir='ltr'><strong>adeamus</strong></span> <span class='ocrx_word' id='word_1_194' title='bbox 843 1938 859 1961; x_wconf 94' lang='lat'><strong>,</strong></span> <span class='ocrx_word' id='word_1_195' title='bbox 883 1892 978 1949; x_wconf 89' lang='lat' dir='ltr'><strong>sed</strong></span> <span class='ocrx_word' id='word_1_196' title='bbox 1005 1892 1261 1948; x_wconf 85' lang='lat' dir='ltr'><strong>cedamus</strong></span> <span class='ocrx_word' id='word_1_197' title='bbox 1292 1887 1464 1958; x_wconf 88' lang='lat' dir='ltr'><strong>potius</strong></span> <span class='ocrx_word' id='word_1_198' title='bbox 1494 1899 1557 1939; x_wconf 87' lang='lat' dir='ltr'><strong>ac</strong></span> <span class='ocrx_word' id='word_1_199' title='bbox 1579 1883 1819 1938; x_wconf 84' lang='lat' dir='ltr'><strong>decline-</strong></span> 
     </span>
    </p>
   </div>
   <div class='ocr_carea' id='block_1_30' title="bbox 212 1974 1818 2060">
    <p class='ocr_par' dir='ltr' id='par_1_30' title="bbox 212 1974 1818 2060">
     <span class='ocr_line' id='line_1_30' title="bbox 212 1974 1818 2060; baseline -0.012 -13"><span class='ocrx_word' id='word_1_200' title='bbox 212 2005 358 2047; x_wconf 90' lang='lat' dir='ltr'><strong>mus.</strong></span> <span class='ocrx_word' id='word_1_201' title='bbox 388 1989 572 2060; x_wconf 84' lang='lat' dir='ltr'><strong>Neque</strong></span> <span class='ocrx_word' id='word_1_202' title='bbox 598 1990 744 2044; x_wconf 90' lang='lat' dir='ltr'><strong>enim</strong></span> <span class='ocrx_word' id='word_1_203' title='bbox 769 1988 972 2043; x_wconf 87' lang='lat' dir='ltr'><strong>crimen</strong></span> <span class='ocrx_word' id='word_1_204' title='bbox 1005 1993 1121 2048; x_wconf 72' lang='lat' dir='ltr'><strong>est,</strong></span> <span class='ocrx_word' id='word_1_205' title='bbox 1152 1998 1257 2038; x_wconf 89' lang='lat' dir='ltr'><strong>non</strong></span> <span class='ocrx_word' id='word_1_206' title='bbox 1286 1995 1408 2036; x_wconf 84' lang='lat' dir='ltr'><strong>sese</strong></span> <span class='ocrx_word' id='word_1_207' title='bbox 1441 1980 1491 2033; x_wconf 92' lang='lat' dir='ltr'><strong>in</strong></span> <span class='ocrx_word' id='word_1_208' title='bbox 1520 1974 1818 2047; x_wconf 76' lang='lat' dir='ltr'><strong>periculum</strong></span> 
     </span>
    </p>
   </div>
   <div class='ocr_carea' id='block_1_31' title="bbox 211 2069 1824 2151">
    <p class='ocr_par' dir='ltr' id='par_1_31' title="bbox 211 2069 1824 2151">
     <span class='ocr_line' id='line_1_31' title="bbox 211 2069 1824 2151; baseline -0.01 -11"><span class='ocrx_word' id='word_1_209' title='bbox 211 2082 519 2151; x_wconf 85' lang='lat' dir='ltr'><strong>conjicere,</strong></span> <span class='ocrx_word' id='word_1_210' title='bbox 570 2080 677 2136; x_wconf 85' lang='lat' dir='ltr'><strong>sed-</strong></span> <span class='ocrx_word' id='word_1_211' title='bbox 716 2080 768 2134; x_wconf 90' lang='lat' dir='ltr'><strong>in</strong></span> <span class='ocrx_word' id='word_1_212' title='bbox 800 2078 1040 2149; x_wconf 90' lang='lat' dir='ltr'><strong>periculo</strong></span> <span class='ocrx_word' id='word_1_213' title='bbox 1088 2091 1193 2130; x_wconf 90' lang='lat' dir='ltr'><strong>non</strong></span> <span class='ocrx_word' id='word_1_214' title='bbox 1239 2075 1462 2144; x_wconf 77' lang='lat' dir='ltr'><strong>fortiter</strong></span> <span class='ocrx_word' id='word_1_215' title='bbox 1493 2081 1660 2127; x_wconf 84' lang='lat' dir='ltr'><strong>stare.</strong></span> <span class='ocrx_word' id='word_1_216' title='bbox 1711 2069 1824 2124; x_wconf 89' lang='lat' dir='ltr'><strong>Hoc</strong></span> 
     </span>
    </p>
   </div>
   <div class='ocr_carea' id='block_1_32' title="bbox 216 2161 1822 2245">
    <p class='ocr_par' dir='ltr' id='par_1_32' title="bbox 216 2161 1822 2245">
     <span class='ocr_line' id='line_1_32' title="bbox 216 2161 1822 2245; baseline -0.009 -16"><span class='ocrx_word' id='word_1_217' title='bbox 216 2175 379 2245; x_wconf 79' lang='lat' dir='ltr'><strong>igitur</strong></span> <span class='ocrx_word' id='word_1_218' title='bbox 404 2172 604 2228; x_wconf 87' lang='lat' dir='ltr'><strong>docens</strong></span> <span class='ocrx_word' id='word_1_219' title='bbox 623 2213 640 2239; x_wconf 88' lang='lat'><strong>,</strong></span> <span class='ocrx_word' id='word_1_220' title='bbox 671 2179 726 2227; x_wconf 89' lang='lat' dir='ltr'><strong>et</strong></span> <span class='ocrx_word' id='word_1_221' title='bbox 744 2169 977 2225; x_wconf 67' lang='lat' dir='ltr'><strong>Judaieae</strong></span> <span class='ocrx_word' id='word_1_222' title='bbox 1004 2167 1215 2222; x_wconf 68' lang='lat' dir='ltr'><strong>invidiae</strong></span> <span class='ocrx_word' id='word_1_223' title='bbox 1250 2165 1466 2234; x_wconf 83' lang='lat' dir='ltr'><strong>paulum</strong></span> <span class='ocrx_word' id='word_1_224' title='bbox 1495 2161 1822 2224; x_wconf 85' lang='lat' dir='ltr'><strong>concedens,</strong></span> 
     </span>
    </p>
   </div>
   <div class='ocr_carea' id='block_1_33' title="bbox 216 2255 1824 2332">
    <p class='ocr_par' dir='ltr' id='par_1_33' title="bbox 216 2255 1824 2332">
     <span class='ocr_line' id='line_1_33' title="bbox 216 2255 1824 2332; baseline -0.009 -11"><span class='ocrx_word' id='word_1_225' title='bbox 216 2263 425 2321; x_wconf 79' lang='lat' dir='ltr'><strong>secedit</strong></span> <span class='ocrx_word' id='word_1_226' title='bbox 453 2263 507 2317; x_wconf 89' lang='lat' dir='ltr'><strong>in</strong></span> <span class='ocrx_word' id='word_1_227' title='bbox 533 2264 869 2332; x_wconf 87' lang='lat' dir='ltr'><strong>Capernaum</strong></span> <span class='ocrx_word' id='word_1_228' title='bbox 889 2301 903 2325; x_wconf 92' lang='lat'><strong>,</strong></span> <span class='ocrx_word' id='word_1_229' title='bbox 928 2260 1084 2314; x_wconf 90' lang='lat' dir='ltr'><strong>simul</strong></span> <span class='ocrx_word' id='word_1_230' title='bbox 1109 2257 1446 2330; x_wconf 80' lang='lat' dir='ltr'><strong>prophetiam</strong></span> <span class='ocrx_word' id='word_1_231' title='bbox 1473 2255 1704 2324; x_wconf 79' lang='lat' dir='ltr'><strong>impleas</strong></span> <span class='ocrx_word' id='word_1_232' title='bbox 1725 2293 1739 2316; x_wconf 91' lang='lat'><strong>,</strong></span> <span class='ocrx_word' id='word_1_233' title='bbox 1769 2263 1824 2306; x_wconf 92' lang='lat' dir='ltr'><strong>et</strong></span> 
     </span>
    </p>
   </div>
   <div class='ocr_carea' id='block_1_34' title="bbox 217 2346 1823 2425">
    <p class='ocr_par' dir='ltr' id='par_1_34' title="bbox 217 2346 1823 2425">
     <span class='ocr_line' id='line_1_34' title="bbox 217 2346 1823 2425; baseline -0.009 -13"><span class='ocrx_word' id='word_1_234' title='bbox 217 2359 472 2412; x_wconf 87' lang='lat' dir='ltr'><strong>doctores</strong></span> <span class='ocrx_word' id='word_1_235' title='bbox 501 2354 648 2411; x_wconf 83' lang='lat' dir='ltr'><strong>orbis</strong></span> <span class='ocrx_word' id='word_1_236' title='bbox 686 2355 839 2425; x_wconf 87' lang='lat' dir='ltr'><strong>quasi</strong></span> <span class='ocrx_word' id='word_1_237' title='bbox 877 2353 1084 2424; x_wconf 83' lang='lat' dir='ltr'><strong>piscatu</strong></span> <span class='ocrx_word' id='word_1_238' title='bbox 1127 2366 1322 2420; x_wconf 82' lang='lat' dir='ltr'><strong>capere</strong></span> <span class='ocrx_word' id='word_1_239' title='bbox 1362 2349 1625 2403; x_wconf 81' lang='lat' dir='ltr'><strong>festinans</strong></span> <span class='ocrx_word' id='word_1_240' title='bbox 1656 2365 1667 2398; x_wconf 95' lang='lat'>:</span> <span class='ocrx_word' id='word_1_241' title='bbox 1701 2346 1823 2415; x_wconf 85' lang='lat' dir='ltr'><strong>quia</strong></span> 
     </span>
    </p>
   </div>
   <div class='ocr_carea' id='block_1_35' title="bbox 221 2435 1825 2504">
    <p class='ocr_par' dir='ltr' id='par_1_35' title="bbox 221 2435 1825 2504">
     <span class='ocr_line' id='line_1_35' title="bbox 221 2435 1825 2504; baseline -0.01 0"><span class='ocrx_word' id='word_1_242' title='bbox 221 2449 299 2504; x_wconf 88' lang='lat' dir='ltr'><strong>ibi</strong></span> <span class='ocrx_word' id='word_1_243' title='bbox 349 2447 510 2504; x_wconf 83' lang='lat' dir='ltr'><strong>sedes</strong></span> <span class='ocrx_word' id='word_1_244' title='bbox 557 2446 826 2502; x_wconf 88' lang='lat' dir='ltr'><strong>habebant</strong></span> <span class='ocrx_word' id='word_1_245' title='bbox 869 2459 964 2500; x_wconf 88' lang='lat' dir='ltr'><strong>sua</strong></span> <span class='ocrx_word' id='word_1_246' title='bbox 1009 2452 1220 2498; x_wconf 87' lang='lat' dir='ltr'><strong>utentes</strong></span> <span class='ocrx_word' id='word_1_247' title='bbox 1243 2449 1374 2496; x_wconf 89' lang='lat' dir='ltr'><strong>arte.</strong></span> <span class='ocrx_word' id='word_1_248' title='bbox 1410 2440 1490 2494; x_wconf 90' lang='lat' dir='ltr'><strong>Tu</strong></span> <span class='ocrx_word' id='word_1_249' title='bbox 1521 2452 1652 2494; x_wconf 87' lang='lat' dir='ltr'><strong>vero</strong></span> <span class='ocrx_word' id='word_1_250' title='bbox 1695 2435 1825 2491; x_wconf 84' lang='lat' dir='ltr'><strong>mihi</strong></span> 
     </span>
    </p>
   </div>
   <div class='ocr_carea' id='block_1_36' title="bbox 220 2530 1828 2612">
    <p class='ocr_par' dir='ltr' id='par_1_36' title="bbox 220 2530 1828 2612">
     <span class='ocr_line' id='line_1_36' title="bbox 220 2530 1828 2612; baseline -0.007 -17"><span class='ocrx_word' id='word_1_251' title='bbox 220 2538 531 2612; x_wconf 85' lang='lat' dir='ltr'><strong>perpendas</strong></span> <span class='ocrx_word' id='word_1_252' title='bbox 556 2540 740 2605; x_wconf 80' lang='lat' dir='ltr'><strong>velim,</strong></span> <span class='ocrx_word' id='word_1_253' title='bbox 769 2537 1043 2608; x_wconf 85' lang='lat' dir='ltr'><strong>quomodo</strong></span> <span class='ocrx_word' id='word_1_254' title='bbox 1069 2540 1256 2605; x_wconf 79' lang='lat' dir='ltr'><strong>gentes</strong></span> <span class='ocrx_word' id='word_1_255' title='bbox 1283 2534 1548 2597; x_wconf 88' lang='lat' dir='ltr'><strong>aditurus,</strong></span> <span class='ocrx_word' id='word_1_256' title='bbox 1573 2547 1602 2586; x_wconf 92' lang='lat' dir='ltr'><strong>a</strong></span> <span class='ocrx_word' id='word_1_257' title='bbox 1625 2530 1828 2586; x_wconf 71' lang='lat' dir='ltr'><strong>Judzeis</strong></span> 
     </span>
    </p>
   </div>
   <div class='ocr_carea' id='block_1_37' title="bbox 222 2621 1824 2699">
    <p class='ocr_par' dir='ltr' id='par_1_37' title="bbox 222 2621 1824 2699">
     <span class='ocr_line' id='line_1_37' title="bbox 222 2621 1824 2699; baseline -0.007 -14"><span class='ocrx_word' id='word_1_258' title='bbox 222 2644 441 2699; x_wconf 84' lang='lat' dir='ltr'><strong>semper</strong></span> <span class='ocrx_word' id='word_1_259' title='bbox 466 2629 781 2685; x_wconf 84' lang='lat' dir='ltr'><strong>occasiones</strong></span> <span class='ocrx_word' id='word_1_260' title='bbox 808 2627 1052 2696; x_wconf 86' lang='lat' dir='ltr'><strong>accipiat.</strong></span> <span class='ocrx_word' id='word_1_261' title='bbox 1084 2625 1220 2681; x_wconf 82' lang='lat' dir='ltr'><strong>Nam</strong></span> <span class='ocrx_word' id='word_1_262' title='bbox 1248 2625 1334 2679; x_wconf 89' lang='lat' dir='ltr'><strong>hic</strong></span> <span class='ocrx_word' id='word_1_263' title='bbox 1361 2623 1661 2693; x_wconf 84' lang='lat' dir='ltr'><strong>Prodromo</strong></span> <span class='ocrx_word' id='word_1_264' title='bbox 1693 2621 1824 2676; x_wconf 86' lang='lat' dir='ltr'><strong>insi-</strong></span> 
     </span>
    </p>
   </div>
   <div class='ocr_carea' id='block_1_38' title="bbox 223 2715 1824 2790">
    <p class='ocr_par' dir='ltr' id='par_1_38' title="bbox 223 2715 1824 2790">
     <span class='ocr_line' id='line_1_38' title="bbox 223 2715 1824 2790; baseline -0.006 -14"><span class='ocrx_word' id='word_1_265' title='bbox 223 2721 346 2777; x_wconf 88' lang='lat' dir='ltr'><strong>dias</strong></span> <span class='ocrx_word' id='word_1_266' title='bbox 395 2730 665 2777; x_wconf 85' lang='lat' dir='ltr'><strong>struentes</strong></span> <span class='ocrx_word' id='word_1_267' title='bbox 694 2762 710 2788; x_wconf 96' lang='lat'><strong>,</strong></span> <span class='ocrx_word' id='word_1_268' title='bbox 765 2729 1088 2790; x_wconf 88' lang='lat' dir='ltr'><strong>captumque</strong></span> <span class='ocrx_word' id='word_1_269' title='bbox 1140 2717 1343 2772; x_wconf 68' lang='lat' dir='ltr'><strong>carceri</strong></span> <span class='ocrx_word' id='word_1_270' title='bbox 1408 2715 1778 2784; x_wconf 85' lang='lat' dir='ltr'><strong>mancipantes</strong></span> <span class='ocrx_word' id='word_1_271' title='bbox 1808 2755 1824 2780; x_wconf 93' lang='lat'><strong>,</strong></span> 
     </span>
    </p>
   </div>
   <div class='ocr_carea' id='block_1_39' title="bbox 226 2803 1830 2882">
    <p class='ocr_par' dir='ltr' id='par_1_39' title="bbox 226 2803 1830 2882">
     <span class='ocr_line' id='line_1_39' title="bbox 226 2803 1830 2882; baseline -0.006 -15"><span class='ocrx_word' id='word_1_272' title='bbox 226 2814 403 2882; x_wconf 87' lang='lat' dir='ltr'><strong>ipsum</strong></span> <span class='ocrx_word' id='word_1_273' title='bbox 437 2812 488 2866; x_wconf 90' lang='lat' dir='ltr'><strong>in</strong></span> <span class='ocrx_word' id='word_1_274' title='bbox 519 2809 793 2867; x_wconf 68' lang='lat' dir='ltr'><strong>Galilaeam</strong></span> <span class='ocrx_word' id='word_1_275' title='bbox 818 2809 1055 2880; x_wconf 90' lang='lat' dir='ltr'><strong>gentium</strong></span> <span class='ocrx_word' id='word_1_276' title='bbox 1084 2806 1435 2876; x_wconf 89' lang='lat' dir='ltr'><strong>compellunt.</strong></span> <span class='ocrx_word' id='word_1_277' title='bbox 1465 2803 1620 2873; x_wconf 85' lang='lat' dir='ltr'><strong>Quod</strong></span> <span class='ocrx_word' id='word_1_278' title='bbox 1645 2812 1830 2857; x_wconf 91' lang='lat' dir='ltr'><strong>autem</strong></span> 
     </span>
    </p>
   </div>
   <div class='ocr_carea' id='block_1_40' title="bbox 224 2901 1833 2972">
    <p class='ocr_par' dir='ltr' id='par_1_40' title="bbox 224 2901 1833 2972">
     <span class='ocr_line' id='line_1_40' title="bbox 224 2901 1833 2972; baseline -0.006 -12"><span class='ocrx_word' id='word_1_279' title='bbox 224 2919 331 2960; x_wconf 89' lang='lat' dir='ltr'><strong>nec</strong></span> <span class='ocrx_word' id='word_1_280' title='bbox 375 2901 651 2959; x_wconf 82' lang='lat' dir='ltr'><strong>Judaicam</strong></span> <span class='ocrx_word' id='word_1_281' title='bbox 691 2910 908 2972; x_wconf 83' lang='lat' dir='ltr'><strong>gentem</strong></span> <span class='ocrx_word' id='word_1_282' title='bbox 953 2914 1018 2956; x_wconf 80' lang='lat' dir='ltr'><strong>es</strong></span> <span class='ocrx_word' id='word_1_283' title='bbox 1061 2908 1215 2970; x_wconf 85' lang='lat' dir='ltr'><strong>parte</strong></span> <span class='ocrx_word' id='word_1_284' title='bbox 1261 2903 1680 2958; x_wconf 75' lang='lat' dir='ltr'><strong>commemoret,</strong></span> <span class='ocrx_word' id='word_1_285' title='bbox 1733 2909 1833 2950; x_wconf 89' lang='lat' dir='ltr'><strong>nec</strong></span> 
     </span>
    </p>
   </div>
   <div class='ocr_carea' id='block_1_41' title="bbox 227 2986 1832 3060">
    <p class='ocr_par' dir='ltr' id='par_1_41' title="bbox 227 2986 1832 3060">
     <span class='ocr_line' id='line_1_41' title="bbox 227 2986 1832 3060; baseline -0.006 -10"><span class='ocrx_word' id='word_1_286' title='bbox 227 3008 424 3050; x_wconf 85' lang='lat' dir='ltr'><strong>omnes</strong></span> <span class='ocrx_word' id='word_1_287' title='bbox 450 2992 752 3048; x_wconf 79' lang='lat' dir='ltr'><strong>subindicet</strong></span> <span class='ocrx_word' id='word_1_288' title='bbox 780 2990 984 3057; x_wconf 86' lang='lat' dir='ltr'><strong>tribus,</strong></span> <span class='ocrx_word' id='word_1_289' title='bbox 1011 2988 1132 3045; x_wconf 90' lang='lat' dir='ltr'><strong>vide</strong></span> <span class='ocrx_word' id='word_1_290' title='bbox 1161 2989 1430 3060; x_wconf 89' lang='lat' dir='ltr'><strong>quomodo</strong></span> <span class='ocrx_word' id='word_1_291' title='bbox 1476 2989 1650 3042; x_wconf 91' lang='lat' dir='ltr'><strong>locum</strong></span> <span class='ocrx_word' id='word_1_292' title='bbox 1685 2986 1832 3040; x_wconf 90' lang='lat' dir='ltr'><strong>illum</strong></span> 
     </span>
    </p>
   </div>
   <div class='ocr_carea' id='block_1_42' title="bbox 225 3077 1835 3154">
    <p class='ocr_par' dir='ltr' id='par_1_42' title="bbox 225 3077 1835 3154">
     <span class='ocr_line' id='line_1_42' title="bbox 225 3077 1835 3154; baseline -0.006 -15"><span class='ocrx_word' id='word_1_293' title='bbox 225 3084 524 3154; x_wconf 79' lang='lat' dir='ltr'><strong>distinguat</strong></span> <span class='ocrx_word' id='word_1_294' title='bbox 552 3082 807 3153; x_wconf 80' lang='lat' dir='ltr'><strong>pmpheta</strong></span> <span class='ocrx_word' id='word_1_295' title='bbox 841 3081 924 3137; x_wconf 88' lang='lat' dir='ltr'><strong>his</strong></span> <span class='ocrx_word' id='word_1_296' title='bbox 951 3080 1128 3137; x_wconf 77' lang='lat' dir='ltr'><strong>verbis</strong></span> <span class='ocrx_word' id='word_1_297' title='bbox 1157 3095 1172 3134; x_wconf 89' lang='lat'><strong>:</strong></span> <span class='ocrx_word' id='word_1_298' title='bbox 1205 3079 1291 3136; x_wconf 78' lang='grc'><strong>15.</strong></span> <span class='ocrx_word' id='word_1_299' title='bbox 1327 3078 1484 3134; x_wconf 85' lang='lat' dir='ltr'><strong>Terra</strong></span> <span class='ocrx_word' id='word_1_300' title='bbox 1525 3077 1759 3132; x_wconf 88' lang='lat' dir='ltr'><strong>Zabulon</strong></span> <span class='ocrx_word' id='word_1_301' title='bbox 1788 3087 1835 3131; x_wconf 90' lang='lat' dir='ltr'><strong>et</strong></span> 
     </span>
    </p>
   </div>
   <div class='ocr_carea' id='block_1_43' title="bbox 227 3167 1836 3239">
    <p class='ocr_par' dir='ltr' id='par_1_43' title="bbox 227 3167 1836 3239">
     <span class='ocr_line' id='line_1_43' title="bbox 227 3167 1836 3239; baseline -0.003 -12"><span class='ocrx_word' id='word_1_302' title='bbox 227 3187 367 3228; x_wconf 87' lang='lat' dir='ltr'><strong>terra</strong></span> <span class='ocrx_word' id='word_1_303' title='bbox 398 3172 756 3239; x_wconf 75' lang='lat' dir='ltr'><strong>Nephtltalim,</strong></span> <span class='ocrx_word' id='word_1_304' title='bbox 783 3173 863 3226; x_wconf 79' lang='lat' dir='ltr'><strong>uia</strong></span> <span class='ocrx_word' id='word_1_305' title='bbox 891 3172 1049 3226; x_wconf 86' lang='lat' dir='ltr'><strong>maris</strong></span> <span class='ocrx_word' id='word_1_306' title='bbox 1089 3179 1232 3225; x_wconf 87' lang='lat' dir='ltr'><strong>trans</strong></span> <span class='ocrx_word' id='word_1_307' title='bbox 1275 3168 1560 3224; x_wconf 83' lang='lat' dir='ltr'><strong>Iordanem</strong></span> <span class='ocrx_word' id='word_1_308' title='bbox 1579 3209 1593 3234; x_wconf 94' lang='lat'><strong>,</strong></span> <span class='ocrx_word' id='word_1_309' title='bbox 1619 3167 1836 3222; x_wconf 71' lang='lat' dir='ltr'><strong>Galilaa</strong></span> 
     </span>
    </p>
   </div>
   <div class='ocr_carea' id='block_1_44' title="bbox 229 3261 1838 3337">
    <p class='ocr_par' dir='ltr' id='par_1_44' title="bbox 229 3261 1838 3337">
     <span class='ocr_line' id='line_1_44' title="bbox 229 3261 1838 3337; baseline -0.004 -18"><span class='ocrx_word' id='word_1_310' title='bbox 229 3266 456 3337; x_wconf 78' lang='lat' dir='ltr'><strong>gentium</strong></span> <span class='ocrx_word' id='word_1_311' title='bbox 490 3281 509 3319; x_wconf 90' lang='lat'><strong><em>:</em></strong></span> <span class='ocrx_word' id='word_1_312' title='bbox 545 3263 632 3322; x_wconf 83' lang='grc'><strong>16.</strong></span> <span class='ocrx_word' id='word_1_313' title='bbox 670 3264 890 3336; x_wconf 81' lang='lat' dir='ltr'><strong>populus</strong></span> <span class='ocrx_word' id='word_1_314' title='bbox 935 3263 1023 3331; x_wconf 80' lang='lat' dir='ltr'><strong>qui</strong></span> <span class='ocrx_word' id='word_1_315' title='bbox 1062 3262 1265 3315; x_wconf 82' lang='lat' dir='ltr'><strong>sedebat</strong></span> <span class='ocrx_word' id='word_1_316' title='bbox 1309 3263 1363 3315; x_wconf 88' lang='lat' dir='ltr'><strong>in</strong></span> <span class='ocrx_word' id='word_1_317' title='bbox 1407 3261 1623 3314; x_wconf 77' lang='lat' dir='ltr'><strong>tenebris</strong></span> <span class='ocrx_word' id='word_1_318' title='bbox 1655 3302 1671 3327; x_wconf 94' lang='lat'><strong>,</strong></span> <span class='ocrx_word' id='word_1_319' title='bbox 1713 3261 1838 3314; x_wconf 82' lang='lat' dir='ltr'><strong>vidit</strong></span> 
     </span>
    </p>
   </div>
   <div class='ocr_carea' id='block_1_45' title="bbox 231 3351 1838 3429">
    <p class='ocr_par' dir='ltr' id='par_1_45' title="bbox 231 3351 1838 3429">
     <span class='ocr_line' id='line_1_45' title="bbox 231 3351 1838 3429; baseline -0.004 -17"><span class='ocrx_word' id='word_1_320' title='bbox 231 3359 398 3412; x_wconf 76' lang='lat' dir='ltr'><strong>lucem</strong></span> <span class='ocrx_word' id='word_1_321' title='bbox 425 3372 661 3428; x_wconf 75' lang='lat' dir='ltr'><strong>magnam</strong></span> <span class='ocrx_word' id='word_1_322' title='bbox 689 3354 850 3429; x_wconf 83' lang='lat' dir='ltr'><strong>(lsai.</strong></span> <span class='ocrx_word' id='word_1_323' title='bbox 881 3354 936 3410; x_wconf 86' lang='lat'><strong>9.</strong></span> <span class='ocrx_word' id='word_1_324' title='bbox 972 3355 1022 3408; x_wconf 82' lang='lat' dir='ltr'><strong>I.</strong></span> <span class='ocrx_word' id='word_1_325' title='bbox 1041 3353 1098 3422; x_wconf 72' lang='grc'><strong>2)</strong></span> <span class='ocrx_word' id='word_1_326' title='bbox 1128 3371 1140 3406; x_wconf 93' lang='lat'><strong>:</strong></span> <span class='ocrx_word' id='word_1_327' title='bbox 1175 3352 1430 3408; x_wconf 84' lang='lat' dir='ltr'><strong>tenebras</strong></span> <span class='ocrx_word' id='word_1_328' title='bbox 1457 3351 1543 3407; x_wconf 85' lang='lat' dir='ltr'><strong>hic</strong></span> <span class='ocrx_word' id='word_1_329' title='bbox 1573 3366 1678 3406; x_wconf 91' lang='lat' dir='ltr'><strong>non</strong></span> <span class='ocrx_word' id='word_1_330' title='bbox 1709 3366 1838 3407; x_wconf 82' lang='lat' dir='ltr'><strong>sen-</strong></span> 
     </span>
    </p>
   </div>
   <div class='ocr_carea' id='block_1_46' title="bbox 232 3447 1841 3517">
    <p class='ocr_par' dir='ltr' id='par_1_46' title="bbox 232 3447 1841 3517">
     <span class='ocr_line' id='line_1_46' title="bbox 232 3447 1841 3517; baseline -0.003 -12"><span class='ocrx_word' id='word_1_331' title='bbox 232 3454 365 3506; x_wconf 87' lang='lat' dir='ltr'><strong>siles</strong></span> <span class='ocrx_word' id='word_1_332' title='bbox 388 3451 507 3507; x_wconf 87' lang='lat' dir='ltr'><strong>illas</strong></span> <span class='ocrx_word' id='word_1_333' title='bbox 535 3464 753 3517; x_wconf 83' lang='lat' dir='ltr'><strong>vocans,</strong></span> <span class='ocrx_word' id='word_1_334' title='bbox 773 3448 866 3504; x_wconf 83' lang='lat' dir='ltr'><strong>sed</strong></span> <span class='ocrx_word' id='word_1_335' title='bbox 887 3461 1129 3505; x_wconf 88' lang='lat' dir='ltr'><strong>errorem</strong></span> <span class='ocrx_word' id='word_1_336' title='bbox 1160 3447 1614 3516; x_wconf 88' lang='lat' dir='ltr'><strong>impietatemque.</strong></span> <span class='ocrx_word' id='word_1_337' title='bbox 1639 3447 1841 3513; x_wconf 84' lang='lat' dir='ltr'><strong>Quam-</strong></span> 
     </span>
    </p>
   </div>
   <div class='ocr_carea' id='block_1_47' title="bbox 235 3523 1841 3609">
    <p class='ocr_par' dir='ltr' id='par_1_47' title="bbox 235 3523 1841 3609">
     <span class='ocr_line' id='line_1_47' title="bbox 235 3523 1841 3609; baseline -0.005 -11"><span class='ocrx_word' id='word_1_338' title='bbox 235 3543 426 3598; x_wconf 88' lang='lat' dir='ltr'><strong>obrem</strong></span> <span class='ocrx_word' id='word_1_339' title='bbox 475 3523 652 3596; x_wconf 56' lang='lat' dir='ltr'><strong>intuli’t</strong></span> <span class='ocrx_word' id='word_1_340' title='bbox 700 3562 715 3595; x_wconf 71' lang='grc' dir='ltr'><strong><em>ι</em></strong></span> <span class='ocrx_word' id='word_1_341' title='bbox 764 3537 1124 3594; x_wconf 85' lang='lat' dir='ltr'><strong>Habitantibus</strong></span> <span class='ocrx_word' id='word_1_342' title='bbox 1187 3540 1239 3591; x_wconf 87' lang='lat' dir='ltr'><strong>in</strong></span> <span class='ocrx_word' id='word_1_343' title='bbox 1313 3539 1518 3609; x_wconf 82' lang='lat' dir='ltr'><strong>regione</strong></span> <span class='ocrx_word' id='word_1_344' title='bbox 1560 3546 1606 3591; x_wconf 90' lang='lat' dir='ltr'><strong>et</strong></span> <span class='ocrx_word' id='word_1_345' title='bbox 1659 3537 1841 3591; x_wconf 82' lang='lat' dir='ltr'><strong>umbra</strong></span> 
     </span>
    </p>
   </div>
   <div class='ocr_carea' id='block_1_48' title="bbox 233 3629 1842 3701">
    <p class='ocr_par' dir='ltr' id='par_1_48' title="bbox 233 3629 1842 3701">
     <span class='ocr_line' id='line_1_48' title="bbox 233 3629 1842 3701; baseline -0.002 -12"><span class='ocrx_word' id='word_1_346' title='bbox 233 3635 414 3689; x_wconf 83' lang='lat' dir='ltr'><strong>mortis</strong></span> <span class='ocrx_word' id='word_1_347' title='bbox 435 3675 450 3701; x_wconf 91' lang='lat'><strong>,</strong></span> <span class='ocrx_word' id='word_1_348' title='bbox 472 3633 562 3687; x_wconf 67' lang='lat' dir='ltr'><strong>tua</strong></span> <span class='ocrx_word' id='word_1_349' title='bbox 587 3642 698 3687; x_wconf 88' lang='lat' dir='ltr'><strong>orta</strong></span> <span class='ocrx_word' id='word_1_350' title='bbox 725 3643 797 3687; x_wconf 80' lang='lat' dir='ltr'><strong>ut</strong></span> <span class='ocrx_word' id='word_1_351' title='bbox 826 3632 916 3686; x_wconf 84' lang='lat' dir='ltr'><strong>eis.</strong></span> <span class='ocrx_word' id='word_1_352' title='bbox 942 3629 1013 3686; x_wconf 92' lang='lat' dir='ltr'><strong>Ut</strong></span> <span class='ocrx_word' id='word_1_353' title='bbox 1037 3631 1182 3685; x_wconf 90' lang='lat' dir='ltr'><strong>enim</strong></span> <span class='ocrx_word' id='word_1_354' title='bbox 1204 3630 1442 3684; x_wconf 83' lang='lat' dir='ltr'><strong>disceres</strong></span> <span class='ocrx_word' id='word_1_355' title='bbox 1463 3671 1476 3694; x_wconf 94' lang='lat'><strong>,</strong></span> <span class='ocrx_word' id='word_1_356' title='bbox 1501 3644 1627 3684; x_wconf 89' lang='lat' dir='ltr'><strong>eum</strong></span> <span class='ocrx_word' id='word_1_357' title='bbox 1667 3644 1842 3699; x_wconf 90' lang='lat' dir='ltr'><strong>neque</strong></span> 
     </span>
    </p>
   </div>
   <div class='ocr_carea' id='block_1_49' title="bbox 235 3720 1838 3795">
    <p class='ocr_par' dir='ltr' id='par_1_49' title="bbox 235 3720 1838 3795">
     <span class='ocr_line' id='line_1_49' title="bbox 235 3720 1838 3795; baseline -0.004 -14"><span class='ocrx_word' id='word_1_358' title='bbox 235 3726 308 3782; x_wconf 90' lang='lat' dir='ltr'><strong>de</strong></span> <span class='ocrx_word' id='word_1_359' title='bbox 336 3725 490 3790; x_wconf 84' lang='lat' dir='ltr'><strong>luce,</strong></span> <span class='ocrx_word' id='word_1_360' title='bbox 523 3737 695 3795; x_wconf 82' lang='lat' dir='ltr'><strong>neque</strong></span> <span class='ocrx_word' id='word_1_361' title='bbox 724 3722 791 3778; x_wconf 90' lang='lat' dir='ltr'><strong>de</strong></span> <span class='ocrx_word' id='word_1_362' title='bbox 833 3721 1068 3777; x_wconf 87' lang='lat' dir='ltr'><strong>tenebris</strong></span> <span class='ocrx_word' id='word_1_363' title='bbox 1116 3721 1404 3776; x_wconf 87' lang='lat' dir='ltr'><strong>sensilibus</strong></span> <span class='ocrx_word' id='word_1_364' title='bbox 1435 3721 1614 3790; x_wconf 82' lang='lat' dir='ltr'><strong>loqui,</strong></span> <span class='ocrx_word' id='word_1_365' title='bbox 1665 3720 1838 3775; x_wconf 90' lang='lat' dir='ltr'><strong>lucem</strong></span> 
     </span>
    </p>
   </div>
   <div class='ocr_carea' id='block_1_50' title="bbox 237 3812 1839 3883">
    <p class='ocr_par' dir='ltr' id='par_1_50' title="bbox 237 3812 1839 3883">
     <span class='ocr_line' id='line_1_50' title="bbox 237 3812 1839 3883; baseline -0.004 -11"><span class='ocrx_word' id='word_1_366' title='bbox 237 3830 578 3882; x_wconf 85' lang='lat' dir='ltr'><strong>memorans,</strong></span> <span class='ocrx_word' id='word_1_367' title='bbox 601 3831 706 3870; x_wconf 94' lang='lat' dir='ltr'><strong>non</strong></span> <span class='ocrx_word' id='word_1_368' title='bbox 739 3814 1051 3883; x_wconf 89' lang='lat' dir='ltr'><strong>simpliciter</strong></span> <span class='ocrx_word' id='word_1_369' title='bbox 1081 3813 1255 3868; x_wconf 81' lang='lat' dir='ltr'><strong>lucem</strong></span> <span class='ocrx_word' id='word_1_370' title='bbox 1288 3813 1515 3876; x_wconf 85' lang='lat' dir='ltr'><strong>vocavit,</strong></span> <span class='ocrx_word' id='word_1_371' title='bbox 1541 3812 1634 3867; x_wconf 87' lang='lat' dir='ltr'><strong>sed</strong></span> <span class='ocrx_word' id='word_1_372' title='bbox 1666 3813 1839 3868; x_wconf 82' lang='lat' dir='ltr'><strong>lucem</strong></span> 
     </span>
    </p>
   </div>
   <div class='ocr_carea' id='block_1_51' title="bbox 240 3902 1844 3978">
    <p class='ocr_par' dir='ltr' id='par_1_51' title="bbox 240 3902 1844 3978">
     <span class='ocr_line' id='line_1_51' title="bbox 240 3902 1844 3978; baseline -0.002 -17"><span class='ocrx_word' id='word_1_373' title='bbox 240 3922 514 3978; x_wconf 86' lang='lat' dir='ltr'><strong>magnam,</strong></span> <span class='ocrx_word' id='word_1_374' title='bbox 541 3919 701 3976; x_wconf 85' lang='lat' dir='ltr'><strong>quam</strong></span> <span class='ocrx_word' id='word_1_375' title='bbox 731 3904 859 3959; x_wconf 80' lang='lat' dir='ltr'><strong>alibi</strong></span> <span class='ocrx_word' id='word_1_376' title='bbox 893 3919 1071 3958; x_wconf 82' lang='lat' dir='ltr'><strong>veram</strong></span> <span class='ocrx_word' id='word_1_377' title='bbox 1102 3904 1367 3972; x_wconf 84' lang='lat' dir='ltr'><strong>appellat;</strong></span> <span class='ocrx_word' id='word_1_378' title='bbox 1398 3903 1466 3957; x_wconf 91' lang='lat' dir='ltr'><strong>de</strong></span> <span class='ocrx_word' id='word_1_379' title='bbox 1494 3902 1730 3958; x_wconf 88' lang='lat' dir='ltr'><strong>tenebris</strong></span> <span class='ocrx_word' id='word_1_380' title='bbox 1757 3919 1844 3957; x_wconf 86' lang='lat' dir='ltr'><strong>au-</strong></span> 
     </span>
    </p>
   </div>
   <div class='ocr_carea' id='block_1_52' title="bbox 239 3993 1844 4060">
    <p class='ocr_par' dir='ltr' id='par_1_52' title="bbox 239 3993 1844 4060">
     <span class='ocr_line' id='line_1_52' title="bbox 239 3993 1844 4060; baseline -0.004 -6"><span class='ocrx_word' id='word_1_381' title='bbox 239 4007 350 4054; x_wconf 90' lang='lat' dir='ltr'><strong>tem</strong></span> <span class='ocrx_word' id='word_1_382' title='bbox 373 3996 533 4050; x_wconf 85' lang='lat' dir='ltr'><strong>verba</strong></span> <span class='ocrx_word' id='word_1_383' title='bbox 559 3993 760 4050; x_wconf 82' lang='lat' dir='ltr'><strong>faciens</strong></span> <span class='ocrx_word' id='word_1_384' title='bbox 788 4036 804 4060; x_wconf 93' lang='lat'><strong>,</strong></span> <span class='ocrx_word' id='word_1_385' title='bbox 853 3994 1098 4049; x_wconf 88' lang='lat' dir='ltr'><strong>umbram</strong></span> <span class='ocrx_word' id='word_1_386' title='bbox 1130 3994 1319 4048; x_wconf 90' lang='lat' dir='ltr'><strong>mortis</strong></span> <span class='ocrx_word' id='word_1_387' title='bbox 1366 3995 1593 4047; x_wconf 82' lang='lat' dir='ltr'><strong>vocavit.</strong></span> <span class='ocrx_word' id='word_1_388' title='bbox 1641 3993 1844 4048; x_wconf 87' lang='lat' dir='ltr'><strong>Deinde</strong></span> 
     </span>
    </p>
   </div>
   <div class='ocr_carea' id='block_1_53' title="bbox 238 4083 1844 4157">
    <p class='ocr_par' dir='ltr' id='par_1_53' title="bbox 238 4083 1844 4157">
     <span class='ocr_line' id='line_1_53' title="bbox 238 4083 1844 4157; baseline -0.006 -10"><span class='ocrx_word' id='word_1_389' title='bbox 238 4088 534 4146; x_wconf 88' lang='lat' dir='ltr'><strong>ostendens</strong></span> <span class='ocrx_word' id='word_1_390' title='bbox 559 4087 837 4156; x_wconf 65' lang='lat' dir='ltr'><strong>nonipsos</strong></span> <span class='ocrx_word' id='word_1_391' title='bbox 865 4094 1170 4157; x_wconf 75' lang='lat' dir='ltr'><strong>qntcrentes</strong></span> <span class='ocrx_word' id='word_1_392' title='bbox 1219 4086 1519 4150; x_wconf 85' lang='lat' dir='ltr'><strong>invenisse,</strong></span> <span class='ocrx_word' id='word_1_393' title='bbox 1551 4083 1644 4139; x_wconf 90' lang='lat' dir='ltr'><strong>sed</strong></span> <span class='ocrx_word' id='word_1_394' title='bbox 1674 4084 1844 4139; x_wconf 89' lang='lat' dir='ltr'><strong>Deum</strong></span> 
     </span>
    </p>
   </div>
   <div class='ocr_carea' id='block_1_54' title="bbox 241 4173 1847 4249">
    <p class='ocr_par' dir='ltr' id='par_1_54' title="bbox 241 4173 1847 4249">
     <span class='ocr_line' id='line_1_54' title="bbox 241 4173 1847 4249; baseline -0.004 -14"><span class='ocrx_word' id='word_1_395' title='bbox 241 4181 374 4249; x_wconf 85' lang='lat' dir='ltr'><strong>ipsis</strong></span> <span class='ocrx_word' id='word_1_396' title='bbox 415 4192 647 4248; x_wconf 88' lang='lat' dir='ltr'><strong>superne</strong></span> <span class='ocrx_word' id='word_1_397' title='bbox 685 4177 998 4246; x_wconf 84' lang='lat' dir='ltr'><strong>apparuisse</strong></span> <span class='ocrx_word' id='word_1_398' title='bbox 1019 4217 1033 4242; x_wconf 99' lang='lat'><strong>,</strong></span> <span class='ocrx_word' id='word_1_399' title='bbox 1065 4177 1141 4230; x_wconf 87' lang='lat' dir='ltr'><strong>ait</strong></span> <span class='ocrx_word' id='word_1_400' title='bbox 1168 4193 1180 4228; x_wconf 92' lang='lat'>:</span> <span class='ocrx_word' id='word_1_401' title='bbox 1213 4174 1329 4230; x_wconf 75' lang='lat' dir='ltr'><strong>Lux</strong></span> <span class='ocrx_word' id='word_1_402' title='bbox 1361 4185 1472 4228; x_wconf 90' lang='lat' dir='ltr'><strong>orta</strong></span> <span class='ocrx_word' id='word_1_403' title='bbox 1497 4185 1571 4230; x_wconf 86' lang='lat' dir='ltr'><strong>est</strong></span> <span class='ocrx_word' id='word_1_404' title='bbox 1601 4174 1670 4229; x_wconf 88' lang='lat' dir='ltr'><strong>eis</strong></span> <span class='ocrx_word' id='word_1_405' title='bbox 1694 4215 1710 4240; x_wconf 92' lang='lat'><strong>,</strong></span> <span class='ocrx_word' id='word_1_406' title='bbox 1745 4173 1847 4229; x_wconf 91' lang='lat' dir='ltr'><strong>hoc</strong></span> 
     </span>
    </p>
   </div>
   <div class='ocr_carea' id='block_1_55' title="bbox 241 4264 1844 4338">
    <p class='ocr_par' dir='ltr' id='par_1_55' title="bbox 241 4264 1844 4338">
     <span class='ocr_line' id='line_1_55' title="bbox 241 4264 1844 4338; baseline -0.004 -12"><span class='ocrx_word' id='word_1_407' title='bbox 241 4278 328 4326; x_wconf 88' lang='lat' dir='ltr'><strong>est</strong></span> <span class='ocrx_word' id='word_1_408' title='bbox 348 4309 361 4335; x_wconf 93' lang='lat'><strong>,</strong></span> <span class='ocrx_word' id='word_1_409' title='bbox 394 4269 505 4338; x_wconf 88' lang='lat' dir='ltr'><strong>ipsa</strong></span> <span class='ocrx_word' id='word_1_410' title='bbox 534 4269 621 4323; x_wconf 79' lang='lat' dir='ltr'><strong>lux</strong></span> <span class='ocrx_word' id='word_1_411' title='bbox 649 4278 766 4323; x_wconf 82' lang='lat' dir='ltr'><strong>orta</strong></span> <span class='ocrx_word' id='word_1_412' title='bbox 793 4277 876 4322; x_wconf 89' lang='lat' dir='ltr'><strong>est</strong></span> <span class='ocrx_word' id='word_1_413' title='bbox 896 4278 950 4322; x_wconf 89' lang='lat' dir='ltr'><strong>et</strong></span> <span class='ocrx_word' id='word_1_414' title='bbox 976 4267 1186 4322; x_wconf 82' lang='lat' dir='ltr'><strong>refulsit</strong></span> <span class='ocrx_word' id='word_1_415' title='bbox 1216 4284 1228 4318; x_wconf 91' lang='lat'><em>:</em></span> <span class='ocrx_word' id='word_1_416' title='bbox 1261 4283 1368 4321; x_wconf 91' lang='lat' dir='ltr'><strong>non</strong></span> <span class='ocrx_word' id='word_1_417' title='bbox 1401 4266 1499 4337; x_wconf 87' lang='lat' dir='ltr'><strong>ipsi</strong></span> <span class='ocrx_word' id='word_1_418' title='bbox 1538 4264 1746 4336; x_wconf 84' lang='lat' dir='ltr'><strong>priores</strong></span> <span class='ocrx_word' id='word_1_419' title='bbox 1777 4265 1844 4319; x_wconf 89' lang='lat' dir='ltr'><strong>ad</strong></span> 
     </span>
    </p>
   </div>
   <div class='ocr_carea' id='block_1_56' title="bbox 244 4358 1845 4418">
    <p class='ocr_par' dir='ltr' id='par_1_56' title="bbox 244 4358 1845 4418">
     <span class='ocr_line' id='line_1_56' title="bbox 244 4358 1845 4418; baseline -0.004 0"><span class='ocrx_word' id='word_1_420' title='bbox 244 4363 422 4418; x_wconf 88' lang='lat' dir='ltr'><strong>lucem</strong></span> <span class='ocrx_word' id='word_1_421' title='bbox 452 4368 817 4416; x_wconf 86' lang='lat' dir='ltr'><strong>accurrerunt.</strong></span> <span class='ocrx_word' id='word_1_422' title='bbox 852 4359 1061 4415; x_wconf 82' lang='lat' dir='ltr'><strong>Etenim</strong></span> <span class='ocrx_word' id='word_1_423' title='bbox 1099 4371 1224 4415; x_wconf 89' lang='lat' dir='ltr'><strong>ante</strong></span> <span class='ocrx_word' id='word_1_424' title='bbox 1247 4359 1448 4414; x_wconf 89' lang='lat' dir='ltr'><strong>Christi</strong></span> <span class='ocrx_word' id='word_1_425' title='bbox 1472 4358 1762 4413; x_wconf 87' lang='lat' dir='ltr'><strong>adventum</strong></span> <span class='ocrx_word' id='word_1_426' title='bbox 1794 4359 1845 4412; x_wconf 90' lang='lat' dir='ltr'><strong>in</strong></span> 
     </span>
    </p>
   </div>
   <div class='ocr_carea' id='block_1_57' title="bbox 247 4451 1847 4521">
    <p class='ocr_par' dir='ltr' id='par_1_57' title="bbox 247 4451 1847 4521">
     <span class='ocr_line' id='line_1_57' title="bbox 247 4451 1847 4521; baseline -0.005 -9"><span class='ocrx_word' id='word_1_427' title='bbox 247 4454 504 4512; x_wconf 73' lang='lat' dir='ltr'><strong>extremis</strong></span> <span class='ocrx_word' id='word_1_428' title='bbox 545 4453 663 4508; x_wconf 72' lang='lat' dir='ltr'><strong>sita:</strong></span> <span class='ocrx_word' id='word_1_429' title='bbox 705 4467 796 4508; x_wconf 85' lang='lat' dir='ltr'><strong>res</strong></span> <span class='ocrx_word' id='word_1_430' title='bbox 819 4451 1098 4506; x_wconf 88' lang='lat' dir='ltr'><strong>hominum</strong></span> <span class='ocrx_word' id='word_1_431' title='bbox 1123 4463 1297 4507; x_wconf 88' lang='lat' dir='ltr'><strong>erant.</strong></span> <span class='ocrx_word' id='word_1_432' title='bbox 1328 4451 1514 4521; x_wconf 85' lang='lat' dir='ltr'><strong>Neque</strong></span> <span class='ocrx_word' id='word_1_433' title='bbox 1541 4451 1686 4505; x_wconf 85' lang='lat' dir='ltr'><strong>enim</strong></span> <span class='ocrx_word' id='word_1_434' title='bbox 1731 4466 1847 4504; x_wconf 87' lang='lat' dir='ltr'><strong>am-</strong></span> 
     </span>
    </p>
   </div>
   <div class='ocr_carea' id='block_1_58' title="bbox 244 4541 1844 4612">
    <p class='ocr_par' dir='ltr' id='par_1_58' title="bbox 244 4541 1844 4612">
     <span class='ocr_line' id='line_1_58' title="bbox 244 4541 1844 4612; baseline -0.007 -9"><span class='ocrx_word' id='word_1_435' title='bbox 244 4544 501 4603; x_wconf 83' lang='lat' dir='ltr'><strong>bulabant</strong></span> <span class='ocrx_word' id='word_1_436' title='bbox 539 4544 591 4600; x_wconf 91' lang='lat' dir='ltr'><strong>in</strong></span> <span class='ocrx_word' id='word_1_437' title='bbox 629 4543 901 4610; x_wconf 88' lang='lat' dir='ltr'><strong>tenebris,</strong></span> <span class='ocrx_word' id='word_1_438' title='bbox 932 4543 1025 4597; x_wconf 90' lang='lat' dir='ltr'><strong>sed</strong></span> <span class='ocrx_word' id='word_1_439' title='bbox 1051 4543 1311 4598; x_wconf 84' lang='lat' dir='ltr'><strong>sedebant</strong></span> <span class='ocrx_word' id='word_1_440' title='bbox 1351 4542 1406 4598; x_wconf 91' lang='lat' dir='ltr'><strong>in</strong></span> <span class='ocrx_word' id='word_1_441' title='bbox 1450 4543 1684 4598; x_wconf 89' lang='lat' dir='ltr'><strong>tenebris</strong></span> <span class='ocrx_word' id='word_1_442' title='bbox 1719 4541 1793 4612; x_wconf 84' lang='grc' dir='ltr'><strong>(α)</strong></span> <span class='ocrx_word' id='word_1_443' title='bbox 1833 4560 1844 4592; x_wconf 89' lang='lat'>:</span> 
     </span>
    </p>
   </div>
   <div class='ocr_carea' id='block_1_59' title="bbox 246 4633 1846 4705">
    <p class='ocr_par' dir='ltr' id='par_1_59' title="bbox 246 4633 1846 4705">
     <span class='ocr_line' id='line_1_59' title="bbox 246 4633 1846 4705; baseline -0.002 -16"><span class='ocrx_word' id='word_1_444' title='bbox 246 4633 392 4705; x_wconf 87' lang='lat' dir='ltr'><strong>quod</strong></span> <span class='ocrx_word' id='word_1_445' title='bbox 417 4634 626 4705; x_wconf 90' lang='lat' dir='ltr'><strong>signum</strong></span> <span class='ocrx_word' id='word_1_446' title='bbox 657 4641 774 4688; x_wconf 87' lang='lat' dir='ltr'><strong>erat</strong></span> <span class='ocrx_word' id='word_1_447' title='bbox 796 4633 943 4702; x_wconf 89' lang='lat' dir='ltr'><strong>ipsos</strong></span> <span class='ocrx_word' id='word_1_448' title='bbox 969 4647 1068 4688; x_wconf 88' lang='lat' dir='ltr'><strong>nec</strong></span> <span class='ocrx_word' id='word_1_449' title='bbox 1094 4647 1343 4703; x_wconf 87' lang='lat' dir='ltr'><strong>sperasse</strong></span> <span class='ocrx_word' id='word_1_450' title='bbox 1364 4633 1578 4702; x_wconf 86' lang='lat' dir='ltr'><strong>quidem</strong></span> <span class='ocrx_word' id='word_1_451' title='bbox 1623 4647 1681 4687; x_wconf 83' lang='lat' dir='ltr'><strong>se</strong></span> <span class='ocrx_word' id='word_1_452' title='bbox 1709 4633 1846 4687; x_wconf 87' lang='lat' dir='ltr'><strong>libe-</strong></span> 
     </span>
    </p>
   </div>
   <div class='ocr_carea' id='block_1_60' title="bbox 247 4725 1841 4796">
    <p class='ocr_par' dir='ltr' id='par_1_60' title="bbox 247 4725 1841 4796">
     <span class='ocr_line' id='line_1_60' title="bbox 247 4725 1841 4796; baseline 0.001 -16"><span class='ocrx_word' id='word_1_453' title='bbox 247 4725 450 4780; x_wconf 88' lang='lat' dir='ltr'><strong>randos</strong></span> <span class='ocrx_word' id='word_1_454' title='bbox 477 4739 599 4780; x_wconf 86' lang='lat' dir='ltr'><strong>esse</strong></span> <span class='ocrx_word' id='word_1_455' title='bbox 631 4743 646 4780; x_wconf 90' lang='lat'><strong>:</strong></span> <span class='ocrx_word' id='word_1_456' title='bbox 675 4725 827 4796; x_wconf 89' lang='lat' dir='ltr'><strong>quasi</strong></span> <span class='ocrx_word' id='word_1_457' title='bbox 870 4725 1016 4780; x_wconf 90' lang='lat' dir='ltr'><strong>enim</strong></span> <span class='ocrx_word' id='word_1_458' title='bbox 1059 4726 1326 4783; x_wconf 83' lang='lat' dir='ltr'><strong>nescirent</strong></span> <span class='ocrx_word' id='word_1_459' title='bbox 1347 4767 1362 4791; x_wconf 92' lang='lat'><strong>,</strong></span> <span class='ocrx_word' id='word_1_460' title='bbox 1408 4741 1514 4795; x_wconf 91' lang='lat' dir='ltr'><strong>quo</strong></span> <span class='ocrx_word' id='word_1_461' title='bbox 1547 4725 1841 4792; x_wconf 85' lang='lat' dir='ltr'><strong>proceden-</strong></span> 
     </span>
    </p>
   </div>
   <div class='ocr_carea' id='block_1_61' title="bbox 250 4817 1845 4889">
    <p class='ocr_par' dir='ltr' id='par_1_61' title="bbox 250 4817 1845 4889">
     <span class='ocr_line' id='line_1_61' title="bbox 250 4817 1845 4889; baseline 0 -15"><span class='ocrx_word' id='word_1_462' title='bbox 250 4818 380 4874; x_wconf 88' lang='lat' dir='ltr'><strong>dum</strong></span> <span class='ocrx_word' id='word_1_463' title='bbox 400 4825 563 4884; x_wconf 87' lang='lat' dir='ltr'><strong>esset,</strong></span> <span class='ocrx_word' id='word_1_464' title='bbox 587 4817 667 4872; x_wconf 87' lang='lat' dir='ltr'><strong>sic</strong></span> <span class='ocrx_word' id='word_1_465' title='bbox 685 4831 716 4871; x_wconf 85' lang='lat' dir='ltr'><strong>a</strong></span> <span class='ocrx_word' id='word_1_466' title='bbox 739 4817 976 4878; x_wconf 78' lang='lat' dir='ltr'><strong>tenebris</strong></span> <span class='ocrx_word' id='word_1_467' title='bbox 1003 4818 1377 4889; x_wconf 82' lang='lat' dir='ltr'><strong>comprehensi</strong></span> <span class='ocrx_word' id='word_1_468' title='bbox 1408 4819 1689 4884; x_wconf 85' lang='lat' dir='ltr'><strong>sedebant,</strong></span> <span class='ocrx_word' id='word_1_469' title='bbox 1723 4835 1845 4874; x_wconf 85' lang='lat' dir='ltr'><strong>cum</strong></span> 
     </span>
    </p>
   </div>
   <div class='ocr_carea' id='block_1_62' title="bbox 250 4908 1127 4980">
    <p class='ocr_par' dir='ltr' id='par_1_62' title="bbox 250 4908 1127 4980">
     <span class='ocr_line' id='line_1_62' title="bbox 250 4908 1127 4980; baseline -0.003 -15"><span class='ocrx_word' id='word_1_470' title='bbox 250 4923 324 4965; x_wconf 83' lang='lat' dir='ltr'><strong>ne</strong></span> <span class='ocrx_word' id='word_1_471' title='bbox 351 4917 497 4964; x_wconf 88' lang='lat' dir='ltr'><strong>stare</strong></span> <span class='ocrx_word' id='word_1_472' title='bbox 524 4908 738 4980; x_wconf 78' lang='lat' dir='ltr'><strong>quidem</strong></span> <span class='ocrx_word' id='word_1_473' title='bbox 767 4919 1008 4978; x_wconf 88' lang='lat' dir='ltr'><strong>possent.</strong></span> <span class='ocrx_word' id='word_1_474' title='bbox 1121 4912 1127 4917; x_wconf 82' lang='grc'><strong>’</strong></span> 
     </span>
    </p>
   </div>
   <div class='ocr_carea' id='block_1_63' title="bbox 324 4999 1852 5072">
    <p class='ocr_par' dir='ltr' id='par_1_63' title="bbox 324 4999 1852 5072">
     <span class='ocr_line' id='line_1_63' title="bbox 324 4999 1852 5072; baseline 0.003 -16"><span class='ocrx_word' id='word_1_475' title='bbox 324 5000 428 5056; x_wconf 83' lang='lat' dir='ltr'><strong>Cur</strong></span> <span class='ocrx_word' id='word_1_476' title='bbox 448 4999 677 5059; x_wconf 79' lang='lat' dir='ltr'><strong>Joannes</strong></span> <span class='ocrx_word' id='word_1_477' title='bbox 701 5008 817 5055; x_wconf 80' lang='lat' dir='ltr'><strong>ante</strong></span> <span class='ocrx_word' id='word_1_478' title='bbox 833 4999 1088 5057; x_wconf 77' lang='lat' dir='ltr'><strong>Christum</strong></span> <span class='ocrx_word' id='word_1_479' title='bbox 1109 5003 1420 5072; x_wconf 62' lang='lat' dir='ltr'><strong>medicauit.</strong></span> <span class='ocrx_word' id='word_1_480' title='bbox 1445 5033 1515 5048; x_wconf 85' lang='lat'><strong>--—</strong></span> <span class='ocrx_word' id='word_1_481' title='bbox 1538 5006 1622 5060; x_wconf 86' lang='grc'><strong>17.</strong></span> <span class='ocrx_word' id='word_1_482' title='bbox 1648 5003 1852 5060; x_wconf 71' lang='lat' dir='ltr'><strong>Exinde</strong></span> 
     </span>
    </p>
   </div>
   <div class='ocr_carea' id='block_1_64' title="bbox 251 5093 1850 5168">
    <p class='ocr_par' dir='ltr' id='par_1_64' title="bbox 251 5093 1850 5168">
     <span class='ocr_line' id='line_1_64' title="bbox 251 5093 1850 5168; baseline 0.002 -20"><span class='ocrx_word' id='word_1_483' title='bbox 251 5094 403 5162; x_wconf 74' lang='lat' dir='ltr'><strong>carpit</strong></span> <span class='ocrx_word' id='word_1_484' title='bbox 443 5093 598 5148; x_wconf 77' lang='lat' dir='ltr'><strong>Jesus</strong></span> <span class='ocrx_word' id='word_1_485' title='bbox 635 5094 914 5163; x_wconf 65' lang='lat' dir='ltr'><strong>medicare</strong></span> <span class='ocrx_word' id='word_1_486' title='bbox 951 5103 998 5146; x_wconf 85' lang='lat' dir='ltr'><strong>et</strong></span> <span class='ocrx_word' id='word_1_487' title='bbox 1036 5095 1202 5148; x_wconf 82' lang='lat' dir='ltr'><strong>dicere</strong></span> <span class='ocrx_word' id='word_1_488' title='bbox 1233 5109 1250 5146; x_wconf 92' lang='lat'><strong><em>:</em></strong></span> <span class='ocrx_word' id='word_1_489' title='bbox 1284 5093 1638 5150; x_wconf 73' lang='lat' dir='ltr'><strong>Paenitentiam</strong></span> <span class='ocrx_word' id='word_1_490' title='bbox 1677 5097 1850 5168; x_wconf 84' lang='lat' dir='ltr'><strong>agite,</strong></span> 
     </span>
    </p>
   </div>
   <div class='ocr_carea' id='block_1_65' title="bbox 251 5184 1852 5257">
    <p class='ocr_par' dir='ltr' id='par_1_65' title="bbox 251 5184 1852 5257">
     <span class='ocr_line' id='line_1_65' title="bbox 251 5184 1852 5257; baseline 0 -17"><span class='ocrx_word' id='word_1_491' title='bbox 251 5184 680 5255; x_wconf 67' lang='lat' dir='ltr'><strong>appropintyuavit</strong></span> <span class='ocrx_word' id='word_1_492' title='bbox 707 5185 841 5238; x_wconf 86' lang='lat' dir='ltr'><strong>enim</strong></span> <span class='ocrx_word' id='word_1_493' title='bbox 877 5198 1089 5254; x_wconf 80' lang='lat' dir='ltr'><strong>regnum</strong></span> <span class='ocrx_word' id='word_1_494' title='bbox 1122 5185 1384 5238; x_wconf 73' lang='lat' dir='ltr'><strong>caelorum.</strong></span> <span class='ocrx_word' id='word_1_495' title='bbox 1418 5185 1652 5252; x_wconf 71' lang='lat' dir='ltr'><strong>Exinde,</strong></span> <span class='ocrx_word' id='word_1_496' title='bbox 1682 5201 1852 5257; x_wconf 84' lang='lat' dir='ltr'><strong>quan-</strong></span> 
     </span>
    </p>
   </div>
   <div class='ocr_carea' id='block_1_66' title="bbox 251 5275 1850 5347">
    <p class='ocr_par' dir='ltr' id='par_1_66' title="bbox 251 5275 1850 5347">
     <span class='ocr_line' id='line_1_66' title="bbox 251 5275 1850 5347; baseline 0.003 -17"><span class='ocrx_word' id='word_1_497' title='bbox 251 5278 449 5337; x_wconf 84' lang='lat' dir='ltr'><strong>donam</strong></span> <span class='ocrx_word' id='word_1_498' title='bbox 473 5277 497 5331; x_wconf 71' lang='grc' dir='ltr'><em>ἳ</em></span> <span class='ocrx_word' id='word_1_499' title='bbox 525 5277 600 5331; x_wconf 78' lang='lat' dir='ltr'><strong>Ex</strong></span> <span class='ocrx_word' id='word_1_500' title='bbox 625 5291 734 5347; x_wconf 84' lang='lat' dir='ltr'><strong>quo</strong></span> <span class='ocrx_word' id='word_1_501' title='bbox 756 5275 991 5332; x_wconf 79' lang='lat' dir='ltr'><strong>Joannes</strong></span> <span class='ocrx_word' id='word_1_502' title='bbox 1022 5278 1076 5336; x_wconf 86' lang='lat' dir='ltr'><strong>in</strong></span> <span class='ocrx_word' id='word_1_503' title='bbox 1101 5292 1372 5333; x_wconf 78' lang='lat' dir='ltr'><strong>carcerem</strong></span> <span class='ocrx_word' id='word_1_504' title='bbox 1406 5286 1584 5334; x_wconf 88' lang='lat' dir='ltr'><strong>trusus</strong></span> <span class='ocrx_word' id='word_1_505' title='bbox 1612 5290 1712 5335; x_wconf 90' lang='lat' dir='ltr'><strong>est.</strong></span> <span class='ocrx_word' id='word_1_506' title='bbox 1742 5281 1850 5335; x_wconf 90' lang='lat' dir='ltr'><strong>Cur</strong></span> 
     </span>
    </p>
   </div>
   <div class='ocr_carea' id='block_1_67' title="bbox 254 5370 1850 5444">
    <p class='ocr_par' dir='ltr' id='par_1_67' title="bbox 254 5370 1850 5444">
     <span class='ocr_line' id='line_1_67' title="bbox 254 5370 1850 5444; baseline -0.001 -14"><span class='ocrx_word' id='word_1_507' title='bbox 254 5381 433 5430; x_wconf 82' lang='lat' dir='ltr'><strong>autem</strong></span> <span class='ocrx_word' id='word_1_508' title='bbox 465 5385 570 5427; x_wconf 90' lang='lat' dir='ltr'><strong>non</strong></span> <span class='ocrx_word' id='word_1_509' title='bbox 600 5385 630 5428; x_wconf 85' lang='lat' dir='ltr'><strong>a</strong></span> <span class='ocrx_word' id='word_1_510' title='bbox 659 5370 918 5441; x_wconf 87' lang='lat' dir='ltr'><strong>principio</strong></span> <span class='ocrx_word' id='word_1_511' title='bbox 959 5370 1268 5441; x_wconf 64' lang='lat' dir='ltr'><strong>praedicavit</strong></span> <span class='ocrx_word' id='word_1_512' title='bbox 1306 5372 1449 5427; x_wconf 87' lang='lat' dir='ltr'><strong>illis?</strong></span> <span class='ocrx_word' id='word_1_513' title='bbox 1477 5383 1532 5428; x_wconf 90' lang='lat' dir='ltr'><strong>et</strong></span> <span class='ocrx_word' id='word_1_514' title='bbox 1559 5374 1688 5444; x_wconf 88' lang='lat' dir='ltr'><strong>quid</strong></span> <span class='ocrx_word' id='word_1_515' title='bbox 1717 5389 1850 5444; x_wconf 85' lang='lat' dir='ltr'><strong>opus</strong></span> 
     </span>
    </p>
   </div>
   <div class='ocr_carea' id='block_1_68' title="bbox 317 5508 1848 5608">
    <p class='ocr_par' dir='ltr' id='par_1_68' title="bbox 317 5508 1848 5608">
     <span class='ocr_line' id='line_1_68' title="bbox 317 5508 1848 5608; baseline 0.01 -33"><span class='ocrx_word' id='word_1_516' title='bbox 317 5527 389 5588; x_wconf 82' lang='grc' dir='ltr'><strong>(α)</strong></span> <span class='ocrx_word' id='word_1_517' title='bbox 424 5525 570 5589; x_wconf 79' lang='lat' dir='ltr'><strong>Atqui</strong></span> <span class='ocrx_word' id='word_1_518' title='bbox 621 5528 671 5578; x_wconf 89' lang='lat' dir='ltr'><strong>in</strong></span> <span class='ocrx_word' id='word_1_519' title='bbox 715 5527 954 5578; x_wconf 80' lang='lat' dir='ltr'><strong>Hebraico</strong></span> <span class='ocrx_word' id='word_1_520' title='bbox 999 5525 1180 5591; x_wconf 85' lang='lat' dir='ltr'><strong>legitur</strong></span> <span class='ocrx_word' id='word_1_521' title='bbox 1224 5538 1237 5575; x_wconf 89' lang='lat'><strong>:</strong></span> <span class='ocrx_word' id='word_1_522' title='bbox 1276 5532 1445 5608; x_wconf 63' lang='lat' dir='ltr'><strong>Tum</strong></span> <span class='ocrx_word' id='word_1_523' title='bbox 1473 5508 1678 5586; x_wconf 62' lang='lat' dir='ltr'><strong>av:an</strong></span> <span class='ocrx_word' id='word_1_524' title='bbox 1701 5540 1848 5598; x_wconf 61' lang='lat' dir='ltr'><strong>iam.</strong></span> 
     </span>
    </p>
   </div>
   <div class='ocr_carea' id='block_1_69' title="bbox 253 5617 1854 5682">
    <p class='ocr_par' dir='ltr' id='par_1_69' title="bbox 253 5617 1854 5682">
     <span class='ocr_line' id='line_1_69' title="bbox 253 5617 1854 5682; baseline 0.004 -14"><span class='ocrx_word' id='word_1_525' title='bbox 253 5627 305 5682; x_wconf 86' lang='lat' dir='ltr'><strong>et</strong></span> <span class='ocrx_word' id='word_1_526' title='bbox 330 5617 537 5682; x_wconf 71' lang='lat' dir='ltr'><strong>Vulgata</strong></span> <span class='ocrx_word' id='word_1_527' title='bbox 560 5624 702 5669; x_wconf 87' lang='lat' dir='ltr'><strong>recte</strong></span> <span class='ocrx_word' id='word_1_528' title='bbox 727 5621 877 5669; x_wconf 83' lang='lat' dir='ltr'><strong>vertit</strong></span> <span class='ocrx_word' id='word_1_529' title='bbox 901 5632 913 5666; x_wconf 88' lang='lat'>:</span> <span class='ocrx_word' id='word_1_530' title='bbox 938 5618 1144 5682; x_wconf 80' lang='lat' dir='ltr'><strong>Populus</strong></span> <span class='ocrx_word' id='word_1_531' title='bbox 1162 5618 1244 5682; x_wconf 87' lang='lat' dir='ltr'><strong>qui</strong></span> <span class='ocrx_word' id='word_1_532' title='bbox 1261 5621 1538 5672; x_wconf 83' lang='lat' dir='ltr'><strong>ambulabat</strong></span> <span class='ocrx_word' id='word_1_533' title='bbox 1559 5622 1854 5676; x_wconf 68' lang='lat' dir='ltr'><strong>intenebris.</strong></span> 
     </span>
    </p>
   </div>
   <div class='ocr_carea' id='block_1_70' title="bbox 255 5678 1849 5743">
    <p class='ocr_par' dir='ltr' id='par_1_70' title="bbox 255 5678 1849 5743">
     <span class='ocr_line' id='line_1_70' title="bbox 255 5678 1849 5743; baseline 0.006 -19"><span class='ocrx_word' id='word_1_534' title='bbox 255 5678 850 5743; x_wconf 62' lang='lat' dir='ltr'><strong>Verum&#39;Cht-ysostomus,</strong></span> <span class='ocrx_word' id='word_1_535' title='bbox 871 5678 1263 5732; x_wconf 63' lang='lat' dir='ltr'><strong>conci&#39;onator&#39;nm</strong></span> <span class='ocrx_word' id='word_1_536' title='bbox 1288 5695 1443 5743; x_wconf 89' lang='lat' dir='ltr'><strong>more,</strong></span> <span class='ocrx_word' id='word_1_537' title='bbox 1466 5685 1618 5733; x_wconf 81' lang='lat' dir='ltr'><strong>verba</strong></span> <span class='ocrx_word' id='word_1_538' title='bbox 1647 5695 1849 5738; x_wconf 71' lang='lat' dir='ltr'><strong>uterum</strong></span> 
     </span>
    </p>
   </div>
   <div class='ocr_carea' id='block_1_71' title="bbox 252 5742 1853 5860">
    <p class='ocr_par' dir='ltr' id='par_1_71' title="bbox 252 5742 1853 5860">
     <span class='ocr_line' id='line_1_71' title="bbox 252 5742 1853 5860; baseline 0.007 -71"><span class='ocrx_word' id='word_1_539' title='bbox 252 5750 436 5860; x_wconf 41' lang='grc' dir='ltr'><strong>Ἀθη</strong></span> <span class='ocrx_word' id='word_1_540' title='bbox 460 5742 686 5803; x_wconf 81' lang='lat' dir='ltr'><strong>discutit,</strong></span> <span class='ocrx_word' id='word_1_541' title='bbox 714 5750 764 5794; x_wconf 87' lang='lat' dir='ltr'><strong>ct</strong></span> <span class='ocrx_word' id='word_1_542' title='bbox 797 5742 854 5791; x_wconf 79' lang='lat' dir='ltr'><strong>ad</strong></span> <span class='ocrx_word' id='word_1_543' title='bbox 879 5753 1220 5806; x_wconf 85' lang='lat' dir='ltr'><strong>argumentum</strong></span> <span class='ocrx_word' id='word_1_544' title='bbox 1247 5757 1388 5796; x_wconf 86' lang='lat' dir='ltr'><strong>suum</strong></span> <span class='ocrx_word' id='word_1_545' title='bbox 1412 5742 1500 5809; x_wconf 78' lang='lat' dir='ltr'><strong>pro</strong></span> <span class='ocrx_word' id='word_1_546' title='bbox 1535 5745 1688 5802; x_wconf 84' lang='lat' dir='ltr'><strong>lubito</strong></span> <span class='ocrx_word' id='word_1_547' title='bbox 1712 5765 1853 5802; x_wconf 83' lang='lat' dir='ltr'><strong>usur-</strong></span> 
     </span>
    </p>
   </div>
   <div class='ocr_carea' id='block_1_72' title="bbox 1931 1593 3542 1664">
    <p class='ocr_par' dir='ltr' id='par_1_72' title="bbox 1931 1593 3542 1664">
     <span class='ocr_line' id='line_1_72' title="bbox 1931 1593 3542 1664; baseline -0.002 -15"><span class='ocrx_word' id='word_1_548' title='bbox 1931 1603 2047 1650; x_wconf 89' lang='lat' dir='ltr'><strong>erat</strong></span> <span class='ocrx_word' id='word_1_549' title='bbox 2072 1593 2302 1659; x_wconf 79' lang='lat' dir='ltr'><strong>JOanne,</strong></span> <span class='ocrx_word' id='word_1_550' title='bbox 2329 1611 2450 1650; x_wconf 91' lang='lat' dir='ltr'><strong>cum</strong></span> <span class='ocrx_word' id='word_1_551' title='bbox 2481 1609 2706 1664; x_wconf 82' lang='lat' dir='ltr'><strong>operum</strong></span> <span class='ocrx_word' id='word_1_552' title='bbox 2740 1593 3041 1650; x_wconf 89' lang='lat' dir='ltr'><strong>testimonia</strong></span> <span class='ocrx_word' id='word_1_553' title='bbox 3073 1593 3246 1664; x_wconf 87' lang='lat' dir='ltr'><strong>ipsum</strong></span> <span class='ocrx_word' id='word_1_554' title='bbox 3281 1593 3542 1664; x_wconf 74' lang='lat' dir='ltr'><strong>prccdica-</strong></span> 
     </span>
    </p>
   </div>
   <div class='ocr_carea' id='block_1_73' title="bbox 1930 1677 3547 1756">
    <p class='ocr_par' dir='ltr' id='par_1_73' title="bbox 1930 1677 3547 1756">
     <span class='ocr_line' id='line_1_73' title="bbox 1930 1677 3547 1756; baseline -0.002 -15"><span class='ocrx_word' id='word_1_555' title='bbox 1930 1685 2093 1741; x_wconf 86' lang='lat' dir='ltr'><strong>rcnt?</strong></span> <span class='ocrx_word' id='word_1_556' title='bbox 2121 1684 2189 1742; x_wconf 90' lang='lat' dir='ltr'><strong>Ut</strong></span> <span class='ocrx_word' id='word_1_557' title='bbox 2225 1685 2347 1742; x_wconf 84' lang='lat' dir='ltr'><strong>inde</strong></span> <span class='ocrx_word' id='word_1_558' title='bbox 2373 1687 2535 1742; x_wconf 88' lang='lat' dir='ltr'><strong>etiam</strong></span> <span class='ocrx_word' id='word_1_559' title='bbox 2565 1685 2743 1741; x_wconf 83' lang='lat' dir='ltr'><strong>discas</strong></span> <span class='ocrx_word' id='word_1_560' title='bbox 2771 1684 2888 1756; x_wconf 90' lang='lat' dir='ltr'><strong>ejus</strong></span> <span class='ocrx_word' id='word_1_561' title='bbox 2916 1683 3255 1753; x_wconf 89' lang='lat' dir='ltr'><strong>dignitatem,</strong></span> <span class='ocrx_word' id='word_1_562' title='bbox 3285 1677 3547 1752; x_wconf 76' lang='lat' dir='ltr'><strong>quoniu&#39;m</strong></span> 
     </span>
    </p>
   </div>
   <div class='ocr_carea' id='block_1_74' title="bbox 1928 1775 3540 1849">
    <p class='ocr_par' dir='ltr' id='par_1_74' title="bbox 1928 1775 3540 1849">
     <span class='ocr_line' id='line_1_74' title="bbox 1928 1775 3540 1849; baseline -0.002 -16"><span class='ocrx_word' id='word_1_563' title='bbox 1928 1778 2383 1849; x_wconf 84' lang='lat' dir='ltr'><strong>quemadmodum</strong></span> <span class='ocrx_word' id='word_1_564' title='bbox 2412 1779 2590 1842; x_wconf 77' lang='lat' dir='ltr'><strong>Pater,</strong></span> <span class='ocrx_word' id='word_1_565' title='bbox 2621 1778 2737 1848; x_wconf 86' lang='lat' dir='ltr'><strong>ipse</strong></span> <span class='ocrx_word' id='word_1_566' title='bbox 2763 1791 2978 1848; x_wconf 86' lang='lat' dir='ltr'><strong>quoque</strong></span> <span class='ocrx_word' id='word_1_567' title='bbox 3009 1777 3300 1846; x_wconf 81' lang='lat' dir='ltr'><strong>praplietas</strong></span> <span class='ocrx_word' id='word_1_568' title='bbox 3341 1775 3501 1832; x_wconf 83' lang='lat' dir='ltr'><strong>habet</strong></span> <span class='ocrx_word' id='word_1_569' title='bbox 3527 1794 3540 1829; x_wconf 93' lang='lat'>:</span> 
     </span>
    </p>
   </div>
   <div class='ocr_carea' id='block_1_75' title="bbox 1931 1869 3546 1942">
    <p class='ocr_par' dir='ltr' id='par_1_75' title="bbox 1931 1869 3546 1942">
     <span class='ocr_line' id='line_1_75' title="bbox 1931 1869 3546 1942; baseline -0.001 -17"><span class='ocrx_word' id='word_1_570' title='bbox 1931 1871 2073 1942; x_wconf 89' lang='lat' dir='ltr'><strong>quod</strong></span> <span class='ocrx_word' id='word_1_571' title='bbox 2103 1882 2151 1926; x_wconf 90' lang='lat' dir='ltr'><strong>et</strong></span> <span class='ocrx_word' id='word_1_572' title='bbox 2183 1870 2470 1926; x_wconf 84' lang='lat' dir='ltr'><strong>Zacharias</strong></span> <span class='ocrx_word' id='word_1_573' title='bbox 2497 1871 2710 1927; x_wconf 86' lang='lat' dir='ltr'><strong>dicebat</strong></span> <span class='ocrx_word' id='word_1_574' title='bbox 2741 1889 2754 1925; x_wconf 90' lang='lat'><strong>:</strong></span> <span class='ocrx_word' id='word_1_575' title='bbox 2789 1869 2851 1926; x_wconf 86' lang='lat' dir='ltr'><strong>Et</strong></span> <span class='ocrx_word' id='word_1_576' title='bbox 2876 1880 2953 1938; x_wconf 87' lang='lat' dir='ltr'><strong>tu,</strong></span> <span class='ocrx_word' id='word_1_577' title='bbox 2986 1887 3132 1941; x_wconf 86' lang='lat' dir='ltr'><strong>puer,</strong></span> <span class='ocrx_word' id='word_1_578' title='bbox 3165 1869 3428 1942; x_wconf 78' lang='lat' dir='ltr'><strong>Propheta</strong></span> <span class='ocrx_word' id='word_1_579' title='bbox 3454 1871 3546 1924; x_wconf 80' lang='lat' dir='ltr'><strong>Al-</strong></span> 
     </span>
    </p>
   </div>
   <div class='ocr_carea' id='block_1_76' title="bbox 1932 1963 3546 2036">
    <p class='ocr_par' dir='ltr' id='par_1_76' title="bbox 1932 1963 3546 2036">
     <span class='ocr_line' id='line_1_76' title="bbox 1932 1963 3546 2036; baseline 0 -18"><span class='ocrx_word' id='word_1_580' title='bbox 1932 1964 2115 2018; x_wconf 77' lang='lat' dir='ltr'><strong>tissimi</strong></span> <span class='ocrx_word' id='word_1_581' title='bbox 2139 1963 2393 2020; x_wconf 78' lang='lat' dir='ltr'><strong>vocaberis</strong></span> <span class='ocrx_word' id='word_1_582' title='bbox 2418 1963 2567 2034; x_wconf 87' lang='lat' dir='ltr'><strong>(Luc.</strong></span> <span class='ocrx_word' id='word_1_583' title='bbox 2603 1965 2651 2020; x_wconf 91' lang='grc'><strong>1.</strong></span> <span class='ocrx_word' id='word_1_584' title='bbox 2683 1963 2772 2036; x_wconf 78' lang='lat'><strong>76)</strong></span> <span class='ocrx_word' id='word_1_585' title='bbox 2799 1981 2812 2029; x_wconf 83' lang='lat'><strong>;</strong></span> <span class='ocrx_word' id='word_1_586' title='bbox 2844 1973 2897 2020; x_wconf 90' lang='lat' dir='ltr'><strong>et</strong></span> <span class='ocrx_word' id='word_1_587' title='bbox 2939 1973 2994 2018; x_wconf 87' lang='lat' dir='ltr'><strong>ut</strong></span> <span class='ocrx_word' id='word_1_588' title='bbox 3027 1963 3227 2018; x_wconf 88' lang='lat' dir='ltr'><strong>nullam</strong></span> <span class='ocrx_word' id='word_1_589' title='bbox 3257 1963 3546 2034; x_wconf 87' lang='lat' dir='ltr'><strong>impuden-</strong></span> 
     </span>
    </p>
   </div>
   <div class='ocr_carea' id='block_1_77' title="bbox 1934 2055 3553 2128">
    <p class='ocr_par' dir='ltr' id='par_1_77' title="bbox 1934 2055 3553 2128">
     <span class='ocr_line' id='line_1_77' title="bbox 1934 2055 3553 2128; baseline 0.001 -18"><span class='ocrx_word' id='word_1_590' title='bbox 1934 2055 2076 2111; x_wconf 89' lang='lat' dir='ltr'><strong>tibus</strong></span> <span class='ocrx_word' id='word_1_591' title='bbox 2107 2055 2307 2112; x_wconf 71' lang='lat' dir='ltr'><strong>Judazis</strong></span> <span class='ocrx_word' id='word_1_592' title='bbox 2349 2071 2536 2112; x_wconf 91' lang='lat' dir='ltr'><strong>ansam</strong></span> <span class='ocrx_word' id='word_1_593' title='bbox 2584 2057 2914 2128; x_wconf 87' lang='lat' dir='ltr'><strong>relinqueret</strong></span> <span class='ocrx_word' id='word_1_594' title='bbox 2948 2074 2960 2110; x_wconf 89' lang='lat'><strong>:</strong></span> <span class='ocrx_word' id='word_1_595' title='bbox 2994 2057 3137 2128; x_wconf 91' lang='lat' dir='ltr'><strong>quod</strong></span> <span class='ocrx_word' id='word_1_596' title='bbox 3181 2057 3296 2127; x_wconf 88' lang='lat' dir='ltr'><strong>ipse</strong></span> <span class='ocrx_word' id='word_1_597' title='bbox 3334 2071 3553 2128; x_wconf 84' lang='lat' dir='ltr'><strong>quoque</strong></span> 
     </span>
    </p>
   </div>
   <div class='ocr_carea' id='block_1_78' title="bbox 1935 2146 3550 2218">
    <p class='ocr_par' dir='ltr' id='par_1_78' title="bbox 1935 2146 3550 2218">
     <span class='ocr_line' id='line_1_78' title="bbox 1935 2146 3550 2218; baseline -0.001 -16"><span class='ocrx_word' id='word_1_598' title='bbox 1935 2147 2189 2203; x_wconf 86' lang='lat' dir='ltr'><strong>indicavit</strong></span> <span class='ocrx_word' id='word_1_599' title='bbox 2211 2148 2432 2203; x_wconf 86' lang='lat' dir='ltr'><strong>dicens:</strong></span> <span class='ocrx_word' id='word_1_600' title='bbox 2472 2147 2619 2202; x_wconf 80' lang='lat' dir='ltr'><strong>Venit</strong></span> <span class='ocrx_word' id='word_1_601' title='bbox 2646 2146 2876 2203; x_wconf 77' lang='lat' dir='ltr'><strong>Ioannes</strong></span> <span class='ocrx_word' id='word_1_602' title='bbox 2905 2163 3064 2218; x_wconf 86' lang='lat' dir='ltr'><strong>neque</strong></span> <span class='ocrx_word' id='word_1_603' title='bbox 3095 2147 3432 2213; x_wconf 85' lang='lat' dir='ltr'><strong>manducans,</strong></span> <span class='ocrx_word' id='word_1_604' title='bbox 3461 2165 3550 2201; x_wconf 87' lang='lat' dir='ltr'><strong>ne-</strong></span> 
     </span>
    </p>
   </div>
   <div class='ocr_carea' id='block_1_79' title="bbox 1932 2236 3550 2307">
    <p class='ocr_par' dir='ltr' id='par_1_79' title="bbox 1932 2236 3550 2307">
     <span class='ocr_line' id='line_1_79' title="bbox 1932 2236 3550 2307; baseline 0.001 -17"><span class='ocrx_word' id='word_1_605' title='bbox 1932 2253 2029 2307; x_wconf 86' lang='lat' dir='ltr'><strong>que</strong></span> <span class='ocrx_word' id='word_1_606' title='bbox 2067 2237 2236 2306; x_wconf 85' lang='lat' dir='ltr'><strong>bibens</strong></span> <span class='ocrx_word' id='word_1_607' title='bbox 2257 2279 2270 2301; x_wconf 97' lang='lat'><strong>,</strong></span> <span class='ocrx_word' id='word_1_608' title='bbox 2300 2248 2346 2292; x_wconf 86' lang='lat' dir='ltr'><strong>et</strong></span> <span class='ocrx_word' id='word_1_609' title='bbox 2377 2240 2550 2292; x_wconf 81' lang='lat' dir='ltr'><strong>dicunt</strong></span> <span class='ocrx_word' id='word_1_610' title='bbox 2581 2255 2599 2292; x_wconf 93' lang='lat'><strong><em>:</em></strong></span> <span class='ocrx_word' id='word_1_611' title='bbox 2628 2236 2953 2294; x_wconf 69' lang='lat' dir='ltr'><strong>Darmonittm</strong></span> <span class='ocrx_word' id='word_1_612' title='bbox 2993 2239 3160 2294; x_wconf 80' lang='lat' dir='ltr'><strong>habet.</strong></span> <span class='ocrx_word' id='word_1_613' title='bbox 3202 2237 3347 2293; x_wconf 82' lang='lat' dir='ltr'><strong>Venit</strong></span> <span class='ocrx_word' id='word_1_614' title='bbox 3379 2237 3550 2300; x_wconf 77' lang='lat' dir='ltr'><strong>Filius</strong></span> 
     </span>
    </p>
   </div>
   <div class='ocr_carea' id='block_1_80' title="bbox 1935 2328 3552 2397">
    <p class='ocr_par' dir='ltr' id='par_1_80' title="bbox 1935 2328 3552 2397">
     <span class='ocr_line' id='line_1_80' title="bbox 1935 2328 3552 2397; baseline 0.002 -15"><span class='ocrx_word' id='word_1_615' title='bbox 1935 2330 2154 2383; x_wconf 78' lang='lat' dir='ltr'><strong>hominis</strong></span> <span class='ocrx_word' id='word_1_616' title='bbox 2175 2330 2491 2384; x_wconf 84' lang='lat' dir='ltr'><strong>manducans</strong></span> <span class='ocrx_word' id='word_1_617' title='bbox 2514 2340 2559 2385; x_wconf 90' lang='lat' dir='ltr'><strong>et</strong></span> <span class='ocrx_word' id='word_1_618' title='bbox 2583 2331 2774 2397; x_wconf 77' lang='lat' dir='ltr'><strong>bibens,</strong></span> <span class='ocrx_word' id='word_1_619' title='bbox 2806 2339 2852 2386; x_wconf 85' lang='lat' dir='ltr'><strong>et</strong></span> <span class='ocrx_word' id='word_1_620' title='bbox 2879 2330 3055 2385; x_wconf 82' lang='lat' dir='ltr'><strong>dicunt</strong></span> <span class='ocrx_word' id='word_1_621' title='bbox 3083 2346 3102 2385; x_wconf 90' lang='lat'><strong><em>:</em></strong></span> <span class='ocrx_word' id='word_1_622' title='bbox 3128 2328 3263 2385; x_wconf 81' lang='lat' dir='ltr'><strong>Ecce</strong></span> <span class='ocrx_word' id='word_1_623' title='bbox 3290 2333 3440 2385; x_wconf 82' lang='lat' dir='ltr'><strong>homo</strong></span> <span class='ocrx_word' id='word_1_624' title='bbox 3463 2348 3552 2385; x_wconf 80' lang='lat' dir='ltr'><strong>vo-</strong></span> 
     </span>
    </p>
   </div>
   <div class='ocr_carea' id='block_1_81' title="bbox 1935 2423 3548 2494">
    <p class='ocr_par' dir='ltr' id='par_1_81' title="bbox 1935 2423 3548 2494">
     <span class='ocr_line' id='line_1_81' title="bbox 1935 2423 3548 2494; baseline 0.001 -19"><span class='ocrx_word' id='word_1_625' title='bbox 1935 2439 2033 2476; x_wconf 73' lang='lat' dir='ltr'><strong>rax</strong></span> <span class='ocrx_word' id='word_1_626' title='bbox 2055 2431 2098 2476; x_wconf 89' lang='lat' dir='ltr'><strong>et</strong></span> <span class='ocrx_word' id='word_1_627' title='bbox 2121 2423 2225 2476; x_wconf 80' lang='lat' dir='ltr'><strong>vini</strong></span> <span class='ocrx_word' id='word_1_628' title='bbox 2251 2432 2486 2493; x_wconf 70' lang='lat' dir='ltr'><strong>potator,</strong></span> <span class='ocrx_word' id='word_1_629' title='bbox 2503 2423 2891 2492; x_wconf 80' lang='lat' dir='ltr'><strong>publicanorum</strong></span> <span class='ocrx_word' id='word_1_630' title='bbox 2913 2433 2961 2478; x_wconf 83' lang='lat' dir='ltr'><strong>et</strong></span> <span class='ocrx_word' id='word_1_631' title='bbox 2985 2432 3309 2494; x_wconf 84' lang='lat' dir='ltr'><strong>peccatorum</strong></span> <span class='ocrx_word' id='word_1_632' title='bbox 3333 2425 3548 2478; x_wconf 84' lang='lat' dir='ltr'><strong>amicus.</strong></span> 
     </span>
    </p>
   </div>
   <div class='ocr_carea' id='block_1_82' title="bbox 1937 2512 3552 2585">
    <p class='ocr_par' dir='ltr' id='par_1_82' title="bbox 1937 2512 3552 2585">
     <span class='ocr_line' id='line_1_82' title="bbox 1937 2512 3552 2585; baseline 0.004 -19"><span class='ocrx_word' id='word_1_633' title='bbox 1937 2512 2004 2566; x_wconf 88' lang='lat' dir='ltr'><strong>Et</strong></span> <span class='ocrx_word' id='word_1_634' title='bbox 2036 2513 2322 2585; x_wconf 74' lang='lat' dir='ltr'><strong>justiﬁcata</strong></span> <span class='ocrx_word' id='word_1_635' title='bbox 2350 2523 2423 2568; x_wconf 79' lang='lat' dir='ltr'><strong>est</strong></span> <span class='ocrx_word' id='word_1_636' title='bbox 2451 2514 2706 2584; x_wconf 81' lang='lat' dir='ltr'><strong>sapientia</strong></span> <span class='ocrx_word' id='word_1_637' title='bbox 2733 2533 2766 2570; x_wconf 89' lang='lat' dir='ltr'><strong>a</strong></span> <span class='ocrx_word' id='word_1_638' title='bbox 2793 2515 2915 2581; x_wconf 76' lang='lat' dir='ltr'><strong>ﬁliis</strong></span> <span class='ocrx_word' id='word_1_639' title='bbox 2943 2515 3051 2570; x_wconf 85' lang='lat' dir='ltr'><strong>suis</strong></span> <span class='ocrx_word' id='word_1_640' title='bbox 3079 2513 3307 2585; x_wconf 70' lang='lat' dir='ltr'><strong>(Matth.</strong></span> <span class='ocrx_word' id='word_1_641' title='bbox 3339 2515 3426 2568; x_wconf 84' lang='grc'><strong>11.</strong></span> <span class='ocrx_word' id='word_1_642' title='bbox 3462 2515 3552 2572; x_wconf 58' lang='grc'><strong>18.</strong></span> 
     </span>
    </p>
   </div>
   <div class='ocr_carea' id='block_1_83' title="bbox 1938 2604 3554 2676">
    <p class='ocr_par' dir='ltr' id='par_1_83' title="bbox 1938 2604 3554 2676">
     <span class='ocr_line' id='line_1_83' title="bbox 1938 2604 3554 2676; baseline -0.001 -15"><span class='ocrx_word' id='word_1_643' title='bbox 1938 2604 2066 2674; x_wconf 85' lang='grc'><strong>19).</strong></span> <span class='ocrx_word' id='word_1_644' title='bbox 2113 2606 2366 2676; x_wconf 81' lang='lat' dir='ltr'><strong>Alioquin</strong></span> <span class='ocrx_word' id='word_1_645' title='bbox 2417 2606 2782 2661; x_wconf 89' lang='lat' dir='ltr'><strong>necessarium</strong></span> <span class='ocrx_word' id='word_1_646' title='bbox 2826 2614 2980 2672; x_wconf 89' lang='lat' dir='ltr'><strong>erat,</strong></span> <span class='ocrx_word' id='word_1_647' title='bbox 3026 2614 3086 2661; x_wconf 84' lang='lat' dir='ltr'><strong>ut</strong></span> <span class='ocrx_word' id='word_1_648' title='bbox 3121 2621 3183 2662; x_wconf 90' lang='lat' dir='ltr'><strong>ea</strong></span> <span class='ocrx_word' id='word_1_649' title='bbox 3224 2621 3343 2676; x_wconf 79' lang='lat' dir='ltr'><strong>qua:</strong></span> <span class='ocrx_word' id='word_1_650' title='bbox 3379 2607 3554 2676; x_wconf 88' lang='lat' dir='ltr'><strong>ipsum</strong></span> 
     </span>
    </p>
   </div>
   <div class='ocr_carea' id='block_1_84' title="bbox 1939 2697 3556 2770">
    <p class='ocr_par' dir='ltr' id='par_1_84' title="bbox 1939 2697 3556 2770">
     <span class='ocr_line' id='line_1_84' title="bbox 1939 2697 3556 2770; baseline 0.002 -20"><span class='ocrx_word' id='word_1_651' title='bbox 1939 2697 2288 2765; x_wconf 87' lang='lat' dir='ltr'><strong>spectabant,</strong></span> <span class='ocrx_word' id='word_1_652' title='bbox 2319 2697 2386 2754; x_wconf 86' lang='lat' dir='ltr'><strong>ab</strong></span> <span class='ocrx_word' id='word_1_653' title='bbox 2413 2699 2518 2753; x_wconf 92' lang='lat' dir='ltr'><strong>alio</strong></span> <span class='ocrx_word' id='word_1_654' title='bbox 2555 2699 2707 2768; x_wconf 90' lang='lat' dir='ltr'><strong>prius</strong></span> <span class='ocrx_word' id='word_1_655' title='bbox 2744 2699 3090 2764; x_wconf 75' lang='lat' dir='ltr'><strong>dicerentur,</strong></span> <span class='ocrx_word' id='word_1_656' title='bbox 3124 2714 3287 2770; x_wconf 82' lang='lat' dir='ltr'><strong>quam</strong></span> <span class='ocrx_word' id='word_1_657' title='bbox 3317 2699 3385 2753; x_wconf 88' lang='lat' dir='ltr'><strong>ab</strong></span> <span class='ocrx_word' id='word_1_658' title='bbox 3417 2700 3556 2770; x_wconf 90' lang='lat' dir='ltr'><strong>ipso.</strong></span> 
     </span>
    </p>
   </div>
   <div class='ocr_carea' id='block_1_85' title="bbox 1940 2785 3558 2861">
    <p class='ocr_par' dir='ltr' id='par_1_85' title="bbox 1940 2785 3558 2861">
     <span class='ocr_line' id='line_1_85' title="bbox 1940 2785 3558 2861; baseline 0.004 -21"><span class='ocrx_word' id='word_1_659' title='bbox 1940 2785 1998 2840; x_wconf 87' lang='lat' dir='ltr'><strong>Si</strong></span> <span class='ocrx_word' id='word_1_660' title='bbox 2043 2787 2187 2841; x_wconf 87' lang='lat' dir='ltr'><strong>enitn</strong></span> <span class='ocrx_word' id='word_1_661' title='bbox 2235 2798 2358 2856; x_wconf 91' lang='lat' dir='ltr'><strong>post</strong></span> <span class='ocrx_word' id='word_1_662' title='bbox 2397 2797 2477 2842; x_wconf 89' lang='lat' dir='ltr'><strong>tot</strong></span> <span class='ocrx_word' id='word_1_663' title='bbox 2517 2797 2771 2858; x_wconf 85' lang='lat' dir='ltr'><strong>tantaque</strong></span> <span class='ocrx_word' id='word_1_664' title='bbox 2811 2788 3121 2846; x_wconf 83' lang='lat' dir='ltr'><strong>testimonia</strong></span> <span class='ocrx_word' id='word_1_665' title='bbox 3156 2797 3212 2845; x_wconf 87' lang='lat' dir='ltr'><strong>et</strong></span> <span class='ocrx_word' id='word_1_666' title='bbox 3240 2801 3558 2861; x_wconf 84' lang='lat' dir='ltr'><strong>argumenta</strong></span> 
     </span>
    </p>
   </div>
   <div class='ocr_carea' id='block_1_86' title="bbox 1941 2874 3559 2953">
    <p class='ocr_par' dir='ltr' id='par_1_86' title="bbox 1941 2874 3559 2953">
     <span class='ocr_line' id='line_1_86' title="bbox 1941 2874 3559 2953; baseline 0.001 -19"><span class='ocrx_word' id='word_1_667' title='bbox 1941 2879 2193 2935; x_wconf 79' lang='lat' dir='ltr'><strong>dicebant</strong></span> <span class='ocrx_word' id='word_1_668' title='bbox 2224 2899 2235 2933; x_wconf 88' lang='lat'><strong>:</strong></span> <span class='ocrx_word' id='word_1_669' title='bbox 2269 2880 2344 2934; x_wconf 86' lang='lat' dir='ltr'><strong>Tu</strong></span> <span class='ocrx_word' id='word_1_670' title='bbox 2377 2874 2717 2935; x_wconf 78' lang='lat' dir='ltr'><strong>testimonium</strong></span> <span class='ocrx_word' id='word_1_671' title='bbox 2753 2882 2985 2950; x_wconf 81' lang='lat' dir='ltr'><strong>perhibes</strong></span> <span class='ocrx_word' id='word_1_672' title='bbox 3010 2883 3074 2935; x_wconf 78' lang='lat' dir='ltr'><strong>de</strong></span> <span class='ocrx_word' id='word_1_673' title='bbox 3099 2883 3258 2953; x_wconf 78' lang='lat' dir='ltr'><strong>teipse</strong></span> <span class='ocrx_word' id='word_1_674' title='bbox 3283 2925 3297 2947; x_wconf 88' lang='lat'><strong>,</strong></span> <span class='ocrx_word' id='word_1_675' title='bbox 3331 2882 3559 2935; x_wconf 79' lang='lat' dir='ltr'><strong>testimo-</strong></span> 
     </span>
    </p>
   </div>
   <div class='ocr_carea' id='block_1_87' title="bbox 1943 2969 3587 3043">
    <p class='ocr_par' dir='ltr' id='par_1_87' title="bbox 1943 2969 3587 3043">
     <span class='ocr_line' id='line_1_87' title="bbox 1943 2969 3587 3043; baseline 0.002 -21"><span class='ocrx_word' id='word_1_676' title='bbox 1943 2971 2084 3023; x_wconf 84' lang='lat' dir='ltr'><strong>nium</strong></span> <span class='ocrx_word' id='word_1_677' title='bbox 2111 2981 2252 3025; x_wconf 82' lang='lat' dir='ltr'><strong>tuum</strong></span> <span class='ocrx_word' id='word_1_678' title='bbox 2281 2987 2380 3024; x_wconf 85' lang='lat' dir='ltr'><strong>non</strong></span> <span class='ocrx_word' id='word_1_679' title='bbox 2407 2980 2484 3026; x_wconf 90' lang='lat' dir='ltr'><strong>est</strong></span> <span class='ocrx_word' id='word_1_680' title='bbox 2509 2987 2680 3025; x_wconf 74' lang='lat' dir='ltr'><strong>rerum</strong></span> <span class='ocrx_word' id='word_1_681' title='bbox 2714 2969 2896 3042; x_wconf 85' lang='lat' dir='ltr'><strong>(Joan.</strong></span> <span class='ocrx_word' id='word_1_682' title='bbox 2925 2971 2980 3026; x_wconf 74' lang='lat'><strong>8.</strong></span> <span class='ocrx_word' id='word_1_683' title='bbox 3014 2970 3103 3043; x_wconf 71' lang='lat' dir='ltr'><strong>i3)</strong></span> <span class='ocrx_word' id='word_1_684' title='bbox 3133 2988 3146 3024; x_wconf 89' lang='lat'><strong>:</strong></span> <span class='ocrx_word' id='word_1_685' title='bbox 3181 2973 3225 3026; x_wconf 90' lang='lat' dir='ltr'><strong>si</strong></span> <span class='ocrx_word' id='word_1_686' title='bbox 3255 2971 3382 3025; x_wconf 91' lang='lat' dir='ltr'><strong>nihil</strong></span> <span class='ocrx_word' id='word_1_687' title='bbox 3414 2973 3587 3041; x_wconf 79' lang='lat' dir='ltr'><strong>prius</strong></span> 
     </span>
    </p>
   </div>
   <div class='ocr_carea' id='block_1_88' title="bbox 1944 3060 3558 3132">
    <p class='ocr_par' dir='ltr' id='par_1_88' title="bbox 1944 3060 3558 3132">
     <span class='ocr_line' id='line_1_88' title="bbox 1944 3060 3558 3132; baseline 0.001 -17"><span class='ocrx_word' id='word_1_688' title='bbox 1944 3060 2170 3116; x_wconf 76' lang='lat' dir='ltr'><strong>dixiSset</strong></span> <span class='ocrx_word' id='word_1_689' title='bbox 2193 3060 2452 3124; x_wconf 84' lang='lat' dir='ltr'><strong>Joannes,</strong></span> <span class='ocrx_word' id='word_1_690' title='bbox 2484 3072 2536 3117; x_wconf 92' lang='lat' dir='ltr'><strong>et</strong></span> <span class='ocrx_word' id='word_1_691' title='bbox 2569 3063 2683 3131; x_wconf 91' lang='lat' dir='ltr'><strong>ipse</strong></span> <span class='ocrx_word' id='word_1_692' title='bbox 2714 3062 2766 3116; x_wconf 92' lang='lat' dir='ltr'><strong>in</strong></span> <span class='ocrx_word' id='word_1_693' title='bbox 2799 3061 3035 3116; x_wconf 90' lang='lat' dir='ltr'><strong>medium</strong></span> <span class='ocrx_word' id='word_1_694' title='bbox 3077 3075 3417 3132; x_wconf 83' lang='lat' dir='ltr'><strong>progressus,</strong></span> <span class='ocrx_word' id='word_1_695' title='bbox 3447 3064 3558 3132; x_wconf 55' lang='lat' dir='ltr'><strong>prio</strong></span> 
     </span>
    </p>
   </div>
   <div class='ocr_carea' id='block_1_89' title="bbox 1946 3151 3567 3222">
    <p class='ocr_par' dir='ltr' id='par_1_89' title="bbox 1946 3151 3567 3222">
     <span class='ocr_line' id='line_1_89' title="bbox 1946 3151 3567 3222; baseline 0.002 -17"><span class='ocrx_word' id='word_1_696' title='bbox 1946 3167 2065 3205; x_wconf 79' lang='lat' dir='ltr'><strong>mils</strong></span> <span class='ocrx_word' id='word_1_697' title='bbox 2094 3152 2160 3206; x_wconf 89' lang='lat' dir='ltr'><strong>de</strong></span> <span class='ocrx_word' id='word_1_698' title='bbox 2186 3166 2245 3207; x_wconf 89' lang='lat' dir='ltr'><strong>se</strong></span> <span class='ocrx_word' id='word_1_699' title='bbox 2275 3153 2641 3206; x_wconf 88' lang='lat' dir='ltr'><strong>testimonium</strong></span> <span class='ocrx_word' id='word_1_700' title='bbox 2671 3151 3059 3222; x_wconf 85' lang='lat' dir='ltr'><strong>perhibuisset,</strong></span> <span class='ocrx_word' id='word_1_701' title='bbox 3079 3151 3206 3222; x_wconf 91' lang='lat' dir='ltr'><strong>quid</strong></span> <span class='ocrx_word' id='word_1_702' title='bbox 3234 3168 3340 3207; x_wconf 89' lang='lat' dir='ltr'><strong>non</strong></span> <span class='ocrx_word' id='word_1_703' title='bbox 3365 3153 3567 3208; x_wconf 85' lang='lat' dir='ltr'><strong>dicturi</strong></span> 
     </span>
    </p>
   </div>
   <div class='ocr_carea' id='block_1_90' title="bbox 1945 3239 3562 3314">
    <p class='ocr_par' dir='ltr' id='par_1_90' title="bbox 1945 3239 3562 3314">
     <span class='ocr_line' id='line_1_90' title="bbox 1945 3239 3562 3314; baseline 0.002 -19"><span class='ocrx_word' id='word_1_704' title='bbox 1945 3241 2140 3295; x_wconf 72' lang='lat' dir='ltr'><strong>erant?</strong></span> <span class='ocrx_word' id='word_1_705' title='bbox 2167 3239 2461 3310; x_wconf 82' lang='lat' dir='ltr'><strong>Propterea</strong></span> <span class='ocrx_word' id='word_1_706' title='bbox 2493 3257 2668 3312; x_wconf 86' lang='lat' dir='ltr'><strong>neque</strong></span> <span class='ocrx_word' id='word_1_707' title='bbox 2695 3241 3009 3311; x_wconf 64' lang='lat' dir='ltr'><strong>pradicavit</strong></span> <span class='ocrx_word' id='word_1_708' title='bbox 3037 3251 3163 3298; x_wconf 87' lang='lat' dir='ltr'><strong>ante</strong></span> <span class='ocrx_word' id='word_1_709' title='bbox 3190 3242 3361 3308; x_wconf 91' lang='lat' dir='ltr'><strong>illum,</strong></span> <span class='ocrx_word' id='word_1_710' title='bbox 3387 3258 3562 3314; x_wconf 85' lang='lat' dir='ltr'><strong>neque</strong></span> 
     </span>
    </p>
   </div>
   <div class='ocr_carea' id='block_1_91' title="bbox 1945 3315 3562 3402">
    <p class='ocr_par' dir='ltr' id='par_1_91' title="bbox 1945 3315 3562 3402">
     <span class='ocr_line' id='line_1_91' title="bbox 1945 3315 3562 3402; baseline 0.001 -16"><span class='ocrx_word' id='word_1_711' title='bbox 1945 3332 2095 3402; x_wconf 85' lang='lat' dir='ltr'><strong>signa</strong></span> <span class='ocrx_word' id='word_1_712' title='bbox 2118 3315 2306 3397; x_wconf 78' lang='lat' dir='ltr'><strong>edidit,</strong></span> <span class='ocrx_word' id='word_1_713' title='bbox 2332 3330 2508 3386; x_wconf 85' lang='lat' dir='ltr'><strong>donec</strong></span> <span class='ocrx_word' id='word_1_714' title='bbox 2534 3331 2586 3386; x_wconf 91' lang='lat' dir='ltr'><strong>in</strong></span> <span class='ocrx_word' id='word_1_715' title='bbox 2613 3344 2890 3387; x_wconf 78' lang='lat' dir='ltr'><strong>carcerem</strong></span> <span class='ocrx_word' id='word_1_716' title='bbox 2922 3331 3010 3387; x_wconf 92' lang='lat' dir='ltr'><strong>ille</strong></span> <span class='ocrx_word' id='word_1_717' title='bbox 3037 3331 3360 3398; x_wconf 90' lang='lat' dir='ltr'><strong>truderetur,</strong></span> <span class='ocrx_word' id='word_1_718' title='bbox 3391 3349 3460 3388; x_wconf 91' lang='lat' dir='ltr'><strong>ne</strong></span> <span class='ocrx_word' id='word_1_719' title='bbox 3483 3335 3562 3388; x_wconf 88' lang='lat' dir='ltr'><strong>sic</strong></span> 
     </span>
    </p>
   </div>
   <div class='ocr_carea' id='block_1_92' title="bbox 1948 3421 3560 3493">
    <p class='ocr_par' dir='ltr' id='par_1_92' title="bbox 1948 3421 3560 3493">
     <span class='ocr_line' id='line_1_92' title="bbox 1948 3421 3560 3493; baseline 0.002 -17"><span class='ocrx_word' id='word_1_720' title='bbox 1948 3421 2236 3477; x_wconf 88' lang='lat' dir='ltr'><strong>multitudo</strong></span> <span class='ocrx_word' id='word_1_721' title='bbox 2281 3421 2617 3477; x_wconf 83' lang='lat' dir='ltr'><strong>scinderetur</strong></span> <span class='ocrx_word' id='word_1_722' title='bbox 2656 3424 2709 3477; x_wconf 92' lang='lat' dir='ltr'><strong>in</strong></span> <span class='ocrx_word' id='word_1_723' title='bbox 2752 3434 2953 3493; x_wconf 89' lang='lat' dir='ltr'><strong>partes.</strong></span> <span class='ocrx_word' id='word_1_724' title='bbox 3001 3423 3208 3480; x_wconf 88' lang='lat' dir='ltr'><strong>Idcirco</strong></span> <span class='ocrx_word' id='word_1_725' title='bbox 3245 3424 3453 3480; x_wconf 89' lang='lat' dir='ltr'><strong>nullum</strong></span> <span class='ocrx_word' id='word_1_726' title='bbox 3486 3427 3560 3480; x_wconf 76' lang='grc' dir='ltr'><strong>εἰ-</strong></span> 
     </span>
    </p>
   </div>
   <div class='ocr_carea' id='block_1_93' title="bbox 1947 3499 3669 3587">
    <p class='ocr_par' dir='ltr' id='par_1_93' title="bbox 1947 3499 3669 3587">
     <span class='ocr_line' id='line_1_93' title="bbox 1947 3499 3669 3587; baseline 0.003 -17"><span class='ocrx_word' id='word_1_727' title='bbox 1947 3532 2110 3587; x_wconf 91' lang='lat' dir='ltr'><strong>gnum</strong></span> <span class='ocrx_word' id='word_1_728' title='bbox 2148 3515 2272 3570; x_wconf 81' lang='lat' dir='ltr'><strong>fecit</strong></span> <span class='ocrx_word' id='word_1_729' title='bbox 2307 3515 2544 3571; x_wconf 87' lang='lat' dir='ltr'><strong>Joannes</strong></span> <span class='ocrx_word' id='word_1_730' title='bbox 2569 3558 2583 3582; x_wconf 91' lang='lat'><strong>,</strong></span> <span class='ocrx_word' id='word_1_731' title='bbox 2612 3525 2672 3571; x_wconf 93' lang='lat' dir='ltr'><strong>ut</strong></span> <span class='ocrx_word' id='word_1_732' title='bbox 2701 3515 2804 3572; x_wconf 88' lang='lat' dir='ltr'><strong>bac</strong></span> <span class='ocrx_word' id='word_1_733' title='bbox 2829 3516 3040 3572; x_wconf 88' lang='lat' dir='ltr'><strong>ratione</strong></span> <span class='ocrx_word' id='word_1_734' title='bbox 3069 3517 3464 3574; x_wconf 89' lang='lat' dir='ltr'><strong>multitudinem</strong></span> <span class='ocrx_word' id='word_1_735' title='bbox 3494 3519 3562 3574; x_wconf 89' lang='lat' dir='ltr'><strong>ad</strong></span> <span class='ocrx_word' id='word_1_736' title='bbox 3660 3499 3669 3511; x_wconf 59' lang='grc'><strong>’</strong></span> 
     </span>
    </p>
   </div>
   <div class='ocr_carea' id='block_1_94' title="bbox 1947 3608 3563 3681">
    <p class='ocr_par' dir='ltr' id='par_1_94' title="bbox 1947 3608 3563 3681">
     <span class='ocr_line' id='line_1_94' title="bbox 1947 3608 3563 3681; baseline 0.001 -17"><span class='ocrx_word' id='word_1_737' title='bbox 1947 3608 2130 3664; x_wconf 87' lang='lat' dir='ltr'><strong>Jesum</strong></span> <span class='ocrx_word' id='word_1_738' title='bbox 2157 3608 2432 3675; x_wconf 88' lang='lat' dir='ltr'><strong>alliceret,</strong></span> <span class='ocrx_word' id='word_1_739' title='bbox 2462 3609 2589 3664; x_wconf 90' lang='lat' dir='ltr'><strong>dum</strong></span> <span class='ocrx_word' id='word_1_740' title='bbox 2617 3609 2874 3663; x_wconf 85' lang='lat' dir='ltr'><strong>miracula</strong></span> <span class='ocrx_word' id='word_1_741' title='bbox 2914 3609 2981 3664; x_wconf 82' lang='lat' dir='ltr'><strong>ad</strong></span> <span class='ocrx_word' id='word_1_742' title='bbox 3021 3609 3195 3681; x_wconf 88' lang='lat' dir='ltr'><strong>ipsum</strong></span> <span class='ocrx_word' id='word_1_743' title='bbox 3239 3610 3447 3665; x_wconf 88' lang='lat' dir='ltr'><strong>turbam</strong></span> <span class='ocrx_word' id='word_1_744' title='bbox 3479 3619 3563 3666; x_wconf 87' lang='lat' dir='ltr'><strong>at-</strong></span> 
     </span>
    </p>
   </div>
   <div class='ocr_carea' id='block_1_95' title="bbox 1951 3699 3566 3770">
    <p class='ocr_par' dir='ltr' id='par_1_95' title="bbox 1951 3699 3566 3770">
     <span class='ocr_line' id='line_1_95' title="bbox 1951 3699 3566 3770; baseline 0 -16"><span class='ocrx_word' id='word_1_745' title='bbox 1951 3699 2244 3754; x_wconf 87' lang='lat' dir='ltr'><strong>traherent.</strong></span> <span class='ocrx_word' id='word_1_746' title='bbox 2277 3699 2335 3754; x_wconf 90' lang='lat' dir='ltr'><strong>Si</strong></span> <span class='ocrx_word' id='word_1_747' title='bbox 2365 3700 2508 3754; x_wconf 90' lang='lat' dir='ltr'><strong>enim</strong></span> <span class='ocrx_word' id='word_1_748' title='bbox 2560 3709 2683 3770; x_wconf 88' lang='lat' dir='ltr'><strong>post</strong></span> <span class='ocrx_word' id='word_1_749' title='bbox 2716 3709 2794 3754; x_wconf 92' lang='lat' dir='ltr'><strong>tot</strong></span> <span class='ocrx_word' id='word_1_750' title='bbox 2823 3707 3198 3769; x_wconf 85' lang='lat' dir='ltr'><strong>tantarumque</strong></span> <span class='ocrx_word' id='word_1_751' title='bbox 3225 3716 3406 3754; x_wconf 90' lang='lat' dir='ltr'><strong>rerum</strong></span> <span class='ocrx_word' id='word_1_752' title='bbox 3448 3701 3566 3756; x_wconf 87' lang='lat' dir='ltr'><strong>dis-</strong></span> 
     </span>
    </p>
   </div>
   <div class='ocr_carea' id='block_1_96' title="bbox 1951 3790 3565 3861">
    <p class='ocr_par' dir='ltr' id='par_1_96' title="bbox 1951 3790 3565 3861">
     <span class='ocr_line' id='line_1_96' title="bbox 1951 3790 3565 3861; baseline 0.002 -16"><span class='ocrx_word' id='word_1_753' title='bbox 1951 3792 2319 3860; x_wconf 83' lang='lat' dir='ltr'><strong>pensationem</strong></span> <span class='ocrx_word' id='word_1_754' title='bbox 2343 3835 2356 3857; x_wconf 98' lang='lat'><strong>,</strong></span> <span class='ocrx_word' id='word_1_755' title='bbox 2389 3801 2442 3846; x_wconf 90' lang='lat' dir='ltr'><strong>et</strong></span> <span class='ocrx_word' id='word_1_756' title='bbox 2471 3804 2597 3846; x_wconf 89' lang='lat' dir='ltr'><strong>ante</strong></span> <span class='ocrx_word' id='word_1_757' title='bbox 2627 3800 2680 3846; x_wconf 88' lang='lat' dir='ltr'><strong>et</strong></span> <span class='ocrx_word' id='word_1_758' title='bbox 2710 3800 2995 3861; x_wconf 88' lang='lat' dir='ltr'><strong>postquam</strong></span> <span class='ocrx_word' id='word_1_759' title='bbox 3018 3790 3258 3847; x_wconf 75' lang='lat' dir='ltr'><strong>Joannes</strong></span> <span class='ocrx_word' id='word_1_760' title='bbox 3289 3793 3341 3846; x_wconf 92' lang='lat' dir='ltr'><strong>in</strong></span> <span class='ocrx_word' id='word_1_761' title='bbox 3382 3806 3565 3848; x_wconf 89' lang='lat' dir='ltr'><strong>carce-</strong></span> 
     </span>
    </p>
   </div>
   <div class='ocr_carea' id='block_1_97' title="bbox 1950 3881 3568 3955">
    <p class='ocr_par' dir='ltr' id='par_1_97' title="bbox 1950 3881 3568 3955">
     <span class='ocr_line' id='line_1_97' title="bbox 1950 3881 3568 3955; baseline 0 -16"><span class='ocrx_word' id='word_1_762' title='bbox 1950 3900 2064 3939; x_wconf 91' lang='lat' dir='ltr'><strong>rem</strong></span> <span class='ocrx_word' id='word_1_763' title='bbox 2090 3893 2270 3939; x_wconf 87' lang='lat' dir='ltr'><strong>trusus</strong></span> <span class='ocrx_word' id='word_1_764' title='bbox 2299 3893 2402 3950; x_wconf 84' lang='lat' dir='ltr'><strong>est,</strong></span> <span class='ocrx_word' id='word_1_765' title='bbox 2431 3883 2679 3953; x_wconf 89' lang='lat' dir='ltr'><strong>discipuli</strong></span> <span class='ocrx_word' id='word_1_766' title='bbox 2707 3881 2932 3938; x_wconf 88' lang='lat' dir='ltr'><strong>Joannis</strong></span> <span class='ocrx_word' id='word_1_767' title='bbox 2959 3882 3152 3937; x_wconf 86' lang='lat' dir='ltr'><strong>invidia</strong></span> <span class='ocrx_word' id='word_1_768' title='bbox 3183 3882 3412 3954; x_wconf 87' lang='lat' dir='ltr'><strong>quadam</strong></span> <span class='ocrx_word' id='word_1_769' title='bbox 3437 3899 3568 3955; x_wconf 85' lang='lat' dir='ltr'><strong>erga</strong></span> 
     </span>
    </p>
   </div>
   <div class='ocr_carea' id='block_1_98' title="bbox 1949 3972 3564 4043">
    <p class='ocr_par' dir='ltr' id='par_1_98' title="bbox 1949 3972 3564 4043">
     <span class='ocr_line' id='line_1_98' title="bbox 1949 3972 3564 4043; baseline 0 -15"><span class='ocrx_word' id='word_1_770' title='bbox 1949 3973 2133 4028; x_wconf 90' lang='lat' dir='ltr'><strong>Jesum</strong></span> <span class='ocrx_word' id='word_1_771' title='bbox 2175 3973 2303 4026; x_wconf 70' lang='lat' dir='ltr'><strong>moti</strong></span> <span class='ocrx_word' id='word_1_772' title='bbox 2348 3973 2704 4036; x_wconf 75' lang='lat' dir='ltr'><strong>videbantur;</strong></span> <span class='ocrx_word' id='word_1_773' title='bbox 2736 3973 2779 4026; x_wconf 89' lang='lat' dir='ltr'><strong>si</strong></span> <span class='ocrx_word' id='word_1_774' title='bbox 2812 3972 2965 4027; x_wconf 86' lang='lat' dir='ltr'><strong>multi</strong></span> <span class='ocrx_word' id='word_1_775' title='bbox 2995 3987 3159 4042; x_wconf 90' lang='lat' dir='ltr'><strong>porro</strong></span> <span class='ocrx_word' id='word_1_776' title='bbox 3197 3989 3302 4028; x_wconf 92' lang='lat' dir='ltr'><strong>non</strong></span> <span class='ocrx_word' id='word_1_777' title='bbox 3345 3973 3520 4043; x_wconf 90' lang='lat' dir='ltr'><strong>ipsum</strong></span> <span class='ocrx_word' id='word_1_778' title='bbox 3549 4018 3564 4039; x_wconf 85' lang='lat'><strong>,</strong></span> 
     </span>
    </p>
   </div>
   <div class='ocr_carea' id='block_1_99' title="bbox 1961 4052 3564 4131">
    <p class='ocr_par' dir='ltr' id='par_1_99' title="bbox 1961 4052 3564 4131">
     <span class='ocr_line' id='line_1_99' title="bbox 1961 4052 3564 4131; baseline 0.016 -24"><span class='ocrx_word' id='word_1_779' title='bbox 1961 4054 2056 4108; x_wconf 88' lang='lat' dir='ltr'><strong>sed</strong></span> <span class='ocrx_word' id='word_1_780' title='bbox 2084 4052 2650 4112; x_wconf 86' lang='lat' dir='ltr'><strong>Joannemeristum</strong></span> <span class='ocrx_word' id='word_1_781' title='bbox 2683 4075 2806 4116; x_wconf 83' lang='lat' dir='ltr'><strong>esse</strong></span> <span class='ocrx_word' id='word_1_782' title='bbox 2832 4062 3248 4123; x_wconf 81' lang='lat' dir='ltr'><strong>arbitrabantur</strong></span> <span class='ocrx_word' id='word_1_783' title='bbox 3280 4087 3293 4123; x_wconf 93' lang='lat'><strong>:</strong></span> <span class='ocrx_word' id='word_1_784' title='bbox 3337 4071 3382 4126; x_wconf 90' lang='lat' dir='ltr'><strong>si</strong></span> <span class='ocrx_word' id='word_1_785' title='bbox 3415 4075 3564 4131; x_wconf 85' lang='lat' dir='ltr'><strong>nihil-</strong></span> 
     </span>
    </p>
   </div>
   <div class='ocr_carea' id='block_1_100' title="bbox 1961 4146 3564 4224">
    <p class='ocr_par' dir='ltr' id='par_1_100' title="bbox 1961 4146 3564 4224">
     <span class='ocr_line' id='line_1_100' title="bbox 1961 4146 3564 4224; baseline 0.014 -24"><span class='ocrx_word' id='word_1_786' title='bbox 1961 4147 2158 4200; x_wconf 83' lang='lat' dir='ltr'><strong>horum</strong></span> <span class='ocrx_word' id='word_1_787' title='bbox 2192 4146 2394 4202; x_wconf 82' lang='lat' dir='ltr'><strong>factum</strong></span> <span class='ocrx_word' id='word_1_788' title='bbox 2419 4159 2586 4211; x_wconf 90' lang='lat' dir='ltr'><strong>esset,</strong></span> <span class='ocrx_word' id='word_1_789' title='bbox 2610 4151 2741 4221; x_wconf 88' lang='lat' dir='ltr'><strong>quid</strong></span> <span class='ocrx_word' id='word_1_790' title='bbox 2761 4167 2871 4209; x_wconf 89' lang='lat' dir='ltr'><strong>non</strong></span> <span class='ocrx_word' id='word_1_791' title='bbox 2907 4166 3229 4215; x_wconf 83' lang='lat' dir='ltr'><strong>eventurum</strong></span> <span class='ocrx_word' id='word_1_792' title='bbox 3247 4174 3365 4218; x_wconf 87' lang='lat' dir='ltr'><strong>erat</strong></span> <span class='ocrx_word' id='word_1_793' title='bbox 3388 4165 3411 4216; x_wconf 83' lang='lat'><strong>?</strong></span> <span class='ocrx_word' id='word_1_794' title='bbox 3437 4164 3564 4224; x_wconf 91' lang='lat' dir='ltr'><strong>Ideo</strong></span> 
     </span>
    </p>
   </div>
   <div class='ocr_carea' id='block_1_101' title="bbox 1964 4241 3561 4323">
    <p class='ocr_par' dir='ltr' id='par_1_101' title="bbox 1964 4241 3561 4323">
     <span class='ocr_line' id='line_1_101' title="bbox 1964 4241 3561 4323; baseline 0.014 -29"><span class='ocrx_word' id='word_1_795' title='bbox 1964 4241 2248 4297; x_wconf 73' lang='lat' dir='ltr'><strong>Matthazus</strong></span> <span class='ocrx_word' id='word_1_796' title='bbox 2265 4243 2539 4312; x_wconf 80' lang='lat' dir='ltr'><strong>signiﬁcat</strong></span> <span class='ocrx_word' id='word_1_797' title='bbox 2557 4245 2735 4314; x_wconf 82' lang='lat' dir='ltr'><strong>ipsum</strong></span> <span class='ocrx_word' id='word_1_798' title='bbox 2765 4263 2830 4302; x_wconf 93' lang='lat' dir='ltr'><strong>eo</strong></span> <span class='ocrx_word' id='word_1_799' title='bbox 2847 4257 3092 4320; x_wconf 89' lang='lat' dir='ltr'><strong>tempore</strong></span> <span class='ocrx_word' id='word_1_800' title='bbox 3114 4256 3415 4323; x_wconf 78' lang='lat' dir='ltr'><strong>prtedicare</strong></span> <span class='ocrx_word' id='word_1_801' title='bbox 3444 4275 3561 4317; x_wconf 80' lang='lat' dir='ltr'><strong>cce-</strong></span> 
     </span>
    </p>
   </div>
   <div class='ocr_carea' id='block_1_102' title="bbox 1963 4337 3565 4420">
    <p class='ocr_par' dir='ltr' id='par_1_102' title="bbox 1963 4337 3565 4420">
     <span class='ocr_line' id='line_1_102' title="bbox 1963 4337 3565 4420; baseline 0.014 -34"><span class='ocrx_word' id='word_1_802' title='bbox 1963 4337 2127 4402; x_wconf 82' lang='lat' dir='ltr'><strong>pisse,</strong></span> <span class='ocrx_word' id='word_1_803' title='bbox 2147 4345 2198 4390; x_wconf 89' lang='lat' dir='ltr'><strong>et</strong></span> <span class='ocrx_word' id='word_1_804' title='bbox 2216 4337 2371 4392; x_wconf 90' lang='lat' dir='ltr'><strong>initio</strong></span> <span class='ocrx_word' id='word_1_805' title='bbox 2390 4337 2628 4406; x_wconf 88' lang='lat' dir='ltr'><strong>idipsum</strong></span> <span class='ocrx_word' id='word_1_806' title='bbox 2646 4340 2836 4396; x_wconf 87' lang='lat' dir='ltr'><strong>docuit</strong></span> <span class='ocrx_word' id='word_1_807' title='bbox 2861 4344 3009 4413; x_wconf 90' lang='lat' dir='ltr'><strong>quod</strong></span> <span class='ocrx_word' id='word_1_808' title='bbox 3029 4343 3271 4404; x_wconf 88' lang='lat' dir='ltr'><strong>Joannes</strong></span> <span class='ocrx_word' id='word_1_809' title='bbox 3300 4338 3565 4420; x_wconf 62' lang='lat' dir='ltr'><strong>praedica-</strong></span> 
     </span>
    </p>
   </div>
   <div class='ocr_carea' id='block_1_103' title="bbox 1965 4431 3564 4510">
    <p class='ocr_par' dir='ltr' id='par_1_103' title="bbox 1965 4431 3564 4510">
     <span class='ocr_line' id='line_1_103' title="bbox 1965 4431 3564 4510; baseline 0.015 -33"><span class='ocrx_word' id='word_1_810' title='bbox 1965 4437 2134 4493; x_wconf 75' lang='lat' dir='ltr'><strong>verat,</strong></span> <span class='ocrx_word' id='word_1_811' title='bbox 2161 4443 2261 4484; x_wconf 89' lang='lat' dir='ltr'><strong>nec</strong></span> <span class='ocrx_word' id='word_1_812' title='bbox 2293 4431 2594 4500; x_wconf 88' lang='lat' dir='ltr'><strong>quidquam</strong></span> <span class='ocrx_word' id='word_1_813' title='bbox 2630 4433 2698 4488; x_wconf 91' lang='lat' dir='ltr'><strong>de</strong></span> <span class='ocrx_word' id='word_1_814' title='bbox 2723 4434 2908 4504; x_wconf 90' lang='lat' dir='ltr'><strong>seipso</strong></span> <span class='ocrx_word' id='word_1_815' title='bbox 2944 4437 2997 4492; x_wconf 89' lang='lat' dir='ltr'><strong>in</strong></span> <span class='ocrx_word' id='word_1_816' title='bbox 3039 4454 3138 4494; x_wconf 90' lang='lat' dir='ltr'><strong>sua</strong></span> <span class='ocrx_word' id='word_1_817' title='bbox 3171 4443 3564 4510; x_wconf 64' lang='lat' dir='ltr'><strong>praedicatione</strong></span> 
     </span>
    </p>
   </div>
   <div class='ocr_carea' id='block_1_104' title="bbox 1962 4518 3572 4592">
    <p class='ocr_par' dir='ltr' id='par_1_104' title="bbox 1962 4518 3572 4592">
     <span class='ocr_line' id='line_1_104' title="bbox 1962 4518 3572 4592; baseline 0.015 -24"><span class='ocrx_word' id='word_1_818' title='bbox 1962 4518 2220 4585; x_wconf 84' lang='lat' dir='ltr'><strong>loquitur.</strong></span> <span class='ocrx_word' id='word_1_819' title='bbox 2301 4518 2435 4576; x_wconf 80' lang='lat' dir='ltr'><strong>Nam</strong></span> <span class='ocrx_word' id='word_1_820' title='bbox 2463 4523 2764 4592; x_wconf 82' lang='lat' dir='ltr'><strong>Optandum</strong></span> <span class='ocrx_word' id='word_1_821' title='bbox 2795 4537 2914 4582; x_wconf 89' lang='lat' dir='ltr'><strong>erat</strong></span> <span class='ocrx_word' id='word_1_822' title='bbox 2946 4540 3005 4582; x_wconf 91' lang='lat' dir='ltr'><strong>ut</strong></span> <span class='ocrx_word' id='word_1_823' title='bbox 3036 4529 3168 4586; x_wconf 91' lang='lat' dir='ltr'><strong>illud</strong></span> <span class='ocrx_word' id='word_1_824' title='bbox 3212 4531 3431 4589; x_wconf 90' lang='lat' dir='ltr'><strong>interim</strong></span> <span class='ocrx_word' id='word_1_825' title='bbox 3467 4538 3572 4591; x_wconf 78' lang='lat' dir='ltr'><strong>ad-</strong></span> 
     </span>
    </p>
   </div>
   <div class='ocr_carea' id='block_1_105' title="bbox 1962 4609 3573 4693">
    <p class='ocr_par' dir='ltr' id='par_1_105' title="bbox 1962 4609 3573 4693">
     <span class='ocr_line' id='line_1_105' title="bbox 1962 4609 3573 4693; baseline 0.014 -33"><span class='ocrx_word' id='word_1_826' title='bbox 1962 4609 2289 4675; x_wconf 88' lang='lat' dir='ltr'><strong>mitteretur,</strong></span> <span class='ocrx_word' id='word_1_827' title='bbox 2321 4611 2769 4682; x_wconf 88' lang='lat' dir='ltr'><strong>quandoquidem</strong></span> <span class='ocrx_word' id='word_1_828' title='bbox 2799 4619 3043 4673; x_wconf 90' lang='lat' dir='ltr'><strong>nondum</strong></span> <span class='ocrx_word' id='word_1_829' title='bbox 3069 4634 3466 4693; x_wconf 88' lang='lat' dir='ltr'><strong>congruentem</strong></span> <span class='ocrx_word' id='word_1_830' title='bbox 3495 4627 3573 4682; x_wconf 71' lang='lat' dir='ltr'><strong>de</strong></span> 
     </span>
    </p>
   </div>
   <div class='ocr_carea' id='block_1_106' title="bbox 1960 4701 2748 4774">
    <p class='ocr_par' dir='ltr' id='par_1_106' title="bbox 1960 4701 2748 4774">
     <span class='ocr_line' id='line_1_106' title="bbox 1960 4701 2748 4774; baseline 0.006 -18"><span class='ocrx_word' id='word_1_831' title='bbox 1960 4701 2078 4771; x_wconf 87' lang='lat' dir='ltr'><strong>ipso</strong></span> <span class='ocrx_word' id='word_1_832' title='bbox 2110 4703 2382 4757; x_wconf 83' lang='lat' dir='ltr'><strong>habebant</strong></span> <span class='ocrx_word' id='word_1_833' title='bbox 2412 4703 2748 4774; x_wconf 86' lang='lat' dir='ltr'><strong>opinionem.</strong></span> 
     </span>
    </p>
   </div>
   <div class='ocr_carea' id='block_1_107' title="bbox 2026 4791 3569 4872">
    <p class='ocr_par' dir='ltr' id='par_1_107' title="bbox 2026 4791 3569 4872">
     <span class='ocr_line' id='line_1_107' title="bbox 2026 4791 3569 4872; baseline 0.005 -24"><span class='ocrx_word' id='word_1_834' title='bbox 2026 4795 2082 4848; x_wconf 74' lang='grc'><strong>2.</strong></span> <span class='ocrx_word' id='word_1_835' title='bbox 2129 4791 2361 4863; x_wconf 89' lang='lat' dir='ltr'><strong>Ideoque</strong></span> <span class='ocrx_word' id='word_1_836' title='bbox 2405 4793 2457 4848; x_wconf 91' lang='lat' dir='ltr'><strong>in</strong></span> <span class='ocrx_word' id='word_1_837' title='bbox 2505 4796 2768 4865; x_wconf 90' lang='lat' dir='ltr'><strong>principio</strong></span> <span class='ocrx_word' id='word_1_838' title='bbox 2813 4796 2955 4858; x_wconf 73' lang='lat' dir='ltr'><strong>nihiL</strong></span> <span class='ocrx_word' id='word_1_839' title='bbox 2987 4797 3273 4854; x_wconf 88' lang='lat' dir='ltr'><strong>molestum</strong></span> <span class='ocrx_word' id='word_1_840' title='bbox 3312 4809 3370 4854; x_wconf 85' lang='lat' dir='ltr'><strong>et</strong></span> <span class='ocrx_word' id='word_1_841' title='bbox 3405 4815 3569 4872; x_wconf 84' lang='lat' dir='ltr'><strong>grave</strong></span> 
     </span>
    </p>
   </div>
   <div class='ocr_carea' id='block_1_108' title="bbox 1953 4884 3572 4958">
    <p class='ocr_par' dir='ltr' id='par_1_108' title="bbox 1953 4884 3572 4958">
     <span class='ocr_line' id='line_1_108' title="bbox 1953 4884 3572 4958; baseline 0.004 -19"><span class='ocrx_word' id='word_1_842' title='bbox 1953 4884 2123 4952; x_wconf 79' lang='lat' dir='ltr'><strong>dixit,</strong></span> <span class='ocrx_word' id='word_1_843' title='bbox 2154 4895 2212 4940; x_wconf 89' lang='lat' dir='ltr'><strong>ut</strong></span> <span class='ocrx_word' id='word_1_844' title='bbox 2238 4885 2330 4940; x_wconf 91' lang='lat' dir='ltr'><strong>ille</strong></span> <span class='ocrx_word' id='word_1_845' title='bbox 2349 4927 2362 4949; x_wconf 91' lang='lat'><strong>,</strong></span> <span class='ocrx_word' id='word_1_846' title='bbox 2395 4899 2501 4938; x_wconf 92' lang='lat' dir='ltr'><strong>non</strong></span> <span class='ocrx_word' id='word_1_847' title='bbox 2527 4885 2758 4941; x_wconf 80' lang='lat' dir='ltr'><strong>securim</strong></span> <span class='ocrx_word' id='word_1_848' title='bbox 2780 4927 2801 4952; x_wconf 85' lang='lat'><strong>,</strong></span> <span class='ocrx_word' id='word_1_849' title='bbox 2830 4901 2938 4940; x_wconf 87' lang='lat' dir='ltr'><strong>non</strong></span> <span class='ocrx_word' id='word_1_850' title='bbox 2966 4886 3169 4957; x_wconf 85' lang='lat' dir='ltr'><strong>lignum</strong></span> <span class='ocrx_word' id='word_1_851' title='bbox 3195 4895 3430 4958; x_wconf 86' lang='lat' dir='ltr'><strong>sectum,</strong></span> <span class='ocrx_word' id='word_1_852' title='bbox 3462 4905 3572 4946; x_wconf 88' lang='lat' dir='ltr'><strong>non</strong></span> 
     </span>
    </p>
   </div>
   <div class='ocr_carea' id='block_1_109' title="bbox 1954 4976 3570 5051">
    <p class='ocr_par' dir='ltr' id='par_1_109' title="bbox 1954 4976 3570 5051">
     <span class='ocr_line' id='line_1_109' title="bbox 1954 4976 3570 5051; baseline 0.006 -22"><span class='ocrx_word' id='word_1_853' title='bbox 1954 4977 2336 5042; x_wconf 87' lang='lat' dir='ltr'><strong>ventilabrum,</strong></span> <span class='ocrx_word' id='word_1_854' title='bbox 2363 4991 2558 5032; x_wconf 87' lang='lat' dir='ltr'><strong>aream.</strong></span> <span class='ocrx_word' id='word_1_855' title='bbox 2573 4976 2658 5031; x_wconf 87' lang='lat' dir='ltr'><strong>vel</strong></span> <span class='ocrx_word' id='word_1_856' title='bbox 2700 4976 2876 5047; x_wconf 90' lang='lat' dir='ltr'><strong>ignem</strong></span> <span class='ocrx_word' id='word_1_857' title='bbox 2919 4979 3412 5051; x_wconf 79' lang='lat' dir='ltr'><strong>inexstinguibilem</strong></span> <span class='ocrx_word' id='word_1_858' title='bbox 3450 4999 3570 5039; x_wconf 89' lang='lat' dir='ltr'><strong>mc-</strong></span> 
     </span>
    </p>
   </div>
   <div class='ocr_carea' id='block_1_110' title="bbox 1956 5067 3570 5145">
    <p class='ocr_par' dir='ltr' id='par_1_110' title="bbox 1956 5067 3570 5145">
     <span class='ocr_line' id='line_1_110' title="bbox 1956 5067 3570 5145; baseline 0.004 -22"><span class='ocrx_word' id='word_1_859' title='bbox 1956 5068 2215 5134; x_wconf 86' lang='lat' dir='ltr'><strong>moravit;</strong></span> <span class='ocrx_word' id='word_1_860' title='bbox 2239 5069 2336 5124; x_wconf 88' lang='lat' dir='ltr'><strong>sed</strong></span> <span class='ocrx_word' id='word_1_861' title='bbox 2357 5084 2386 5122; x_wconf 91' lang='lat' dir='ltr'><strong>a</strong></span> <span class='ocrx_word' id='word_1_862' title='bbox 2411 5068 2565 5123; x_wconf 82' lang='lat' dir='ltr'><strong>bonis</strong></span> <span class='ocrx_word' id='word_1_863' title='bbox 2587 5082 2766 5134; x_wconf 85' lang='lat' dir='ltr'><strong>orsus,</strong></span> <span class='ocrx_word' id='word_1_864' title='bbox 2788 5067 2952 5124; x_wconf 60' lang='lat' dir='ltr'><strong>caelos</strong></span> <span class='ocrx_word' id='word_1_865' title='bbox 2973 5081 3240 5125; x_wconf 87' lang='lat' dir='ltr'><strong>memorat</strong></span> <span class='ocrx_word' id='word_1_866' title='bbox 3263 5079 3321 5128; x_wconf 91' lang='lat' dir='ltr'><strong>et</strong></span> <span class='ocrx_word' id='word_1_867' title='bbox 3343 5088 3570 5145; x_wconf 86' lang='lat' dir='ltr'><strong>regnum</strong></span> 
     </span>
    </p>
   </div>
   <div class='ocr_carea' id='block_1_111' title="bbox 1958 5157 3574 5235">
    <p class='ocr_par' dir='ltr' id='par_1_111' title="bbox 1958 5157 3574 5235">
     <span class='ocr_line' id='line_1_111' title="bbox 1958 5157 3574 5235; baseline 0.004 -23"><span class='ocrx_word' id='word_1_868' title='bbox 1958 5160 2065 5213; x_wconf 90' lang='lat' dir='ltr'><strong>illic</strong></span> <span class='ocrx_word' id='word_1_869' title='bbox 2093 5169 2335 5231; x_wconf 88' lang='lat' dir='ltr'><strong>paratum</strong></span> <span class='ocrx_word' id='word_1_870' title='bbox 2363 5158 2726 5217; x_wconf 84' lang='lat' dir='ltr'><strong>audientibus.</strong></span> <span class='ocrx_word' id='word_1_871' title='bbox 2757 5157 2853 5218; x_wconf 80' lang='grc'><strong>18..</strong></span> <span class='ocrx_word' id='word_1_872' title='bbox 2873 5158 2942 5212; x_wconf 85' lang='lat' dir='ltr'><strong>Et</strong></span> <span class='ocrx_word' id='word_1_873' title='bbox 2966 5160 3236 5217; x_wconf 74' lang='lat' dir='ltr'><strong>ambulans</strong></span> <span class='ocrx_word' id='word_1_874' title='bbox 3254 5163 3574 5235; x_wconf 67' lang='lat' dir='ltr'><strong>justam&quot;</strong></span> 
     </span>
    </p>
   </div>
   <div class='ocr_carea' id='block_1_112' title="bbox 1959 5248 3571 5325">
    <p class='ocr_par' dir='ltr' id='par_1_112' title="bbox 1959 5248 3571 5325">
     <span class='ocr_line' id='line_1_112' title="bbox 1959 5248 3571 5325; baseline 0.003 -21"><span class='ocrx_word' id='word_1_875' title='bbox 1959 5249 2189 5306; x_wconf 73' lang='lat' dir='ltr'><strong>Galiltets</strong></span> <span class='ocrx_word' id='word_1_876' title='bbox 2207 5291 2222 5316; x_wconf 97' lang='lat'><strong>,</strong></span> <span class='ocrx_word' id='word_1_877' title='bbox 2257 5250 2377 5304; x_wconf 68' lang='lat' dir='ltr'><strong>vidit</strong></span> <span class='ocrx_word' id='word_1_878' title='bbox 2407 5250 2536 5307; x_wconf 77' lang='lat' dir='ltr'><strong>duos</strong></span> <span class='ocrx_word' id='word_1_879' title='bbox 2573 5250 2757 5319; x_wconf 84' lang='lat' dir='ltr'><strong>fratres</strong></span> <span class='ocrx_word' id='word_1_880' title='bbox 2777 5291 2792 5316; x_wconf 96' lang='lat'><strong>,</strong></span> <span class='ocrx_word' id='word_1_881' title='bbox 2831 5248 3095 5305; x_wconf 84' lang='lat' dir='ltr'><strong>Simonem</strong></span> <span class='ocrx_word' id='word_1_882' title='bbox 3121 5253 3208 5320; x_wconf 76' lang='lat' dir='ltr'><strong>qui</strong></span> <span class='ocrx_word' id='word_1_883' title='bbox 3235 5255 3571 5325; x_wconf 68' lang='lat' dir='ltr'><strong>cognomina-</strong></span> 
     </span>
    </p>
   </div>
   <div class='ocr_carea' id='block_1_113' title="bbox 1958 5341 3574 5416">
    <p class='ocr_par' dir='ltr' id='par_1_113' title="bbox 1958 5341 3574 5416">
     <span class='ocr_line' id='line_1_113' title="bbox 1958 5341 3574 5416; baseline 0.004 -21"><span class='ocrx_word' id='word_1_884' title='bbox 1958 5341 2108 5396; x_wconf 83' lang='lat' dir='ltr'><strong>batur</strong></span> <span class='ocrx_word' id='word_1_885' title='bbox 2136 5341 2320 5397; x_wconf 82' lang='lat' dir='ltr'><strong>Petrus</strong></span> <span class='ocrx_word' id='word_1_886' title='bbox 2340 5385 2354 5408; x_wconf 90' lang='lat'><strong>,</strong></span> <span class='ocrx_word' id='word_1_887' title='bbox 2393 5351 2438 5395; x_wconf 86' lang='lat' dir='ltr'><strong>et</strong></span> <span class='ocrx_word' id='word_1_888' title='bbox 2474 5343 2745 5399; x_wconf 78' lang='lat' dir='ltr'><strong>Andream</strong></span> <span class='ocrx_word' id='word_1_889' title='bbox 2763 5347 2976 5414; x_wconf 79' lang='lat' dir='ltr'><strong>fratrem</strong></span> <span class='ocrx_word' id='word_1_890' title='bbox 3004 5345 3148 5416; x_wconf 85' lang='lat' dir='ltr'><strong>ejus,</strong></span> <span class='ocrx_word' id='word_1_891' title='bbox 3180 5348 3436 5402; x_wconf 84' lang='lat' dir='ltr'><strong>mittentes</strong></span> <span class='ocrx_word' id='word_1_892' title='bbox 3472 5356 3574 5402; x_wconf 76' lang='lat' dir='ltr'><strong>rete</strong></span> 
     </span>
    </p>
   </div>
   <div class='ocr_carea' id='block_1_114' title="bbox 1960 5436 3576 5506">
    <p class='ocr_par' dir='ltr' id='par_1_114' title="bbox 1960 5436 3576 5506">
     <span class='ocr_line' id='line_1_114' title="bbox 1960 5436 3576 5506; baseline 0.004 -18"><span class='ocrx_word' id='word_1_893' title='bbox 1960 5439 2012 5490; x_wconf 87' lang='lat' dir='ltr'><strong>in</strong></span> <span class='ocrx_word' id='word_1_894' title='bbox 2042 5454 2183 5491; x_wconf 86' lang='lat' dir='ltr'><strong>mare</strong></span> <span class='ocrx_word' id='word_1_895' title='bbox 2210 5451 2228 5492; x_wconf 91' lang='lat'><strong><em>:</em></strong></span> <span class='ocrx_word' id='word_1_896' title='bbox 2255 5445 2398 5490; x_wconf 85' lang='lat' dir='ltr'><strong>erant</strong></span> <span class='ocrx_word' id='word_1_897' title='bbox 2428 5437 2561 5492; x_wconf 86' lang='lat' dir='ltr'><strong>enim</strong></span> <span class='ocrx_word' id='word_1_898' title='bbox 2591 5438 2890 5506; x_wconf 83' lang='lat' dir='ltr'><strong>piscatores,</strong></span> <span class='ocrx_word' id='word_1_899' title='bbox 2926 5436 3013 5492; x_wconf 87' lang='grc'><strong>19.</strong></span> <span class='ocrx_word' id='word_1_900' title='bbox 3046 5446 3093 5491; x_wconf 87' lang='lat' dir='ltr'><strong>et</strong></span> <span class='ocrx_word' id='word_1_901' title='bbox 3118 5439 3191 5492; x_wconf 88' lang='lat' dir='ltr'><strong>ait</strong></span> <span class='ocrx_word' id='word_1_902' title='bbox 3215 5438 3322 5494; x_wconf 86' lang='lat' dir='ltr'><strong>illis</strong></span> <span class='ocrx_word' id='word_1_903' title='bbox 3349 5456 3369 5495; x_wconf 92' lang='lat'><strong><em>:</em></strong></span> <span class='ocrx_word' id='word_1_904' title='bbox 3399 5438 3576 5495; x_wconf 80' lang='lat' dir='ltr'><strong>Venite</strong></span> 
     </span>
    </p>
   </div>
   <div class='ocr_carea' id='block_1_115' title="bbox 1962 5529 3573 5601">
    <p class='ocr_par' dir='ltr' id='par_1_115' title="bbox 1962 5529 3573 5601">
     <span class='ocr_line' id='line_1_115' title="bbox 1962 5529 3573 5601; baseline 0.001 -17"><span class='ocrx_word' id='word_1_905' title='bbox 1962 5541 2075 5599; x_wconf 85' lang='lat' dir='ltr'><strong>post</strong></span> <span class='ocrx_word' id='word_1_906' title='bbox 2105 5545 2199 5590; x_wconf 86' lang='lat' dir='ltr'><strong>me,</strong></span> <span class='ocrx_word' id='word_1_907' title='bbox 2235 5539 2281 5582; x_wconf 86' lang='lat' dir='ltr'><strong>et</strong></span> <span class='ocrx_word' id='word_1_908' title='bbox 2313 5529 2499 5598; x_wconf 76' lang='lat' dir='ltr'><strong>faciam</strong></span> <span class='ocrx_word' id='word_1_909' title='bbox 2528 5545 2618 5586; x_wconf 81' lang='lat' dir='ltr'><strong>vos</strong></span> <span class='ocrx_word' id='word_1_910' title='bbox 2645 5531 2921 5601; x_wconf 69' lang='lat' dir='ltr'><strong>piseatores</strong></span> <span class='ocrx_word' id='word_1_911' title='bbox 2951 5529 3232 5588; x_wconf 80' lang='lat' dir='ltr'><strong>hominum.</strong></span> <span class='ocrx_word' id='word_1_912' title='bbox 3261 5532 3352 5588; x_wconf 71' lang='lat'><strong>20.</strong></span> <span class='ocrx_word' id='word_1_913' title='bbox 3389 5531 3462 5586; x_wconf 75' lang='lat' dir='ltr'><strong>Hi</strong></span> <span class='ocrx_word' id='word_1_914' title='bbox 3482 5549 3573 5586; x_wconf 54' lang='lat' dir='ltr'><strong>an.</strong></span> 
     </span>
    </p>
   </div>
   <div class='ocr_carea' id='block_1_116' title="bbox 1963 5613 3573 5692">
    <p class='ocr_par' dir='ltr' id='par_1_116' title="bbox 1963 5613 3573 5692">
     <span class='ocr_line' id='line_1_116' title="bbox 1963 5613 3573 5692; baseline 0.002 -20"><span class='ocrx_word' id='word_1_915' title='bbox 1963 5631 2060 5672; x_wconf 78' lang='lat' dir='ltr'><strong>tem</strong></span> <span class='ocrx_word' id='word_1_916' title='bbox 2099 5617 2286 5672; x_wconf 80' lang='lat' dir='ltr'><strong>relictis</strong></span> <span class='ocrx_word' id='word_1_917' title='bbox 2328 5613 2512 5672; x_wconf 81' lang='lat' dir='ltr'><strong>retibus</strong></span> <span class='ocrx_word' id='word_1_918' title='bbox 2538 5661 2551 5682; x_wconf 96' lang='lat'><strong>,</strong></span> <span class='ocrx_word' id='word_1_919' title='bbox 2583 5620 2780 5689; x_wconf 82' lang='lat' dir='ltr'><strong>sequuti</strong></span> <span class='ocrx_word' id='word_1_920' title='bbox 2811 5628 2926 5673; x_wconf 85' lang='lat' dir='ltr'><strong>sunt</strong></span> <span class='ocrx_word' id='word_1_921' title='bbox 2955 5635 3090 5675; x_wconf 85' lang='lat' dir='ltr'><strong>eum.</strong></span> <span class='ocrx_word' id='word_1_922' title='bbox 3132 5622 3296 5692; x_wconf 78' lang='lat' dir='ltr'><strong>Atqui</strong></span> <span class='ocrx_word' id='word_1_923' title='bbox 3335 5621 3573 5681; x_wconf 64' lang='lat' dir='ltr'><strong>Joannes</strong></span> 
     </span>
    </p>
   </div>
   <div class='ocr_carea' id='block_1_117' title="bbox 1965 5713 3572 5785">
    <p class='ocr_par' dir='ltr' id='par_1_117' title="bbox 1965 5713 3572 5785">
     <span class='ocr_line' id='line_1_117' title="bbox 1965 5713 3572 5785; baseline 0.002 -20"><span class='ocrx_word' id='word_1_924' title='bbox 1965 5713 2038 5766; x_wconf 83' lang='lat' dir='ltr'><strong>ait</strong></span> <span class='ocrx_word' id='word_1_925' title='bbox 2078 5729 2172 5768; x_wconf 88' lang='lat' dir='ltr'><strong>eos</strong></span> <span class='ocrx_word' id='word_1_926' title='bbox 2221 5715 2326 5766; x_wconf 77' lang='lat' dir='ltr'><strong>alio</strong></span> <span class='ocrx_word' id='word_1_927' title='bbox 2374 5715 2533 5767; x_wconf 86' lang='lat' dir='ltr'><strong>modo</strong></span> <span class='ocrx_word' id='word_1_928' title='bbox 2575 5715 2737 5768; x_wconf 78' lang='lat' dir='ltr'><strong>fuisse</strong></span> <span class='ocrx_word' id='word_1_929' title='bbox 2778 5723 2995 5769; x_wconf 74' lang='lat' dir='ltr'><strong>vocatos</strong></span> <span class='ocrx_word' id='word_1_930' title='bbox 3031 5733 3042 5767; x_wconf 86' lang='grc'>;</span> <span class='ocrx_word' id='word_1_931' title='bbox 3074 5715 3214 5771; x_wconf 87' lang='lat' dir='ltr'><strong>unde</strong></span> <span class='ocrx_word' id='word_1_932' title='bbox 3245 5717 3422 5785; x_wconf 84' lang='lat' dir='ltr'><strong>palam</strong></span> <span class='ocrx_word' id='word_1_933' title='bbox 3452 5725 3533 5770; x_wconf 83' lang='lat' dir='ltr'><strong>est</strong></span> <span class='ocrx_word' id='word_1_934' title='bbox 3559 5758 3572 5779; x_wconf 92' lang='lat'><strong>,</strong></span> 
     </span>
    </p>
   </div>
   <div class='ocr_carea' id='block_1_118' title="bbox 1968 5808 3576 5879">
    <p class='ocr_par' dir='ltr' id='par_1_118' title="bbox 1968 5808 3576 5879">
     <span class='ocr_line' id='line_1_118' title="bbox 1968 5808 3576 5879; baseline 0.002 -18"><span class='ocrx_word' id='word_1_935' title='bbox 1968 5811 2102 5864; x_wconf 84' lang='lat' dir='ltr'><strong>hanc</strong></span> <span class='ocrx_word' id='word_1_936' title='bbox 2129 5808 2416 5864; x_wconf 77' lang='lat' dir='ltr'><strong>secundant</strong></span> <span class='ocrx_word' id='word_1_937' title='bbox 2459 5809 2620 5864; x_wconf 66' lang='lat' dir='ltr'><strong>luisse</strong></span> <span class='ocrx_word' id='word_1_938' title='bbox 2653 5811 2986 5865; x_wconf 70' lang='lat' dir='ltr'><strong>vocationem</strong></span> <span class='ocrx_word' id='word_1_939' title='bbox 3023 5827 3034 5861; x_wconf 89' lang='lat'>:</span> <span class='ocrx_word' id='word_1_940' title='bbox 3069 5809 3404 5879; x_wconf 83' lang='lat' dir='ltr'><strong>idipsumque</strong></span> <span class='ocrx_word' id='word_1_941' title='bbox 3433 5826 3576 5875; x_wconf 63' lang='lat' dir='ltr'><strong>smus</strong></span> 
     </span>
    </p>
   </div>
  </div>
