4050 6422
494 365 598 420 219

495 471 678 527 videre
703 479 785 524 est
833 467 906 524 lbi
935 478 1161 533 namque
1195 462 1408 524 dicitur,
1439 477 1560 514 cum
1592 459 1822 514 nondum
1849 458 2080 514 Joannes

492 562 764 632 conjectus
807 560 993 613 luisset
1034 557 1086 611 in
1127 554 1609 623 carcerem,-ipsos
1638 552 1964 614 accessisse;
1999 549 2084 603 hic

492 669 640 717 vero,
665 662 942 722 postquam
963 648 1237 717 conjectus
1260 644 1449 699 fuerat.
1471 643 1583 698 Illic
1605 641 1844 695 Andreas
1863 642 2085 696 vocabat

491 746 746 803 l’etrum;
787 741 874 796 bic
913 739 1101 793 ambos
1137 737 1309 792 Jesus.
1350 735 1415 788 Et
1450 733 1683 787 Ioannes
1711 732 1924 800 quidem
1965 735 2037 785 ait
2068 751 2080 786 :

503 833 536 885 ιτ
544 835 686 888 idem
717 833 869 886 Jesns
903 830 1158 885 Simonem
1189 828 1479 890 venientem,
1511 827 1638 881 dixit
1665 841 1683 878 :
1713 823 1789 878 Tu
1819 841 1869 878 es
1904 824 2080 879 Simon

491 927 630 992 [ilius
669 924 859 985 lane;
898 933 948 974 tu
989 921 1241 974 vocaberis
1279 919 1510 988 Cephea.
1550 919 1687 986 quod
1728 917 2082 986 interpretatur

495 1014 676 1068 Ριιιηιι
701 1013 877 1084 (Joan.
909 1013 958 1066 I.
984 1012 1098 1080 42).
1123 1010 1402 1064 Matthams
1424 1023 1550 1064 vero
1573 1009 1666 1069 ait,
1691 1009 1798 1075 jam
1823 1008 1898 1061 sic
1919 1005 2080 1061 fuisse

491 1113 733 1158 vocatum
764 1121 778 1157 :
821 1101 1031 1165 Videtis,
1062 1103 1248 1170 inquit,
1284 1101 1566 1163 Simonem,
1589 1099 1674 1164 qui
1703 1097 1960 1152 dicebatur
1981 1096 2081 1149 Pe-

495 1205 619 1247 Irus.
649 1194 752 1248 Sed
777 1194 936 1247 etiam
960 1208 988 1244 a
1013 1192 1151 1256 loco,
1174 1206 1238 1244 ex
1263 1206 1368 1259 quo
1389 1177 1559 1243 vocati
1584 1199 1728 1251 sunt,
1755 1187 1895 1256 quod
1919 1188 2077 1242 etiam

491 1285 614 1336 alibi
648 1299 791 1350 smpe
831 1281 1011 1336 ridere
1038 1290 1120 1334 est
1149 1297 1162 1332 :
1194 1281 1317 1332 hine
1345 1279 1507 1348 liquet
1534 1278 1694 1332 etiam
1717 1320 1732 1344 ,
1761 1277 1900 1346 quod
1931 1276 2080 1330 facile

490 1368 762 1431 obediaut,
787 1377 838 1421 et
863 1368 1040 1420 omnia
1070 1366 1375 1434 relinquant
1401 1382 1413 1427 ;
1439 1365 1548 1431 jam
1575 1364 1716 1418 enim
1745 1363 1910 1432 probe
1938 1366 2079 1431 prius

492 1461 684 1514 eruditi
727 1459 956 1512 fuerant.
999 1457 1109 1510 Illic
1141 1457 1280 1511 enim
1323 1456 1604 1528 exhibetur
1631 1455 1870 1508 Andreas
1902 1456 1952 1506 in
1980 1453 2079 1506 do-

492 1568 636 1605 mum
667 1552 905 1614 veniens,
936 1563 988 1604 et
1019 1550 1183 1603 multa
1212 1548 1467 1606 audiens;
1499 1547 1583 1598 hic
1620 1557 1820 1610 autem,
1853 1561 1957 1599 uno
1982 1562 2048 1599 au

491 1645 601 1695 dito
626 1643 810 1705 verba,
841 1641 1016 1693 statim
1046 1640 1253 1708 sequuti
1283 1647 1425 1690 sunt.
1457 1637 1753 1691 Verisimile
1779 1637 1972 1705 quippe
1998 1645 2078 1690 est

494 1737 611 1788 illos
628 1748 746 1787 cum
769 1749 798 1785 a
827 1731 1085 1800 principio
1110 1731 1318 1800 sequuti
1354 1728 1596 1791 fuissent,
1620 1727 1867 1780 dimissos
1897 1737 2077 1795 postea

494 1829 693 1892 fuisse;
733 1842 854 1882 cum
901 1833 1078 1879 autem
1121 1824 1376 1876 vidissent
1416 1821 1670 1876 Joannem
1715 1822 1766 1873 in
1807 1836 2075 1874 carcerem

495 1936 698 1976 trusum
730 1920 894 1974 fuisse
919 1961 933 1983 ,
969 1921 1111 1986 ipsos
1139 1926 1264 1970 tunc
1295 1916 1580 1971 recessisse
1602 1957 1615 1978 ,
1650 1924 1808 1982 atque
1832 1914 1896 1966 ad
1930 1928 2077 1966 suam

492 2021 661 2066 artem
689 2009 929 2065 rediisse.
953 2008 1044 2063 Sic
1071 2009 1250 2077 itaque
1277 2006 1393 2060 illos
1421 2007 1686 2074 piscantes
1715 2005 1934 2057 invenit.
1960 2003 2078 2071 Ipse

491 2117 620 2156 vero
649 2117 820 2170 neque
858 2101 973 2153 illos
1001 2114 1120 2153 cum
1151 2097 1301 2151 abire
1341 2095 1534 2149 Vellent
1581 2096 1731 2147 initio
1775 2093 2075 2161 prohibuit,

495 2209 666 2262 neque
705 2207 825 2247 cum
872 2189 1215 2244 recessissent
1256 2201 1421 2256 usque
1451 2186 1501 2238 in
1531 2185 1685 2238 linem
1713 2184 1910 2237 dimisit
1938 2199 1951 2248 ;
1985 2184 2074 2237 scd

493 2293 768 2353 postquam
809 2281 1063 2336 recedere
1093 2279 1338 2342 sivisset,
1371 2278 1517 2330 venit
1555 2291 1764 2330 rursum
1811 2291 1950 2345 :psos
1992 2291 2076 2328 re-

491 2378 750 2445 petiturus
783 2397 796 2430 :
825 2375 910 2442 qui
939 2374 1183 2442 egregius
1207 2382 1290 2425 est
1319 2370 1629 2439 piscationis
1658 2370 1864 2421 modus.

562 2466 761 2521 Christo
789 2467 896 2518 sine
922 2481 1063 2516 moro
1093 2461 1554 2528 obtemperantium.
1588 2490 1658 2498 ——-
1689 2457 1961 2526 Perpende
1990 2475 2075 2509 au-

493 2571 598 2613 tetu
630 2559 835 2611 illorum
863 2571 916 2610 et
940 2557 1093 2609 ﬁdem
1118 2565 1169 2607 et
1191 2553 1565 2605 obedientiam.
1599 2552 1801 2603 Etenim
1828 2552 1877 2602 in
1903 2551 2078 2602 medio

490 2665 657 2717 opere
685 2648 853 2713 (scitis
877 2657 1051 2699 autem
1081 2660 1238 2713 quam
1266 2643 1413 2695 avida
1446 2658 1529 2695 res
1561 2642 1627 2694 sit
1657 2641 1899 2709 piscatio)
1931 2641 2074 2694 illum

488 2740 762 2809 iubentem
791 2737 1068 2792 audientes
1091 2778 1104 2797 ,
1132 2750 1235 2786 non
1264 2734 1618 2796 distulerunt,
1644 2748 1816 2800 neque
1846 2738 2076 2788 cunctati

488 2839 612 2884 sunt
635 2849 646 2881 :
674 2846 779 2882 non
803 2828 1072 2888 dixerunt.
1101 2825 1316 2880 Reversi
1344 2824 1584 2888 domum,
1611 2825 1934 2892 propinquos
1957 2825 2080 2875 allo~

487 2934 717 2987 quemur
747 2935 762 2971 :
793 2917 885 2972 sed
923 2917 1122 2971 relictis
1163 2915 1410 2969 omnibus
1453 2915 1660 2982 sequuti
1700 2923 1819 2967 sunt
1842 2957 1854 2978 ,
1885 2929 2076 2983 quem-

489 3007 774 3062 admodum
809 3016 862 3061 et
902 3007 1123 3061 Eliszcus
1166 3006 1289 3058 fecit
1326 3020 1445 3058 cum
1492 3004 1626 3058 Elia.
1666 3003 1846 3058 Talem
1885 3005 2078 3073 quippe

488 3099 733 3153 Christus
759 3097 1114 3152 obedientiam
1141 3095 1331 3164 quaerit
1368 3108 1397 3146 a
1439 3095 1592 3148 nobis
1617 3137 1630 3160 ,
1659 3096 1727 3147 ita
1772 3107 1825 3147 ut
1861 3111 1925 3148 ne
1958 3112 2073 3148 tuo-

489 3202 669 3246 mento
703 3189 918 3260 quidem
953 3189 1209 3257 temporis
1248 3185 1555 3241 diﬂ'eramus
1577 3229 1590 3250 ,
1621 3188 1828 3241 etiamsi
1858 3188 1980 3253 quid
2010 3204 2073 3241 ex

490 3279 776 3336 admodum
817 3278 1138 3334 necessariis
1177 3292 1366 3345 urgere
1395 3277 1652 3330 videatur.
1685 3277 1884 3330 Idcirco
1916 3278 2073 3329 alium

490 3371 792 3427 venientem
834 3380 888 3423 et
931 3377 1203 3437 rogantem
1241 3367 1339 3420 sibi
1379 3368 1562 3420 liceret
1605 3367 1832 3435 sepelire
1873 3377 2072 3434 patrem

490 3477 667 3518 suum.
697 3475 763 3513 ne
791 3459 914 3512 illud
945 3458 1155 3525 quidem
1178 3455 1352 3511 facere
1382 3457 1638 3524 permisit,
1664 3458 1969 3520 ostendens,
1995 3474 2079 3511 sc-

490 3550 684 3621 quendi
731 3548 996 3602 Christum
1041 3547 1275 3600 officium
1320 3561 1439 3601 esse
1484 3547 1732 3600 omnibus
1776 3547 2078 3601 anteferen-

489 3644 613 3698 dum
642 3642 833 3710 (Matth
881 3641 934 3696 8.
965 3642 1026 3695 21
1061 3640 1175 3709 9‘2).
1205 3639 1260 3694 Si
1291 3655 1416 3694 vero
1444 3640 1642 3694 dixeris
1675 3659 1687 3692 :
1721 3640 1943 3692 Maxima
1965 3649 2080 3692 erat

491 3733 776 3804 promissio
807 3753 819 3786 :
851 3732 971 3786 ideo
1001 3732 1230 3785 maxime
1256 3731 1423 3783 miror
1450 3731 1589 3787 illos.
1616 3730 1755 3798 quod
1795 3745 1913 3782 cum
1949 3746 2078 3782 nou-

491 3825 614 3878 dum
657 3823 866 3891 signum
905 3821 1196 3885 vidissent,
1229 3828 1388 3875 tanta
1427 3818 1951 3888 promissioni'ftdem
1981 3821 2076 3872 ha-

492 3915 705 3968 buerint
728 3954 743 3976 ,
771 3921 824 3965 et
849 3913 1025 3965 omnia
1068 3911 1462 3980 postposuerlnt
1490 3921 1545 3963 ut
1574 3911 1844 3963 Christum
1886 3925 2078 3980 seque-

494 4015 681 4060 rentur
710 4022 720 4054 :
750 4018 869 4057 nam
898 4002 1242 4058 crediderunt
1271 4017 1329 4055 se
1360 4015 1517 4070 posse
1547 4017 1639 4070 per
1662 4001 1848 4056 eadem
1881 4003 2037 4055 verba
2061 4046 2074 4065 ,

492 4089 646 4168 queis
680 4096 818 4165 capti
865 4096 1106 4161 fuerant,
1152 4097 1286 4150 alios
1330 4095 1542 4162 piscari.
1587 4096 1682 4150 His
1725 4098 1902 4165 itaque
1950 4097 2076 4150 illud

495 4189 739 4258 promisit
771 4205 784 4241 :
811 4186 1014 4241 Iacobo
1048 4195 1224 4238 autem
1251 4191 1308 4240 et
1335 4183 1527 4238 Joanni
1561 4186 1690 4238 nihil
1725 4187 1898 4240 simile
1926 4187 2076 4238 dixit.

494 4279 624 4334 Nam
657 4278 893 4347 priorum
925 4275 1270 4343 obsequentia
1303 4275 1384 4328 his
1413 4265 1549 4328 viam
1579 4278 1802 4343 paravit.
1838 4277 2079 4346 Alioquin

496 4383 624 4424 vero
644 4368 752 4436 iam
779 4366 1000 4436 plurima
1026 4365 1093 4419 de
1124 4365 1239 4434 ipso
1264 4364 1560 4419 audierant.
1589 4364 1719 4419 Vide
1746 4382 1904 4435 porro
1923 4383 2078 4436 quam

495 4471 740 4517 accurate
784 4458 936 4513 nobis
977 4457 1184 4510 illorum
1226 4464 1590 4526 paupertatem
1622 4457 1836 4511 indicet.
1882 4458 2082 4511 Invenit

497 4551 639 4606 enim
671 4551 790 4604 illos
817 4547 1117 4603 reﬁcientes
1151 4548 1282 4602 retia
1326 4564 1441 4601 sua.
1471 4548 1640 4601 Tanta
1685 4559 1799 4603 erat
1837 4561 2042 4618 egestas
2062 4591 2076 4614 ,

496 4649 556 4694 ut
585 4650 762 4695 vetera
791 4646 1170 4703 restaurarent,
1203 4637 1342 4707 quod
1374 4652 1477 4690 non
1505 4645 1726 4708 possent
1752 4639 1848 4691 alia
1879 4656 2076 4693 emere.

496 4733 605 4788 Nec
644 4730 860 4785 minima
903 4729 1111 4783 interim
1157 4729 1270 4781 hare
1306 4737 1389 4782 est
1428 4728 1637 4781 virtutis
1668 4727 2078 4794 demonstratio,

497 4831 859 4895 paupertatem
893 4821 962 4875 ita
1007 4821 1161 4875 facile
1198 4819 1337 4874 ferre
1363 4862 1377 4885 ,
1405 4835 1470 4873 ex
1509 4820 1670 4885 iustis
1709 4819 1970 4874 laboribus
2003 4824 2080 4874 vi-

495 4927 639 4972 ctum
665 4929 869 4982 parare,
897 4922 1074 4966 mutua
1101 4911 1326 4966 invicem
1352 4912 1571 4964 caritate
1593 4913 1855 4975 connecu,
1882 4923 2079 4980 patrem

495 5020 676 5059 secum
706 5002 920 5068 habere,
945 5003 1148 5070 ipsique
1176 5000 1436 5053 famulari.
1467 5000 1753 5069 Postquam
1782 5000 1936 5068 igitur
1964 5003 2082 5057 illos

499 5097 740 5165 piscatus
759 5095 964 5158 fuisset,
989 5103 1112 5146 tunc
1138 5095 1300 5160 cmplt
1326 5091 1429 5145 illis
1456 5093 1809 5160 praesentibus
1831 5095 2081 5147 miracula

497 5187 659 5240 cdere
683 5229 698 5250 ,
728 5201 928 5256 perque
957 5200 1016 5238 ea
1047 5201 1165 5253 qum
1195 5199 1223 5236 a
1251 5183 1454 5238 Joanne
1478 5184 1543 5238 de
1575 5185 1687 5251 ipso
1717 5184 1851 5237 dicta
1879 5188 2084 5241 fuerant

499 5273 869 5328 conﬁrmabat.
901 5275 1206 5344 Synagogas
1233 5287 1392 5340 porro
1424 5274 1812 5341 frequentabat,
1846 5275 1968 5329 hinc
1993 5275 2084 5330 Ju-

501 5368 648 5418 dieos
677 5348 872 5419 docens
898 5380 956 5419 se
985 5379 1086 5417 nou
1120 5379 1237 5417 esse
1266 5364 1374 5417 Deo
1399 5365 1787 5428 adversarium,
1817 5367 1898 5419 vel
1928 5369 2084 5420 sedu-

503 5470 728 5521 ctorem,
751 5460 840 5512 sed
864 5475 983 5513 cum
1014 5459 1169 5512 Patre
1191 5460 1608 5512 consentientem
1633 5458 1928 5515 advenisse.
1951 5462 2081 5516 Cum

504 5565 679 5602 autem
711 5550 760 5601 in
793 5549 923 5603 locis
955 5559 1280 5617 versaretur,
1305 5564 1409 5602 non
1442 5548 1598 5603 modo
1627 5549 1966 5619 prmdicabat,
1991 5555 2081 5606 sed

506 5641 666 5695 etiam
698 5641 844 5707 signa
877 5639 1082 5693 edi-bat.

577 5730 631 5787 5.
666 5728 865 5800 Ubique
893 5731 1053 5795 enim,
1087 5732 1129 5787 si
1156 5730 1366 5802 quando
1389 5748 1474 5788 res
1506 5733 1717 5791 insolita
1738 5746 1790 5791 et
1813 5739 2077 5809 inopinata

1305 347 1668 404 5.1083313
1704 345 2178 402 CHRYSOSTOMI
2219 343 2531 400 ARClllEP.
2573 349 3100 406 CONSTANTINOP.

3686 352 3785 408 29.0

2189 457 2427 521 accidat,
2461 459 2504 513 si
2549 474 2742 514 novum
2784 461 3064 517 inducatur
3102 463 3224 517 vita:
3265 463 3564 518 institutum
3593 506 3606 526 ,
3638 465 3784 535 signa

2191 548 2323 601 solet
2355 549 2492 603 Deus
2521 551 2696 605 facere
2716 594 2730 616 ,
2763 552 3013 620 potentia:
3043 567 3156 607 suae
3187 555 3404 624 pignora
3448 557 3695 618 pra-beus
3725 560 3788 611 iis

2187 639 2276 706 qui
2318 639 2462 709 leges
2491 642 2787 708 suscepturi
2818 652 2960 695 sunt.
3002 642 3090 697 Sic
3130 644 3307 712 itaque
3348 661 3468 699 cum
3512 645 3784 700 Iunninent

2189 728 2421 781 facturus
2449 741 2604 794 erat,
2638 731 2890 784 mundum
2933 741 3099 786 totum
3134 734 3334 788 ereavit
3358 775 3372 796 .
3406 745 3644 803 hincque
3683 735 3780 801 ipsi

2188 820 2356 888 legem
2403 822 2582 875 illam'
2624 825 2674 876 in
2720 823 2967 891 paradiso
3002 825 3169 878 dedit.
3208 825 3271 880 Et
3311 842 3432 881 cum
3476 827 3606 882 Noae
3644 828 3786 897 leges

2188 912 2454 977 positurus
2484 922 2617 978 erat,
2647 929 2835 982 magna
2870 931 3078 970 rursum
3109 915 3351 971 exhibuit
3382 920 3664 982 miracula,
3695 937 3787 988 per

2187 1017 2304 1069 qua!
2337 1012 2498 1056 totam
2527 1007 2845 1060 restauravit
2867 1018 3186 1072 creaturam,
3212 1020 3265 1063 et
3291 1009 3327 1064 b
3366 1012 3627 1066 rrendum
3660 1013 3783 1067 illud

2187 1095 2402 1163 pelagus
2435 1112 2525 1164 per
2551 1113 2748 1150 annum
2781 1108 2946 1152 totum
2986 1100 3226 1157 obtinere
3255 1106 3498 1170 curavit,
3532 1121 3636 1176 per
3662 1124 3777 1175 qua:

2186 1184 2348 1237 etiam
2392 1185 2595 1252 justum
2651 1188 2797 1241 illum
2855 1190 2905 1242 in
2959 1200 3102 1246 tanta
3158 1202 3474 1259 tempestate
3522 1199 3780 1253 servavit.

2186 1277 2414 1330 Abrahaz
2445 1293 2655 1343 quoque
2687 1282 2852 1334 multa
2899 1283 3046 1351 signa
3091 1284 3371 1351 prmstitit;
3403 1288 3552 1341 verbi
3586 1303 3746 1344 eaus'i
3768 1329 3784 1354 ,

2190 1369 2461 1421 victoriam
2492 1369 2542 1422 in
2575 1371 2734 1436 bello,
2767 1373 2973 1440 plagam
3003 1375 3266 1429 Pharaoni
3299 1378 3616 1444 immissam,
3647 1397 3678 1433 a
3707 1398 3786 1449 pe-

2188 1458 2364 1511 riculis
2401 1461 2746 1527 ereptionetn.
2783 1462 3024 1532 Cumque
3069 1467 3266 1520 Judmis
3307 1469 3449 1536 leges
3484 1479 3785 1526 statrturus

2184 1558 2346 1610 esset,
2377 1549 2629 1600 miracula
2659 1550 2742 1601 illa
2778 1550 2921 1615 fecit,
2952 1563 3003 1603 i-t
3033 1555 3270 1622 prodigia
3314 1573 3524 1627 magna,
3556 1570 3784 1626 Iunoque

2187 1637 2354 1706 legem
2389 1638 2552 1689 dedit.
2585 1640 2655 1692 Ita
2690 1652 2738 1693 ct
2769 1658 2906 1694 nunc
2937 1645 3205 1697 excelsum
3245 1648 3528 1716 quodpiam
3564 1650 3784 1704 institu-

2187 1740 2294 1781 tum
2342 1732 2654 1784 iuducturus
2677 1774 2689 1794 ,
2724 1748 2892 1801 caque
2926 1735 3165 1788 dicturus
3205 1736 3308 1790 illis
3335 1754 3453 1808 qum
3489 1756 3786 1811 numquam

2186 1824 2458 1877 audierant
2486 1865 2500 1887 ,
2527 1825 2843 1877 mirabilium
2867 1828 3178 1892 opera'ione
3199 1829 3335 1882 dicta
3359 1845 3450 1883 sita
3472 1833 3782 1886 confirmat.

2186 1914 2445 1980 Quoniam
2474 1915 2613 1967 enim
2645 1929 2861 1982 regnum
2895 1916 3040 1970 illud.
3066 1917 3204 1984 quod
3237 1920 3648 1986 prdidicabatur.
3677 1939 3784 1974 non

2183 2005 2464 2071 apparebat
2492 2047 2507 2067 ,
2545 2019 2612 2057 ex
2655 2005 2717 2057 iis
2756 2022 2875 2074 quae
2923 2007 3021 2059 sub
3069 2019 3341 2076 aspectum
3391 2027 3420 2063 c
3455 2012 3690 2076 debant,
3739 2016 3788 2067 id

2183 2094 2320 2162 quod
2360 2096 2626 2147 occultum
2665 2107 2778 2149 crat
2820 2097 3154 2152 manifestum
3202 2102 3343 2154 fecit.
3379 2101 3446 2155 Et
3488 2103 3611 2158 vide
3655 2107 3789 2159 mihi

2183 2197 2438 2253 quantum
2485 2187 2750 2254 superﬂua
2792 2190 2920 2240 vitet
2960 2193 3284 2257 evangelisa
3311 2233 3324 2250 .
3363 2193 3638 2260 quonme
3680 2212 3788 2248 non

2184 2276 2422 2345 singulos
2468 2291 2654 2330 eorum
2699 2279 2786 2347 qui
2836 2281 3003 2331 sanati
3051 2291 3174 2332 sunt
3222 2298 3649 2347 conum-meret,
3695 2287 3789 2339 Sed

2187 2369 2331 2419 brevi
2357 2383 2602 2420 sermone
2627 2371 2900 2421 innumera
2924 2369 3068 2437 signa
3096 2381 3489 2437 praatercurrat.
3515 2373 3648 2426 Nam
3675 2375 3786 2429 ait:

2187 2457 2273 2510 :25.
2314 2456 2610 2510 Obtulerunt
2643 2459 2685 2509 ei
2716 2475 2885 2512 omnes
2916 2460 3045 2512 male
3077 2460 3307 2512 [tabentes
3333 2463 3484 2514 rariis
3514 2464 3786 2533 languori-

2185 2549 2274 2599 bus
2296 2589 2310 2612 ,
2336 2558 2380 2601 et
2414 2551 2670 2600 tormentis
2696 2561 2950 2616 correptos
2969 2593 2982 2613 ,
3015 2550 3265 2603 daemonia
3290 2553 3526 2606 habentes
3548 2597 3558 2610 .
3593 2553 3785 2607 lunati-

2183 2656 2286 2700 τος,
2308 2640 2631 2710 paralyticos,
2656 2650 2700 2693 et
2717 2645 2910 2694 sanavit
2933 2658 3036 2701 eos.
3058 2643 3254 2696 Verum
3278 2644 3343 2697 ab
3367 2644 3456 2697 illo
3475 2645 3785 2714 inquiritur,

2183 2746 2277 2782 cur
2304 2745 2332 2782 a
2362 2731 2506 2784 nullo
2533 2746 2715 2784 eorum
2749 2731 2905 2786 ﬁdem
2935 2736 3145 2802 exegit?
3172 2734 3354 2802 Neque
3381 2736 3522 2787 enim
3547 2736 3709 2802 dixit,
3739 2737 3787 2789 id

2183 2821 2323 2889 quod
2368 2831 2548 2888 postea
2590 2822 2789 2877 dixisse
2827 2835 3077 2877 narratur
3108 2844 3118 2875 :
3146 2826 3376 2878 Creditis
3408 2841 3494 2880 me
3537 2825 3667 2879 illud
3713 2826 3789 2880 Ia-

2182 2927 2305 2966 cere
2346 2927 2500 2980 posse
2529 2911 2754 2984 (Mattlt.
2785 2913 2837 2967 9.
2879 2913 3028 2983 28)?
3065 2915 3185 2982 quia
3228 2915 3462 2968 nondum
3507 2920 3791 2985 potestatis

2183 3020 2293 3058 suae
2317 3005 2633 3059 documenta
2665 3005 2903 3059 dederat.
2932 3007 3178 3076 Alioquin
3209 3023 3336 3061 vero
3360 3023 3425 3062 ex
3455 3025 3522 3063 eo
3545 3010 3692 3078 quod
3720 3010 3788 3066 ad

2185 3113 2306 3150 eum
2338 3097 2691 3159 accederent,
2724 3096 2966 3164 aliosque
2994 3097 3340 3159 iuducereut,
3375 3116 3480 3152 non
3515 3101 3786 3155 modicam

2182 3186 2506 3240 exhibebant
2544 3184 2722 3240 ﬁdem.
2767 3185 2898 3239 Nam
2940 3201 3003 3240 ex
3045 3187 3335 3256 longinquo
3375 3205 3546 3259 aegros
3583 3191 3787 3247 all'ere-

2183 3278 2343 3338 bant,
2377 3294 2479 3330 non
2509 3277 2746 3341 allaturi,
2783 3278 2882 3330 nisi
2915 3293 3158 3345 magnam
3186 3277 3254 3332 de
3287 3279 3378 3332 illo
3404 3283 3790 3351 concupissent

2183 3367 2508 3435 opinionem.
2537 3367 2604 3419 Et
2627 3382 2723 3420 nos
2748 3381 2957 3435 quoque
2980 3367 3124 3420 illum
3153 3382 3440 3436 sequamur
3465 3389 3480 3422 :
3506 3387 3629 3425 nam
3653 3375 3791 3426 mult

2189 3461 2255 3512 tis
2281 3459 2442 3512 animi
2472 3457 2672 3511 morbis
2699 3457 3023 3522 laboramus,
3056 3469 3109 3511 et
3139 3457 3232 3511 hos
3261 3459 3350 3513 ille
3379 3462 3648 3536 [ymcipuc
3675 3465 3793 3518 vult

2184 3566 2390 3603 curare.
2424 3549 2546 3603 Ideo
2571 3551 2710 3603 enim
2745 3549 2830 3604 illa
2865 3550 3000 3603 mala
3026 3560 3198 3616 curat,
3230 3561 3285 3606 ut
3313 3552 3428 3606 haec
3453 3556 3689 3623 expellat
3723 3573 3788 3611 ex

2183 3641 2461 3694 animabus
2491 3639 2707 3693 nostris.
2737 3639 3066 3694 Accedamus
3096 3641 3253 3710 igitur
3275 3641 3340 3695 ad
3371 3658 3516 3703 eum.
3544 3645 3791 3718 nihilque

2184 3733 2436 3785 surculare
2467 3740 2707 3799 petamus
2727 3773 2741 3794 ,
2772 3731 2862 3785 sed
2891 3731 3255 3786 remissionem
3289 3746 3630 3803 peccato-uim
3666 3757 3678 3792 :
3705 3751 3790 3794 et—

2186 3826 2326 3876 enim
2353 3823 2511 3876 etiam
2541 3838 2680 3876 nunc
2702 3823 2808 3884 dat,
2835 3824 2878 3876 si
2901 3821 3180 3892 diligenter
3199 3839 3436 3894 agamus.
3462 3827 3613 3882 Tunc
3634 3831 3783 3885 enim

2186 3912 2237 3964 in
2280 3913 2486 3982 Syriam
2529 3912 2643 3980 ejus
2685 3913 2821 3966 fatua
2852 3911 3089 3977 volarat;
3125 3928 3264 3967 nunc
3297 3931 3427 3968 vero
3472 3933 3568 3985 per
3611 3928 3786 3975 totum

2183 4003 2386 4056 orbem.
2423 4004 2487 4056 Et
2527 4003 2598 4055 illi
2635 4003 2847 4072 quidem
2879 4003 3154 4058 audientes
3178 4047 3192 4068 ,
3225 4005 3396 4074 ipsum
3427 4008 3790 4065 datmoniacos

2184 4095 2476 4154 curavisse.
2508 4094 2902 4148 concurrebant
2933 4111 2945 4144 :
2978 4103 3030 4146 tu
3055 4097 3181 4147 vero
3211 4097 3377 4148 multo
3406 4097 3663 4165 majorem
3689 4119 3790 4170 po-

2187 4183 2390 4236 tesmtis
2437 4184 2600 4248 ipsius
2639 4185 3020 4251 experientiam
3063 4194 3248 4239 nactus
3286 4203 3390 4240 non
3432 4191 3643 4260 Surgis,
3679 4210 3787 4248 non

2186 4273 2389 4325 curris?
2415 4273 2516 4326 Sed
2549 4273 2619 4326 illi
2647 4273 2858 4342 quidem
2883 4283 2934 4328 et
2962 4275 3185 4342 patriam
3218 4275 3554 4344 reliquerunt
3578 4291 3634 4335 et
3659 4285 3788 4337 ami-

2187 4379 2278 4416 cos
2308 4374 2358 4417 et
2391 4374 2676 4432 cognatos;
2706 4371 2757 4416 tu
2787 4379 2915 4418 vero
2940 4379 3006 4418 ne
3045 4363 3208 4420 domo
3246 4368 3459 4435 quidem
3485 4372 3636 4426 exire
3667 4389 3788 4429 sus-

2190 4456 2329 4508 tines
2349 4496 2361 4515 ,
2389 4465 2444 4508 ut
2473 4455 2694 4509 accedas
2719 4496 2731 4516 ,
2761 4464 2812 4506 et
2839 4456 2993 4523 longe
3020 4457 3237 4509 meliora
3263 4463 3649 4528 consequaris?
3672 4465 3790 4521 Imo

2189 4561 2292 4598 non
2324 4546 2422 4598 hoc
2445 4561 2472 4597 a
2503 4557 2553 4599 te
2594 4545 2960 4614 postulamus;
2991 4545 3082 4598 scd
3123 4547 3315 4600 malam
3357 4550 3530 4604 solum
3572 4553 3791 4620 depone

2187 4635 2652 4698 consuetudinem,
2693 4644 2746 4689 et
2779 4635 2922 4689 domi
2967 4650 3189 4690 manens
3231 4653 3352 4690 cum
3403 4641 3506 4693 tuis
3552 4643 3787 4698 salutem

2189 4725 2339 4778 facile
2378 4725 2626 4794 consequi
2669 4725 2885 4793 poteris.
2915 4724 3030 4779 Jam
3063 4741 3190 4780 vero
3219 4727 3263 4781 si
3305 4729 3493 4782 morbo
3518 4747 3789 4801 corporeo

2189 4816 2527 4878 laboremus,
2556 4816 2733 4868 omnia
2775 4816 3028 4881 facimus,
3059 4818 3238 4870 omnia
3279 4835 3560 4875 movemus
3582 4865 3594 4887 ,
3632 4833 3689 4878 ut
3719 4830 3791 4882 ab

2190 4909 2277 4962 illa
2306 4907 2544 4961 molestia
2570 4923 2820 4962 eruamur
2844 4925 2857 4961 :
2880 4907 3053 4960 anima
3080 4924 3208 4964 vero
3229 4920 3410 4966 nostra
3441 4913 3582 4969 male
3605 4931 3666 4971 se
3694 4917 3791 4970 ha-

2188 4999 2382 5064 bente,
2415 5008 2730 5052 cunctamur
2765 5005 2819 5052 et
2862 4998 3170 5068 refugimus.
3209 5001 3332 5057 Ideo
3372 5019 3547 5074 neque
3578 5007 3648 5059 ab
3683 5010 3792 5062 illis

2188 5088 2515 5154 liberamur;
2561 5090 2809 5157 quoniam
2853 5105 2970 5158 qua?
3013 5095 3306 5146 necessaria
3354 5107 3512 5161 sunt,
3557 5099 3790 5157 minoris

2189 5184 2440 5264 momenti
2472 5181 2708 5244 facimus,
2739 5198 2856 5252 quae
2880 5199 3009 5238 vero
3039 5186 3258 5238 minoris
3287 5191 3567 5254 momenti,
3594 5208 3778 5248 ηερμε-

2189 5274 2325 5325 saria
2369 5273 2612 5326 ducimus
2645 5293 2657 5327 :
2691 5282 2745 5327 et
2789 5273 3051 5329 malorum
3097 5275 3241 5330 fonte
3277 5278 3500 5332 dimisso
3527 5322 3541 5344 ,
3585 5283 3789 5337 rivulos

2192 5379 2415 5434 purgare
2442 5365 2702 5420 volumus.
2726 5365 2878 5432 Quod
2909 5367 3050 5423 enim
3079 5369 3390 5425 morborum
3413 5377 3658 5442 corporis
3682 5379 3790 5430 ani.

2190 5470 2290 5508 nite
2319 5454 2616 5524 malignitas
2645 5471 2806 5512 causa
2838 5458 2925 5523 sit,
2959 5459 3284 5530 paralyticus
3313 5461 3399 5516 ille
3428 5465 3640 5534 triginta
3665 5481 3790 5520 Octo

2191 5562 2453 5600 annorqu
2486 5548 2679 5616 (Joan.
2712 5549 2813 5617 5),
2852 5550 2940 5603 ille
2977 5550 3113 5604 alius
3152 5567 3247 5620 per
3287 5563 3484 5607 tectum
3519 5556 3790 5614 demissus

2189 5636 2351 5705 (Lor.
2383 5638 2723 5708 5).anleillos
2756 5653 2881 5694 vero
2907 5640 3036 5694 Cain
3064 5641 3450 5698 demonstravit
3485 5664 3499 5701 :
3526 5662 3785 5720 smpeqtn:

2258 5751 2272 5780 ί
2310 5748 2498 5806 Quidam
2517 5755 2645 5808 nam,
2672 5757 2870 5812 tuncque
2891 5751 2982 5813 ipsi
3004 5755 3234 5803 mundum
3260 5755 3418 5815 illum;
3445 5762 3606 5808 minus
3619 5769 3776 5811 recte.
