4050 6438
282 352 383 413 ξξι

287 474 414 531 alibi
440 474 618 547 quivis
640 471 744 529 hoc
776 471 949 543 ipsum
981 470 1179 527 videat.
1209 470 1483 526 Tollamus
1517 468 1694 540 itaque
1723 465 1893 523 malo-

286 579 407 621 rum
438 564 664 629 fontem,
688 573 744 621 et
764 564 1071 619 morborum
1101 563 1299 619 ﬂuenta
1325 563 1504 618 statim
1526 560 1889 617 siccabuntur.

285 659 405 714 Non
434 658 700 730 paralysis
723 657 895 713 solum
924 657 1121 712 malum
1145 664 1245 720 est,
1272 654 1366 711 sed
1391 656 1553 711 etiam
1578 662 1888 725 peccatum;

286 750 397 803 imo
423 749 526 806 hoc
553 750 728 819 majus
750 765 911 821 quam
943 748 1093 813 illud,
1122 758 1324 819 quanto
1348 747 1552 803 scilicet
1576 746 1753 800 anima
1777 758 1892 799 me-

282 840 383 895 lior
410 848 493 896 est
518 854 763 911 corpore.
810 840 1143 897 Accedamus
1170 840 1330 911 igitur
1351 848 1404 893 et
1432 853 1573 893 nunc
1593 837 1661 891 ad
1687 837 1886 907 ipsum,

288 947 542 1003 rogemus
570 944 628 989 ut
657 934 945 990 resolutam
984 934 1219 988 animam
1251 941 1488 987 nostram
1518 930 1885 999 constringat,

284 1032 339 1077 et
370 1024 719 1079 molaribus
752 1025 932 1079 missis
960 1024 1211 1079 omnibus
1233 1064 1249 1088 ,
1282 1022 1641 1093 spiritualium
1679 1029 1887 1075 tantum

291 1115 555 1169 rationem
589 1114 899 1170 habeamus.
928 1114 983 1171 Si
1012 1131 1140 1169 vero
1168 1114 1283 1169 hmc
1309 1113 1588 1176 obtineas,
1617 1112 1705 1166 illa
1732 1125 1889 1167 cures

288 1216 494 1274 postea.
525 1205 637 1264 Nec
664 1210 787 1279 quia
820 1208 872 1262 in
904 1208 1178 1278 peccando
1207 1222 1312 1263 non
1340 1206 1515 1272 doles,
1549 1206 1671 1262 ideo
1698 1217 1887 1260 conte»

288 1313 465 1365 mnas,
496 1300 592 1354 sed
620 1310 897 1371 propterea
928 1301 1161 1357 maxime
1188 1300 1497 1371 ingemisce,
1526 1302 1650 1369 quia
1676 1300 1885 1355 nullum

287 1388 458 1445 habes
492 1388 560 1445 de
604 1392 835 1461 peccatis
871 1389 1135 1448 dolorem.
1167 1392 1299 1447 illud
1339 1408 1467 1447 vero
1507 1392 1632 1447 inde
1669 1392 1883 1455 evenit,

286 1495 395 1533 non
425 1480 566 1550 quod
600 1490 876 1551 peccatum
918 1497 1024 1537 non
1063 1482 1339 1547 mordeat,
1378 1484 1473 1538 sed
1517 1483 1659 1553 quod
1706 1482 1884 1536 anima

287 1570 580 1627 sceleribus
607 1581 818 1628 assueta
874 1589 1091 1629 sensum
1138 1589 1245 1629 non
1283 1573 1497 1631 habeat.
1528 1574 1713 1645 Cogita
1755 1588 1886 1643 ergo

287 1660 408 1717 illos
434 1661 527 1731 qui
556 1663 767 1732 propria
795 1675 1009 1733 peccata
1044 1666 1301 1731 sentiunt,
1333 1665 1604 1735 quomodo
1636 1664 1883 1720 acerbius

285 1752 489 1819 ejtilent
514 1768 671 1823 quam
703 1754 736 1809 ii
764 1755 854 1825 qui
894 1766 1147 1811 secantur
1172 1757 1255 1811 vel
1284 1765 1545 1822 uruntur,
1578 1766 1885 1826 quantaque

285 1842 571 1909 patiantur,
602 1854 859 1913 quantum
888 1846 1104 1917 lugeant
1130 1856 1182 1902 et
1211 1848 1582 1918 ingemiscant,
1608 1860 1714 1903 uta
1743 1848 1881 1901 mala

282 1933 612 1989 conscientia
638 1936 954 2005 liberentur,
982 1938 1123 2008 quod
1154 1953 1444 2008 numquam
1472 1937 1709 1995 facerent
1731 1982 1745 2007 ,
1780 1940 1882 1993 nisi

281 2024 463 2077 animo
488 2024 775 2082 admodum
804 2027 1067 2085 dolerent.

352 2116 408 2170 4.
433 2115 651 2171 Peccuta
666 2121 850 2174 sentire
875 2133 921 2174 et
949 2124 1202 2191 corrigere
1220 2139 1417 2178 necesse
1440 2134 1533 2178 est.
1557 2124 1680 2179 Non
1707 2124 1881 2178 dolere

280 2207 345 2261 de
372 2220 572 2277 peccato
594 2214 755 2283 magis
783 2214 952 2268 irritat
979 2214 1167 2281 Deum,
1202 2232 1356 2285 quam
1387 2218 1555 2286 ipsum
1589 2228 1875 2287 peccatum.

280 2300 480 2354 Anima
504 2305 796 2372 peceatricis
822 2305 1139 2374 deformitas.
1191 2335 1263 2347 -
1291 2307 1487 2379 Utique
1516 2309 1709 2364 melius
1738 2319 1883 2365 esset

280 2408 571 2463 numquam
599 2410 852 2466 peccare;
878 2399 1019 2469 quod
1042 2401 1285 2470 sequitur
1314 2412 1491 2456 autem
1523 2411 1626 2467 est,
1661 2414 1880 2473 peccata

277 2485 481 2540 sentire
502 2495 556 2541 et
584 2488 876 2559 corrigere.
910 2488 967 2544 Si
1011 2506 1139 2545 vero
1184 2492 1235 2546 id
1270 2508 1375 2547 non
1407 2491 1700 2548 habeamus
1723 2535 1737 2558 ,
1769 2508 1879 2564 quo

279 2585 436 2644 pacto
462 2579 570 2633 Deo
596 2582 1020 2653 supplicabimus
1047 2595 1101 2639 et
1132 2594 1473 2654 peccatorum
1502 2590 1877 2645 remissionem

278 2667 687 2735 postulabimus,
717 2673 805 2742 qui
829 2672 1019 2728 borum
1052 2674 1252 2730 nullam
1286 2678 1548 2732 rationem
1575 2679 1834 2734 habemus
1854 2680 1881 2734 ἲ

273 2756 411 2811 Cum
439 2760 582 2815 enim
613 2770 667 2816 tu
694 2763 810 2832 ipse
846 2766 936 2835 qui
980 2767 1241 2835 "amasti,
1274 2783 1343 2823 ne
1388 2768 1618 2839 idipsum
1659 2770 1877 2839 quidem

274 2848 418 2917 quod
448 2852 752 2919 peccaveris
768 2854 909 2910 scire
930 2856 1079 2923 velis,
1105 2872 1204 2927 pro
1227 2858 1421 2929 quibus
1445 2860 1677 2928 peccatis
1708 2859 1877 2917 Deum

275 2938 490 3006 rogabis
510 2980 526 3005 ,
559 2956 679 3011 qua:
724 2958 793 2999 ne
819 2945 1035 3015 quidem
1068 2948 1251 3003 nosti?
1280 2958 1334 3004 et
1358 2950 1629 3020 quomodo
1657 2954 1903 3008 noveris

280 3029 527 3090 beneﬁcii
556 3036 1026 3106 magnitudinem?
1057 3040 1149 3095 Dic
1179 3042 1357 3112 itaque
1388 3054 1605 3113 peccata
1636 3054 1723 3099 tua
1755 3061 1875 3114 spe-

272 3122 455 3178 ciatim
483 3166 497 3193 ,
546 3135 602 3181 ut
642 3128 817 3184 discas
846 3145 1199 3201 quarumnam
1231 3136 1607 3190 remissionem
1639 3138 1839 3207 accipis
1859 3178 1873 3201 ,

280 3224 340 3267 nt
368 3213 439 3268 ita
464 3230 589 3286 erga
612 3218 911 3275 beneﬁcum
948 3231 1133 3292 gratus
1164 3223 1261 3278 sis.
1284 3223 1362 3279 Tu
1392 3241 1522 3281 vero
1549 3242 1671 3281 cum
1709 3228 1877 3282 homi-

282 3319 408 3359 nem
429 3306 721 3364 oilenderis
740 3350 756 3375 ,
786 3311 1026 3378 amicos,
1059 3312 1266 3368 vicinos
1295 3323 1351 3369 et
1377 3316 1631 3372 ostiarios
1680 3333 1839 3389 rogas
1859 3361 1873 3385 ,

274 3397 531 3464 pecunias
571 3401 853 3470 expendis,
883 3404 1188 3475 multosque
1217 3405 1333 3462 dies
1364 3408 1587 3462 insumis
1634 3410 1685 3464 in
1716 3425 1877 3467 acce-

270 3486 453 3541 dendo
477 3498 532 3543 et
556 3493 927 3562 supplicando,
958 3496 1170 3552 etiamsi
1196 3498 1385 3561 semel,
1418 3500 1521 3568 bis,
1547 3502 1878 3557 sexcenties-

272 3594 380 3648 que
409 3579 476 3635 ab
513 3580 721 3637 oﬂ’enso
765 3584 1033 3655 repulsam
1064 3587 1249 3642 tuleris
1272 3630 1287 3653 ,
1314 3604 1419 3644 non
1456 3591 1696 3646 concidis
1716 3635 1731 3659 ,
1778 3593 1875 3647 scd

274 3669 445 3739 magis
487 3672 784 3740 sollicitus,
816 3678 1234 3747 supplicationes
1262 3680 1497 3752 adauges
1529 3701 1543 3737 :
1576 3699 1699 3739 cum
1744 3698 1878 3740 vero

275 3760 645 3818 universorum
669 3764 807 3821 Deus
822 3768 1059 3823 offensus
1079 3780 1184 3838 est,
1206 3772 1516 3839 oscitamus,
1534 3777 1874 3848 negligimus,

273 3850 611 3921 deliciamur,
638 3857 984 3927 inebriamur,
1014 3874 1067 3917 et
1098 3878 1196 3933 pro
1224 3864 1384 3919 solito
1410 3882 1559 3922 more
1583 3870 1761 3923 omnia
1796 3869 1875 3923 fa-

274 3942 450 3998 cimus
477 3964 489 3999 :
520 3954 575 3999 et
594 3946 933 4016 quandonam
957 3952 1106 4007 illum
1134 3954 1349 4023 placare
1376 3959 1674 4025 poterimus
1694 3960 1717 4011 ?
1736 3975 1875 4028 quo-

276 4035 439 4089 modo
460 4053 566 4091 non
589 4053 655 4094 eo
684 4042 800 4111 ipso
820 4042 982 4099 modo
1004 4046 1172 4115 magis
1202 4046 1470 4103 irritemus
1496 4050 1520 4102 ?
1549 4050 1664 4105 Non
1690 4051 1878 4107 dolere

277 4128 422 4183 enim
448 4130 518 4186 de
540 4144 761 4201 peccato
801 4139 970 4208 magis
994 4139 1062 4194 ad
1094 4141 1511 4211 indignationem
1540 4153 1593 4199 et
1626 4145 1758 4209 iram
1791 4146 1875 4215 ip-

275 4234 396 4271 sum
421 4234 704 4292 provocat,
732 4242 890 4297 quam
924 4229 1095 4299 ipsum
1126 4240 1425 4299 peccatum.
1455 4233 1793 4304 Quapropter
1824 4238 1875 4290 in

275 4308 449 4379 ipsam
492 4320 688 4368 terram
734 4332 855 4374 sese
884 4318 1176 4377 detrudere
1222 4330 1517 4392 oporteret,
1566 4340 1669 4380 nec
1706 4328 1875 4382 solem

275 4400 537 4473 aspicere,
568 4405 653 4460 vel
674 4408 1187 4479 respirare,quando
1216 4422 1322 4466 tam
1354 4414 1669 4481 placabilem
1695 4416 1876 4471 Domi-

277 4506 405 4547 num
437 4493 715 4563 habentes,
745 4497 897 4554 illum
921 4500 1215 4567 irritamus,
1240 4510 1294 4558 et
1320 4504 1593 4560 irritantes
1616 4522 1722 4561 non
1754 4524 1873 4578 pce-

278 4586 561 4644 nitentiam
586 4591 794 4660 agimus
823 4609 838 4646 :
870 4592 1084 4648 etiamsi
1107 4594 1196 4650 ille
1224 4610 1398 4667 neque
1422 4612 1545 4651 cum
1573 4598 1741 4653 iratus
1770 4611 1871 4665 est,

277 4692 378 4739 nos
400 4678 525 4733 odio
550 4680 743 4737 habeat
773 4681 856 4738 vel
898 4696 1200 4751 aversetur,
1231 4686 1326 4741 sed
1358 4688 1523 4742 iratus
1562 4688 1662 4754 sit,
1690 4698 1755 4743 ut
1778 4706 1877 4746 nos

274 4767 356 4825 vel
383 4768 460 4825 sic
489 4769 555 4825 ad
578 4784 637 4825 se
658 4772 955 4841 pertrahat.
972 4774 1104 4830 Nam
1124 4777 1170 4832 si
1195 4776 1279 4832 vel
1306 4780 1626 4836 contumelia
1656 4781 1878 4838 aﬂ’ectus

275 4868 541 4929 ρετρειιιο
566 4859 821 4921 beneficia
862 4866 1159 4934 wnferret,
1200 4869 1373 4939 ipsum
1403 4874 1573 4941 magis
1619 4871 1876 4942 despice-

278 4966 388 5006 res.
416 4950 495 5008 Ne
518 4960 698 5008 autem
729 4953 780 5009 id
823 4959 1053 5025 eveniat,
1083 4959 1152 5014 ad
1196 4970 1403 5031 tempus
1435 4964 1631 5018 avertit
1652 4964 1877 5032 faciem,

277 5054 335 5099 ut
360 5053 412 5101 te
464 5060 678 5115 semper
721 5060 901 5103 secum
948 5050 1161 5108 habeat.
1191 5054 1320 5123 Ejus
1350 5055 1527 5127 itaque
1559 5057 1876 5127 benignitati

278 5134 532 5205 ﬁdamus,
558 5146 613 5193 et
651 5138 1015 5209 pmnitentiam
1044 5145 1271 5200 sollicite
1296 5147 1674 5213 exhibeamus,
1700 5148 1878 5219 prius-

277 5242 440 5301 quam
487 5228 603 5286 dies
641 5229 733 5287 ille
761 5220 973 5301 veniat,
990 5233 1041 5289 in
1073 5250 1179 5306 quo
1210 5238 1342 5293 nihil
1372 5239 1525 5295 nobis
1563 5240 1876 5310 poenitentia

1437 352 1502 413 IN
1540 350 1951 412 MATTHEUM
1990 351 2217 411 H011"...
2265 354 2404 414 XIV.

3497 339 3602 395 222

2002 467 2259 537 proderit.
2284 469 2440 525 Nunc
2475 470 2620 526 enim
2665 470 2718 527 in
2746 470 2905 527 nobis
2931 481 3042 528 tota
3073 487 3162 529 res
3193 474 3294 530 sita
3326 483 3450 531 est:
3481 482 3609 529 tunc

1999 573 2130 613 vero
2148 558 2322 616 ludes
2361 561 2510 617 solus
2536 562 2638 617 erit
2671 561 2860 631 iudicii
2885 572 2941 617 et
2968 563 3157 618 calculi
3187 564 3396 618 ferendi
3430 563 3605 619 domi.

1999 666 2121 706 nus.
2147 649 2575 724 Praroccupentus
2610 654 2775 726 igitur
2802 654 2990 725 faciem
3031 656 3142 724 ejus
3194 659 3250 710 in
3289 657 3607 727 confession

2000 739 2175 813 (Paul.
2209 742 2301 800 94.
2328 745 2437 818 2.),
2466 745 2711 811 ﬂeamus,
2736 748 3031 818 lugeamus.
3064 747 3121 803 Si
3142 750 3287 803 enim
3311 748 3604 818 poterimus

1998 845 2124 892 ante
2155 836 2434 894 deﬁnitam
2465 838 2610 894 illam
2636 840 2782 895 diem
2814 840 3029 911 placare
3054 840 3324 909 Iudicem,
3357 850 3417 895 ut
3446 841 3604 896 nobis

1994 938 2213 999 peccata
2242 932 2516 999 remittat,
2545 948 2652 989 non
2679 934 2822 989 ultra
2850 934 3073 990 introitu
3100 935 3257 989 nobis
3287 949 3424 1005 opus
3452 936 3557 989 erit
3587 953 3602 991 :

1994 1029 2054 1075 ut
2077 1035 2109 1076 e
2128 1035 2413 1091 converso,
2441 1025 2485 1080 si
2515 1038 2623 1081 non
2652 1024 2756 1082 hoc
2775 1027 2845 1081 ita
2875 1026 2987 1089 ﬂat,
3013 1035 3128 1082 toto
3155 1026 3288 1087 orbe
3311 1035 3601 1095 praesente.

1996 1112 2175 1183 palam
2231 1131 2333 1171 nos
2386 1114 2695 1185 iudicabit,
2771 1125 2827 1169 et
2881 1113 3028 1168 nulla
3078 1114 3237 1168 nobis
3296 1116 3438 1166 ultra
3470 1126 3595 1186 spes

1996 1207 2171 1261 veniae
2204 1207 2492 1278 supererit.
2564 1204 2761 1261 Nullus
2798 1205 2947 1261 enim
3004 1219 3197 1260 eorum
3246 1206 3338 1275 qui
3368 1204 3591 1270 adsunt,

1996 1298 2092 1367 qui
2168 1305 2393 1367 peccata
2466 1314 2567 1353 sua
2644 1314 2754 1354 non
2822 1297 3077 1362 abiuerit,
3147 1313 3274 1352 cum
3324 1296 3453 1352 illuc
3492 1296 3593 1351 ad-

1996 1390 2242 1454 venerit,
2294 1389 2498 1461 poterit
2546 1405 2740 1461 pmoas
2793 1391 2862 1446 iis
2906 1390 3120 1448 debitas
3164 1388 3438 1460 en'ugers:
3496 1388 3595 1446 sed

1991 1479 2440 1548 quemadmodum
2472 1481 2546 1534 illi
2580 1483 2669 1551 qui
2710 1498 2778 1536 ex
2801 1481 3114 1537 carceribus
3150 1480 3232 1535 his
3259 1480 3325 1535 ad
3363 1480 3595 1534 tribunal

1992 1570 2197 1624 catenis
2219 1571 2395 1625 onusti
2428 1570 2787 1639 adducuntur,
2813 1573 2893 1628 sic
2921 1582 2977 1629 et
3004 1574 3200 1627 animae
3228 1586 3439 1638 omnes,
3472 1586 3596 1626 cum

1992 1660 2117 1715 hinc
2137 1661 2399 1728 abierint,
2441 1662 2604 1719 variis
2634 1672 2975 1733 peccatorum
3028 1679 3251 1719 suorum
3286 1663 3596 1718 constricta:

1990 1754 2197 1807 catenis
2219 1795 2232 1818 ,
2262 1754 2327 1808 ad
2358 1754 2597 1809 terribile
2628 1754 2756 1809 illud
2789 1754 3021 1809 tribunal
3072 1754 3428 1810 adducentur.
3459 1752 3595 1809 Nam

1990 1842 2107 1897 hcce
2128 1844 2233 1899 vita
2272 1858 2491 1900 carcere
2532 1845 2700 1899 nihilo
2730 1846 2922 1902 melior
2946 1854 3033 1901 est
3061 1862 3075 1911 ;
3100 1845 3195 1901 sed
3226 1846 3362 1901 sicut
3386 1861 3509 1900 cum
3542 1846 3597 1899 in

1988 1934 2317 1989 domicilium
2362 1936 2491 1990 illud
2530 1936 2814 1992 introimus
2835 1978 2849 2000 ,
2896 1952 3089 1993 omnes
3115 1937 3360 1992 videmus
3389 1937 3598 1993 catenis

1988 2026 2381 2081 circumdatos:
2416 2028 2486 2083 ita
2519 2036 2574 2083 et
2601 2044 2779 2093 nunc,
2813 2030 2859 2084 si
2885 2029 3094 2095 abiecta
3126 2027 3214 2082 illa
3246 2038 3594 2083 externarum

1988 2132 2169 2172 rerum
2216 2120 2630 2189 imaginatione,
2666 2122 2719 2175 in
2748 2121 3081 2191 singulorum
3108 2122 3273 2177 vitam
3322 2122 3594 2193 ingredia-

1988 2223 2129 2273 mur,
2154 2211 2391 2279 ipsorum
2414 2212 2621 2267 animas
2647 2213 2946 2268 videbimus
2974 2213 3119 2268 ferro
3143 2210 3452 2269 durimibus
3473 2214 3594 2267 vin-

1987 2300 2121 2355 Cnlis
2165 2300 2483 2357 constrictas
2510 2321 2523 2356 :
2555 2305 2789 2359 maxime
2811 2319 2942 2358 vero
2971 2304 3017 2360 si
3055 2304 3106 2357 in
3132 2306 3339 2359 animas
3368 2306 3595 2359 divitum

1986 2393 2308 2449 intraveris:
2354 2410 2477 2450 nam
2516 2404 2717 2465 quanto
2739 2396 2980 2465 pluribus
3006 2397 3125 2451 illos
3150 2395 3350 2451 videris
3395 2396 3596 2451 divitiis

1984 2483 2374 2549 circumdatos,
2413 2496 2562 2541 tanto
2602 2488 2771 2557 magis
2815 2495 2942 2544 sunt
2983 2487 3202 2558 alligati.
3234 2486 3597 2556 Quemadmo-

1986 2576 2113 2630 dum
2147 2577 2307 2647 igitur
2332 2579 2376 2632 si
2406 2579 2645 2633 vinctum
2674 2578 2874 2634 videris
2906 2573 3154 2634 mahibus
3179 2621 3195 2645 ,
3218 2578 3383 2634 dorso
3401 2621 3417 2645 ,
3446 2592 3592 2647 sirpe

1984 2671 2146 2725 etiam
2174 2671 2401 2741 pedibus
2426 2671 2699 2743 alligatum
2720 2672 2909 2728 ferreis
2932 2673 3167 2745 catenis,
3185 2672 3333 2727 illum
3358 2671 3595 2726 maxime

1985 2761 2259 2815 miseraris
2280 2779 2293 2814 :
2317 2763 2397 2815 sic
2415 2761 2639 2816 divitem
2660 2778 2783 2817 cum
2803 2762 2999 2819 videris
3013 2762 3195 2817 multis
3215 2761 3595 2817 circumﬂuen-

1984 2859 2092 2904 tem
2123 2851 2316 2919 rebus,
2341 2869 2408 2907 ne
2439 2853 2562 2909 ideo
2584 2853 2826 2919 divitem,
2856 2852 2952 2910 sed
2984 2854 3161 2923 potius
3182 2852 3306 2925 ideo
3335 2852 3593 2909 miserum

1984 2943 2293 2999 existimato
2317 2960 2332 2998 :
2368 2960 2491 3000 nam
2519 2960 2644 3000 cum
2672 2945 2755 3000 his
2787 2944 3017 3000 vinculis
3044 2960 3246 2999 sievum
3272 2943 3436 2999 habet
3464 2958 3591 2997 car-

1984 3033 2125 3087 ceris
2154 3034 2436 3089 custodem
2462 3074 2478 3099 ,
2528 3050 2745 3104 pravmn
2796 3033 3144 3105 pecuniarum
3179 3048 3419 3088 amorem
3456 3052 3468 3088 :
3500 3033 3594 3105 qui

1986 3141 2090 3179 non
2121 3127 2381 3194 permittit
2408 3127 2482 3181 illi
2508 3142 2572 3181 ex
2598 3128 2700 3181 isto
2726 3142 2943 3182 carcere
2966 3127 3184 3182 exsilire
3203 3167 3218 3190 ,
3241 3126 3336 3183 sed
3369 3142 3594 3183 sexcen-

1987 3225 2068 3270 tos
2098 3217 2195 3285 ipsi
2219 3226 2372 3285 parat
2399 3216 2696 3286 compedes
2719 3257 2735 3283 ,
2759 3216 3013 3273 custodes
3048 3258 3065 3283 ,
3102 3225 3289 3285 portas
3313 3261 3327 3283 ,
3371 3229 3554 3274 vectes
3574 3258 3593 3285 ,

1982 3317 2037 3361 ct
2065 3308 2117 3361 in
2151 3308 2459 3363 interiorem
2488 3322 2761 3363 carcerem
2794 3305 3039 3373 trudens,
3068 3308 3262 3364 suadet
3292 3310 3366 3364 illi
3395 3321 3454 3365 ut
3480 3310 3597 3365 istis

1986 3399 2217 3454 vinculis
2241 3398 2557 3465 delectetur,
2594 3408 2653 3455 ut
2679 3416 2746 3456 ne
2766 3400 2985 3469 quidem
3011 3402 3277 3458 evadendi
3302 3403 3369 3459 ab
3391 3406 3599 3459 instan-

1986 3489 2127 3544 tibus
2150 3489 2307 3544 malis
2332 3505 2485 3561 spem
2514 3490 2680 3546 ullam
2712 3490 2926 3547 habeat.
2961 3492 3031 3548 Et
3056 3494 3101 3549 si
3133 3494 3464 3566 cogitatione
3503 3502 3595 3549 tua

1984 3582 2217 3635 animum
2248 3582 2391 3636 illius
2418 3580 2776 3638 denudaveris
2796 3623 2810 3646 .
2843 3598 2951 3639 non
2982 3586 3216 3640 vinctam
3244 3586 3405 3640 modo
3438 3584 3594 3640 vide-

1985 3673 2101 3739 bis,
2129 3672 2222 3728 sed
2261 3675 2423 3728 etiam
2454 3674 2791 3745 squalentem
2813 3718 2829 3744 ,
2860 3678 3098 3747 putidam
3123 3722 3135 3739 .
3164 3678 3423 3749 pediculis
3452 3694 3591 3733 onu-

1983 3774 2144 3819 stam.
2166 3765 2306 3820 Nihil
2331 3767 2475 3821 enim
2499 3766 2603 3821 illis
2626 3768 2882 3825 meliores
2894 3780 3020 3823 sunt
3050 3771 3338 3836 voluptatis
3356 3770 3588 3837 deliciae,

1984 3857 2094 3911 imo
2120 3856 2529 3923 horribiliores;
2558 3868 2723 3931 atque
2753 3861 2913 3916 etiam
2948 3876 3145 3930 corpus
3185 3878 3308 3917 cum
3340 3864 3449 3931 ipsa
3468 3860 3590 3915 ani-

1984 3962 2068 4000 ma
2101 3947 2467 4015 labefactant,
2514 3960 2571 4003 et
2607 3950 2733 4004 huic
2764 3960 2817 4003 et
2867 3952 2939 4003 illi
2984 3953 3297 4005 innumeras
3346 3952 3592 4021 inﬂigunt

1984 4038 2295 4091 morborum
2320 4032 2533 4107 'plagas.
2571 4037 2797 4107 Propter
2828 4038 2941 4093 hinc
2970 4042 3149 4093 omnia
3175 4040 3593 4111 Redemptorem

1983 4128 2282 4181 animarum
2327 4138 2635 4183 nostrarum
2682 4144 2999 4198 precemur,
3045 4140 3099 4184 ut
3126 4141 3180 4186 et
3207 4134 3415 4187 vincula
3450 4150 3595 4186 rum-

1985 4229 2095 4291 pat,
2124 4231 2177 4275 ct
2208 4236 2411 4275 smvum
2438 4220 2584 4276 hunc
2604 4221 2880 4276 custodem
2908 4236 2934 4273 a
2968 4222 3123 4276 nobis
3145 4235 3409 4289 amoven,
3434 4234 3595 4293 atque

1985 4329 2014 4366 a
2050 4314 2285 4383 pondere
2318 4314 2612 4369 ferrearum
2643 4326 2961 4369 catenarum
2986 4316 3227 4371 liberatis
3247 4359 3263 4385 ,
3297 4317 3396 4371 alis
3425 4319 3595 4373 levio-

1984 4421 2100 4461 rem
2150 4407 2202 4461 in
2235 4407 2392 4462 nobis
2439 4415 2675 4462 mentem
2719 4406 2989 4477 perﬁciat.
3027 4409 3161 4464 Dum
3214 4420 3395 4466 autem
3442 4412 3593 4465 illum

1986 4499 2349 4569 precabimur,
2382 4515 2501 4568 qua:
2531 4511 2711 4554 nostra
2739 4510 2866 4555 sunt
2895 4502 3057 4557 etiam
3090 4501 3375 4556 aﬂ'eramus
3395 4545 3410 4570 ,
3442 4504 3593 4557 solli-

1983 4592 2299 4659 citudinem,
2332 4595 2595 4660 animum,
2620 4592 2975 4649 alacritatem.
3007 4595 3097 4651 Sic
3122 4597 3267 4650 enim
3296 4599 3595 4666 poterimus

1985 4684 2133 4739 brevi
2168 4694 2409 4755 tempore
2437 4700 2467 4739 a
2514 4685 2668 4740 malis
2688 4728 2703 4754 ,
2732 4687 2929 4757 quibus
2958 4688 3265 4744 detinemur
3290 4733 3305 4758 ,
3336 4691 3472 4761 eripi
3494 4733 3509 4758 ,
3540 4702 3595 4747 et

1985 4776 2228 4833 ediscere
2246 4792 2355 4848 quo
2385 4777 2436 4831 in
2466 4785 2613 4833 statu
2648 4779 2797 4849 prius
2822 4794 3061 4846 eramus,
3095 4792 3595 4854 congruentemque

1986 4868 2143 4923 nobis
2172 4870 2413 4938 recipere
2439 4868 2745 4924 libertatem
2777 4888 2788 4923 :
2821 4886 2981 4942 quam
3009 4871 3215 4927 utinam
3243 4889 3429 4929 omnes
3457 4890 3593 4931 con-

1986 4976 2309 5032 sequamur,
2338 4961 2509 5033 gratia
2545 4971 2601 5017 et
2634 4962 2965 5034 benignitate
3013 4965 3224 5020 Domini
3259 4969 3428 5023 nostri
3466 4967 3595 5023 Jesu

1985 5052 2183 5108 Christi
2211 5095 2227 5123 ,
2258 5054 2345 5109 cui
2367 5055 2535 5125 gloria
2558 5066 2612 5111 et
2635 5056 2921 5127 imperium
2946 5058 2999 5113 in
3023 5058 3219 5115 sarcula
3240 5059 3593 5117 saeculorum.

1989 5153 2183 5207 Amen.

1440 5554 2468 5631 mmmam
