4050 6436
429 359 539 419 225

437 487 572 502 —

1151 349 1209 407 Β.
1249 341 1526 404 ΙΟᾸΝΝΙΞ
1561 333 2036 396 CIIRYSOS'I‘OMI
2079 330 2390 387 AliCllIEP.
2421 322 2955 386 CUNSTANTINOP.

1062 460 2554 496 ___________________.____.____._...____

3604 316 3713 371 ξ-ξι

2557 443 3697 470 Μ

1777 537 2125 601 HOMILIA
2167 534 2312 595 XV.

432 705 646 763 διε.
679 718 729 757 v.
755 703 806 757 l.
840 698 1026 758 Videas
1073 703 1241 751 autem
1289 691 1438 747 Iesus
1487 689 1679 748 turbas,
1706 681 1931 737 ascendit
1958 681 2013 733 in

506 807 741 853 montem.
776 792 843 850 Et
872 807 986 846 cum
1022 788 1249 849 sedisset,
1279 789 1590 838 accesserunt
1620 777 1687 830 ad
1716 792 1828 829 eum
1855 775 2012 827 disci-

507 888 618 961 puli
642 886 783 959 ejus:
803 879 858 939 ἰ.
885 892 934 936 et
969 879 1192 949 aperiens
1217 891 1273 930 os
1301 889 1444 927 suum
1468 871 1674 927 docebat
1702 884 1786 921 eos
1804 864 1904 935 (tt),
1936 865 2014 917 di-

505 959 662 1034 cens:
695 975 832 1030 Beats'
861 985 1107 1042 pauperes
1135 967 1316 1036 spiritu
1336 1003 1353 1029 ,
1399 961 1636 1032 quoniam
1687 959 1912 1028 ipsorum
1939 963 2013 1008 est

507 1085 716 1141 regnum
744 1066 1002 1120 celarunt.

508 1249 563 1304 ι.
619 1244 805 1301 Christi
834 1241 1078 1296 modestia
1099 1237 1264 1309 qualis
1290 1245 1336 1291 et
1361 1231 1609 1304 quomodo
1639 1228 1903 1284 imitanda.
1936 1225 2015 1279 Ea:

437 1336 620 1408 agendi
641 1335 834 1388 ratione
860 1332 1044 1385 Christi
1069 1328 1338 1382 Manis/tati
1354 1325 1511 1380 obiter
1531 1323 1847 1391 refelluntur.
1871 1317 2018 1373 Chri-

436 1439 542 1482 stus
581 1424 859 1493 discipulos
900 1421 1162 1490 alloquens
1209 1428 1368 1472 totum
1417 1415 1582 1468 orbem
1622 1412 1918 1480 alloquitur.
1947 1435 2018 1450 --

443 1517 572 1571 Vide
596 1529 750 1586 quam
780 1528 808 1568 a
855 1512 994 1566 fastu
1036 1520 1090 1565 et
1115 1507 1407 1564 ambitione
1448 1505 1518 1559 sit
1557 1503 1786 1557 alienus.
1833 1498 2016 1568 Neque

439 1609 580 1664 enim
605 1621 785 1662 secum
812 1602 1168 1661 circumduxit
1193 1615 1309 1666 eos,
1331 1598 1424 1653 sed
1451 1611 1574 1652 cum
1599 1594 1773 1650 morbi
1794 1591 2018 1648 curandi

440 1707 614 1762 erant,
639 1702 751 1768 ipse
780 1694 1038 1752 circuibat
1070 1692 1336 1762 undique,
1368 1697 1424 1746 et
1464 1688 1624 1742 urbes
1652 1695 1706 1742 et
1733 1685 1852 1739 loca
1888 1682 2018 1738 visi-

443 1803 558 1846 uuis
583 1809 596 1846 :
625 1790 836 1860 quando
865 1798 1042 1843 autem
1069 1785 1220 1840 turba
1264 1782 1469 1846 aderat,
1500 1794 1606 1835 uno
1643 1780 1696 1832 in
1724 1776 1844 1832 loco
1875 1790 2022 1830 cam-

443 1883 603 1952 pestri
647 1880 793 1936 sedet
820 1921 834 1942 ,
876 1893 981 1932 non
1007 1879 1058 1932 in
1088 1875 1217 1930 urbe
1244 1883 1335 1928 aut
1364 1873 1417 1927 in
1443 1869 1622 1926 medio
1651 1869 1767 1924 loro
1790 1909 1804 1932 ,
1841 1866 1937 1922 sed
1968 1865 2021 1919 in

448 1985 649 2036 monte,
687 1973 738 2025 in
771 1969 1004 2035 deserto,
1036 1977 1094 2022 ut
1119 1966 1310 2022 doceat
1333 1978 1432 2018 nos
1460 1961 1590 2016 nihil
1617 1959 1684 2014 ad
1711 1957 2022 2014 ostentatio—

443 2083 564 2123 nem
590 2065 879 2120 faciendum
917 2076 1052 2123 esse,
1094 2066 1148 2114 et
1194 2073 1224 2111 a
1255 2056 1446 2112 mediis
1474 2052 1792 2108 tumultibus
1833 2049 2021 2103 absce-

441 2159 671 2214 dendum
692 2201 706 2223 ,
737 2173 856 2212 cum
909 2153 1134 2208 maxime
1162 2146 1523 2224 pbiIoMphari
1571 2150 1815 2214 Oportet,
1848 2141 2023 2211 deque

445 2251 759 2306 necessariis
785 2248 943 2303 rebus
989 2246 1278 2299 disserere.
1311 2240 1444 2296 Cum
1480 2234 1806 2290 ascendisset
1844 2243 2022 2286 autem

443 2353 600 2414 atque
629 2341 875 2402 sedisset,
906 2342 1244 2391 accesserunt
1265 2330 1533 2399 discipuli.
1554 2326 1737 2382 Viden‘
1760 2339 1943 2377 eorum
1970 2322 2022 2374 in

446 2436 636 2486 virtute
663 2429 978 2499 profectum,
1001 2437 1053 2481 et
1074 2423 1342 2495 quomodo
1377 2430 1596 2489 repente
1625 2419 1875 2472 meliores
1903 2421 2026 2464 sunt

442 2523 653 2599 effecti?
675 2520 820 2575 Multi
843 2532 1067 2587 namque
1091 2513 1464 2569 miraculorum
1489 2517 1814 2579 spectatores
1836 2512 2022 2566 erant;

447 2598 495 2669 lii
533 2627 659 2668 vero
690 2625 933 2680 magnum
960 2607 1224 2675 quidpiam
1253 2611 1307 2657 et
1328 2601 1599 2656 excelsum
1626 2598 1808 2652 audire
1831 2600 2016 2664 cupie-

446 2708 608 2760 bant:
638 2703 777 2772 quod
805 2701 968 2754 etiam
995 2699 1140 2752 illum
1167 2694 1234 2749 ad
1265 2693 1566 2749 docendqu
1597 2690 1826 2756 induxit,
1861 2699 2022 2757 utque

445 2801 542 2855 hos
579 2799 842 2854 ordiretur
871 2807 1146 2849 sermones
1173 2789 1371 2844 ell'ecit.
1413 2786 1597 2856 Neque
1626 2787 1765 2839 enim
1798 2799 2023 2852 corpora

444 2902 644 2945 tantum
685 2887 938 2949 curabat,
967 2884 1058 2938 sed
1110 2882 1268 2936 etiam
1315 2879 1520 2932 animas
1558 2873 1919 2940 emendabat,
1964 2887 2026 2926 ac

445 2996 654 3035 rursum
684 2980 750 3034 ab
796 2978 893 3031 hac
921 2991 1046 3030 cura
1077 2972 1144 3028 ad
1174 2973 1315 3027 illam
1350 2969 1581 3033 redibat,
1633 2967 1711 3022 sic
1759 2965 1909 3020 utilia
1938 2980 2028 3018 va-

443 3076 616 3139 rians,
646 3080 701 3126 et
727 3070 1009 3124 verborum
1041 3066 1294 3120 doctrina:
1321 3075 1546 3130 operum
1575 3059 1896 3112 documenta
1930 3055 2028 3108 mi-

442 3179 616 3229 scens,
639 3161 819 3232 sicque
845 3156 1166 3226 impudentia
1197 3154 1569 3208 haereticorum
1592 3149 1879 3204 obstruens
1910 3161 2025 3214 ora,

444 3258 568 3317 dum
595 3255 870 3322 utriusque
891 3248 1204 3305 substantias
1225 3259 1410 3299 curam
1430 3250 1661 3312 gereret,
1683 3240 2025 3294 ostenderet-

443 3363 548 3417 que
573 3359 632 3400 se
651 3342 897 3397 animalis
924 3340 1088 3394 totius
1103 3351 1224 3392 esse
1250 3336 1580 3390 Creatorem.
1607 3331 1731 3386 ideo
1755 3330 2032 3400 utriusque

443 3449 646 3495 natura!
677 3434 1062 3505 providentiam
1086 3429 1336 3501 gerebat,
1363 3442 1503 3482 nunc
1531 3426 1688 3491 hanc,
1718 3438 1859 3479 nunc
1887 3424 2028 3476 illam

445 3529 752 3588 emendatis.
778 3525 930 3593 Quod
962 3533 1087 3578 tunc
1115 3525 1275 3576 etiam
1308 3520 1554 3575 faciebat.
1590 3517 1720 3572 Nam
1749 3515 1990 3586 Aperiens
2013 3555 2028 3578 ,

445 3622 633 3693 inquit,
653 3639 707 3675 os
725 3636 870 3674 suum
896 3617 1103 3671 docebat
1122 3632 1224 3668 eos.
1253 3614 1323 3668 Et
1341 3629 1444 3682 qua
1469 3612 1535 3666 de
1561 3624 1722 3665 causa
1746 3609 1833 3663 hic
1855 3606 2026 3672 addit,

447 3715 687 3784 Aperiens
717 3728 771 3765 os
794 3711 982 3765 suum?
1005 3708 1072 3763 Ut
1094 3709 1269 3762 discas
1299 3720 1419 3760 eum
1446 3704 1607 3757 etiam
1635 3708 1900 3755 tacentem
1931 3697 2031 3752 do-

446 3806 642 3868 cuisse,
676 3817 775 3856 nec
804 3799 961 3855 modo
988 3802 1324 3868 loquentem;
1353 3794 1446 3848 sed
1473 3806 1614 3846 nunc
1639 3806 1701 3846 os
1725 3789 1997 3860 aperuisse
2019 3830 2032 3851 ,

449 3909 586 3949 nunc
618 3907 709 3963 per
733 3905 893 3961 opera
919 3891 1030 3960 ipsa
1060 3902 1242 3942 vocem
1270 3871 1530 3940 emisisse.
1562 3882 1692 3936 Cum
1715 3880 1864 3935 audis
1883 3894 2031 3945 vero,

449 3984 666 4040 Docebat
693 3999 796 4048 eos,
826 3995 892 4036 ne
913 3989 1064 4049 putes
1091 3979 1262 4047 ipsum
1287 3976 1430 4029 solos
1466 3971 1755 4042 discipulos
1791 3970 1989 4040 alloqui
2015 3987 2030 4034 ;

449 4074 541 4130 sed
575 4089 667 4143 per
695 4073 832 4135 illos,
861 4070 992 4123 alios
1022 4082 1228 4121 omnes.
1253 4066 1385 4131 Quia
1413 4065 1557 4117 enim
1587 4062 1742 4115 turba
1766 4061 2034 4130 popularis

450 4180 604 4233 erat,
637 4183 699 4220 ex
726 4179 909 4221 eorum
940 4176 1163 4215 numero
1193 4157 1282 4228 qui
1315 4155 1458 4209 humi
1489 4154 1746 4223 repebant
1765 4192 1779 4218 ,
1808 4152 2037 4220 discipu-

450 4259 621 4314 lorum
648 4257 871 4312 chorum
896 4262 1020 4306 ante
1041 4264 1100 4305 se
1120 4249 1469 4310 constituens,
1492 4244 1558 4299 ad
1581 4245 1702 4299 illos
1733 4257 2035 4298 sermonem

451 4348 650 4418 dirigit,
678 4344 838 4400 verba
867 4357 959 4397 sua
992 4342 1060 4394 ita
1091 4349 1414 4407 temperans,
1445 4344 1501 4389 ut
1523 4334 1734 4388 caeteris
1765 4331 2033 4397 omnibus,

452 4441 541 4512 qui
567 4440 617 4492 in
643 4437 722 4491 liis
745 4436 1028 4490 admodum
1051 4432 1207 4485 rudes
1227 4439 1397 4491 erant,
1422 4423 1773 4497 philosophia:
1795 4422 2036 4476 doctrina

456 4545 558 4585 non
588 4529 809 4582 molesta
833 4535 994 4579 esset.
1027 4521 1179 4588 Quod
1210 4519 1366 4574 etiam
1395 4517 1564 4572 Lucas
1589 4515 1932 4589 subindicans
1956 4514 2036 4566 di-

454 4622 638 4684 cebat,
668 4622 837 4689 ipsum
867 4629 1167 4671 sermonem
1199 4611 1265 4665 ad
1293 4624 1388 4663 eos
1413 4609 1738 4662 convertisse
1785 4605 1801 4675 (
1827 4604 1947 4657 Luc.
1979 4605 2029 4658 6.

455 4711 568 4785 27)
605 4730 618 4765 :
646 4720 704 4766 et
734 4710 1013 4765 Mattliarus
1041 4705 1268 4775 idipsum
1300 4701 1623 4771 signiﬁcans,
1653 4697 1786 4751 dixit
1817 4713 1830 4750 :
1859 4697 2037 4749 Acces-

455 4814 626 4861 serunt
661 4806 727 4857 ad
756 4818 867 4856 eum
897 4798 1130 4868 discipuli
1178 4796 1310 4865 ejus,
1349 4803 1393 4846 et
1423 4791 1630 4844 docebat
1663 4804 1764 4842 eos.
1794 4787 1868 4841 Ita
1895 4788 2034 4841 enim

453 4897 632 4954 cmteri
673 4894 922 4949 attentius
959 4888 1184 4944 audituri
1213 4893 1403 4946 erant,
1450 4895 1606 4952 quam
1656 4879 1700 4933 si
1744 4878 1811 4931 ad
1853 4893 2039 4933 omnes

456 4987 616 5045 verba
651 4985 950 5040 direxisset.
984 4980 1133 5037 Unde
1159 4992 1286 5047 ergo
1313 4974 1488 5042 incipit
1516 5015 1529 5037 ,
1565 4981 1620 5026 et
1657 4985 1776 5041 quas
1804 4970 1924 5023 novi
1955 4970 2038 5023 in-

456 5078 626 5136 stituti
655 5077 994 5132 fundamenta
1026 5071 1179 5125 nobis
1213 5068 1401 5138 ponit?
1432 5065 1721 5120 Audiamus
1761 5062 2041 5148 diligenter

457 5185 522 5226 ea
548 5185 666 5241 qua!
693 5168 938 5221 dicuntur
965 5181 979 5216 :
1013 5161 1118 5217 illis
1146 5173 1373 5228 namque
1413 5156 1552 5210 dicta
1582 5165 1735 5220 sunt,
1766 5164 1820 5208 et
1848 5155 2039 5222 scripta

459 5272 582 5317 sunt
633 5276 727 5330 pro
779 5257 1026 5313 omnibus
1055 5263 1175 5325 post
1213 5249 1429 5312 futuris.
1477 5248 1678 5303 Idcirco
1719 5246 2041 5301 concionans

458 5351 672 5422 quidem
720 5343 1370 5418 discipulos'alloquitur;
1420 5354 1593 5408 neque
1634 5347 1811 5392 tamen
1843 5337 1894 5389 in
1939 5337 2044 5390 illis

460 5442 601 5495 dicta
638 5437 1065 5499 circumscribit,
1113 5435 1205 5488 sed
1239 5430 1645 5488 indeterminate
1688 5428 2043 5484 beatitudines

461 5547 648 5587 attines
680 5530 893 5597 profert.
938 5528 1053 5583 Non
1084 5526 1222 5581 enim
1253 5524 1388 5578 dixit
1415 5564 1429 5589 ,
1474 5522 1619 5578 Beati
1669 5521 1799 5577 estis
1827 5535 1924 5574 vos
1951 5560 1966 5585 ,
1998 5520 2042 5574 si

531 5746 604 5809 (α)
639 5747 690 5797 lu
708 5749 810 5797 haee
831 5746 999 5808 verba,
1028 5743 1222 5796 docebat
1247 5756 1343 5805 cos,
1363 5741 1530 5794 titulus
1552 5741 1736 5792 desinit
1756 5737 2038 5802 apuds‘aul.

2121 692 2386 747 pauperes
2409 674 2648 738 fueritis;
2691 673 2784 729 sed
2808 713 2823 738 ,
2855 671 3000 727 Beati
3024 687 3292 742 praepetes.
3322 669 3478 725 Certe
3503 668 3722 723 etiamsi

2120 768 2226 822 illis
2272 767 2550 838 speciatim
2598 765 2865 831 dixisset,
2912 765 3215 818 communia
3267 772 3444 816 tamen
3491 761 3719 815 consilia

2121 859 2291 912 futura
2322 868 2492 912 erant.
2527 855 2736 910 Etenim
2760 860 2880 909 cum‘
2908 853 3113 908 diceret
3146 869 3159 905 :
3193 851 3326 905 Ecce
3347 868 3439 923 ego
3459 851 3723 905 uobiscum
3801 860 3806 863 '

2117 965 2231 1003 sum
2260 948 2490 1002 domibus
2533 946 2707 999 diebus
2736 961 2892 1014 usque
2921 945 2990 998 ad
3016 945 3502 998 consummationem
3541 941 3722 996 seculi

2120 1039 2347 1112 (Matth.
2378 1040 2468 1093 28.
2495 1037 2599 1108 20)
2636 1056 2648 1090 :
2683 1051 2789 1091 non
2821 1037 2941 1090 illos
2970 1034 3143 1089 solum
3183 1033 3505 1102 alloquitur,
3536 1031 3634 1085 sed
3665 1040 3727 1086 et

2122 1146 2218 1200 per
2259 1130 2379 1184 illos
2408 1137 2575 1182 totum
2603 1128 2792 1182 orbem
2825 1143 2838 1179 :
2867 1135 2921 1180 et
2948 1139 3071 1179 cum
3101 1124 3220 1178 illos
3244 1123 3430 1177 beatos
3462 1120 3725 1190 pnndical.

2122 1217 2589 1287 persequutionem
2633 1216 2895 1285 patientes
2933 1254 2948 1279 ,
2979 1214 3165 1283 pulsos
3190 1253 3206 1278 ,
3254 1221 3308 1266 et
3357 1208 3723 1265 intolerabilia

2122 1309 2478 1373 sustinentes;
2503 1323 2608 1361 non
2636 1307 2740 1361 illis
2766 1315 2992 1372 tantum,
3017 1303 3113 1359 sed
3135 1305 3295 1358 etiam
3321 1302 3568 1356 omnibus
3594 1300 3723 1354 talia

2124 1402 2335 1454 fortiter
2383 1398 2676 1452 terentibus
2726 1411 2984 1452 coronam
3039 1395 3222 1451 nectit.
3254 1394 3516 1449 Caeterum
3566 1401 3626 1447 ut
3667 1392 3724 1446 id

2121 1491 2315 1544 clarius
2343 1489 2569 1554 evadat,
2602 1499 2655 1542 et
2685 1487 2861 1542 discas
2888 1502 2950 1541 ea
2979 1503 3097 1556 quite
3122 1486 3261 1540 dicta
3283 1495 3407 1540 sunt
3443 1485 3537 1539 tibi
3562 1498 3726 1538 com-

2121 1582 2300 1637 munia
2322 1595 2466 1647 esse,
2496 1596 2701 1634 necnon
2729 1581 2823 1633 toti
2849 1579 3095 1635 humanae
3118 1588 3342 1640 naturae,
3366 1577 3411 1631 si
3437 1574 3726 1630 attendere

2122 1675 2390 1728 voluerint
2416 1715 2430 1740 ,
2458 1673 2579 1727 audi
2608 1673 2875 1742 quomodo
2899 1671 3046 1725 hunc
3075 1669 3371 1724 mirabilem
3413 1683 3722 1724 sermonem

2123 1764 2380 1820 ordiatur.
2416 1765 2469 1818 5.
2499 1761 2643 1816 Beati
2687 1779 2934 1832 pauperes
2973 1763 3152 1831 spiritu
3177 1801 3192 1826 ,
3222 1762 3462 1833 quoniam
3490 1765 3727 1830 ipsorum

2127 1867 2198 1910 est
2228 1871 2438 1925 regnum
2479 1855 2739 1907 ctelorum.
2771 1854 2870 1920 Qui
2903 1862 3029 1908 Sunt
3058 1851 3319 1922 Pauperes
3346 1850 3527 1921 spiritu
3551 1851 3577 1904 .’
3606 1850 3726 1904 Hu-

2125 1946 2319 2011 miles,
2348 1953 2404 2000 et
2450 1945 2632 1998 animo
2672 1942 2908 1998 contriti.
2953 1942 3212 2012 Spiritum
3261 1942 3406 1996 enim
3452 1940 3538 1995 hic
3588 1940 3728 1997 dicit

2126 2037 2358 2091 animam
2404 2045 2459 2090 et
2489 2035 2776 2090 voluntatis
2818 2035 3168 2104 propositum.
3201 2032 3333 2101 Quia
3378 2031 3521 2087 enim
3563 2032 3726 2085 multi

2127 2135 2251 2181 sunt
2280 2126 2531 2193 humiles,
2560 2140 2667 2180 non
2698 2135 2891 2194 sponte
2913 2139 3009 2179 sua
3029 2164 3046 2192 ,
3074 2124 3169 2178 sed
3196 2138 3376 2178 rerum
3401 2121 3728 2178 necessitate

2127 2217 2296 2272 coacti
2322 2257 2336 2281 ,
2369 2217 2490 2270 illos
2518 2219 2734 2271 mittens
2763 2217 2781 2285 (
2804 2231 2977 2286 neque
3004 2215 3146 2270 enim
3175 2215 3230 2269 id
3261 2213 3404 2269 laudi
3435 2223 3519 2269 est
3537 2212 3584 2288 ),
3628 2229 3728 2270 eos

2126 2309 2215 2378 qui
2260 2323 2324 2363 ex
2354 2309 2648 2363 voluntatis
2676 2309 2955 2378 proposito
2990 2321 3109 2361 sese
3137 2305 3420 2360 bumiliant
3445 2319 3509 2360 ac
3534 2304 3729 2373 depri-
3807 2321 3810 2326 '

2130 2407 2313 2466 munt,
2348 2398 2550 2467 primos
2573 2399 2756 2453 beatos
2782 2397 3032 2466 appellat.
3061 2396 3130 2450 Et
3155 2412 3252 2450 cur
3279 2410 3383 2450 non
3410 2394 3576 2461 dixit,
3613 2395 3728 2448 llu-

2129 2494 2282 2547 miles
2306 2533 2323 2560 ,
2351 2492 2468 2558 sed,
2505 2491 2810 2560 Pauperes?
2836 2491 2970 2557 Quia
2997 2490 3097 2544 hcc
3124 2489 3218 2543 illo
3247 2487 3587 2559 praestantius
3615 2497 3726 2542 est.

2129 2583 2260 2637 Nam
2291 2584 2375 2637 hic
2398 2583 2530 2637 dicit
2558 2595 2675 2648 eos,
2708 2583 2797 2651 qui
2832 2582 2922 2635 Dei
2953 2588 3217 2650 pra‘cepta
3246 2589 3487 2634 metuunt
3509 2585 3566 2632 et
3588 2592 3729 2632 co-

2134 2676 2446 2730 tremiscunt
2475 2691 2490 2729 :
2521 2689 2655 2743 quos
2691 2685 2743 2727 et
2778 2689 2870 2742 per
2896 2672 3085 2727 isaiam
3120 2671 3435 2743 prephetam
3467 2685 3525 2725 se
3567 2669 3731 2725 valde

2109 2775 2378 2836 aet-eptos
2411 2765 2607 2820 habere
2641 2767 2779 2820 Deus
2805 2764 3046 2819 declarat
3075 2782 3087 2818 :
3123 2765 3201 2816 ,ια
3228 2780 3372 2833 quem
3404 2763 3680 2832 respiciam
3707 2803 3724 2826 ,

2129 2863 2228 2915 nisi
2262 2860 2332 2912 ad
2355 2869 2674 2913 mansuetum
2697 2869 2743 2913 et
2764 2862 3013 2931 quietum,
3038 2867 3082 2912 et
3106 2867 3403 2914 trementem
3433 2857 3581 2910 verba
3608 2846 3725 2908 nica

2131 2953 2296 3023 (luti.
2332 2953 2418 3006 66.
2449 2950 2484 3004 2
2513 2953 2572 3020 )1'

2200 3046 2255 3099 2.
2298 3043 2452 3097 Multi
2496 3045 2798 3099 humilitatis
2843 3045 3000 3099 modi.
3039 3075 3109 3086 —
3143 3046 3352 3101 Etenim
3396 3048 3549 3102 multi
3599 3058 3733 3104 sunt

2131 3137 2441 3192 humilitatis
2459 3136 2603 3191 modi
2630 3157 2642 3191 :
2673 3147 2724 3190 et
2748 3137 2882 3190 alius
2903 3137 3118 3206 quidem
3140 3147 3223 3192 est
3246 3139 3523 3196 moderate
3547 3141 3733 3196 humi-

2133 3229 2232 3293 lis,
2264 3228 2398 3282 alius
2428 3243 2554 3282 vero
2585 3243 2743 3296 supra
2772 3227 3011 3282 modum.
3059 3227 3208 3283 Hanc
3253 3245 3417 3299 porro
3449 3230 3732 3294 humilita-

2135 3330 2241 3375 tem
2269 3321 2446 3375 laudat
2480 3323 2669 3376 beatus
2697 3321 2955 3408 propheta
2977 3361 2992 3385 ,
3023 3336 3130 3375 non
3161 3322 3477 3390 depressum
3515 3325 3732 3395 simpli-

2134 3415 2268 3469 citer
2311 3413 2548 3468 animum
2596 3413 2938 3480 describens,
2983 3413 3077 3468 sed
3123 3414 3346 3469 omnino
3399 3419 3730 3482 contritum,

2135 3521 2254 3561 cum
2290 3507 2401 3559 ait:
2439 3504 2765 3572 Sacriﬁcium
2807 3503 2915 3558 Deo
2952 3506 3162 3573 spiritus
3210 3507 3598 3572 contribulatus,
3640 3526 3734 3562 cor

2136 3598 2408 3650 contritum
2432 3607 2481 3650 et
2502 3597 2858 3663 humiliatum,
2907 3594 3076 3659 Deus,
3126 3612 3230 3650 non
3269 3598 3513 3669 despicies
3549 3599 3732 3670 (Psal.

2138 3688 2226 3743 50.
2271 3687 2386 3756 l9).
2423 3687 2571 3743 Hanc
2609 3697 2663 3742 et
2709 3697 2816 3742 tres
2861 3688 3011 3757 pueri
3062 3703 3161 3758 pro
3213 3705 3408 3759 magno
3459 3691 3729 3748 sacrificio

2140 3781 2249 3836 Deo
2278 3781 2527 3846 oll'erunt,
2555 3778 2794 3834 dicentes
2819 3797 2832 3832 :
2865 3779 2970 3833 Sed
3010 3780 3063 3832 in
3105 3781 3275 3833 anima
3303 3782 3539 3847 contrita,
3566 3793 3612 3835 et
3633 3788 3737 3853 spi-

2138 3875 2236 3926 ritu
2258 3874 2520 3927 humiliato
2539 3873 2878 3942 suscipiamur
2907 3871 3073 3942 (Dan.
3103 3872 3159 3927 ὅ.
3189 3872 3302 3944 39).
3330 3873 3476 3928 Hanc
3499 3883 3552 3929 et
3575 3874 3737 3930 Chri-

2137 3975 2251 4019 stus
2279 3965 2489 4019 beatam
2518 3979 2658 4018 nunc
2689 3964 2961 4034 praedicat.
2992 3963 3127 4029 Quia
3157 3964 3300 4018 enim
3332 3965 3562 4018 maxima
3593 3967 3735 4020 mala

2137 4071 2256 4125 qua:
2308 4066 2474 4110 tottun
2526 4057 2712 4111 orbem
2761 4056 3082 4111 labefactant
3123 4070 3195 4128 ex
3240 4056 3488 4124 superbia
3515 4057 3737 4126 prodie-

2142 4158 2299 4210 runt;
2340 4149 2771 4217 quandoquidem
2817 4148 3099 4214 diabolus,
3146 4148 3237 4218 qui
3287 4149 3406 4203 talis
3449 4159 3574 4205 ante
3624 4166 3734 4206 non

2142 4239 2313 4294 fuerat
2333 4281 2348 4304 ,
2377 4242 2455 4295 sic
2487 4242 2728 4295 diabolus
2756 4240 2980 4295 ell‘ectns
3009 4251 3091 4295 est
3124 4259 3136 4295 :
3166 4240 3307 4310 quod
3343 4242 3736 4309 etiam/Paulus

2141 4333 2385 4391 diccbat:
2411 4333 2464 4388 Ν
2469 4351 2496 4388 e
2518 4337 2727 4404 inﬂatus
2747 4335 2802 4387 ia
2815 4335 3068 4404 judicium
3092 4334 3280 4388 incidat
3299 4335 3491 4389 diaboli
3512 4337 3560 4406 (l
3576 4334 3737 4393 .Tim.

2140 4427 2196 4482 5.
2230 4427 2305 4494 6).
2335 4425 2543 4481 Primus
2570 4440 2782 4496 quoque
2808 4426 2968 4480 homo
2997 4424 3100 4480 hac
3125 4425 3381 4482 adiabolo
3406 4425 3622 4482 inﬂatus
3641 4442 3739 4499 spe

2142 4517 2503 4588 praecipitatus
2543 4526 2598 4572 et
2628 4517 2870 4571 mertalis
2914 4517 3083 4572 factus
3113 4527 3238 4573 est:
3269 4533 3391 4574 cum
3422 4520 3565 4573 enim
3608 4535 3738 4589 spe-

2143 4621 2315 4667 rasset
2339 4626 2398 4667 se
2427 4609 2582 4665 denm
2629 4610 2745 4665 fore
2766 4650 2781 4676 ,
2810 4608 2970 4665 etiam
3013 4609 3064 4662 id
3110 4609 3253 4677 quod
3299 4608 3531 4664 habebat
3560 4610 3746 4680 perdi-

2140 4705 2246 4759 dit.
2272 4702 2424 4771 Qnod
2467 4711 2522 4757 et
2569 4703 2711 4758 Deus
2759 4700 2859 4772 ipsi
2892 4702 3246 4774 exprobrans,
3280 4710 3336 4756 et
3376 4700 3737 4770 insipientiam

2142 4796 2258 4866 eius
2300 4794 2618 4859 traducens,
2658 4792 2909 4848 dicebat:
2943 4789 3078 4844 Ecce
3108 4790 3274 4844 Adam
3316 4793 3479 4864 {actus
3506 4801 3580 4845 est
3607 4792 3740 4863 sicut

2144 4905 2279 4942 unus
2303 4903 2367 4941 ea:
2391 4885 2535 4940 nobis
2572 4883 2728 4956 (Gen.
2771 4885 2825 4940 5.
2866 4881 2982 4953 22).
3030 4880 3236 4952 Singuli
3282 4892 3458 4937 autem
3491 4883 3583 4953 qui
3619 4895 3741 4953 post

2144 4980 2391 5047 luerunt,
2441 4979 2566 5034 hinc
2593 4979 2646 5033 in
2692 4978 3020 5048 impietatem
3067 4975 3287 5044 collapsi
3329 4983 3491 5042 sunt,
3532 4989 3592 5030 se
3631 4976 3741 5031 Deo

2144 5073 2377 5142 aequales
2420 5071 2792 5141 imaginantes.
2836 5067 3096 5134 Quoniam
3138 5067 3299 5139 igitur
3328 5067 3444 5122 haec
3472 5068 3740 5122 malorum

2123 5147 2239 5220 \arx
2284 5174 2427 5232 erat,
2464 5165 2699 5235 itemque
2743 5162 2898 5218 radix
2950 5170 3004 5217 et
3049 5161 3169 5220 fons
3214 5162 3390 5216 omnis
3442 5160 3740 5231 nequitim:

2147 5256 2336 5311 morb‘o
2360 5272 2660 5327 congruens
2691 5254 2989 5310 remedium
3021 5268 3286 5322 apparans
3306 5293 3318 5315 ,
3351 5253 3501 5321 quasi
3533 5251 3748 5307 funda-

2149 5362 2385 5408 mentum
2419 5353 2629 5406 ﬁrmum
2653 5360 2708 5405 et
2732 5358 2901 5402 tutum
2932 5348 3069 5399 hanc
3095 5346 3323 5414 primam
3344 5346 3519 5414 posuit
3544 5347 3740 5415 legem.

2150 5444 2260 5500 Hac
2301 5445 2444 5500 enim
2487 5444 2689 5512 posita,
2724 5449 2838 5496 tuto
2865 5450 3057 5495 caetera
3088 5437 3264 5492 omnia
3294 5438 3612 5506 superponit
3653 5453 3741 5490 ar-

2149 5539 2412 5595 cliitectus
2440 5555 2454 5592 :
2487 5537 2586 5591 bac
2632 5551 2762 5591 vero
2809 5534 3055 5596 sublata,
3108 5532 3154 5586 si
3205 5532 3325 5601 quis
3371 5545 3441 5583 ex
3491 5531 3743 5584 instituto

2150 5635 2272 5688 vita:
2298 5633 2380 5687 vel
2410 5631 2476 5685 ad
2501 5629 2690 5684 ctelum
2722 5629 3020 5699 pertingat,
3057 5625 3236 5679 omnia
3278 5623 3432 5678 facile
3459 5633 3658 5689 ruunt,
3690 5632 3742 5677 et

2150 5725 2204 5781 in
2233 5724 2520 5796 pessimum
2543 5719 2703 5780 linem
2731 5720 3002 5776 desinunt.
3031 5717 3139 5772 Etsi
3168 5715 3426 5786 jejunium
3445 5755 3460 5781 ,
3487 5713 3591 5770 etsi
3624 5729 3743 5767 ora-
