4050 6422
312 348 420 406 ass

317 467 521 521 tionem
547 505 562 528 ,
613 463 722 519 etsi
759 461 1172 534 eleemosynam
1201 501 1216 525 ,
1264 459 1372 516 etsi
1416 459 1720 514 castitatem
1815 459 1919 514 etsi

312 553 461 610 aliud
505 554 719 626 quidvis
755 554 957 608 bonum
986 550 1306 622 etvllegeris,
1349 551 1555 620 absque
1582 548 1920 617 humilitate,

316 647 570 701 diﬂluunt
596 645 807 708 omnia,
842 653 898 698 et
927 651 1172 714 pereunt.
1199 640 1254 696 Id
1281 642 1443 696 etiam
1479 640 1752 696 Pharisaao
1777 641 1921 695 acci-

311 739 392 792 dit
417 737 572 806 (Luc.
602 735 726 806 l8).
755 736 888 791 Nam
920 751 1044 791 cum
1086 734 1154 789 ad
1193 734 1368 804 ipsum
1409 733 1624 788 culmen
1666 733 1918 804 pertigis-

311 838 430 894 εει,
463 828 713 884 omnibus
743 831 960 883 amissis
989 829 1243 897 delapsus
1273 836 1377 891 est,
1409 829 1532 898 quia
1562 837 1790 882 matrem
1818 827 1918 882 bo-

313 937 506 979 norum
551 937 658 976 non
705 921 910 977 habuit.
957 919 1422 988 Quemadmodum
1473 920 1619 974 enim
1665 919 1915 989 superbia

308 1013 432 1069 fons
471 1016 649 1069 omnis
694 1015 948 1084 nequitia:
988 1022 1106 1076 est,
1151 1013 1232 1066 sic
1263 1011 1536 1067 humilitas
1564 1012 1916 1082 philosophiae

305 1107 485 1161 omMs
533 1106 879 1177 principium.
924 1104 1288 1171 Quamobrem
1320 1103 1444 1159 hinc
1477 1103 1693 1174 incipit,
1722 1120 1786 1158 ex
1819 1119 1915 1159 au-

303 1199 541 1256 ditorum
581 1199 775 1254 animis
820 1198 1184 1270 arrogantiam
1227 1198 1468 1252 evellens
1501 1197 1779 1252 radicitus.
1813 1197 1916 1252 Ec-

303 1293 433 1363 quid
461 1292 563 1348 hoc
588 1292 654 1347 ad
675 1291 1002 1361 discipulos,
1034 1291 1244 1362 inquies
1265 1333 1280 1356 ,
1310 1291 1401 1361 qui
1425 1291 1648 1345 omnino
1678 1289 1913 1346 humiles

302 1385 503 1439 erant?
545 1381 754 1438 Nullam
798 1384 942 1437 enim
992 1383 1314 1453 arrogantia:
1361 1397 1547 1436 ansam
1600 1383 1908 1450 habebant,

303 1479 599 1548 piscatores
620 1491 742 1531 cum
766 1484 944 1531 essent
970 1518 986 1541 ,
1014 1489 1280 1547 pauperes
1301 1516 1315 1540 ,
1347 1474 1562 1530 obscuri
1584 1517 1598 1538 ,
1631 1484 1682 1528 et
1703 1475 1903 1529 idiotae.

302 1568 417 1624 Etsi
449 1567 566 1622 haec
609 1568 678 1622 ad
721 1567 1012 1636 discipulos
1057 1581 1164 1620 non
1212 1577 1557 1635 spectarent,
1592 1566 1685 1621 sed
1715 1567 1782 1623 ad
1814 1583 1908 1623 ens

297 1661 390 1730 qui
424 1669 719 1731 praesentes
745 1667 899 1713 erant
928 1657 1047 1712 haec
1075 1659 1349 1728 pertinere
1380 1665 1664 1727 poterant,
1695 1674 1907 1713 necnon

296 1753 364 1805 ad
386 1766 483 1806 eos
508 1750 596 1820 qui
622 1759 807 1820 postea
837 1750 983 1820 ipsos
1013 1749 1291 1818 excepturi
1315 1757 1491 1811 erant,
1525 1765 1594 1804 ne
1620 1761 1909 1820 propterea

303 1841 452 1908 ipsos
483 1840 857 1910 despicerent;
891 1839 999 1894 imo
1030 1852 1163 1894 vero
1190 1838 1258 1892 ad
1289 1839 1586 1910 discipulos
1617 1839 1735 1896 haec
1763 1840 1902 1895 dicta

295 1941 472 1986 erant.
504 1930 728 1986 Etiamsi
767 1931 912 1984 enim
951 1946 1059 1984 non
1103 1939 1262 1997 tunc,
1292 1940 1348 1983 at
1381 1940 1562 1998 postea
1591 1947 1725 2000 opus
1753 1930 1904 1985 habi-

296 2024 400 2077 turi
441 2033 595 2078 erant
643 2023 728 2075 illa
771 2021 884 2076 utili
929 2023 1211 2084 cautione,
1261 2031 1382 2091 post
1427 2023 1577 2092 signa
1625 2040 1817 2094 nempe
1848 2034 1901 2080 et

294 2117 552 2172 miracula
577 2159 590 2180 ,
622 2125 744 2185 post
791 2125 997 2170 tantum
1033 2115 1086 2169 in
1115 2117 1248 2171 orbe
1279 2115 1543 2172 honorem
1563 2157 1580 2182 ,
1610 2125 1665 2172 et
1697 2127 1898 2176 tantam
1945 2181 1954 2192 ἱ

295 2211 350 2262 in
391 2209 503 2264 Deo
529 2209 799 2262 ﬁduciam.
844 2206 1028 2276 Neque
1067 2209 1212 2262 enim
1239 2207 1472 2276 divitiae,
1505 2224 1679 2279 neque
1713 2218 1899 2278 poten-

294 2301 404 2360 tia.
435 2313 609 2369 neque
651 2315 872 2369 regnum
929 2300 997 2353 ita
1035 2302 1343 2369 quempiam
1391 2312 1640 2371 poterant
1678 2303 1895 2370 efferre,

293 2399 352 2444 ut
397 2404 460 2445 ea
510 2391 692 2444 omnia
741 2405 860 2460 qua:
905 2391 1173 2461 apostolis
1215 2391 1594 2460 suppetebant.
1645 2394 1895 2464 Alioquin

291 2492 472 2536 autem
506 2480 620 2536 ﬁeri
653 2489 865 2553 poterat
891 2483 1138 2536 utetiam
1178 2493 1307 2536 ante
1344 2482 1605 2537 miracula
1637 2483 1897 2540 eﬂ'erren-

291 2580 400 2636 tur,
451 2581 651 2626 tantam
700 2571 1095 2626 multitudinem
1148 2584 1470 2639 cernentes,
1522 2582 1578 2628 et
1626 2574 1892 2630 theatrum

290 2662 418 2718 illud
445 2662 587 2732 quod
627 2661 906 2718 doctorem
947 2679 1106 2718 suum
1152 2663 1562 2728 circumdabat;
1608 2676 1757 2720 certe
1797 2666 1892 2720 hu-

289 2769 506 2809 manum
562 2753 835 2823 quidpiam
881 2754 989 2824 pati
1044 2763 1316 2824 poterant.
1363 2755 1565 2810 Idcirco
1612 2757 1731 2812 illos
1777 2768 1890 2812 sta-

288 2847 382 2900 tim
415 2844 660 2914 reprimit
697 2861 766 2900 ne
815 2845 984 2901 altum
1030 2846 1261 2915 sapiant.
1291 2846 1476 2916 Neque
1505 2847 1646 2902 dicta
1674 2864 1767 2904 sua
1799 2851 1892 2904 ad-

287 2937 602 2992 monitionis
629 2938 710 2990 vel
745 2946 1142 3007 praeceptorum
1169 2951 1324 2992 more
1351 2937 1577 3008 profert,
1623 2940 1719 2994 sed
1762 2957 1886 3008 pro-

285 3029 473 3098 posita:
523 3028 870 3082 beatitudinis
929 3029 1133 3094 forma,
1193 3029 1272 3084 sic
1329 3032 1621 3100 gratiorem
1668 3033 1889 3088 ordiens

284 3134 594 3176 sermonem
616 3161 631 3184 ,
675 3132 731 3174 et
768 3119 1029 3176 doctrinm
1068 3119 1300 3176 stadium
1338 3123 1588 3180 omnibus
1612 3131 1886 3196 aperiens.

290 3209 408 3266 Non
455 3211 596 3264 enim
627 3210 784 3276 dixit,
820 3212 917 3265 Hic
957 3211 1042 3266 vel
1072 3211 1182 3277 ille,
1210 3215 1304 3267 sed
1323 3251 1343 3280 ,
1372 3215 1474 3279 Qui
1504 3214 1620 3270 hzec
1651 3217 1884 3283 faciunt,

287 3302 432 3357 beati
454 3317 644 3357 omnes
674 3311 854 3358 erunt.
887 3299 964 3356 lta
991 3310 1048 3356 ut
1072 3302 1189 3357 sive
1213 3317 1404 3359 servus
1432 3306 1508 3360 sis
1529 3347 1544 3368 ,
1585 3309 1702 3360 sive
1735 3323 1889 3362 men-

283 3391 474 3454 dicus,
522 3392 637 3446 sive
689 3406 913 3460 pauper,
958 3390 1074 3444 sive
1121 3393 1474 3460 peregrinus,
1527 3396 1642 3450 sive
1683 3396 1882 3463 idiota,

287 3482 419 3534 nihil
453 3490 504 3535 te
532 3481 786 3550 impediat
829 3486 958 3552 quin
1000 3471 1094 3535 sis.
1121 3481 1342 3547 beatus,
1388 3485 1432 3537 si
1465 3484 1603 3538 Itane
1635 3489 1882 3541 virtutem

269 3574 542 3626 colueris.
575 3571 709 3626 Hinc
740 3574 917 3642 itaque
946 3587 1136 3636 orsus,
1171 3574 1310 3629 unde
1339 3577 1574 3630 maxime
1606 3593 1700 3646 par
1727 3591 1845 3632 erat
1866 3620 1883 3646 ,

289 3663 356 3716 ad
388 3662 528 3716 aliud
561 3661 868 3716 mandatum
899 3664 1169 3732 procedit,
1203 3667 1344 3732 quod
1375 3667 1586 3723 videtur
1615 3671 1776 3724 totius
1797 3687 1885 3724 or-

281 3755 365 3811 bis
391 3770 695 3825 oppugnare
721 3761 1065 3810 sententiam.
1109 3757 1243 3811 Cum
1289 3759 1435 3814 enim
1475 3776 1666 3815 omnes
1701 3770 1888 3831 putent

278 3861 376 3901 eos
402 3849 490 3917 qui
521 3846 755 3916 gaudent
779 3859 835 3900 et
859 3846 1112 3900 lictantur
1138 3863 1258 3904 esse
1285 3848 1494 3916 beatos,
1523 3866 1614 3906 eos
1640 3867 1769 3908 vero
1792 3853 1882 3924 qui

281 3939 336 3993 in
376 3951 645 4003 merere,
689 3947 1003 4007 paupertate
1034 3950 1089 3993 et
1114 3939 1259 3993 luctu
1289 3953 1598 4007 versantur,
1631 3958 1751 3998 esse
1778 3947 1881 3998 mi-

279 4043 454 4092 seros,
489 4029 586 4080 ltus
622 4029 710 4082 ille
738 4043 847 4103 prie
877 4029 996 4082 aliis
1027 4028 1214 4083 beatos
1245 4031 1498 4098 prmdicut
1524 4075 1536 4092 ,
1573 4034 1757 4087 dicens
1784 4055 1795 4087 :
1827 4037 1879 4088 ὃ.

279 4117 426 4172 Beati
451 4121 536 4186 qui
566 4120 760 4188 lugent.
792 4120 951 4189 Atqui
999 4119 1068 4172 ab
1113 4121 1364 4176 omnibus
1401 4120 1466 4174 ιιι·
1495 4122 1735 4176 infelices
1765 4140 1884 4179 esse

277 4211 568 4264 dicuntur:
601 4209 695 4263 sed
737 4207 860 4264 ideo
888 4210 978 4264 ille
1003 4210 1154 4279 signa
1185 4213 1480 4280 praemisit,
1526 4224 1582 4266 ιιι
1623 4216 1770 4283 leges
1797 4216 1882 4269 af-

278 4302 458 4354 lcreus
499 4303 633 4354 tales
667 4300 774 4355 lide
801 4300 995 4370 dignus
1024 4310 1188 4358 esset.
1222 4303 1319 4358 Hic
1344 4316 1522 4358 autem
1557 4324 1742 4362 rursus
1775 4325 1882 4362 non

277 4391 594 4460 simpliciter
622 4392 866 4460 lugentes
909 4395 1121 4461 posuit,
1169 4394 1266 4449 sed
1311 4410 1406 4449 eos
1434 4399 1521 4463 qui
1549 4396 1617 4452 dc
1647 4401 1881 4466 peccatis

282 4483 530 4551 lugerent
566 4501 578 4536 :
612 4494 666 4536 ut
694 4492 749 4535 et
781 4483 925 4535 aliud
956 4497 1169 4551 quoque
1196 4485 1371 4538 luctus
1402 4500 1572 4560 genus
1595 4488 1882 4545 admodum
1933 4507 1940 4515 ·

282 4575 620 4642 prohibetur,
663 4588 859 4644 nempe
887 4573 955 4628 de
984 4591 1160 4629 rerum
1206 4579 1549 4633 saecularium
1596 4581 1883 4652 dispendio

277 4667 484 4734 lugere.
513 4664 666 4731 Quod
710 4665 1048 4734 signiﬁcabat
1077 4676 1131 4720 et
1160 4667 1354 4723 Paulus
1376 4669 1557 4723 dicens
1589 4690 1600 4723 :
1635 4673 1765 4737 Quia
1788 4693 1883 4728 ste-

277 4759 385 4812 rttli
425 4760 624 4827 quidem
676 4758 882 4811 tristitia
921 4768 1131 4813 mortem
1169 4773 1584 4830 aperatur:qum
1608 4777 1773 4821 autem
1799 4785 1875 4822 se-

277 4847 505 4902 cundum
529 4847 697 4902 Deum
716 4859 789 4903 est
823 4850 1029 4904 tristitia
1048 4893 1061 4918 ,
1093 4851 1437 4920 paenitentiam
1460 4855 1511 4908 in
1534 4856 1753 4912 salutem
1775 4870 1880 4912 stu-

275 4941 430 4992 ltich
456 4948 691 5003 Opertttur
713 4939 787 5008 ξε.
813 4939 932 4994 Cor.
959 4939 1011 4993 7.
1039 4940 1154 5010 l0).

352 5031 406 5085 5.
457 5029 638 5083 Beatos
675 5032 954 5099 praedicare
983 5032 1071 5102 qui
1100 5032 1289 5103 lugent,
1319 5036 1642 5104 philosophia
1679 5040 1885 5107 plenum

272 5135 366 5179 est.
403 5122 694 5177 Consolatio
719 5139 751 5175 α
776 5122 884 5176 Deo
905 5128 1128 5194 profectu
1143 5139 1352 5195 quanta.
1378 5129 1568 5184 -—Hos
1595 5131 1754 5200 igitur
1775 5133 1884 5200 ille,

276 5214 370 5280 qui
421 5215 497 5267 sic
529 5215 709 5282 lugent
735 5255 749 5279 ,
799 5215 984 5268 beatos
1030 5218 1324 5284 prmdicat:
1361 5235 1531 5289 neque
1572 5223 1887 5292 simpliciter

281 5307 523 5373 lugentes
548 5315 696 5373 punit
783 5304 875 5358 sed
907 5306 994 5373 qui
1042 5308 1278 5376 impense
1321 5311 1521 5380 lugent.
1551 5314 1888 5384 Quapropter

280 5413 389 5446 lltltl
428 5395 562 5447 dixit
587 5436 600 5457 ,
631 5396 732 5460 Qui
762 5406 993 5450 ttamrettt
1016 5439 1031 5462 ,
1065 5400 1157 5452 sed
1185 5442 1197 5463 ,
1231 5401 1329 5465 Qui
1357 5403 1528 5472 lugent
1556 5420 1574 5455 :
1609 5421 1733 5457 nam
1784 5407 1887 5461 hoc

285 5499 613 5555 praeceptum
664 5490 825 5540 totius
868 5497 952 5542 est
997 5490 1348 5558 philosophi-.8
1401 5496 1788 5564 magisterium.
1833 5498 1887 5552 Si

284 5581 428 5634 enim
459 5579 544 5645 qui
579 5580 716 5631 lilios
735 5621 746 5641 ,
784 5596 1028 5646 uxorem,
1056 5583 1138 5634 vel
1165 5583 1328 5636 alium
1356 5590 1658 5655 quempiam
1688 5605 1887 5659 cogna-

285 5679 398 5722 tum
425 5668 730 5722 defunctum
765 5672 979 5740 lugent,
1012 5689 1114 5725 nou
1146 5675 1491 5743 pecuniarum
1514 5719 1527 5741 ,
1562 5694 1665 5731 non
1694 5696 1888 5748 corpo-

289 5775 407 5814 rum
434 5772 617 5814 amore
641 5769 884 5814 tenentur
908 5762 997 5816 illo
1018 5762 1218 5819 dOlOI‘l)
1244 5774 1506 5836 tempore,
1532 5781 1637 5822 non
1660 5770 1884 5839 gloriam

1483 343 1551 400 IN
1590 342 1999 402 ΙΙΑΤΤΗΕΗἊ
2044 341 2275 400 ΗΟΜΙΙ..
2316 342 2434 400 ιν.

3545 374 3652 431 ΞΞΟ

2037 466 2339 530 appetunt,
2368 473 2479 514 non
2511 457 2724 530 injuriis
2749 467 3036 516 moventur
3058 502 3072 526 ,
3103 476 3211 517 non
3243 463 3441 521 invidia
3477 471 3651 525 coni-

2031 549 2270 619 piuntur,
2295 563 2471 620 neque
2491 549 2599 604 alio
2625 550 2880 620 quopiam
2901 551 3068 606 animi
3088 555 3282 609 morbo
3302 555 3648 615 obsidentur:

2028 638 2124 694 sed
2155 653 2376 709 prorsus
2397 640 2562 695 luctui
2589 640 2791 697 addicti
2819 650 2945 697 sunt
2973 660 2986 696 :
3015 643 3184 700 multo
3204 647 3375 717 magis
3403 649 3495 719 qui
3529 666 3648 718 pec-

2027 741 2148 785 cata
2174 746 2270 786 sua
2297 731 2504 802 lugent,
2534 734 2675 790 sicut
2701 748 2766 790 ea
2795 734 3029 804 lugenda
3056 747 3185 792 sunt
3207 779 3225 800 ,
3256 736 3360 795 hac
3387 740 3647 810 majorem

2025 821 2360 878 exhibebunt
2386 824 2804 894 philosophiam.
2835 825 3074 893 Deinde,
3104 827 3251 899 quod
3281 845 3474 885 comm
3501 847 3638 900 prae-

2025 915 2192 968 mium
2214 915 2364 968 erit?
2412 917 2667 981 Quoniam
2696 918 2799 989 ipsi
2822 919 3229 975 cumulabantur
3251 964 3267 988 ,
3300 921 3493 992 inquit.
3539 923 3644 980 Ulii

2023 1021 2184 1070 vero,
2208 1005 2297 1063 dic
2327 1008 2490 1073 mihi,
2523 1011 2979 1066 consolabuntur?
3010 1011 3078 1067 Et
3102 1012 3224 1080 hic,
3258 1023 3313 1069 et
3344 1013 3473 1070 illic.
3505 1015 3639 1083 Quia

2019 1102 2166 1154 enim
2196 1110 2522 1171 praeceptum
2554 1117 2719 1172 grave
2745 1102 3035 1158 admodum
3064 1113 3183 1158 erat
3206 1113 3264 1160 et
3291 1120 3585 1161 onerosum
3610 1147 3626 1171 ,

2021 1189 2126 1245 hoc
2173 1205 2233 1246 se
2277 1193 2527 1261 promisit
2570 1192 2825 1248 daturum
2852 1234 2867 1256 ,
2901 1193 3044 1264 quod
3073 1193 3201 1249 illud
3243 1196 3478 1252 maxime
3521 1196 3641 1272 levo

2019 1289 2202 1348 posset
2221 1279 2454 1336 allicere.
2481 1280 2667 1354 Itaque
2690 1283 2736 1337 si
2760 1283 2894 1338 velis
2918 1284 3346 1340 consolationem
3368 1287 3632 1357 accipere,

2019 1373 2160 1444 lnge.
2205 1374 2272 1429 Et
2301 1390 2370 1431 ne
2403 1385 2558 1446 putes
2605 1378 2834 1448 tenigma
2863 1392 2987 1434 esse
3015 1379 3066 1434 id
3101 1379 3243 1450 quod
3292 1380 3494 1438 dictum
3527 1392 3631 1440 est.

2016 1463 2148 1517 Cum
2176 1466 2320 1519 enim
2349 1467 2490 1521 Deus
2515 1468 2848 1531 consolatur,
2879 1471 3093 1523 etiamsi
3123 1471 3270 1527 mille
3293 1473 3463 1528 tristia
3493 1477 3635 1530 acci-

2014 1553 2164 1619 dant,
2195 1557 2448 1613 omnibus
2475 1560 2726 1628 superior
2763 1561 2895 1616 eris.
2931 1560 3143 1618 Etenim
3188 1564 3358 1618 multo
3399 1565 3633 1637 majores

2012 1645 2104 1700 dat
2135 1661 2352 1717 semper
2378 1651 2519 1704 Deus
2562 1651 2807 1706 laborum
2845 1652 3126 1708 mercedes
3153 1670 3166 1706 :
3197 1654 3248 1708 id
3294 1656 3436 1725 quod
3465 1657 3629 1712 etiam

2014 1739 2101 1794 ltic
2142 1741 2264 1795 iecit
2289 1781 2304 1807 ,
2334 1757 2456 1796 cum
2483 1743 2619 1796 dixit
2642 1743 2830 1798 beatos
2860 1758 2982 1799 esse
3009 1757 3103 1798 eos
3145 1746 3235 1814 qui
3270 1746 3493 1814 lugent,
3521 1763 3629 1804 non

2013 1830 2307 1886 secundum
2341 1834 2418 1886 rei
2442 1835 2717 1899 meritum,
2749 1833 2844 1888 sed
2873 1833 3168 1890 secundum
3191 1836 3357 1905 ipsius
3379 1837 3629 1908 benigni.

2011 1930 2172 1975 tatem
2201 1939 2216 1987 ;
2250 1938 2357 1976 non
2388 1939 2452 1978 ex
2481 1925 2661 1995 operis
2688 1925 2898 1980 scilicet
2943 1926 3202 1995 dignitate
3227 1968 3240 1990 ,
3264 1929 3357 1982 sed
3400 1943 3468 1983 ex
3511 1929 3630 1996 ejus

2007 2027 2133 2084 erga
2167 2012 2414 2069 homines
2456 2030 2662 2070 amore.
2709 2015 2843 2071 Nam
2879 2016 2965 2087 qui
2998 2017 3220 2086 lugent,
3269 2030 3485 2087 peccata
3529 2032 3626 2074 sua

2006 2105 2190 2174 lugent
2215 2121 2230 2171 ;
2259 2104 2344 2160 his
2374 2121 2504 2170 vero
2531 2107 2729 2163 suflicit
2750 2109 2796 2164 si
2824 2110 3037 2163 veniam
3067 2109 3361 2179 impetrent
3383 2119 3435 2164 ει
3461 2127 3627 2166 excu-

2008 2196 2298 2252 sationem.
2347 2197 2611 2264 Quoniam
2641 2208 2822 2254 autem
2853 2199 2945 2254 ille
2974 2214 3170 2271 magno
3211 2215 3338 2270 erga
3372 2201 3622 2257 homines

2003 2303 2190 2345 amore
2231 2297 2468 2358 tenetur,
2495 2306 2671 2361 neque
2697 2290 2752 2346 in
2779 2292 3028 2362 supplicii
3057 2293 3379 2348 remissione
3403 2333 3419 2358 ,
3452 2311 3625 2364 neque

2003 2380 2056 2433 in
2081 2391 2421 2450 peccatorum
2441 2384 2596 2438 venia
2625 2384 2929 2438 mercedem
2954 2385 3116 2444 sistit.
3137 2385 3231 2439 sed
3254 2387 3417 2441 etiam
3438 2388 3623 2442 beatos

2001 2471 2185 2536 efﬁcit,
2217 2483 2271 2526 et
2302 2474 2526 2527 multam
2550 2472 2708 2529 aﬂ'ert
2733 2475 3181 2530 consolationem.
3207 2475 3415 2548 Lugere
3443 2489 3621 2535 autem

2005 2579 2106 2618 nos
2134 2563 2309 2633 jubet,
2335 2580 2441 2622 non
2468 2567 2536 2621 de
2565 2569 2799 2636 peccatis
2832 2577 3037 2622 tantum
3070 2571 3295 2633 nostris,
3335 2569 3429 2623 sed
3458 2572 3619 2624 etiam

1997 2657 2067 2711 de
2093 2659 2310 2714 alienis.
2346 2659 2661 2728 llttjusmodi
2693 2675 2824 2715 vero
2859 2669 3016 2714 erant
3042 2672 3352 2715 sanctorum
3388 2662 3617 2726 animm,

1999 2761 2055 2806 ut
2079 2752 2297 2823 Moysis,
2330 2763 2388 2805 ut
2415 2753 2587 2818 Pauli,
2614 2762 2672 2807 ut
2695 2753 2912 2809 Davidis
2942 2772 2954 2807 :
2985 2770 3109 2810 nam
3141 2755 3191 2808 hi
3223 2757 3450 2810 aliorum
3473 2767 3618 2827 smpti

1998 2853 2212 2912 peccata
2239 2844 2515 2898 luxerunt.
2545 2845 2598 2899 4.
2629 2843 2774 2899 Beati
2798 2845 2961 2909 mites,
2997 2847 3236 2916 quoniam
3265 2847 3364 2916 ipsi
3390 2848 3617 2916 posside-

2005 2934 2129 2988 bunt
2153 2945 2363 2990 terram.
2396 2935 2493 2990 Dic
2520 2935 2673 3002 mihi,
2696 2952 2858 3006 quam
2886 2937 3126 2992 terram?
3153 2937 3372 3001 Terram
3400 2939 3612 3002 quidem

1996 3025 2391 3098 intelligibllem
2437 3027 2642 3083 dicunt.
2690 3028 2886 3082 Vtrum
2932 3044 3039 3083 non
3089 3029 3159 3082 ita
3192 3045 3249 3083 se
3296 3046 3381 3084 res
3425 3030 3609 3084 habet.

1996 3116 2268 3189 Nusquam
2300 3120 2441 3173 enim
2485 3120 2535 3173 in
2569 3118 2844 3189 Scriptura
2883 3119 3182 3188 reperimus
3227 3131 3422 3174 terram
3451 3121 3611 3174 intel-

1994 3209 2250 3280 ligibilem
2282 3212 2382 3281 (a).
2409 3211 2516 3267 Sed
2544 3211 2672 3281 quid
2701 3212 2804 3265 sibi
2836 3213 2948 3265 vult
2974 3211 3144 3265 illud?
3174 3211 3443 3267 Seusibilc
3471 3230 3616 3282 prim

1994 3302 2159 3354 mium
2208 3302 2392 3356 statuit
2423 3342 2438 3365 ,
2487 3303 2625 3356 sicut
2653 3312 2708 3356 et
2738 3302 2961 3358 Paulus.
2990 3302 3122 3358 Cum
3163 3303 3388 3358 dixisset
3415 3307 3560 3360 enim
3590 3349 3607 3372 ,

2001 3390 2218 3444 Honora
2248 3402 2444 3461 patrem
2471 3402 2616 3446 tuum
2637 3401 2685 3446 et
2728 3403 2938 3446 matrem
2980 3402 3120 3446 tuam
3141 3435 3157 3458 ,
3189 3395 3482 3462 subiunxit,
3519 3396 3611 3450 Sic

1992 3484 2124 3534 enim
2149 3485 2246 3535 eris
2280 3485 2537 3553 lonngus
2583 3499 2735 3551 super
2763 3494 2948 3536 terram
2979 3483 2996 3552 (
3021 3483 3212 3553 Ephes.
3247 3485 3299 3538 6.
3333 3485 3387 3539 2.
3414 3487 3446 3539 5
3472 3491 3510 3556 ).
3543 3485 3610 3540 Et

1993 3576 2107 3643 ipse
2140 3575 2396 3630 Dominus
2427 3575 2618 3630 latroni
2651 3593 2662 3628 :
2701 3575 2872 3634 Hodie
2913 3593 3107 3629 mecum
3148 3579 3245 3629 eris
3275 3579 3328 3632 in
3371 3581 3608 3645 paradiso

1995 3665 2014 3736 (
2053 3665 2180 3719 Luc.
2213 3665 2303 3720 23.
2339 3667 2408 3721 45
2434 3666 2476 3739 ).
2530 3667 2715 3738 Neque
2744 3669 2892 3722 enim
2924 3668 2995 3722 ob
3038 3668 3213 3722 futura
3248 3670 3422 3723 solum
3469 3670 3605 3724 bona

1992 3756 2326 3820 cohortatur,
2354 3758 2451 3811 sed
2477 3760 2640 3811 etiam
2663 3758 2734 3814 ob
2758 3759 3294 3830 prmsentiapropter
3321 3761 3437 3813 illos
3457 3761 3608 3814 audi-

1991 3857 2161 3914 tores,
2191 3849 2281 3917 qui
2311 3849 2609 3903 crassiores
2633 3850 2746 3926 litcc
2774 3852 2923 3920 prius
2953 3865 3114 3919 quam
3146 3851 3315 3904 futura
3340 3863 3604 3920 quatrttnt.

1992 3938 2117 3993 Ideo
2147 3950 2202 3992 et
2233 3940 2284 3992 in
2313 3929 2663 4010 sequentibus
2681 3939 2805 3995 dicit
2832 3957 2845 3992 :
2872 3939 2993 3994 Esto
3019 3942 3339 3994 consentiens
3363 3942 3608 3994 adverso-

1988 4028 2066 4078 rt'o
2087 4036 2172 4078 tuo
2206 4028 2420 4096 (Matth.
2449 4031 2503 4082 5.
2537 4030 2605 4081 ‘25
2693 4029 2896 4083 Deinde
2921 4020 3226 4096 hujnsmOdi
3252 4033 3607 4101 pltllOSOpltlill

1991 4117 2267 4184 pra-mium
2287 4119 2488 4182 statuit,
2509 4128 2561 4171 et.
2579 4121 2686 4173 ait:
2714 4118 2793 4171 Ne
2820 4119 2988 4172 tradat
3011 4130 3056 4174 te
3077 4122 3400 4177 adversarius
3413 4119 3606 4194 judict,

1990 4217 2036 4261 et
2067 4208 2233 4278 judex
2276 4209 2525 4264 ministro.
2563 4209 2752 4265 Vidun‘
2781 4210 2925 4265 unde
2955 4213 3186 4266 terruit?
3236 4216 3280 4267 Α
3317 4216 3605 4271 sensilibus

1989 4299 2216 4365 scilicet,
2247 4311 2298 4354 et
2325 4316 2444 4369 quae
2476 4314 2619 4370 s'epe
2650 4301 2992 4372 contingunt.
3022 4301 3089 4356 Et
3115 4319 3335 4358 rursus:
3363 4307 3606 4372 Quicum-

1990 4405 2085 4457 que
2105 4391 2289 4444 dixerit
2319 4393 2467 4461 fratri
2492 4409 2604 4456 suo,
2625 4391 2792 4458 Iiacn,
2813 4409 2929 4447 reus
2947 4394 3042 4446 erit
3059 4394 3276 4450 concilio
3295 4393 3401 4464 (Ib.
3421 4415 3469 4450 υ.
3485 4397 3604 4466 ‘32.}

1991 4479 2187 4536 Paulus
2218 4497 2432 4552 quoque
2478 4484 2915 4553 frequentissime
2960 4486 3061 4538 sub
3107 4498 3325 4540 sensum
3355 4489 3602 4543 cadentia

1991 4580 2210 4649 praemia
2244 4578 2517 4647 pmponit,
2543 4586 2598 4631 et
2627 4591 2657 4631 a
2692 4576 3053 4644 prtesentibns
3080 4575 3362 4646 hortatur;
3393 4593 3449 4634 ut
3482 4597 3604 4636 cum

1990 4670 2060 4726 de
2085 4670 2390 4740 virginitate
2419 4666 2638 4723 disserit
2665 4687 2675 4720 :
2707 4669 2841 4722 nihil
2863 4668 3064 4739 quippe
3094 4668 3162 4722 de
3184 4670 3331 4723 ett-lis
3360 4686 3604 4727 comme-

1992 4772 2185 4824 morat,
2216 4762 2311 4815 setl
2338 4775 2403 4814 ex
2433 4760 2798 4831 pratentibus
2828 4762 3074 4817 hortatur
3106 4762 3188 4817 his
3215 4764 3396 4819 verbis
3421 4805 3436 4829 ,
3476 4764 3606 4819 Pro-

1990 4863 2100 4924 pter
2122 4854 2396 4906 instantem
2435 4854 2782 4906 necessitatem
2827 4853 2844 4922 (
2869 4853 2918 4906 1.
2948 4851 3065 4907 Cor.
3100 4854 3148 4906 Ἰ.
3183 4843 3255 4906 26
3325 4874 3338 4920 ',
3367 4866 3420 4911 et
3444 4896 3456 4920 τ
3492 4855 3604 4925 Ege

1989 4957 2159 5000 autem
2180 4947 2315 4999 vobis
2337 4961 2492 5014 parco
2513 4944 2562 5014 (1
2572 4945 2674 4998 bid.
2701 4961 2746 4999 t’.
2768 4943 2901 5015 28);
2937 4954 3010 5011 et,
3039 4943 3170 5000 Volo
3193 4960 3363 5002 autem
3385 4965 3470 5001 rev.
3510 4966 3558 4988 4-
3591 4971 3601 5005 :

1991 5036 2331 5091 sollicitudine
2359 5052 2466 5090 esse
2505 5037 2525 5107 (
2549 5035 2684 5088 Ibid.
2718 5052 2766 5088 tt.
2793 5037 2864 5090 52
2888 5040 2926 5106 ).
2959 5036 3050 5090 Sic
3076 5038 3235 5106 igitur
3260 5051 3315 5092 et
3339 5039 3593 5095 (Ihristus

1992 5127 2359 5198 spiritualibus
2383 5128 2660 5182 seusibilia
2690 5129 2921 5182 miscuit.
2953 5129 3088 5193 Quia
3120 5131 3263 5184 enim
3288 5132 3432 5186 mitis
3456 5135 3604 5201 quit..-

1993 5234 2098 5288 que
2127 5229 2313 5288 putare
2344 5221 2509 5288 possit
2541 5235 2601 5274 se
2641 5234 2735 5272 sua
2765 5220 2944 5272 omnia
2974 5222 3201 5289 perdere
3223 5265 3235 5286 ,
3269 5225 3600 5278 contrario-tt

1996 5313 2086 5366 ille
2116 5313 2399 5380 pollicetur
2422 5311 2607 5365 (licens
2630 5353 2644 5377 ,
2677 5312 2817 5365 hunc
2844 5311 3017 5380 ipsttttt
3060 5328 3180 5367 esse
3206 5315 3292 5380 qui
3324 5330 3415 5368 sua
3443 5318 3599 5368 tutisn

1995 5404 2129 5456 sime
2157 5401 2430 5472 possideat
2454 5446 2468 5469 ,
2497 5405 2585 5472 qui
2622 5418 2721 5457 nec
2746 5402 2920 5456 audax
2948 5442 2961 5467 ,
3009 5420 3109 5457 nec
3153 5416 3454 5460 Ostentator
3482 5409 3546 5460 si!
3583 5425 3596 5461 :

2061 5537 2132 5598 (α)
2167 5536 2336 5601 Nescio
2353 5549 2440 5585 cur
2461 5537 2589 5601 dicat
2613 5537 3000 5601 Chrysostomus,
3027 5551 3265 5599 nusquam
3291 5542 3334 5587 in
3359 5542 3603 5601 Scriptura

1996 5599 2227 5662 reperiri,
2257 5605 2439 5662 terram
2468 5598 2802 5662 spiritualtﬁm,
2833 5601 3076 5662 siquidem
3111 5598 3242 5648 terra
3268 5598 3600 5662 prona-ginnas

1997 5659 2290 5722 intelligitur
2309 5659 2641 5722 spiritualiter,
2666 5661 2756 5708 nisi
2781 5659 2908 5709 forte
2931 5662 3208 5722 signiﬁcare
3237 5659 3350 5710 vent
3373 5665 3492 5711 huic
3523 5680 3596 5713 m-

1999 5733 2127 5776 cem,
2152 5721 2349 5788 terrent,
2376 5721 2529 5788 solani
2558 5735 2819 5788 numquam
2845 5725 2893 5769 in
2927 5721 3167 5788 Scriptura
3209 5738 3468 5773 ccturrere
3495 5741 3599 5788 pro,

2000 5789 2182 5832 terram
2203 5782 2521 5836 sviritualem.
2547 5785 2677 5845 Quod
2706 5797 2875 5834 verum
2901 5782 3255 5835 esse'videtur.
