4050 6424
230 405 341 468 ω

225 528 389 583 aliam
418 522 695 595 subiunxit
737 514 1159 599 consolationem
1206 514 1289 569 his
1319 514 1498 569 verbis
1523 532 1537 568 :
1570 511 1662 569 Sic
1690 512 1827 567 enim

228 604 523 690 penetrati
546 623 661 669 sunt
681 621 727 667 et
748 610 1023 682 praphetas
1040 650 1054 673 ,
1079 608 1165 678 qui
1189 604 1396 679 fuerunt
1419 615 1668 660 ante‘ros.
1691 604 1823 673 Quia

223 710 376 763 enim
395 716 676 763 venturum
699 710 817 758 erat
835 708 1078 771 regnum,
1102 707 1157 753 et
1178 698 1229 751 in
1247 711 1341 767 spe
1363 697 1653 765 repositum
1673 703 1821 750 erat:

224 797 355 854 hinc
371 796 485 853 illis
503 793 927 850 consolationem
952 789 1177 862 pratbet,
1195 803 1261 844 ex
1290 788 1547 843 societate
1573 786 1822 841 nimirum

224 900 414 945 eorum
436 928 451 957 ,
478 889 567 959 qui
589 896 715 941 ante
736 886 881 955 ipsos
902 884 1042 938 male
1067 880 1207 951 passi
1228 872 1465 934 inerant.
1488 878 1567 933 Ne
1594 878 1790 947 putetis
1806 918 1823 941 ,

224 982 438 1052 inquit,
468 994 564 1034 vos
609 977 725 1041 haec
770 976 889 1030 ideo
916 974 1024 1044 pati
1050 1013 1063 1033 .
1113 971 1238 1042 quia
1267 971 1533 1025 contraria
1564 968 1741 1023 dicitis
1770 975 1826 1022 ct

222 1067 345 1144 lege
389 1071 671 1134 statuitis;
715 1065 799 1121 vel
843 1082 939 1120 vos
980 1065 1131 1135 quasi
1182 1075 1466 1134 pravorum
1512 1059 1823 1135 dogmatnm

223 1164 516 1237 magistros
543 1160 739 1217 abillis
770 1154 1047 1227 pellendos
1070 1169 1212 1211 esse.
1242 1145 1363 1211 Non
1388 1153 1534 1208 enim
1560 1166 1629 1207 ex
1654 1150 1824 1206 dicto-

222 1267 348 1312 rum
369 1254 603 1325 nequitia
620 1295 634 1317 ,
663 1252 755 1306 sed
782 1266 845 1304 ex
872 1247 1207 1319 malignitate
1225 1244 1554 1301 audientium
1572 1284 1589 1310 ,
1617 1241 1825 1299 insidite

226 1357 285 1402 et
312 1346 549 1416 pericula
580 1342 889 1415 prodibnnt.
919 1341 1099 1407 Quare
1133 1353 1242 1395 non
1266 1337 1422 1393 vobis
1450 1336 1599 1416 male!
1619 1336 1825 1406 patien-

222 1414 371 1495 tibus
398 1414 748 1500 maledicenl,
778 1433 872 1489 sed
918 1432 1025 1487 illis
1053 1431 1193 1487 male
1217 1426 1519 1500 agentibus.
1550 1414 1647 1482 His
1674 1424 1825 1489 testi-

225 1532 470 1587 monium
515 1528 719 1598 przebet
767 1535 934 1581 totum
982 1522 1311 1594 prazterit‘um
1357 1528 1589 1589 tenuius.
1636 1516 1824 1588 Neque

223 1625 370 1679 enim
402 1619 692 1691 prophetas
722 1618 791 1673 de
831 1616 1112 1686 iniquitate
1149 1613 1231 1668 vel
1262 1605 1331 1667 de
1376 1612 1543 1682 impia
1580 1608 1822 1665 doctrina

226 1711 590 1772 accusabant,
616 1724 737 1763 cum
783 1707 921 1761 alios
963 1698 1259 1775 lapidarent
1288 1744 1304 1767 ,
1341 1700 1475 1757 alios
1516 1701 1783 1772 pellerent
1808 1741 1821 1763 ,

226 1802 367 1858 alios
391 1799 660 1856 sexcentis
687 1798 806 1853 aliis
854 1792 1134 1851 amccrent
1188 1787 1344 1849 malis
1389 1786 1587 1863 (Hebr.
1616 1794 1704 1847 ii.
1730 1786 1827 1847 55-

227 1891 353 1965 37).
402 1890 479 1946 Ne
520 1891 703 1960 itaque
723 1885 833 1943 hoc
858 1897 952 1943 vos
972 1880 1273 1957 perturbet.
1298 1882 1431 1939 Nam
1480 1877 1671 1940 eodem
1710 1884 1826 1938 ani-

231 1999 324 2041 mo
351 1984 511 2040 etiam
539 1996 679 2037 nunc
706 1980 885 2035 omnia
919 1987 1247 2049 perpetrant.
1278 1972 1523 2032 Vidistin‘
1551 1974 1827 2047 quomodo

225 2088 421 2133 eorum
441 2087 634 2130 sensus
657 2071 907 2128 excitarit
924 2112 940 2133 ,
971 2069 1091 2125 illos
1110 2083 1280 2139 prope
1301 2067 1515 2138 Moysen
1537 2076 1591 2122 et
1618 2066 1824 2121 Heliam

229 2166 602 2224 constituens?
632 2162 722 2220 Sic
746 2173 800 2218 et
822 2160 1019 2217 Paulus
1048 2158 1118 2215 ad
1146 2158 1662 2214 Tltessalonieenses
1685 2156 1825 2211 scri-

224 2257 364 2314 bens
400 2255 511 2311 ait:
552 2253 655 2309 Vos
679 2254 815 2307 enim
854 2252 1131 2305 imitatores
1164 2250 1290 2320 facti
1328 2249 1447 2303 estis
1476 2242 1826 2303 Ecclesiarum

225 2338 325 2403 Dei
351 2387 366 2413 ,
412 2360 527 2416 qua:
552 2353 671 2398 sunt
697 2343 753 2397 in
780 2340 987 2397 Judwa.
1031 2339 1235 2394 Etenim
1262 2349 1310 2395 et
1336 2330 1423 2393 nos
1464 2338 1645 2393 eadem
1689 2339 1827 2407 passi

225 2438 351 2492 estis
375 2452 407 2490 a
433 2434 656 2507 propriis
678 2430 1044 2488 eontribulibus
1060 2471 1077 2497 ,
1107 2431 1236 2485 sicut
1256 2438 1303 2483 et
1326 2416 1464 2483 illr’a
1488 2423 1709 2493 ludatis,
1738 2428 1826 2497 qui

222 2523 522 2583 occiderunt
560 2524 836 2579 Dominum
877 2520 1056 2577 Iesum
1082 2528 1131 2575 et
1159 2518 1394 2592 proprios
1433 2519 1705 2589 prophetas
1730 2558 1745 2592 ,
1778 2526 1827 2571 et

226 2635 323 2674 nos
378 2618 663 2689 persequuti
691 2624 810 2670 sunt
829 2656 845 2682 ,
878 2621 925 2667 et
956 2612 1063 2668 Deo
1091 2626 1196 2667 non
1236 2612 1463 2683 placent,
1499 2614 1547 2664 et
1592 2604 1825 2665 omnibus

228 2708 516 2764 Itontinibus
559 2706 892 2761 adversantur
933 2702 1026 2776 (1.
1077 2695 1254 2756 Thess.
1299 2700 1355 2755 2.
1390 2702 1475 2756 id.
1514 2702 1639 2769 15).
1673 2701 1823 2767 Quod

225 2800 318 2854 hic
342 2808 554 2868 quoque
573 2795 819 2851 Christus
848 2791 1098 2849 instituit.
1142 2792 1208 2846 Et
1232 2791 1284 2845 in
1311 2792 1432 2845 aliis
1455 2790 1673 2859 quidem
1694 2785 1825 2845 bea-

222 2890 546 2947 titudiuibus
565 2889 800 2953 dicebat,
819 2884 968 2941 Beati
992 2899 1259 2955 pauperes,
1285 2883 1413 2936 beati
1433 2882 1790 2939 misericordes
1813 2905 1831 2941 .-

226 2980 321 3038 hic
342 2995 473 3037 vero
492 2995 600 3034 non
624 2976 897 3032 indeﬁnite
920 2974 1130 3045 posuit;
1153 2972 1245 3027 sed
1276 2971 1344 3027 ad
1375 2972 1495 3025 illos
1516 2984 1825 3026 sermOnem

219 3073 495 3127 convertit
523 3071 745 3125 dicens:
776 3066 921 3122 Beati
942 3065 1060 3121 estis
1085 3075 1200 3117 cum
1227 3063 1368 3117 vobis
1389 3060 1831 3131 exprobraverint,

227 3173 280 3220 et
302 3161 587 3235 persequuti
606 3169 694 3214 vos
710 3158 922 3229 fuerint,
945 3164 995 3209 et
1016 3153 1235 3208 dixerint
1254 3167 1400 3205 omne
1416 3151 1608 3205 malum
1621 3152 1826 3205 verbum

223 3262 408 3308 contra
433 3267 518 3305 vos
540 3266 559 3302 :
586 3246 877 3309 ostendens
898 3243 1002 3297 hoc
1028 3244 1081 3297 in
1106 3242 1212 3295 illis
1230 3253 1353 3295 esse
1378 3240 1702 3310 prmcipuum
1724 3280 1740 3304 ,
1771 3247 1827 3292 et

221 3344 543 3402 doctoribus
563 3354 674 3409 prae
698 3338 819 3392 aliis
838 3334 1089 3390 omnibus
1110 3331 1160 3385 id
1182 3345 1303 3386 esse
1324 3330 1628 3399 proprium.
1651 3324 1826 3383 Simul

229 3436 396 3492 etiam
425 3430 516 3487 hic
542 3426 860 3498 dignitatem
886 3437 1039 3479 suam
1054 3418 1711 3489 subindicat,eta:qualem
1726 3417 1826 3471 sibi

232 3540 359 3583 cum
382 3524 541 3579 Patre
556 3520 836 3574 honorem.
856 3509 1319 3583 Quemadmodum
1341 3509 1490 3564 enim
1513 3508 1586 3562 illi
1610 3518 1830 3577 propter

229 3613 451 3673 Patrem
472 3654 487 3678 ,
514 3610 717 3680 inquit,
740 3609 811 3662 ita
835 3614 890 3662 et
909 3618 1005 3658 vos
1026 3610 1245 3673 propter
1267 3614 1357 3655 me
1382 3598 1499 3654 haec
1527 3596 1825 3668 patiemini.

226 3711 371 3765 Cum
392 3716 569 3761 autem
598 3702 760 3766 dicit,
790 3696 1073 3768 Prophetas
1096 3694 1181 3765 qui
1211 3697 1418 3764 fuerunt
1441 3700 1560 3745 ante
1583 3707 1671 3746 nos
1692 3732 1705 3753 ,
1735 3688 1831 3746 de-

238 3802 410 3857 clarat
440 3797 583 3865 ipsos
606 3793 714 3863 jam
745 3788 1039 3861 prophetas
1068 3784 1235 3840 fuisse
1264 3783 1453 3839 factos.
1486 3781 1620 3837 Hinc
1647 3790 1829 3835 osten-

234 3894 372 3948 dens
397 3889 525 3945 illud
553 3886 783 3942 maxime
812 3884 942 3953 ipsis
968 3880 1098 3936 utile
1126 3892 1267 3943 esse,
1298 3888 1353 3934 et
1380 3877 1720 3948 splendorem
1746 3874 1827 3930 af-

227 3988 377 4039 ierre
398 4024 415 4049 ,
443 3995 551 4035 non
574 3977 709 4032 dixit
728 4016 742 4038 ,
776 3972 1093 4029 Maledicent
1116 3969 1271 4023 vobis
1287 3977 1348 4024 'et
1374 3982 1467 4023 vos
1498 3982 1827 4038 persequen-

230 4079 364 4139 tur,
393 4072 487 4128 sed
530 4085 631 4140 ego
676 4066 806 4123 illud
839 4063 1161 4135 impediam;
1194 4077 1299 4114 non
1330 4061 1475 4115 enim
1514 4058 1657 4129 quod
1687 4058 1829 4113 male

231 4180 344 4221 non
368 4161 616 4221 audiant,
642 4157 737 4212 sed
762 4155 904 4226 quod
928 4154 1074 4209 maie
1098 4150 1367 4224 audiendo
1392 4148 1603 4203 fortiter
1624 4149 1795 4203 ierant
1811 4187 1826 4211 ,

229 4266 293 4312 et
320 4269 415 4325 per
443 4263 605 4320 opera
636 4251 782 4319 ipsos
806 4254 1061 4315 arguant,
1093 4242 1209 4296 vult
1232 4255 1327 4296 eos
1362 4242 1413 4293 in
1446 4248 1558 4294 tuto
1581 4238 1788 4293 versari
1815 4255 1828 4291 :

233 4350 342 4405 hoc
366 4345 564 4417 quippe
592 4342 683 4396 illo
710 4342 867 4409 longe
888 4337 1062 4407 majus
1084 4344 1168 4389 est
1190 4350 1205 4388 :
1234 4330 1685 4403 quemadmodum
1713 4345 1834 4400 per-

232 4438 370 4502 ‘cuti,
394 4445 448 4490 et
469 4433 598 4487 nihil
624 4443 936 4500 percussum
966 4426 1072 4495 pati
1095 4465 1109 4487 ,
1136 4424 1304 4478 multo
1325 4422 1498 4492 majus
1516 4431 1602 4476 est
1624 4462 1640 4486 ,
1672 4435 1831 4490 quam

234 4548 346 4590 non
380 4526 603 4599 percuti.
637 4524 737 4579 Hic
768 4522 927 4592 igitur
953 4519 1083 4572 dicit
1108 4534 1124 4583 ;
1157 4515 1354 4570 Herses
1378 4524 1545 4568 vestra
1572 4513 1732 4567 multa
1758 4522 1832 4566 est

234 4625 294 4681 in
320 4620 492 4681 catis;
522 4617 695 4673 Lucas
717 4628 843 4668 vero
871 4613 1045 4681 ipsum
1075 4620 1130 4664 et
1158 4609 1421 4663 intensius
1442 4648 1457 4673 ,
1486 4614 1687 4661 etcum
1712 4619 1830 4660 ma—

233 4713 342 4788 jori
363 4706 750 4765 consolationis
784 4702 999 4759 cumulo
1041 4700 1143 4754 hoc
1183 4699 1384 4753 dixisse
1428 4705 1627 4751 narrat.
1650 4694 1834 4764 Neque

240 4786 387 4858 enim
413 4808 615 4853 tantum
638 4811 732 4851 eos
753 4795 841 4863 qui
867 4801 1084 4862 propter
1099 4790 1279 4845 .Deum
1302 4788 1443 4844 male
1464 4786 1687 4842 audiunt
1710 4786 1838 4840 bea-

241 4910 331 4950 tos
358 4889 612 4962 pra-dicat
631 4929 647 4952 ,
673 4885 769 4941 sed
791 4884 952 4941 etiam
975 4897 1070 4937 eos
1089 4881 1178 4951 qui
1206 4879 1275 4935 ab
1302 4878 1553 4934 omnibus
1582 4877 1718 4932 bene
1743 4891 1838 4930 au-

243 4986 403 5041 diunt
427 5023 442 5046 ,
475 4980 701 5033 miseros
751 4976 920 5033 dicit:
953 4988 1077 5027 nam
1126 4972 1236 5035 ait,
1277 4968 1367 5023 νω
1408 4969 1544 5021 vobis
1574 4976 1687 5020 eum
1715 4966 1838 5020 bene

245 5077 387 5132 vobis
407 5072 625 5126 dixerint
646 5083 817 5121 omnes
833 5066 1059 5119 homines
1087 5062 1253 5136 (Luc.
1277 5061 1330 5116 6.
1354 5060 1426 5115 ‘26
1447 5063 1485 5129 ).
1515 5058 1675 5127 Atqui
1702 5072 1835 5128 apo-

246 5166 405 5223 stolis
429 5158 853 5221 bcnedicebant;
884 5155 979 5210 sed
1007 5170 1113 5209 non
1142 5166 1349 5209 omnes.
1381 5144 1504 5205 Ideo
1531 5165 1639 5204 non
1666 5148 1837 5213 dixit,

252 5258 393 5312 Cum
420 5254 555 5307 bene
578 5249 728 5304 vobis
755 5246 994 5303 dixerint
1018 5245 1267 5300 homines
1291 5260 1306 5310 ;
1337 5243 1453 5307 sed,
1487 5241 1615 5296 Cum
1643 5251 1835 5294 omnes.

247 5347 437 5417 Neque
472 5343 617 5399 enim
664 5340 780 5394 ﬁeri
826 5347 1001 5409 potest
1040 5346 1098 5391 ut
1128 5336 1161 5390 ii
1192 5336 1281 5405 qui
1326 5336 1573 5387 virtutem
1622 5332 1837 5394 colunt,

249 5438 393 5511 apud
419 5450 609 5491 omnes
646 5434 783 5489 bene
806 5430 1039 5486 audiant.
1076 5429 1413 5497 Rursumque
1442 5426 1517 5479 ait
1544 5444 1558 5479 :
1589 5425 1715 5479 Cum
1741 5425 1841 5493 eje-

250 5531 412 5587 cerint
438 5542 619 5580 nomen
649 5534 865 5580 oestrum
893 5533 1150 5590 tamquam
1186 5517 1380 5573 malum
1399 5559 1413 5583 ,
1437 5516 1651 5587 gaudete
1676 5524 1722 5568 et
1749 5530 1840 5568 ea:-

248 5622 435 5679 satltate
451 5618 471 5691 (
489 5617 623 5671 Ibid.
641 5632 687 5669 υ.
704 5614 797 5675 22.
819 5613 891 5668 25
910 5616 951 5682 ).
976 5612 1158 5681 Neque
1174 5612 1315 5665 enim
1341 5616 1545 5663 tantum
1566 5604 1839 5676 periculis,

250 5726 374 5784 qua:
399 5710 680 5773 subibant,
710 5706 801 5761 sed
829 5706 992 5760 etiam
1024 5702 1355 5767 maledictis,
1385 5713 1631 5769 magnam
1660 5696 1845 5751 statuit

249 5799 577 5857 mercedem.
605 5798 733 5853 ideo
756 5813 860 5852 non
884 5796 1016 5851 dixit
1038 5838 1051 5859 ,
1080 5792 1211 5849 Cum
1240 5809 1334 5849 vos
1356 5790 1658 5863 expulerint
1677 5798 1730 5844 et
1754 5801 1845 5843 oc-

1372 399 1435 455 ΙΝ
1476 395 1887 455 ΜΑΤτΗίΕυΜ
1930 396 2161 455 HOMIL.
2204 398 2322 455 XV.

3427 392 3531 451 250

1932 512 2201 580 ciderint;
2232 514 2327 571 sed
2349 555 2364 580 ,
2413 513 2539 571 Cum
2581 514 2999 586 exprobraverint
3018 554 3035 583 ,
3062 522 3109 566 et
3136 513 3358 569 dixerint
3385 527 3531 568 omne

1932 598 2143 657 malum.
2174 597 2308 659 Nam
2336 604 2620 662 maledicta
2649 604 2895 659 acerbius
2926 602 3177 660 mordent
3202 645 3218 669 ,
3250 619 3415 673 quant.
3443 619 3530 657 res

1931 685 2081 763 ipsae.
2114 693 2169 749 in
2202 696 2452 764 periculis
2481 697 2625 751 enim
2660 696 2824 763 multa
2856 706 2981 751 Stlitl
3018 711 3138 764 qua:
3170 695 3410 750 laborent
3456 694 3533 746 ias

1931 788 2074 842 ciant
2102 782 2358 843 leviorem
2383 806 2397 853 ;
2429 789 2573 845 verbi
2602 804 2763 843 causa
2787 829 2802 851 ,
2853 804 2974 842 cum
3005 787 3074 842 ab
3102 786 3355 843 omnibus
3383 786 3531 841 exci-

1933 889 2110 934 tamur
2132 920 2147 945 ,
2179 887 2235 936 et
2260 881 2460 955 multos
2491 881 2753 937 habemus
2779 880 3098 952 plaudentes
3120 922 3136 944 ,
3165 888 3486 935 coronantes
3512 921 3527 943 ,

1933 964 2312 1037 przedicantes.
2346 964 2445 1026 Hic
2488 986 2617 1026 vero
2647 972 2699 1025 in
2746 970 3047 1027 maledictis
3076 968 3193 1025 hzcc
3236 971 3534 1024 consolatio

1932 1071 2233 1140 amovetur.
2251 1062 2369 1119 Non
2388 1063 2532 1118 enim
2550 1078 2742 1133 magna
2760 1078 2883 1119 esse
2901 1064 3070 1119 virtus
3094 1072 3325 1133 putatur,
3343 1062 3537 1117 etiam-

1930 1145 1977 1205 si
2003 1152 2172 1222 magis
2201 1152 2317 1209 haec
2346 1169 2506 1223 quam
2538 1154 2775 1225 pericula
2805 1165 3105 1211 certantem
3133 1164 3532 1211 commoveant.

1930 1235 2078 1297 linlti
2108 1254 2338 1314 namque
2366 1243 2433 1299 ad
2476 1246 2726 1316 laqueum
2771 1255 3163 1312 accurrernnt,
3196 1246 3394 1301 malam
3428 1261 3532 1300 non

1934 1330 2168 1390 ferentes
2198 1329 2418 1393 Tantam.
2453 1336 2521 1391 Et
2549 1338 2677 1413 quid
2707 1337 2810 1394 hoc
2837 1338 2890 1393 in
2923 1339 3044 1394 aliis
3073 1336 3320 1392 mireris?
3345 1336 3534 1393 Prodi-

1931 1431 2104 1480 torem
2132 1426 2281 1481 illum
2309 1428 2675 1499 impudentem
2692 1436 2748 1513 et
2763 1429 3178 1495 exsecrandum,
3211 1428 3305 1498 qui
3325 1426 3392 1481 de
3414 1428 3531 1480 nni-

1926 1516 1982 1569 la
2004 1524 2063 1571 're
2093 1516 2481 1581 erubescebat,
2516 1519 2878 1598 boemaximc
2907 1518 2974 1575 ad
3007 1519 3255 1589 laqueum
3286 1519 3363 1573 ire
3387 1533 3534 1572 com—

1934 1610 2084 1676 pniit.
2109 1602 2214 1665 Job
2232 1626 2445 1681 quoque
2471 1611 2584 1680 ipse
2604 1611 2827 1667 adamas
2846 1654 2860 1677 ,
2883 1620 2939 1667 et
2969 1624 3118 1682 petra
3143 1612 3349 1667 ﬁrmior
3368 1650 3383 1677 ,
3410 1626 3533 1667 cum

1932 1715 2063 1769 apes
2086 1702 2267 1755 amisit
2294 1712 2349 1757 et
2378 1702 2711 1757 intoleranda
2743 1718 2934 1773 passus
2959 1713 3071 1768 est,
3099 1702 3223 1757 [iliis
3246 1704 3412 1758 orbus
3443 1717 3534 1758 ων

1933 1804 2093 1862 pente
2116 1794 2285 1850 iactus
2300 1836 2315 1860 ,
2340 1810 2462 1851 cum
2486 1790 2695 1851 videret
2714 1778 2909 1866 corpus
2931 1812 3086 1852 suum
3118 1796 3395 1850 vermibus
3414 1810 3534 1851 sca~

1911 1896 2076 1949 tere,
2106 1878 2505 1956 instantemque
2527 1902 2782 1952 uxorem,
2805 1888 2986 1942 omnia
3015 1886 3173 1941 facile
3204 1900 3394 1955 passus
3415 1894 3529 1951 est;

1932 1991 2053 2028 cum
2094 1985 2273 2031 autem
2306 1976 2439 2033 vidit
2482 1979 2686 2033 amicos
2715 1976 2816 2032 sibi
2860 1975 3253 2047 exprobrantes
3283 1974 3537 2030 insultan-

1930 2074 2121 2136 tesque
2142 2109 2156 2131 ,
2191 2082 2520 2140 pravamque
2546 2069 2613 2123 de
2640 2083 2701 2125 se
2742 2068 3203 2123 existimationem
3232 2066 3493 2122 habentes
3516 2107 3533 2133 ,

1930 2154 2281 2229 dicentesque
2312 2157 2484 2228 ipsum
2511 2169 2733 2231 propter
2764 2168 2982 2229 peccata
3012 2175 3106 2214 sua
3137 2157 3255 2215 inec
3285 2158 3490 2228 perpeti
3517 2199 3533 2225 ,

1932 2256 1989 2301 et
2017 2250 2268 2317 nequitia:
2314 2266 2427 2305 sum
2474 2266 2663 2321 pugnas
2690 2250 2819 2306 dare
2845 2293 2860 2316 ,
2893 2260 3021 2305 tunc
3064 2250 3309 2305 turbatus
3338 2260 3421 2305 est
3454 2250 3537 2302 vir
3600 2242 3603 2245 ⁷

1932 2331 2025 2390 ille
2053 2337 2204 2393 l‘ortis
2233 2326 2288 2395 et
2315 2355 2538 2413 magnus
2565 2343 2603 2394 ί.

2003 2428 2059 2484 6.
2091 2426 2254 2485 David
2282 2447 2497 2502 quoque
2521 2434 2738 2487 mittens
2766 2434 2947 2489 omnia
2975 2449 3095 2504 qua:
3123 2447 3311 2503 passus
3332 2431 3529 2496 fuerat,

1932 2528 2032 2589 pro
2071 2518 2357 2575 maledicto
2395 2522 2800 2577 retributionem
2846 2538 2875 2577 a
2926 2522 3038 2578 Deo
3074 2520 3291 2592 petebat
3323 2539 3335 2573 :
3370 2519 3497 2575 Sine
3522 2561 3536 2585 ,

1934 2612 2143 2682 inquit,
2172 2613 2318 2668 illum
2344 2613 2646 2669 maledicere
2675 2606 2865 2669 Doridi
2882 2656 2896 2679 ,
2925 2630 3046 2687 quia
3078 2613 3323 2667 Dominus
3342 2626 3537 2684 prace-

1933 2706 2007 2773 pit
2035 2705 2146 2770 illi,
2178 2714 2230 2758 ut
2260 2708 2424 2759 videat
2452 2703 2705 2761 Dominus
2727 2708 3131 2761 humiliationem
3158 2722 3321 2759 meant
3348 2747 3362 2769 ,
3395 2714 3443 2758 et
3462 2722 3539 2757 re-

1932 2797 2115 2847 tribuat
2138 2797 2261 2849 mihi
2290 2797 2419 2849 bona
2449 2814 2539 2865 pro
2567 2798 2835 2850 maledicto
2864 2799 2917 2850 in
2944 2798 3027 2850 die
3050 2797 3148 2849 hac
3175 2796 3252 2868 (2.
3286 2797 3419 2867 Reg.
3450 2797 3538 2850 l6.

1934 2886 2183 2956 “.12).
2228 2887 2293 2941 Εῑ
2332 2886 2527 2941 Paulus
2572 2903 2677 2941 non
2725 2884 3093 2957 periclitantes
3137 2887 3328 2952 modo,
3365 2902 3541 2957 neque

1932 2979 2089 3032 bonis
2118 2979 2407 3048 spoliatos,
2438 2978 2532 3032 sed
2563 2980 2722 3031 etiam
2756 2974 3036 3032 maledicta
3070 2972 3300 3032 meum
3326 2975 3542 3046 pandi-

1933 3077 2020 3119 cat
2058 3066 2147 3123 bis
2174 3068 2351 3124 verbis
2381 3086 2394 3119 :
2426 3065 2789 3122 Recordamini
2814 3064 3011 3121 dierum
3043 3070 3271 3131 priorum
3296 3109 3310 3131 ,
3341 3070 3395 3121 in
3424 3068 3540 3136 qui-

1933 3156 2025 3209 bus
2046 3156 2323 3211 illuminati
2344 3174 2585 3226 magnum
2607 3160 2860 3212 certamen
2876 3158 3187 3212 sustinuistis
3208 3158 3502 3226 passionum
3530 3173 3538 3209 ῖ

1932 3256 1979 3301 ct
2011 3248 2065 3302 in
2095 3248 2258 3325 altera
2282 3251 2485 3318 quidem
2512 3250 2797 3319 opprobriis
2822 3259 2870 3303 et
2900 3249 3309 3304 tribulationibus
3336 3261 3524 3321 specta-

1933 3340 2105 3393 culum
2137 3341 2262 3410 facti
2278 3382 2294 3406 ,
2323 3341 2378 3394 in
2414 3334 2576 3394 altera
2604 3350 2773 3396 autem
2790 3341 2929 3399 socii
2952 3343 3122 3396 taliter
3140 3345 3543 3397 conversantium

1934 3427 2097 3495 e/I'eeti
2138 3422 2327 3501 (Hebr.
2362 3428 2451 3485 lO.
2482 3430 2571 3484 32.
2598 3424 2671 3487 3'5
2693 3432 2735 3500 ).
2764 3430 3055 3501 Propterea
3084 3433 3389 3488 mercedem
3420 3450 3537 3489 ma-

1934 3534 2091 3586 gnam
2123 3520 2301 3591 posuit
2324 3520 2588 3577 Christus.
2621 3521 2824 3576 Deinde
2854 3538 2923 3576 nc
2947 3524 3066 3593 quis
3093 3522 3267 3578 dicat:
3289 3524 3386 3580 llic
3412 3540 3541 3595 ergo

1937 3626 2042 3667 nan
2075 3611 2314 3667 vindicas
2333 3654 2349 3680 ,
2378 3626 2555 3683 neque
2580 3628 2767 3668 eorum
2792 3628 2886 3668 ora
2908 3616 3147 3682 consuis,
3179 3615 3276 3671 sed
3298 3616 3368 3670 ibi
3394 3631 3537 3670 mer-

1935 3702 2121 3759 cedem
2164 3703 2262 3759 das
2282 3705 2307 3757 ‘t
2346 3704 2638 3774 prephetas
2660 3702 3015 3772 memoravit,
3048 3708 3342 3763 ostendens
3367 3723 3540 3779 neque

1938 3802 2064 3847 tune
2098 3793 2242 3863 ipsos
2273 3793 2439 3849 Detun
2474 3796 2643 3850 ultum
2671 3810 2810 3852 esse.
2838 3797 2895 3853 Si
2926 3812 3055 3852 vero
3083 3807 3209 3855 tunc
3232 3813 3351 3853 cum
3374 3813 3547 3869 prope

1936 3894 2093 3940 erant
2136 3885 2548 3952 retributiones,
2600 3901 2698 3957 spe
2750 3885 3051 3942 futurorum
3102 3885 3317 3942 fovebat
3369 3888 3537 3941 illus:

1938 3977 2107 4031 multo
2146 3978 2318 4045 magis
2361 3992 2537 4039 nunc,
2588 3978 2805 4046 quando
2847 3994 2972 4048 spes
3016 3978 3103 4031 illa
3130 3979 3327 4032 clarior
3351 3978 3540 4031 effecta

1938 4077 2039 4132 est,
2074 4075 2127 4123 et
2148 4067 2483 4139 philosophia
2513 4070 2704 4138 major.
2736 4069 2869 4135 Vide
2894 4080 3072 4123 autem
3101 4080 3221 4139 post
3240 4078 3371 4139 quot
3392 4083 3542 4123 man-

1936 4159 2061 4213 data
2094 4159 2196 4213 hoc
2232 4168 2448 4214 statuat.
2478 4159 2597 4213 Non
2632 4161 2776 4214 enim
2806 4176 2931 4214 casu
2963 4162 3211 4230 quoidam
3243 4160 3349 4215 hoc
3378 4159 3540 4224 fecit;

1939 4252 2033 4306 sed
2079 4262 2139 4307 ut
2182 4252 2461 4317 ostendat,
2504 4267 2611 4306 non
2660 4266 2818 4322 posse
2858 4267 3017 4315 eum,
3057 4253 3145 4322 qui
3182 4268 3287 4305 non
3331 4247 3397 4306 ad
3426 4252 3543 4307 luce

1940 4344 2121 4399 omnia
2169 4354 2385 4414 paratus
2428 4355 2482 4398 et
2531 4346 2821 4399 instructus
2861 4345 2963 4407 sit,
3010 4345 3059 4397 in
3106 4344 3221 4399 haec
3247 4346 3543 4400 certamina

1942 4436 2175 4506 prodire.
2216 4436 2340 4490 ideo
2382 4451 2414 4490 a
2452 4436 2613 4505 priori
2644 4450 2856 4503 semper
2880 4434 2945 4489 ad
2974 4449 3205 4504 sequens
3232 4437 3542 4493 mandatum

1941 4529 2082 4582 viam
2126 4542 2355 4597 parans,
2406 4537 2649 4582 catenam
2698 4524 2854 4581 nobis
2900 4541 3118 4581 auream
3169 4526 3360 4583 texuit.
3406 4527 3543 4583 Cum

1942 4619 2084 4673 enim
2134 4619 2255 4687 quis
2302 4618 2519 4671 humilis
2559 4618 2716 4671 fuerit
2738 4658 2751 4683 ,
2784 4618 2944 4672 etiam
2973 4632 3068 4673 sua
3096 4620 3317 4671 oninino
3345 4617 3545 4688 lugebit

1944 4722 2160 4783 peccata
2189 4730 2203 4777 ;
2250 4712 2338 4780 qui
2386 4709 2621 4780 lugebit,
2655 4710 2798 4764 mitis
2826 4711 2927 4764 erit
2948 4751 2962 4774 ,
2994 4710 3269 4765 modestus
3299 4717 3354 4765 et
3382 4710 3543 4765 mise-

1942 4805 2147 4867 ricors;
2190 4802 2499 4856 misericors
2539 4816 2697 4865 vero,
2731 4801 2907 4869 justus
2938 4802 3073 4867 erit,
3107 4811 3461 4871 compunctus
3491 4813 3546 4857 et

1943 4896 2174 4951 mundus
2193 4894 2359 4951 corde
2393 4914 2404 4948 :
2436 4896 2526 4963 qui
2554 4894 2675 4949 talis
2700 4897 2801 4949 erit
2822 4935 2837 4960 ,
2870 4896 3029 4950 etiam
3061 4897 3314 4963 paciiicus
3337 4896 3546 4950 futurus

1944 4996 2047 5044 est.
2093 4988 2194 5055 Qui
2236 5001 2398 5056 porro
2429 4986 2545 5040 inec
2569 4987 2747 5041 omnia
2779 4995 3096 5055 assequutus
3124 4985 3286 5039 fuerit
3305 5027 3320 5051 ,
3348 4986 3415 5040 ad
3446 5002 3542 5057 pe-

1946 5079 2110 5134 ricula
2155 5080 2316 5133 etiam
2349 5086 2564 5147 paratus
2611 5080 2749 5143 erit,
2781 5092 2955 5148 neque
2995 5078 3134 5132 male
3164 5077 3387 5133 audiens
3424 5088 3530 5132 tur-

1949 5172 2197 5237 babitnr,
2248 5187 2422 5239 neque
2472 5171 2518 5227 si
2565 5172 2847 5225 innumera
2899 5173 3129 5240 patiatur
3182 5170 3340 5223 maia.
3388 5171 3541 5225 Ροθιο

1947 5281 2107 5337 quam
2134 5278 2263 5335 ergo
2287 5279 2383 5319 eos
2407 5264 2472 5318 ad
2499 5280 2560 5317 ea
2588 5280 2707 5333 qua:
2732 5274 3091 5319 consentanea
3124 5272 3278 5317 erant
3304 5262 3550 5317 hortatus

1948 5369 2029 5414 est
2048 5400 2064 5425 ,
2116 5371 2301 5411 rursus
2326 5374 2419 5411 eos
2449 5358 2693 5411 laudibus
2720 5358 2940 5411 solatur.
2971 5357 3103 5425 Quia
3130 5356 3271 5410 enim
3298 5354 3549 5410 sublimia

1952 5461 2219 5520 prmcepta
2263 5460 2453 5514 erant,
2500 5451 2774 5517 multoque
2825 5450 3027 5518 majora
3082 5462 3239 5517 quam
3303 5448 3353 5501 in
3380 5449 3549 5502 veteri

1952 5544 2105 5613 lege,
2148 5557 2214 5597 ne
2258 5542 2601 5599 turbarentur
2645 5558 2708 5597 ac
2752 5543 3117 5611 trepidarent,
3150 5541 3501 5611 dicerentque
3532 5558 3550 5595 :

1951 5635 2230 5704 Quomodo
2274 5633 2388 5689 hazc
2434 5634 2658 5705 implere
2698 5633 3029 5703 poterimus?
3064 5631 3185 5685 audi
3210 5631 3339 5701 quid
3366 5632 3553 5687 dicat:

2020 5794 2036 5823 ⁸
2073 5789 2292 5843 Nonnulli
2314 5791 2517 5852 habent,
2541 5788 2723 5845 athleta
2745 5788 2826 5841 ille
2856 5789 2996 5853 fortis
3013 5794 3058 5838 et
3076 5798 3300 5849 magnus.
