4050 6444
520 417 616 470 ’151

522 531 604 582 13.
650 527 750 580 Vos
806 527 921 578 estis
948 523 1026 576 sal
1057 530 1202 573 terra:
1225 560 1238 582 ,
1275 514 1560 570 ostendens
1583 528 1640 566 se
1665 506 1965 564 necessario
1994 504 2108 558 haec

520 628 781 687 praecepta
799 617 943 671 dare.
968 614 1082 667 Non
1106 611 1244 665 enim
1270 624 1364 679 pro
1395 616 1563 670 vestra
1597 606 1720 666 vita,
1753 599 1845 654 sed
1879 614 1972 668 pro
2000 605 2108 651 toto

521 714 669 773 urbe,
697 710 882 777 inquit,
904 707 1123 761 verbum
1139 704 1288 758 vobis
1317 698 1680 757 committitur.
1702 693 1884 762 Neque
1903 691 1955 744 in
1978 689 2108 743 duas

517 806 686 859 urbes
709 816 802 855 viis
831 799 1001 863 mitto,
1022 797 1105 851 vel
1130 797 1314 850 decem
1343 791 1425 845 vel
1443 789 1622 859 viginti
1649 803 1663 852 ;
1688 799 1859 855 neque
1887 783 1936 837 in
1953 793 2108 834 unam

531 911 628 946 vos
657 895 808 948 mitto
827 900 1060 960 gentem,
1087 890 1219 943 sicut
1244 881 1685 953 prophetasolim,
1711 877 1804 933 sed
1822 878 1873 931 in
1890 885 2107 937 terram,

527 987 576 1038 in
625 1000 766 1038 mare
795 994 846 1036 et
877 983 927 1035 in
951 982 1256 1035 universum
1283 978 1466 1031 orbem
1492 1014 1508 1040 ,
1536 982 1590 1026 et
1615 973 1752 1026 hunc
1785 968 2008 1038 pessime
2036 963 2114 1017 af-

528 1076 742 1130 fectum.
760 1075 890 1128 Cum
905 1071 1039 1127 dixit
1054 1071 1215 1136 enim,
1232 1068 1329 1123 Vos
1342 1071 1455 1123 estis
1475 1066 1554 1121 sal
1571 1060 1968 1129 terra,ostendit
1992 1058 2112 1112 uni-

527 1180 730 1218 versam
749 1164 1022 1218 hominum
1049 1170 1286 1216 naturam
1307 1159 1690 1222 infatuatam,et
1706 1168 1734 1206 a
1753 1150 1984 1222 peccatis
2005 1162 2118 1202 cor-

529 1265 734 1326 rttptam
766 1269 906 1309 esse.
935 1253 1058 1307 ltlco
1075 1252 1171 1305 has
1187 1251 1238 1305 in
1259 1251 1359 1304 illis
1378 1248 1605 1301 maxime
1629 1246 1851 1298 virtutes
1875 1239 2113 1310 requirit,

531 1365 646 1417 quae
670 1356 793 1401 sunt
821 1346 884 1400 ad
917 1346 1201 1400 multorum
1225 1340 1627 1397 sollicitudinem
1645 1335 1927 1406 gerendam
1954 1331 2119 1399 magis

533 1437 845 1491 necessaria:
883 1444 936 1488 et
983 1435 1155 1487 utiles.
1181 1431 1390 1486 Etenim
1410 1430 1499 1499 qui
1532 1427 1674 1481 mitis
1699 1435 1799 1483 est,
1823 1421 2120 1482 modestus,

531 1527 835 1580 misericors
883 1534 937 1578 et
979 1524 1171 1592 justus,
1203 1537 1306 1575 non
1354 1518 1404 1573 in
1444 1534 1503 1573 se
1548 1523 1751 1570 tantum
1783 1513 1919 1567 bona
1960 1523 2120 1579 opera

524 1615 829 1678 concludit,
864 1614 958 1668 sed
985 1614 1142 1668 etiam
1167 1611 1218 1667 id
1239 1620 1392 1666 curat
1417 1618 1474 1664 ut
1514 1605 1713 1677 egregii
1756 1604 1829 1658 illi
1860 1601 2031 1655 fontes
2057 1596 2122 1652 ad

535 1708 762 1762 aliorum
807 1715 1024 1759 manent
1065 1704 1366 1758 utilitatem.
1412 1702 1642 1755 Rursum
1671 1696 1758 1766 qui
1787 1693 2015 1748 mundus
2042 1699 2126 1744 est

537 1799 698 1852 corde
720 1841 733 1861 ,
781 1798 1030 1866 pacificus
1069 1806 1122 1849 et
1165 1809 1258 1864 pro
1288 1794 1510 1847 veritate
1539 1790 1754 1860 pulsus,
1782 1787 1943 1840 vitam
1975 1797 2124 1837 suam

541 1889 606 1942 ad
648 1903 985 1942 communem
1016 1886 1292 1940 utilitatem
1321 1885 1517 1953 dirigit.
1552 1881 1627 1935 Ne
1656 1879 1847 1950 putetis
1867 1918 1881 1942 ,
1916 1875 2081 1944 inquit
2109 1915 2124 1939 ,

542 1995 635 2032 vos
676 1979 740 2031 ad
789 1979 918 2032 levia
949 1978 1190 2046 qumdant
1220 1976 1510 2031 certamina
1541 1971 1675 2027 trahi
1700 2012 1716 2036 ,
1746 1982 1918 2038 neque
1943 1967 2008 2021 de
2038 1981 2124 2019 re-

544 2061 642 2125 bus
688 2071 892 2139 exiguis
924 2069 1058 2136 apud
1097 2083 1189 2122 vos
1229 2068 1311 2136 agi
1353 2085 1366 2120 :
1403 2065 1502 2118 Vos
1544 2064 1659 2118 estis
1687 2061 1764 2116 sal
1804 2071 1964 2112 teme.
1995 2055 2130 2124 Quid

548 2162 747 2229 igitur?
795 2177 919 2213 num
963 2159 1035 2214 illi
1082 2157 1291 2227 putrida
1318 2155 1730 2211 restaurarent?
1761 2149 2126 2218 Nequaquam.

551 2252 664 2305 Non
718 2260 940 2320 possunt
980 2252 1121 2303 enim
1163 2251 1272 2318 jam
1307 2245 1595 2316 putrefacta
1624 2244 1749 2298 salis
1776 2239 2133 2311 permixtione

543 2344 750 2410 juvare.
779 2341 893 2395 Non
926 2341 1026 2396 hoc
1055 2350 1200 2395 certe
1231 2339 1467 2394 fecerunt
1500 2355 1511 2389 :
1541 2335 1633 2389 sed
1666 2344 1917 2388 renovata
1943 2332 2089 2400 prius
2113 2368 2129 2394 ,

547 2445 601 2487 et
653 2433 748 2487 sibi
804 2428 990 2485 tradit'a
1014 2473 1026 2493 ,
1078 2439 1131 2485 et
1169 2445 1199 2484 a
1245 2428 1434 2484 fmtore
1470 2427 1561 2481 illo
1584 2426 1839 2489 liberata,
1870 2433 1991 2476 tunc
2015 2435 2134 2476 cum

550 2526 660 2577 sale
705 2524 1036 2586 miscebant,
1087 2509 1246 2592 atque
1295 2522 1345 2575 in
1391 2520 1480 2574 illa
1528 2519 1763 2572 novitate
1807 2514 2134 2576 servabant.

549 2633 704 2686 quam
750 2632 779 2670 a
822 2615 1046 2669 Domino
1086 2620 1422 2682 acceperant.
1463 2611 1594 2666 Nam
1637 2609 1852 2663 liberari
1889 2622 1917 2659 a
1948 2605 2138 2659 fmtore

553 2718 923 2775 peccatorum,
958 2705 1156 2759 Christi
1202 2704 1410 2758 virtutis
1440 2716 1575 2772 Opus
1600 2700 1698 2754 fuit
1725 2716 1738 2764 ;
1767 2708 1822 2753 at
1851 2713 1956 2752 non
1984 2696 2046 2750 ad
2077 2696 2140 2749 il-

550 2798 662 2849 lum
693 2796 934 2850 fretorem
967 2795 1198 2859 reverti,
1230 2793 1281 2847 id
1313 2794 1522 2847 illorum
1550 2791 1837 2862 diligentiae
1866 2799 1919 2844 et
1944 2787 2142 2842 laboris

553 2903 688 2956 opus
727 2897 863 2941 erat.
907 2886 1092 2940 Viden‘
1132 2880 1399 2955 q'uomodo
1450 2883 1696 2952 paulatim
1741 2877 1974 2935 ostendit
2002 2880 2143 2948 ipsos

556 2977 826 3046 prophetis
849 2992 968 3032 esse
997 2976 1288 3031 meliores?
1315 2975 1427 3029 Non
1459 2976 1598 3029 enim
1629 2973 1922 3029 Palaestinae
1948 2970 2136 3025 docto-

558 3085 644 3124 res
665 3085 782 3123 esse
804 3070 912 3134 ait,
945 3068 1039 3122 sed
1071 3068 1230 3122 totius
1256 3068 1399 3121 orbis
1427 3077 1581 3121 terrae
1605 3083 1619 3130 ;
1649 3081 1748 3120 nec
1777 3063 1937 3118 modo
1958 3063 2141 3117 docto—

560 3174 642 3214 res
661 3200 676 3222 ,
703 3159 796 3213 sed
819 3159 974 3212 etiam
997 3157 1244 3227 doctores
1266 3156 1584 3211 tremendos.
1608 3153 1759 3221 Quod
1779 3153 1921 3208 enim
1948 3153 2138 3206 mirum

565 3259 679 3315 est,
709 3264 811 3303 non
841 3247 1117 3302 adulantes
1137 3288 1152 3314 ,
1177 3261 1348 3315 neque
1370 3245 1664 3315 palpantes,
1685 3244 1780 3299 sed
1800 3257 1990 3314 aSpere
2010 3242 2138 3297 acri-

567 3350 752 3409 terque
790 3348 1008 3407 agentes
1048 3338 1184 3392 sicut
1221 3337 1295 3390 sal
1318 3377 1331 3400 ,
1378 3338 1455 3389 sic
1493 3333 1872 3389 desiderabiles
1901 3333 2148 3388 omnibus

567 3431 798 3485 fuerunt.
845 3428 1018 3484 Nolite
1055 3442 1183 3498 ergo
1209 3420 1389 3480 mirari
1416 3466 1431 3490 ,
1465 3424 1660 3493 inquit,
1688 3423 1731 3478 si
1763 3423 1888 3478 aliis
1910 3422 2145 3488 relictis,

567 3537 660 3575 vos
679 3521 996 3590 alloquar,et
1011 3518 1073 3572 ad
1094 3527 1233 3572 tanta
1256 3532 1349 3612 νος
1374 3515 1602 3586 pericula
1628 3514 2147 3584 pertraham.Consi-

564 3613 746 3667 derate
765 3611 905 3665 enim
919 3621 1043 3678 quot
1068 3605 1386 3687 quantisqiiq
1404 3606 1728 3673 civitatibus,
1758 3605 1986 3675 populis,
2013 3619 2150 3675 gen-

568 3703 706 3756 tibus
720 3716 814 3755 vos
833 3699 1105 3770 praefectos
1125 3689 1382 3753 missurus
1405 3699 1525 3751 sim.
1539 3696 1769 3767 Ideoque
1791 3711 1899 3750 non
1920 3710 2013 3749 vos
2030 3704 2149 3750 tan-

565 3802 677 3847 tum
709 3791 995 3861 prudentes
1017 3805 1138 3845 esse
1164 3791 1283 3844 volo
1301 3831 1315 3854 ,
1345 3789 1441 3844 sed
1464 3797 1518 3842 ut
1539 3787 1672 3842 alios
1697 3787 1898 3842 similes
1923 3785 2148 3842 faciatis.

570 3882 693 3936 litos
735 3888 911 3934 autem
949 3880 1038 3949 qui
1079 3875 1578 3948 bujusmodi,’sunt,
1619 3877 1905 3931 admodum
1933 3890 2152 3947 sagaces

568 3986 689 4027 esse
717 3979 960 4039 oportet,
989 3971 1038 4024 in
1066 3971 1258 4039 quibus
1283 3957 1472 4038 nempe
1501 3955 1562 4023 et.
1578 3969 1803 4024 aliorum
1833 3969 1978 4023 salus
2005 3970 2151 4039 peri-

572 4064 815 4128 clitatur,
865 4071 918 4116 et
960 4069 1155 4114 tantam
1202 4061 1253 4114 in
1297 4060 1399 4114 illis
1426 4061 1599 4114 inesse
1631 4060 1915 4122 virtutem,
1950 4068 2008 4113 ut
2031 4075 2148 4115 eam

571 4151 638 4208 ad
666 4153 894 4206 aliorum
944 4151 1242 4205 utilitatem
1278 4152 1548 4216 impertire
1594 4150 1818 4217 possint.
1859 4148 1970 4202 Nisi
2010 4149 2149 4202 enim

574 4245 704 4301 tales
726 4244 947 4310 fueritis,
973 4259 1039 4297 ne
1061 4243 1205 4297 vobis
1230 4242 1443 4312 quidem
1475 4242 1602 4310 ipsis
1625 4239 1869 4296 sufﬁcere
1889 4242 2149 4310 poteritis.

645 4335 697 4389 7.
745 4334 823 4388 Ne
869 4338 1046 4402 itaque
1087 4349 1227 4402 aegre
1274 4334 1485 4396 feratis,
1525 4332 1673 4400 quasi
1704 4332 1928 4387 molesta
1957 4333 2065 4386 sint
2088 4349 2150 4389 ea

571 4444 691 4501 qua:
734 4428 1003 4482 dicuntur.
1032 4426 1161 4480 Nam
1190 4427 1277 4480 alii
1311 4426 1522 4496 quidem
1554 4425 1825 4491 infatuati,
1855 4425 2151 4481 ministerio

573 4530 754 4578 vestro
797 4519 1109 4588 resipiscere
1153 4526 1373 4588 possunt
1427 4535 1438 4570 :
1484 4501 1576 4570 vos
1617 4527 1827 4581 autem,
1867 4517 1911 4570 si
1939 4517 1991 4571 in
2023 4516 2150 4570 illud

575 4613 770 4666 malum
796 4608 1066 4675 incidatis,
1089 4609 1217 4664 alios
1239 4610 1509 4664 vobiscum
1533 4609 1587 4662 in
1610 4609 1896 4677 perniciem
1921 4595 2148 4664 trahitis.

578 4700 758 4770 Itaque
805 4709 1003 4770 quanto
1052 4699 1249 4768 majora
1293 4699 1442 4753 vobis
1466 4699 1866 4756 committuntur
1894 4700 2102 4768 negotia
2133 4740 2148 4765 ,

576 4801 726 4847 tanto
764 4792 965 4861 majore
1019 4789 1194 4844 studio
1250 4803 1381 4858 opus
1412 4788 1641 4842 habetis.
1668 4787 2002 4859 Quapropter
2027 4789 2100 4843 ait
2134 4807 2148 4845 :

577 4886 639 4941 Si
667 4895 834 4940 autem
863 4884 940 4939 sal
963 4884 1265 4954 infamatum
1289 4882 1436 4952 fuerit
1463 4923 1477 4946 ,
1509 4881 1562 4934 in
1581 4897 1677 4950 quo
1703 4882 1947 4936 salietur?
1972 4882 2053 4935 Ad
2072 4883 2150 4935 ni.

576 4979 736 5031 hilum
763 4977 893 5030 ualet
921 4975 1088 5040 ultra,
1111 4974 1205 5027 nisi
1224 4984 1278 5027 ut
1305 4974 1532 5026 mittatur
1561 4972 1699 5041 foras
1719 5013 1732 5037 ,
1762 4983 1807 5027 et
1831 4976 2150 5029 conculcetur

577 5071 639 5122 ab
677 5067 977 5122 hominibus.
1010 5065 1139 5120 Nant
1165 5066 1252 5119 alii
1281 5063 1491 5132 quidem
1519 5064 1563 5118 si
1587 5066 1889 5119 sexcenties
1915 5066 2104 5120 cedant
2130 5106 2146 5132 ,

577 5160 785 5215 veniam
829 5156 1082 5228 consequi
1123 5164 1342 5225 possunt
1372 5173 1386 5209 :
1414 5155 1598 5210 doctor
1627 5166 1803 5210 autem
1834 5157 1876 5208 si
1907 5156 1955 5209 id
1985 5158 2150 5224 patia-

578 5260 662 5307 tur
689 5293 704 5317 ,
745 5251 891 5306 omni
921 5249 1229 5305 defensione
1255 5248 1490 5318 privatur
1508 5287 1523 5308 .
1555 5257 1608 5303 et
1631 5256 1872 5303 extremo
1895 5248 2150 5303 afficietur

576 5343 857 5413 supplicio.
887 5340 964 5397 Ne
991 5341 1130 5395 enim
1152 5339 1450 5402 audientes,
1478 5339 1601 5392 Cum
1631 5341 2039 5408 exprobrauerunt
2065 5357 2150 5396 vos

579 5447 625 5489 et
665 5433 946 5504 persequuti
977 5446 1062 5485 vos
1091 5430 1311 5500 fuerint,
1344 5440 1390 5483 et
1412 5430 1629 5483 dixerint
1653 5446 1800 5484 omne
1828 5430 2016 5482 malum
2042 5446 2152 5484 uer-

578 5524 695 5578 bum
719 5525 1084 5576 adversum'vos
1109 5561 1124 5585 ,
1150 5521 1200 5573 in
1231 5520 1462 5574 medium
1486 5519 1694 5589 prodire
1723 5521 1962 5584 timeant,
1988 5519 2147 5573 dicit:

579 5615 690 5668 Nisi
728 5613 793 5667 ad
834 5613 948 5664 hac
985 5611 1150 5680 parati
1177 5607 1410 5675 fueritis,
1455 5609 1646 5664 frustra
1671 5609 1826 5667 electi
1855 5609 2004 5663 estis.
2035 5607 2150 5662 Non

579 5704 721 5757 enim
771 5701 1045 5756 maledicta
1087 5711 1208 5753 sunt
1239 5700 1468 5753 timenda
1490 5741 1504 5765 ,
1533 5709 1588 5753 at
1613 5697 1953 5753 metuendum
1986 5713 2051 5752 ne
2082 5699 2151 5752 si-

584 5791 874 5845 mulatores
911 5788 1193 5845 videamini
1244 5806 1256 5841 :
1312 5799 1434 5843 tunc
1477 5789 1617 5842 enim
1657 5787 1892 5843 infatuati
1918 5787 2066 5843 eritis
2096 5795 2148 5843 et

1262 401 1317 456 S.
1359 395 1633 454 .IOAN'NIS
1671 383 2138 448 CIIRYSOSTOMI
2181 380 2493 437 ARCIIIEP.
2535 377 3062 437 CONSTANTINOP.
3130 333 3142 344 ι

3687 372 3797 428 ἓδὲ

2211 499 2520 553 conculcati.
2543 497 2596 551 Si
2618 505 2793 550 autem
2815 495 3162 564 perseveretis
3185 506 3373 562 aspere
3393 507 3516 546 cum
3539 491 3649 546 illis
3675 507 3801 562 age-

2213 605 2269 644 re
2289 633 2303 654 ,
2344 593 2385 644 si
2419 600 2599 658 postea
2627 588 2765 642 male
2792 587 3017 640 audiatis
3041 627 3056 651 ,
3086 583 3330 655 gaudete.
3367 582 3499 636 Illud
3531 583 3678 636 enim
3709 595 3796 636 sa-

2213 681 2278 734 lis
2326 689 2409 735 est
2454 695 2618 748 opus,
2667 687 2724 730 ut
2773 676 2961 730 molles
3003 674 3246 729 mordeat
3292 683 3341 728 ct
3370 681 3588 743 pungat.
3615 671 3807 740 Itaque

2223 771 2502 825 maledicta
2554 767 2856 822 necessario
2909 777 3234 834 sequuntur,
3292 779 3463 832 neque
3515 753 3587 814 in'
3618 761 3807 831 aliquo

2235 880 2327 918 vos
2359 863 2553 917 la-dtmt
2572 903 2586 924 ,
2618 860 2710 915 sed
2739 869 2969 915 vestram
2997 847 3343 912 testiﬁcantur
3391 855 3720 909 firmitatem.
3748 853 3807 907 Si

2218 969 2343 1008 vero
2375 953 2458 1006 illa
2490 959 2786 1006 metuentes
2811 991 2826 1016 ,
2873 950 2941 1003 ab
2981 947 3068 1002 illa
3097 947 3246 1001 vobis
3275 954 3606 1015 congruente
3633 944 3799 998 velte-

2220 1047 2417 1100 mentia
2447 1029 2805 1106 destiteritis,
2858 1042 3028 1096 multo
3067 1039 3312 1109 graviora
3365 1039 3575 1106 passuri
3624 1039 3760 1090 estis
3788 1075 3806 1094 .

2218 1137 2358 1207 apud
2386 1150 2573 1190 omnes
2620 1133 2759 1187 male
2788 1132 3056 1196 audituri,
3090 1142 3142 1184 et
3188 1130 3432 1185 omnibus
3470 1129 3811 1195 contemptui

2219 1227 2369 1284 eritis
2400 1246 2412 1281 :
2441 1225 2569 1280 illud
2597 1225 2738 1280 enim
2765 1233 2848 1278 est
2867 1222 3186 1277 conculcari.
3218 1219 3414 1275 Deinde
3438 1219 3504 1273 ad
3535 1219 3686 1272 aliud
3717 1235 3811 1271 su-

2223 1320 2435 1374 blimius
2475 1318 2644 1386 pergit
2691 1316 3011 1383 exemplum.
3065 1316 3151 1367 14.
3198 1312 3292 1366 Vos
3330 1313 3445 1366 estis
3489 1313 3584 1364 lux
3610 1311 3812 1364 mundi.

2223 1411 2415 1463 lterum
2466 1407 2682 1471 mundi,
2728 1421 2831 1458 non
2869 1407 3037 1473 gentis
3081 1408 3266 1466 unius,
3297 1403 3381 1456 vel
3407 1402 3594 1470 viginti
3623 1401 3815 1453 civita-

2224 1508 2335 1553 tum
2361 1540 2377 1566 ,
2421 1498 2514 1552 sed
2564 1498 2722 1551 totius
2747 1497 2892 1551 orbis
2919 1514 2933 1549 :
2966 1497 3058 1550 lux
3090 1493 3434 1563 iutelligibilis
3455 1533 3471 1558 ,
3507 1493 3592 1546 his
3622 1491 3818 1545 solari-

2225 1591 2322 1646 bus
2365 1591 2529 1645 radiis
2570 1591 2938 1658 pnestautior,
2980 1585 3426 1656 quemadmodum
3459 1593 3513 1638 et
3542 1583 3627 1636 sal
3660 1583 3821 1652 spiri-

2229 1682 2390 1737 tuale.
2431 1681 2612 1735 Primo
2636 1680 2747 1743 sal,
2789 1677 2981 1734 deinde
3026 1679 3113 1731 lux
3135 1717 3150 1743 ,
3179 1685 3235 1731 ut
3259 1678 3434 1730 discas
3461 1684 3728 1745 quantum
3755 1689 3822 1728 ex

2227 1774 2338 1828 acri
2381 1786 2629 1828 sermone
2657 1773 2857 1825 lucrum
2884 1769 3188 1838 proveniat,
3218 1779 3412 1837 quanta
3439 1783 3506 1821 ex
3536 1767 3692 1836 gravi
3724 1767 3818 1819 do-

2228 1865 2396 1918 ctrina
2443 1861 2660 1916 utilitas.
2703 1861 2922 1930 Stringit
2961 1860 3138 1923 enim,
3181 1874 3278 1912 nec
3309 1859 3433 1912 sinit
3460 1858 3744 1920 diffluere,
3775 1865 3827 1910 ct

2229 1953 2295 2008 ad
2325 1955 2571 2007 virtutem
2599 1951 2798 2004 ducens
2837 1949 3151 2020 respiciendi
3179 1949 3285 2003 vim
3324 1949 3474 2002 indit.
3507 1947 3635 2002 Non
3665 1959 3826 2017 potest

2229 2047 2400 2098 civitas
2420 2043 2660 2097 abscondi
2677 2041 2842 2112 supra
2871 2052 3087 2096 montem
3110 2042 3275 2111 posita
3304 2057 3323 2094 :
3350 2041 3418 2097 15
3464 2057 3628 2107 neque
3650 2057 3832 2093 accen-

2229 2139 2356 2191 dunt
2403 2137 2687 2199 lucernam,
2725 2147 2772 2189 et
2798 2147 2992 2206 ponunt
3016 2151 3126 2188 eam
3153 2133 3243 2187 sub
3273 2134 3460 2186 modio.
3489 2131 3708 2185 Rursus
3741 2147 3835 2199 per

2234 2228 2348 2282 haec
2371 2227 2490 2281 illos
2515 2227 2579 2279 ad
2604 2235 2906 2279 accuratam
2935 2226 3057 2278 vitae
3078 2225 3338 2278 rationem
3367 2223 3566 2275 excitat
3588 2262 3603 2286 ,
3631 2221 3837 2277 docens

2235 2335 2328 2375 eos
2347 2361 2359 2382 ,
2393 2331 2450 2372 ut
2477 2319 2701 2372 sollicite
2727 2317 2826 2371 sibi
2851 2325 3102 2379 caveant,
3135 2324 3317 2382 utpote
3345 2314 3435 2383 qui
3463 2313 3565 2366 sub
3587 2313 3837 2365 omnium

2237 2410 2402 2464 oculis
2433 2415 2740 2473 versentur,
2773 2417 2825 2461 et
2852 2406 2902 2459 in
2937 2406 3112 2460 medio
3135 2407 3295 2458 totius
3324 2403 3472 2457 orbis
3501 2403 3725 2455 theatro
3747 2401 3839 2455 de-

2238 2511 2464 2557 certent.
2511 2500 2712 2564 Nolite,
2754 2499 2958 2567 inquit,
2990 2497 3041 2552 id
3069 2503 3314 2564 reputare
3341 2493 3561 2558 animo,
3598 2507 3700 2546 vos
3729 2493 3841 2560 jam

2240 2591 2326 2645 hic
2369 2591 2595 2652 sedere,
2641 2598 2696 2643 et
2740 2589 2791 2641 iit
2832 2588 3018 2656 exigua
3068 2586 3244 2655 anguli
3289 2593 3440 2654 parte
3478 2583 3690 2638 versari
3727 2604 3740 2635 ;
3772 2583 3843 2636 ita

2241 2681 2380 2734 enim
2428 2678 2698 2747 conspicui
2745 2677 2992 2733 omnibus
3028 2677 3207 2743 eritis,
3251 2685 3309 2730 ttt
3333 2678 3526 2730 civitas
3553 2674 3609 2728 in
3641 2676 3844 2728 montis

2241 2772 2513 2827 cacumine
2557 2771 2745 2839 posita,
2783 2779 2842 2824 ut
2878 2771 3092 2824 lucerna
3125 2769 3175 2822 in
3205 2767 3366 2821 domo
3391 2781 3551 2836 supra
3581 2765 3846 2821 candela-

2245 2863 2398 2917 brum
2422 2864 2625 2917 lucens.

2316 2953 2501 3009 Christi
2523 2940 2748 3023 potentia
2775 2951 3036 3005 asseritur.
3059 2979 3130 2989 -——
3157 2949 3258 3006 Ubi
3288 2956 3413 3004 sunt
3455 2962 3600 3002 nunc
3643 2947 3726 3001 illi
3756 2946 3847 3013 qui

2245 3043 2441 3101 Christi
2474 3044 2725 3113 pctentiaa
2764 3057 2870 3096 non
2901 3040 3164 3096 credunt?
3208 3040 3335 3095 Hrcc
3363 3039 3619 3105 audiant,
3675 3049 3735 3092 et
3777 3040 3847 3091 de

2249 3136 2541 3206 prophetia:
2571 3135 2620 3188 vi
2662 3141 2980 3202 stupentes,
3023 3132 3248 3187 adorent
3292 3133 3416 3202 ejus
3442 3130 3845 3186 fortitudinem.

2251 3225 2527 3296 Perpende
2566 3224 2709 3280 enim
2737 3233 2936 3294 quanta
2971 3223 3282 3292 polliceatur
3316 3224 3381 3276 iis
3408 3223 3499 3293 qui
3540 3237 3612 3276 ne
3657 3223 3711 3277 in
3750 3236 3848 3277 sua

2248 3317 2464 3387 quidem
2496 3317 2714 3385 regione
2739 3316 2847 3369 noti
2875 3323 3063 3378 erant;
3095 3314 3344 3369 videlicet
3369 3313 3514 3382 ipsos
3544 3313 3600 3366 in
3623 3322 3775 3368 terra
3795 3321 3848 3368 ct

2252 3410 2303 3463 in
2336 3408 2472 3463 mari
2513 3405 2886 3471 celebrandos,
2915 3413 2970 3460 et
2997 3404 3134 3459 fama
3165 3404 3230 3458 ad
3260 3404 3516 3458 terminos
3543 3403 3697 3458 orbis
3718 3419 3850 3473 per-

2251 3507 2504 3553 venturos
2531 3512 2685 3561 esse;
2715 3497 2823 3550 imo
2848 3511 2952 3550 non
2977 3495 3113 3550 fama
3139 3505 3367 3562 tantum,
3390 3495 3482 3550 sed
3505 3504 3563 3550 et
3593 3496 3849 3552 beneficii

2249 3592 2506 3648 efﬁcacia.
2535 3590 2650 3645 Non
2676 3589 2818 3645 enim
2849 3589 2971 3642 illos
3012 3588 3148 3642 fama
3180 3587 3370 3640 volans
3407 3595 3565 3640 notos
3611 3587 3852 3642 reddidit

2252 3684 2471 3754 ubique,
2494 3681 2588 3738 sed
2614 3683 2726 3752 ipsa
2742 3695 2966 3751 operum
2987 3678 3293 3734 celebritas.
3316 3676 3448 3731 Nam
3472 3691 3572 3731 ceu
3595 3677 3850 3733 volucres

2253 3774 2487 3830 velocius
2512 3787 2669 3843 quam
2697 3771 2824 3825 solis
2845 3769 2979 3824 radii
3009 3779 3205 3823 terram
3225 3783 3440 3822 omnem
3463 3779 3851 3837 peragrarunt,

2254 3869 2356 3937 piae
2384 3866 2658 3936 religionis
2699 3864 2874 3918 lucem
2904 3862 3230 3917 emittentes.
3274 3860 3371 3915 Hic
3395 3870 3574 3913 autem
3605 3861 3741 3914 mihi
3774 3863 3852 3914 ri-

2250 3957 2408 4015 detur
2452 3958 2572 4012 illos
2600 3955 2667 4011 ad
2714 3955 2961 4010 ﬁduciam
3011 3951 3325 4008 sumendam
3374 3950 3650 4006 cohortari
3680 3967 3695 4003 :
3725 3967 3850 4007 cum

2248 4050 2392 4106 enim
2425 4049 2573 4114 dicit,
2619 4047 2739 4101 Non
2768 4055 2926 4117 potest
2954 4043 3399 4103 civitas'abscondi
3420 4058 3582 4112 supra
3619 4052 3850 4097 montem

2254 4142 2436 4210 posita,
2466 4140 2758 4208 potentiam
2801 4137 3037 4191 declarat
3065 4149 3252 4198 suam;
3305 4134 3442 4188 sicut
3471 4133 3615 4188 enim
3651 4134 3741 4188 illa
3770 4135 3849 4189 ci-

2255 4231 2389 4285 vitas
2430 4229 2684 4283 abscondi
2709 4227 2914 4296 nequit,
2942 4227 3018 4280 sic
3062 4224 3366 4294 praedicatio
3397 4224 3561 4279 taceri
3593 4233 3648 4279 et
3680 4225 3850 4280 latere

2253 4335 2361 4377 non
2387 4327 2579 4389 potest.
2607 4318 2739 4385 Quia
2765 4317 2908 4372 enim
2944 4316 3196 4385 loquutus
3225 4323 3342 4370 erat
3368 4315 3435 4369 de
3466 4315 3847 4385 persequutio-

2254 4415 2430 4480 nibus,
2464 4413 2530 4467 de
2559 4410 2875 4474 maledictis,
2917 4410 2985 4464 de
3011 4409 3238 4474 insidiis,
3276 4408 3341 4462 de
3369 4407 3556 4471 bellis;
3588 4422 3660 4462 ne
3689 4418 3844 4477 puta-

2254 4514 2371 4560 rent
2394 4505 2508 4558 bazc
2528 4503 2635 4557 illis
2664 4515 2821 4571 posse
2842 4515 2903 4554 os
2924 4498 3225 4563 obstruere,
3250 4497 3495 4551 ﬁduciam
3517 4498 3626 4552 illis
3651 4499 3849 4553 indens

2251 4597 2345 4662 ait,
2375 4595 2803 4665 praedicationem
2852 4606 2958 4647 non
2993 4590 3151 4645 modo
3186 4604 3290 4643 non
3323 4589 3486 4643 latere
3514 4604 3718 4658 posse,
3754 4592 3844 4645 sed

2253 4695 2308 4741 et
2333 4694 2496 4740 totum
2527 4682 3117 4749 orbemillustramram
3145 4693 3284 4734 esse.
3317 4678 3542 4748 Ideoque
3569 4680 3644 4733 illi
3680 4682 3844 4736 etiam

2253 4784 2411 4833 erunt
2454 4773 2719 4844 conspicui
2759 4783 2813 4827 et
2859 4771 3115 4841 insignes.
3163 4770 3295 4824 Hinc
3340 4770 3498 4838 igitur
3541 4772 3841 4838 Ρυιῠιιίίίζῖἷῖ

2254 4883 2402 4923 suam
2430 4866 2691 4928 ostendit;
2734 4880 2799 4920 ex
2829 4861 3175 4931 sequentibus
3201 4875 3328 4914 vero
3359 4860 3608 4914 ﬁduciam
3640 4863 3714 4917 ab
3744 4863 3846 4916 illis

2253 4959 2415 5029 exigit
2447 4957 2733 5035 his'verbis
2761 4974 2774 5010 :
2821 4953 2998 5022 Neque
3022 4953 3299 5008 accendunt
3330 4953 3608 5016 lucernam,
3653 4963 3703 5005 et
3751 4971 3842 5020 po-

2253 5061 2380 5106 nunt
2409 5067 2517 5103 eam
2540 5050 2630 5104 sub
2657 5047 2843 5112 modio,
2869 5045 2955 5100 sed
2978 5061 3132 5116 super
3168 5043 3544 5108 candelabrum,
3578 5053 3633 5096 ut
3677 5045 3843 5097 lucenti

2253 5141 2484 5198 omnibus
2510 5143 2596 5212 qui
2634 5142 2688 5194 in
2731 5140 2880 5193 domo
2913 5149 3048 5192 sunt.
3101 5137 3185 5191 16.
3237 5135 3327 5190 Sic
3370 5135 3530 5188 luceat
3558 5136 3653 5188 tua:
3678 5147 3843 5190 uestra

2251 5251 2420 5290 coram
2451 5233 2751 5297 hominibus,
2779 5240 2833 5284 ut
2859 5230 3053 5284 videant
3078 5244 3229 5296 opera
3268 5236 3430 5280 vestra
3459 5226 3613 5291 bona,
3653 5236 3700 5279 et
3730 5229 3842 5296 glo-

2249 5316 2454 5398 riﬁcenl
2493 5326 2699 5380 Patrem
2746 5334 2958 5377 vestrum
2988 5323 3073 5392 qui
3114 5322 3167 5373 in
3196 5321 3332 5374 cwlis
3379 5330 3470 5374 est.
3527 5318 3642 5387 Ego
3671 5321 3840 5377 enim.

2253 5422 2442 5491 inquit,
2474 5421 2641 5473 lucem
2673 5415 2888 5471 accendi
2917 5432 2929 5467 :
2964 5423 3021 5467 ut
3045 5428 3173 5468 vero
3193 5419 3512 5480 perseveret
3539 5412 3765 5475 ardens,
3795 5411 3840 5463 id

2251 5513 2315 5566 ad
2347 5521 2574 5564 vestram
2612 5508 2936 5577 diligentiam
2967 5505 3232 5574 pertinet;
3265 5517 3371 5557 non
3415 5502 3579 5557 vestri
3635 5513 3839 5556 tantum

2251 5616 2432 5668 causa,
2465 5599 2556 5654 sed
2596 5610 2650 5654 et
2689 5599 2901 5653 illorum
2938 5596 3108 5666 gratia
3139 5595 3228 5664 qui
3258 5595 3357 5649 hac
3388 5594 3665 5662 potientur
3697 5592 3839 5658 lucc,

2252 5702 2306 5748 et
2346 5692 2410 5746 ad
2457 5693 2734 5746 veritatem
2766 5689 3114 5743 deducentur.
3161 5686 3346 5756 Neque
3393 5686 3537 5739 enim
3591 5694 3843 5754 poterunt

2255 5783 2532 5840 maledicta
2585 5791 2821 5837 vestrum
2871 5780 3158 5835 obscurare
3207 5779 3546 5849 splendorem
3595 5795 3610 5830 :
3660 5779 3708 5832 si
3743 5791 3834 5831 vos
