4050 6454
292 365 401 422 2δῖ

298 481 549 534 accurate
579 471 742 526 vitam
763 464 1257 533 institnatis,atque
1278 462 1566 524 illomodo,
1604 470 1665 515 ut
1688 459 1777 529 qui
1811 467 1892 511 to-

296 576 411 622 tum
441 564 626 619 urbem
651 568 968 616 convertere
994 554 1261 611 debeatis.
1292 552 1514 622 Dignam
1545 550 1707 620 igitur
1743 555 1891 601 tanta

293 656 468 728 gratia
496 653 751 710 exhibete
793 649 980 713 vitam,
1008 654 1068 702 ut
1106 646 1246 700 sicut
1276 642 1364 698 illa
1393 640 1589 711 ubique
1640 637 1896 709 praedica-

297 759 409 813 tur,
435 747 513 802 sic
533 755 587 800 et
615 745 731 798 haec
755 756 879 799 cum
909 740 995 794 illa
1026 744 1332 793 concurrat.
1372 732 1577 789 Deinde
1601 730 1744 787 aliud
1777 737 1896 798 post

298 840 578 895 hominum
603 834 829 890 salutem
858 832 1067 887 lucrum
1096 829 1267 900 ponit,
1294 825 1436 897 quod
1470 833 1655 896 posset
1683 822 1803 877 illos
1829 820 1896 874 ad

296 930 557 999 majorem
593 922 1011 980 sollicitudinem
1036 919 1514 987 omnimodumque
1538 915 1773 971 studium
1800 928 1893 968 ex-

294 1023 488 1076 citare.
515 1017 650 1073 Nam
674 1016 721 1071 si
761 1024 909 1073 recte
930 1013 1144 1077 vivatis,
1172 1009 1368 1083 inquit,
1392 1024 1506 1065 non
1532 1006 1696 1063 modo
1723 1016 1895 1061 totum

294 1111 484 1167 urbem
528 1107 911 1173 emendabitis,
939 1104 1037 1161 sed
1079 1104 1242 1161 etiam
1286 1101 1341 1157 id
1365 1100 1616 1157 efficietis
1650 1106 1713 1154 ut
1754 1097 1896 1153 Dens

293 1202 623 1273 glorificatur
647 1217 661 1253 :
692 1199 737 1253 si
766 1212 901 1253 vero
927 1205 1116 1253 contra
1143 1193 1402 1257 feceritis,
1422 1201 1478 1247 et
1505 1190 1755 1248 homines
1776 1204 1898 1260 per-

291 1291 455 1357 detis,
484 1291 645 1360 idque
668 1288 917 1345 efficietis
946 1297 1002 1341 nt
1030 1287 1168 1341 Deus
1196 1283 1619 1353 blasphematur.

368 1382 424 1438 8.
464 1380 632 1435 Virtus
672 1381 829 1434 latere
862 1378 1070 1449 nequit;
1110 1376 1255 1430 iHam
1290 1373 1507 1443 improbi
1550 1374 1651 1443 ipsi
1677 1373 1735 1426 in
1769 1388 1894 1425 cort-

293 1474 504 1527 scientia
532 1489 627 1526 sua
650 1472 883 1525 laudant.
913 1469 1082 1523 Filius
1124 1469 1337 1537 (aqualis
1368 1464 1536 1519 Patri.
1565 1495 1636 1507 —-
1662 1465 1727 1521 Et
1755 1480 1894 1534 quoe-

290 1566 478 1630 niodo,
531 1564 757 1633 inquies,
816 1577 911 1631 per
941 1577 1038 1615 nos
1085 1558 1472 1631 glorificahitur
1524 1556 1791 1619 Christus,
1847 1557 1892 1610 si

291 1656 454 1711 nobis
478 1655 725 1708 homines
748 1650 1082 1707 maledicturi
1112 1650 1263 1705 sint?
1292 1650 1364 1703 At
1396 1662 1501 1702 non
1529 1662 1717 1703 omnes
1741 1663 1758 1710 ;
1786 1647 1894 1702 imo

297 1747 391 1816 qui
413 1745 465 1801 id
492 1744 705 1809 facient,
737 1744 788 1798 id
819 1758 888 1797 ex
915 1741 1112 1796 invidia
1143 1739 1377 1796 facient:
1402 1738 1566 1793 invidi
1598 1747 1782 1793 autem
1809 1737 1889 1792 illi

292 1840 351 1895 in
376 1838 711 1895 conscientia
754 1851 851 1891 sua
877 1848 972 1889 vos
1001 1833 1339 1889 mirabuntur
1363 1840 1526 1902 atque
1551 1829 1844 1901 suspiciant
1874 1849 1887 1884 :

289 1930 747 2003 quemadmodum
783 1937 835 1981 et
866 1928 900 1982 ii
937 1926 1028 1998 qui
1059 1925 1241 1997 palam
1286 1924 1546 1995 improbis
1580 1922 1891 1988 adulantur,

294 2032 477 2080 mente
508 2021 728 2078 eosdem
758 2020 1129 2075 criminantur.
1177 2016 1316 2084 Quid
1352 2031 1483 2086 ergo
1511 2016 1794 2086 praecipis?
1822 2031 1892 2070 an

292 2127 354 2173 ut
379 2115 447 2172 ad
471 2114 883 2171 ostentationem
910 2120 966 2167 et
1004 2111 1227 2166 honoris
1264 2107 1553 2178 aucupium
1596 2108 1885 2162 vivamus?

292 2208 481 2272 Absit,
524 2221 631 2263 nou
675 2203 731 2259 id
754 2203 894 2259 dico.
924 2202 1109 2272 Neque
1136 2199 1283 2257 enim
1309 2199 1443 2264 dixi,
1475 2198 1536 2254 ld
1564 2198 1799 2261 studete,
1834 2206 1891 2251 nt

292 2301 435 2357 bona
465 2313 625 2369 opera
654 2306 833 2352 vestra
851 2296 903 2349 in
937 2293 1170 2349 medium
1201 2292 1485 2363 proferatis
1518 2310 1531 2346 :
1556 2307 1731 2362 neque
1756 2290 1890 2356 dixi,

296 2392 558 2449 Exltibete
574 2390 659 2444 illa
687 2388 841 2453 ;sed,
860 2384 1047 2441 Luceat
1074 2389 1163 2439 lux
1177 2394 1380 2449 uestra;
1409 2383 1574 2439 multa
1601 2383 1673 2438 sit
1696 2384 1887 2451 virtus,

292 2482 549 2554 cepiosus
567 2481 720 2551 ignis,
756 2479 850 2533 lux
874 2476 1175 2533 inelfabilis.
1206 2473 1345 2531 Cum
1371 2474 1515 2530 enim
1543 2482 1691 2533 tanta
1713 2475 1887 2529 virtus

298 2574 390 2637 sit,
424 2571 538 2627 ﬁeri
562 2587 668 2625 non
686 2577 865 2640 potest.
890 2577 949 2621 ut
968 2568 1151 2633 lateat,
1180 2566 1394 2621 etiamsi
1415 2564 1463 2619 is
1480 2565 1571 2637 qui
1594 2564 1741 2620 illam
1769 2581 1894 2635 pos-

290 2664 435 2720 sidet
457 2703 472 2728 ,
502 2659 812 2717 omnimodo
838 2673 955 2715 eam
987 2657 1275 2712 obscuram
1301 2669 1423 2713 esse
1450 2654 1601 2711 velit.
1652 2655 1893 2725 lrrepre-

292 2752 610 2809 hensibilem
641 2751 800 2821 igitur
819 2749 924 2805 illis
949 2746 1199 2803 exhibete
1227 2746 1412 2811 vitam,
1451 2746 1759 2816 nullamque
1802 2762 1893 2800 ve-

290 2860 409 2902 ram
439 2844 669 2899 habeant
700 2840 984 2897 accusandi
1011 2839 1387 2904 occasionem;
1409 2839 1620 2895 etiamsi
1649 2839 1904 2895 sexcentis

294 2945 635 2991 accusatores
654 2932 857 2996 adsint,
883 2946 1042 2987 nemo
1072 2926 1167 2984 vos
1205 2928 1498 2983 obscurare
1524 2931 1737 3008 poterit.
1767 2929 1894 2984 Pul-

291 3028 421 3082 chre
443 3025 604 3088 dixit,
645 3022 781 3079 an.
812 3021 955 3077 Nihil
998 3022 1143 3077 enim
1200 3018 1474 3075 hominem
1499 3020 1577 3075 sic
1625 3020 1893 3077 illustrem

304 3117 494 3183 edicit,
516 3116 728 3171 etiamsi
758 3128 977 3185 prorsus
1003 3112 1170 3168 latera
1192 3111 1340 3175 velit,
1382 3122 1442 3167 ut
1463 3112 1679 3167 virtutis
1702 3113 1891 3181 splen-

288 3210 411 3265 dor.
457 3206 609 3264 Sicut
632 3208 774 3261 enim
816 3207 935 3275 ipso
972 3204 1134 3261 solari
1184 3203 1336 3259 radio
1388 3204 1772 3270 circumdatus,
1819 3206 1891 3260 ita

246 3318 257 3323 ‘
293 3301 456 3356 etiam
479 3298 678 3353 clarius
708 3296 953 3365 refulget,
1006 3308 1114 3349 non
1147 3294 1202 3348 in
1233 3303 1433 3349 terram
1475 3302 1681 3349 tantum
1711 3294 1893 3350 radios

293 3393 570 3455 amittens,
596 3388 690 3444 sed
716 3387 891 3458 ipsum
919 3386 1111 3441 caelum
1159 3383 1570 3441 transcendens.
1600 3384 1737 3440 Hinc
1765 3386 1887 3441 illos

292 3482 579 3538 admodum
606 3479 934 3535 consolatur.
965 3476 1101 3532 Nam
1146 3476 1192 3531 si
1221 3476 1289 3532 de
1314 3475 1614 3531 maledictis
1633 3517 1649 3543 ,
1679 3477 1890 3548 inquit,

292 3574 513 3632 doletis.
548 3572 701 3626 multi
735 3570 895 3626 etiam
924 3578 1083 3623 erunt
1104 3569 1193 3639 qui
1220 3576 1439 3638 propter
1466 3583 1562 3624 vos
1592 3568 1759 3625 Deum
1787 3568 1884 3623 ad-

292 3667 578 3723 mirentur.
632 3662 889 3731 L’triuque
932 3674 1063 3715 vero
1088 3659 1359 3730 colligitur
1406 3673 1616 3715 merces
1637 3700 1652 3725 ,
1680 3670 1887 3716 etcum

290 3766 513 3827 propter
534 3767 629 3806 vos
662 3752 800 3807 Deus
826 3749 1161 3821 glorificatur
1185 3791 1201 3815 ,
1233 3756 1290 3804 et
1311 3765 1435 3804 cum
1467 3759 1689 3821 prepter
1718 3750 1890 3806 Deum

295 3862 397 3903 vos
448 3844 747 3901 maledictis
786 3842 1137 3898 incessimini.
1199 3841 1409 3897 Etenim
1438 3856 1508 3898 ne
1536 3843 1678 3899 male
1702 3844 1890 3899 audire

180 3996 191 3999 ,
288 3938 600 3996 studeamus
628 3978 645 4005 ,
685 3937 826 4007 quod
856 3935 1208 3991 didicerimus
1234 3934 1362 3991 hinc
1401 3936 1681 4005 premium
1707 3950 1894 4005 repor.

291 4032 393 4087 tari
424 4071 440 4096 ,
467 4045 575 4085 non
606 4027 737 4084 illud
765 4024 1081 4096 simpliciter
1130 4024 1326 4095 posuit,
1379 4024 1477 4079 sed
1518 4039 1643 4080 cum
1683 4024 1895 4081 duabus

289 4119 723 4179 distinctionibus
747 4134 763 4185 ;
818 4132 1016 4187 nempe
1053 4132 1174 4172 eum
1204 4115 1337 4172 falsa
1364 4115 1618 4171 dicuntur
1642 4157 1656 4181 ,
1684 4125 1743 4172 et
1767 4132 1889 4172 eum

291 4224 511 4285 propter
566 4213 731 4268 Deum
776 4209 1148 4265 maledicimur
1191 4206 1579 4277 :ostenditque
1631 4222 1734 4262 nun
1761 4207 1902 4262 illud.

292 4317 521 4369 tantum,
560 4306 657 4362 sed
701 4306 861 4361 etiam
907 4305 1045 4359 bene
1086 4304 1273 4359 audire
1319 4303 1547 4358 multum
1577 4300 1771 4357 alferre
1812 4303 1894 4356 lu-

289 4416 465 4463 crum,
496 4400 665 4469 gloria
690 4399 740 4451 in
774 4396 943 4450 Deum
971 4404 1289 4449 transetmtc
1315 4412 1329 4447 :
1362 4394 1610 4461 bonaque
1648 4393 1766 4447 illos
1795 4409 1892 4462 spe

294 4495 463 4549 fulcit.
490 4492 605 4546 Non
632 4492 776 4545 enim
805 4497 1006 4543 tantam
1036 4487 1144 4541 vint
1170 4486 1374 4539 habent
1398 4526 1411 4548 ,
1444 4485 1638 4554 inquit,
1666 4484 1887 4555 iniquo-

294 4602 409 4640 rum
438 4582 745 4646 maledicta,
778 4590 837 4633 ut
864 4579 1000 4633 alios
1030 4578 1099 4631 ita
1143 4576 1501 4631 ohtenebrare
1534 4576 1779 4644 possint,
1834 4584 1892 4629 ut

293 4678 470 4732 lucem
502 4684 734 4728 vestram
762 4686 867 4723 non
900 4668 1133 4723 videant.
1156 4664 1289 4721 Cum
1320 4667 1463 4720 enim
1497 4665 1738 4721 infatuati
1773 4666 1890 4720 fue-

295 4768 415 4823 ritis
446 4808 462 4833 ,
489 4774 615 4819 tunc
659 4772 868 4821 tantum
902 4774 999 4814 vos
1025 4758 1413 4813 coneulcabunt
1437 4773 1452 4817 ς
1482 4773 1587 4811 non
1615 4772 1741 4812 vero
1769 4773 1889 4812 cum

295 4868 441 4914 reeta
475 4854 734 4908 facientes
762 4849 1107 4906 acensamini.
1150 4848 1301 4902 Tunc
1349 4848 1493 4902 enim
1526 4848 1675 4903 multi
1704 4858 1884 4913 erunt,

293 4950 386 5019 qui
420 4946 888 5001 mirabunturnon
938 4957 1033 4996 vos
1078 4949 1280 4995 tantum
1306 4980 1320 5001 ,
1353 4939 1449 4994 sed
1472 4952 1689 5010 propter
1717 4956 1812 4995 vos
1837 4950 1893 4997 et

298 5044 511 5097 Patrem
537 5046 796 5092 vestrum.
826 5032 935 5089 Nec
963 5034 1126 5098 dixit,
1152 5033 1479 5098 Deum,csed,
1515 5032 1748 5101 Patrem,
1776 5035 1890 5105 jam

293 5132 502 5188 setnina
541 5128 748 5199 jaciens
796 5124 1088 5180 nobilitatis
1132 5123 1277 5179 illius
1332 5123 1465 5193 ipsis
1524 5124 1889 5179 conferendae.

297 5222 499 5279 Deinde
529 5221 748 5275 honoris
772 5216 1129 5289 aequalitatem
1155 5216 1457 5283 declarans,
1488 5232 1608 5271 cum
1641 5218 1892 5285 superius

296 5317 520 5372 dixisset
554 5333 573 5369 ξ
596 5312 674 5369 Ne
698 5310 1086 5367 contristemini
1116 5324 1240 5365 cum
1266 5309 1405 5363 male
1433 5308 1748 5375 audieritis;
1778 5312 1889 5364 suf-

300 5408 411 5462 ficit
432 5406 574 5460 enim
598 5404 748 5459 vobis
786 5401 929 5472 quod
957 5409 1176 5471 propter
1206 5415 1292 5454 me
1347 5399 1445 5454 ista
1485 5400 1715 5455 audiatis
1747 5418 1760 5455 :
1790 5400 1894 5456 hoc

300 5504 421 5556 ioco
469 5501 688 5554 l’atrem
727 5496 911 5567 ponit,
944 5493 1304 5565 aequalitatem
1351 5492 1547 5562 ubique
1590 5493 1889 5549 declarans.

299 5594 437 5649 Cum
482 5591 641 5661 igitur
670 5590 906 5644 sciamus
933 5595 1190 5656 quantum
1221 5584 1354 5639 lucri
1397 5599 1464 5638 ex
1492 5584 1592 5637 hac
1620 5584 1893 5655 diligentia

301 5694 658 5753 reperti-ntus,
684 5689 738 5736 et
766 5687 1021 5749 quantum
1047 5692 1115 5733 ex
1139 5674 1385 5731 socordia
1411 5674 1708 5744 periculum
1740 5690 1894 5731 cree~

302 5789 388 5833 usr
418 5776 622 5847 (nostra
643 5773 839 5845 quippe
868 5769 1104 5842 pernicie
1125 5768 1294 5825 multo
1321 5767 1471 5838 pejus
1492 5776 1594 5835 est,
1624 5767 1766 5838 quod
1790 5768 1891 5823 Do-

1483 347 1548 403 ΙΝ
1587 341 1991 403 MATTIIA'ZUM
2032 342 2264 396 llOMlL.
2310 340 2423 395 XV.

3511 342 3616 397 ξω

2006 456 2189 510 minus
2233 464 2419 511 noster
2446 454 2851 524 blasphematur
2906 463 3127 525 propter
3162 470 3261 511 nos
3284 455 3347 527 λ,
3375 458 3494 514 sine
3533 460 3617 515 of-

2006 546 2254 601 fensione
2306 547 2475 601 sintus
2514 555 2569 599 et
2596 544 2797 600 Judmis
2823 553 2880 599 et
2907 546 3158 619 gentibus
3185 589 3199 611 ,
3258 556 3314 603 et
3356 547 3615 606 Eccleaim

2008 636 2128 701 Dei,
2162 638 2432 708 vitamque
2476 637 2592 691 sole
2633 636 3053 707 splendidiorem
3082 639 3457 709 exhibeamus,
3484 653 3542 699 et
3570 646 3614 699 si

2009 730 2336 785 maledicere
2385 731 2506 800 quis
2535 730 2701 796 velit,
2733 746 2800 784 ne
2842 731 3123 786 doleamus
3142 772 3157 795 ,
3186 732 3233 786 si
3264 733 3405 788 male
3431 734 3615 790 audia-

2004 837 2144 887 mus,
2174 822 2268 877 sed
2291 822 2336 877 si
2365 824 2559 877 merito
2589 822 2732 878 male
2759 822 3059 895 audiamus.
3086 824 3143 879 Si
3168 824 3313 880 enim
3342 826 3396 880 in
3422 830 3615 898 nequi-

2007 916 2077 969 tia
2111 916 2352 970 vivamus
2378 957 2393 981 ,
2424 918 2524 972 etsi
2558 930 2719 970 nemo
2771 916 2842 969 sit
2884 919 2973 987 qui
3021 916 3305 972 maledicat
3330 959 3345 983 ,
3375 920 3615 975 omnium

2004 1007 2289 1063 miserrimi
2318 1023 2541 1073 sumus;
2572 1006 2616 1061 si
2634 1015 2815 1063 autem
2839 1007 3093 1062 virtutem
3113 1007 3376 1076 colamus,
3403 1010 3617 1066 etiamsi

2005 1106 2148 1153 totus
2176 1096 2325 1153 orbis
2363 1097 2520 1153 nobis
2545 1097 2833 1152 maledicat
2858 1139 2877 1164 ,
2904 1098 3118 1155 erimus
3137 1100 3381 1159 omnium
3411 1102 3617 1158 beatis.

2005 1191 2127 1245 simi
2158 1231 2176 1258 ,
2208 1200 2273 1248 et
2292 1206 2388 1247 eos
2418 1207 2609 1247 omnes
2638 1192 2728 1262 qui
2781 1192 3015 1249 salutem
3042 1196 3303 1265 consequi
3332 1196 3521 1261 velint,
3548 1199 3616 1253 ad

2002 1297 2100 1337 nos
2131 1282 2507 1351 pertrahemus
2540 1301 2553 1336 :
2583 1298 2692 1337 non
2730 1285 2877 1339 enim
2909 1284 3211 1341 maledictis
3240 1287 3609 1358 improborum

1998 1375 2237 1429 animum
2279 1375 2645 1441 adhibebant,
2703 1377 2799 1432 scd
2853 1378 2975 1432 vita:
3035 1394 3157 1434 eum
3201 1382 3398 1437 virtute
3446 1393 3608 1439 actm.

2004 1468 2216 1523 Etenim
2240 1469 2362 1523 tuba
2393 1470 2621 1525 clariora
2676 1480 2805 1524 sunt
2832 1486 2997 1540 opera
3028 1472 3194 1540 bona,
3229 1473 3344 1543 ipsa
3387 1476 3507 1530 luce
3528 1477 3612 1530 lu~

2001 1557 2174 1613 cidior
2220 1558 2327 1615 vita
2360 1576 2525 1631 pura,
2557 1562 2769 1617 etiamsi
2816 1562 3085 1617 innumeri
3130 1564 3238 1619 sint
3281 1565 3316 1619 ii
3343 1568 3434 1636 qui
3464 1568 3600 1624 oblo-

1999 1659 2251 1717 quantun.
2285 1652 2342 1707 Si
2364 1653 2512 1707 enim
2542 1654 2723 1708 munia
2743 1654 3050 1721 supradicta
3084 1654 3401 1724 habeamus,
3431 1661 3475 1713 si
3506 1662 3614 1715 mi-

2001 1741 2361 1806 tes,.humiles
2389 1757 2453 1797 ac
2495 1743 2876 1799 misericordes
2920 1744 3093 1800 simus
3114 1786 3129 1810 ,
3181 1746 3227 1800 si
3260 1747 3389 1803 item
3416 1736 3533 1818 puri
3561 1760 3614 1805 et

1999 1833 2229 1903 paciﬁci,
2277 1848 2343 1889 ac
2371 1835 2513 1890 male
2558 1834 2845 1891 audientes
2872 1850 2981 1890 non
3009 1836 3308 1892 referamus
3336 1838 3612 1909 injuriam,

2002 1925 2111 1980 imo
2135 1926 2299 1980 etiam
2320 1928 2673 1997 gaudeamus,
2694 1943 2802 1983 non
2832 1929 3012 1985 minus
3038 1946 3197 2000 quam
3230 1947 3328 2000 per
3355 1933 3611 1990 miracula

1998 2027 2334 2087 spectatores
2376 2020 2443 2074 ad
2472 2037 2570 2076 nos
2602 2021 3001 2091 pertrahemus,
3054 2023 3391 2095 libenterque
3421 2041 3612 2083 omnes

1999 2108 2067 2163 ad
2097 2126 2196 2164 nos
2243 2111 2544 2177 accedent,
2574 2113 2688 2169 sive
2719 2112 2829 2168 fera
2860 2113 2983 2185 quis
3010 2114 3193 2179 fuerit,
3226 2116 3342 2171 sive
3368 2116 3606 2188 daemon,

1999 2209 2092 2255 aut
2140 2202 2353 2272 quidvis
2381 2203 2548 2277 aliud.
2595 2204 2651 2260 Si
2693 2205 2915 2274 quidam
2958 2205 3318 2268 maledicam,
3372 2222 3439 2261 ne
3489 2208 3613 2264 ideo

1999 2292 2251 2357 turbcris,
2276 2309 2451 2362 neque
2471 2308 2631 2349 cures
2649 2294 2694 2348 si
2724 2304 2775 2350 te
2796 2296 2968 2364 palam
2987 2296 3315 2351 contumelia
3338 2296 3607 2360 afﬁciant;

1998 2382 2093 2436 sed
2152 2395 2341 2436 eorum
2394 2384 2779 2439 conscientiam
2833 2384 3079 2453 explora,
3135 2398 3191 2441 et
3237 2386 3442 2443 videbis
3488 2389 3612 2445 illos

1998 2471 2335 2542 plaudentes,
2372 2475 2630 2530 mirantes
2654 2516 2669 2539 ,
2700 2484 2758 2531 et
2779 2476 2928 2532 mille
2966 2475 3109 2532 intus
3138 2477 3387 2534 laudibus
3408 2495 3610 2536 ornan-

1999 2572 2101 2618 tes.
2155 2562 2288 2619 Vide
2332 2565 2494 2636 igitur
2537 2580 2644 2636 quo
2683 2576 2841 2636 pacto
2870 2565 3370 2625 Nabuchodonosor
3413 2585 3612 2638 pueros

2002 2654 2056 2709 in
2108 2655 2328 2711 fornace
2373 2658 2571 2722 laudet,
2622 2658 2834 2713 etiamsi
2866 2658 3039 2715 hostis
3068 2659 3424 2729 inimicusque
3467 2674 3611 2719 esset

1999 2745 2163 2815 (Dan.
2192 2746 2263 2817 5)
2294 2765 2308 2801 :
2340 2748 2435 2802 sed
2479 2749 2605 2816 quia
2634 2749 2768 2803 vidit
2817 2747 3029 2805 fortiter
3056 2760 3281 2817 etantes,
3319 2752 3437 2806 illos
3467 2768 3611 2823 prte-

1998 2836 2140 2891 dicat
2164 2847 2219 2891 et
2247 2848 2491 2903 coronat,
2526 2853 2632 2895 non
2660 2839 2773 2893 alia
2790 2838 2860 2895 de
2886 2854 3069 2902 causa,
3089 2840 3192 2895 nisi
3220 2843 3344 2912 quia
3376 2844 3475 2918 ipsi
3503 2861 3610 2901 non

1998 2924 2465 2996 obtemperantes,
2494 2928 2665 2997 legem
2694 2928 2789 2984 Dei
2814 2929 3119 2984 audierant.
3158 2931 3604 3001 Diabolusenim,

1998 3030 2121 3071 cum
2154 3017 2302 3075 videt
2326 3035 2386 3073 se
2408 3018 2539 3075 nihil
2560 3017 2848 3088 prolicere,
2872 3019 3091 3075 demum
3115 3022 3383 3089 abscedit,
3415 3023 3611 3080 timens

1998 3124 2068 3163 ne
2099 3110 2279 3180 plures
2325 3111 2481 3167 nobis
2523 3124 2757 3165 coronas
2801 3112 3076 3170 conciliet.
3120 3112 3255 3168 Cum
3304 3127 3486 3172 autem
3521 3118 3611 3175 ille

1998 3199 2343 3267 discesserit,
2363 3203 2707 3272 quantumvis
2750 3200 3090 3258 facinorosus
3118 3213 3174 3258 et
3200 3206 3464 3261 scelestus
3489 3209 3611 3277 quis

2000 3290 2180 3355 fuerit,
2212 3292 2440 3349 sublata
2466 3291 2555 3346 illa
2584 3292 2815 3362 caligine
2857 3294 3111 3349 virtutem
3142 3307 3419 3365 agnoscet.
3451 3297 3610 3368 Quod

1998 3385 2043 3439 si
2073 3384 2320 3440 homines
2338 3394 2548 3442 arecto
2580 3386 2863 3443 ratiocinio
2892 3383 3203 3454 deflectant,
3234 3403 3264 3441 a
3299 3389 3409 3444 Deo
3430 3392 3608 3462 majo-

2000 3492 2115 3531 rem
2140 3475 2553 3531 admirationem
2586 3477 2911 3545 lnudemque
2937 3476 3160 3535 referes.

2075 3568 2139 3624 9.
2170 3568 2248 3625 Ne
2276 3569 2462 3625 doleas
2491 3572 2689 3637 itaque,
2726 3585 2903 3639 neque
2945 3570 3128 3625 animo
3155 3572 3410 3628 concidas
3439 3592 3452 3627 :
3485 3589 3611 3631 nam

1999 3669 2054 3715 ct
2074 3660 2305 3730 apostoli
2326 3661 2445 3715 aliis
2465 3660 2685 3730 quidem
2697 3670 2860 3720 erant
2884 3660 3023 3715 odor
3048 3662 3261 3727 mortis,
3286 3663 3407 3721 aliis
3427 3675 3609 3721 autent

1999 3752 2135 3809 odor.
2158 3753 2282 3810 vitae
2314 3752 2391 3823 (2.
2420 3750 2540 3807 Cor.
2582 3752 2636 3806 2.
2674 3752 2741 3807 16
2768 3755 2806 3820 ).
2842 3752 2974 3806 Nam
3003 3753 3138 3811 situ
3169 3754 3371 3809 nullam
3415 3770 3609 3811 ansam

1998 3842 2235 3909 dederis,
2259 3844 2329 3898 ab
2348 3842 2495 3897 omni
2524 3842 2753 3897 crimine
2794 3841 3042 3899 liberaris
3064 3858 3092 3907 ;Δ
3114 3843 3224 3897 imo
3252 3844 3461 3901 beatior
3482 3846 3613 3902 efl'e-

1998 3941 2117 3995 ctus
2146 3948 2227 3989 es.
2258 3932 2567 4002 Resplende
2594 3933 2754 4003 igitur
2779 3932 3069 3997 in.vita,et
3104 3932 3401 3991 maledicos
3423 3951 3490 3991 ne
3517 3952 3613 3991 cu-

2000 4039 2107 4079 res.
2141 4025 2258 4079 Non
2292 4034 2471 4095 potest
2500 4026 2642 4079 enim
2665 4068 2679 4089 ,
2708 4012 2815 4080 non
2845 4026 3018 4095 potest
3056 4041 3191 4083 sane
3212 4029 3301 4099 qui
3350 4029 3605 4086 virtutem

2000 4120 2129 4173 colit
2158 4134 2272 4177 non
2314 4119 2514 4173 multos
2546 4118 2747 4175 habere
2794 4118 3062 4174 inimicos.
3094 4118 3201 4175 Sed
3254 4120 3385 4175 nihil
3417 4122 3610 4178 horum

2001 4212 2169 4281 probo
2204 4216 2403 4266 nocere
2447 4220 2669 4280 potest:
2720 4226 2815 4281 per
2846 4210 2964 4266 hzec
3002 4214 3147 4268 enim
3179 4213 3337 4284 longe
3364 4216 3610 4284 splendi-

1999 4302 2119 4355 dior
2147 4302 2271 4357 erit.
2306 4302 2431 4356 ιιι-α
2460 4302 2639 4369 itaque
2667 4301 2988 4370 cogitantes.
3022 4317 3188 4356 unum
3242 4311 3447 4356 tantum
3481 4319 3608 4361 sco-

2000 4408 2125 4463 pum
2157 4393 2487 4458 habeamus,
2533 4408 2656 4446 cum
2685 4390 2959 4461 diligentia
3010 4402 3250 4447 nostram
3291 4393 3613 4461 diapensare

2001 4486 2163 4538 vitam
2194 4503 2205 4538 :
2238 4484 2315 4537 sic
2332 4484 2476 4538 enim
2502 4499 2598 4539 eos
2624 4483 2715 4553 qui
2742 4484 2795 4536 in
2824 4483 3061 4537 tenebris
3089 4483 3301 4548 sedent,
3324 4485 3391 4538 ad
3415 4500 3613 4556 super~

2000 4593 2125 4631 nam
2151 4577 2311 4630 vitam
2342 4576 2500 4646 quasi
2524 4589 2687 4629 manu
2706 4573 2984 4629 ducemus.
3016 4574 3185 4627 Tanta
3213 4576 3419 4629 scilicet
3452 4576 3613 4645 hujus

2001 4668 2137 4721 lucis
2170 4668 2247 4721 vis
2300 4676 2411 4728 est,
2458 4675 2516 4718 ut
2560 4679 2668 4718 non
2722 4664 2810 4718 hic
2859 4662 3084 4717 tantum
3118 4663 3355 4734 fulgeat,
3413 4666 3506 4721 sed
3559 4677 3613 4721 et

1998 4753 2288 4828 sequentes
2339 4773 2400 4812 se
2445 4756 2537 4811 illo
2574 4755 2823 4811 deducat.
2870 4755 3004 4809 Cum
3052 4756 3196 4810 enim
3242 4771 3342 4810 nos
3377 4757 3614 4813 viderint

2000 4850 2283 4920 praesentia
2330 4849 2509 4902 omnia
2567 4845 2927 4917 despicietr‘tes
2979 4856 3036 4902 et
3079 4846 3145 4902 ad
3183 4846 3360 4903 futura
3400 4865 3611 4919 prmpa-

2000 4950 2145 4995 ratos
2169 4983 2184 5007 ,
2232 4940 2487 5011 operibus
2525 4940 2694 5009 magis
2730 4953 2891 5009 quam
2919 4937 3102 4993 verbis
3135 4939 3609 5010 obtemperabunt.

2000 5033 2132 5099 Quis
2155 5033 2299 5086 enim
2330 5040 2413 5085 est
2441 5032 2511 5084 ita
2538 5030 2737 5085 stultus
2762 5072 2777 5095 ,
2820 5030 2910 5100 qui
2954 5029 3140 5085 videns
3187 5032 3459 5091 hominem
3495 5032 3611 5088 heri

2001 5134 2055 5179 et
2080 5124 2275 5179 nudius
2303 5122 2491 5177 tertius
2529 5122 2874 5177 deliciantem
2900 5132 2955 5177 et
2976 5122 3222 5185 divitem,
3249 5122 3362 5192 jam
3392 5135 3613 5178 exutum

2001 5217 2253 5271 omnibus
2304 5222 2360 5269 et
2405 5228 2507 5269 ceu
2550 5212 2825 5267 volucrem
2856 5211 3109 5271 effectum
3132 5254 3146 5279 ,
3175 5212 3245 5267 ad
3290 5214 3485 5269 famem
3508 5257 3522 5279 ,
3558 5226 3615 5271 ct

2003 5315 2393 5378 paupertatem,
2430 5305 2497 5359 ad
2526 5304 2948 5362 macerationem
2976 5319 3218 5371 omnem,
3252 5305 3317 5358 ad
3348 5306 3611 5373 pericula,

2003 5399 2069 5453 ad
2090 5398 2404 5467 sanguinem
2438 5395 2790 5459 fundendum,
2824 5394 2893 5447 ad
2917 5406 3116 5449 necem
3148 5404 3311 5465 atque
3334 5395 3401 5449 ad
3429 5397 3611 5450 omnia

2003 5506 2123 5560 quae
2176 5488 2307 5545 dura
2362 5495 2684 5563 reputantnr
2738 5494 3005 5556 paratum,
3061 5501 3169 5540 non
3222 5485 3351 5540 hinc
3403 5487 3622 5547 clarum,

2003 5582 2229 5651 accipiat
2280 5582 2576 5635 futurorum
2603 5583 3015 5649 argumentum?
3058 5576 3114 5631 Si
3153 5593 3282 5633 vero
3326 5579 3614 5647 praesenti-

2006 5676 2115 5731 bus
2133 5688 2244 5727 nos.
2272 5672 2634 5742 implicemus,
2664 5678 2827 5739 atque
2853 5669 2907 5723 in
2950 5669 3056 5723 illis
3085 5684 3185 5723 nos
3210 5671 3610 5739 immergamus,

2008 5767 2281 5859 quomodo
2310 5765 2534 5822 credere
2590 5772 2883 5833 poterunt,
2941 5776 3039 5821 nos
3064 5761 3133 5818 ad
3163 5764 3325 5818 aliam
3358 5761 3617 5823 festinare
