4050 6482
417 343 522 408 9.35

430 495 700 562 patriam?
745 493 876 560 Qua:
929 505 1057 546 vero
1103 489 1258 544 nobis
1307 488 1519 542 demum
1567 486 1668 539 crit
1714 480 2004 540 excusatio,

424 602 544 640 cum
576 602 679 640 non
711 593 911 637 tantum
950 582 1127 635 valeat
1155 580 1293 649 apud
1336 591 1433 632 nos
1475 577 1566 630 Dei
1614 579 1768 629 timor
1788 615 1802 638 ,
1832 587 2003 642 quan-

429 687 543 727 tunt
599 675 762 727 valuit
818 672 957 742 apud
1019 671 1330 727 Grtecorum
1379 667 1722 736 philosophos
1776 667 2004 717 humana

424 765 590 834 gloria
613 765 636 817 ζ’
660 763 791 818 Nam
821 764 1030 818 illorum
1060 763 1272 832 quidam
1316 759 1567 828 pecunias
1589 757 1894 824 abjeceruut
1917 795 1930 815 ,
1954 763 2007 807 et

429 869 658 911 mortem
699 863 1155 924 contempserunt,
1201 862 1257 905 ut
1295 866 1414 905 sese
1452 850 2007 904 hominibuststenta-

426 958 546 1003 rent
586 967 598 1003 :
630 949 853 1015 ideoque
879 962 1010 1000 vana
1055 947 1148 998 fuit
1178 945 1391 998 illorum
1426 959 1568 1011 spes.
1599 943 1852 1009 Quaenam
1880 953 2005 1008 ergo

429 1056 524 1094 nos
551 1040 789 1094 defensio
827 1039 1091 1102 liberabit,
1121 1052 1241 1091 cum
1275 1045 1395 1106 post
1435 1045 1576 1089 tanta
1619 1034 1771 1087 nobis
1813 1047 2006 1102 propo-

426 1134 524 1183 sita
556 1136 692 1183 bona
714 1170 728 1194 ,
763 1141 816 1183 et
844 1140 961 1197 post
989 1139 1186 1182 tantam
1226 1129 1382 1182 nobis
1409 1136 1646 1196 apertam
1675 1125 1742 1179 ad
1775 1125 2007 1193 philoso-

427 1223 695 1289 phandum
727 1224 886 1286 viam,
921 1237 988 1274 ne
1025 1222 1166 1289 paria
1195 1219 1410 1288 quidem
1452 1217 1557 1270 illis
1583 1216 1802 1284 exsequi
1835 1215 2008 1283 possi-

427 1328 565 1378 mus,
591 1311 685 1366 sed
715 1321 767 1365 et
794 1326 889 1363 nos
920 1321 972 1364 et
1001 1312 1136 1364 alios
1173 1307 1617 1379 pessumdemus?
1647 1306 1830 1376 Neque
1859 1307 1999 1359 enim

426 1403 495 1454 ita
524 1399 908 1455 nocetGraecus
930 1400 1106 1468 inique
1128 1414 1308 1468 agens,
1338 1409 1393 1451 ut
1414 1397 1745 1451 Christianus
1775 1397 2002 1462 idipsum

427 1491 662 1544 faciens:
699 1499 750 1544 et
788 1489 909 1557 jure
955 1488 1194 1557 quidem.
1248 1487 1459 1540 Illorum
1493 1486 1634 1541 enim
1685 1485 1892 1553 putrida
1924 1494 2008 1538 est

425 1579 664 1632 doctrina
688 1587 741 1632 et
768 1578 946 1646 opinio
971 1593 986 1642 ;
1015 1587 1194 1630 nostra
1219 1593 1344 1630 vero
1363 1591 1456 1645 per
1474 1577 1565 1630 Dei
1588 1577 1811 1645 gratiam
1838 1576 1998 1629 etiam

426 1670 562 1740 apud
623 1671 814 1739 impios
867 1669 1185 1724 venerabilis
1260 1679 1343 1723 est
1397 1678 1451 1722 et
1509 1669 1747 1722 illustris.
1803 1667 2004 1722 idcirco

427 1763 638 1830 quando
658 1765 888 1816 maxime
916 1761 1067 1816 nobis
1081 1761 1406 1829 exprobrare
1433 1761 1619 1814 volunt
1643 1769 1697 1814 et
1725 1760 2006 1814 maledicta

427 1869 644 1921 augere,
681 1854 732 1907 id
761 1854 1094 1922 subjungunt
1123 1894 1137 1916 ,
1167 1853 1502 1906 Christianus
1551 1851 1661 1922 (a);
1695 1867 1800 1906 non
1841 1853 1892 1906 id
1921 1852 2006 1905 di-

427 1945 562 1997 cturi
593 1953 760 2008 certe,
794 1945 894 1996 nisi
925 1959 1169 2012 magnam
1195 1944 1261 1996 de
1279 1943 1517 1996 doctrina
1541 1952 1722 1996 nostra
1750 1943 2008 1997 haberent

430 2036 753 2104 opinionem.
804 2034 917 2088 Non
969 2035 1160 2088 audisti
1206 2036 1379 2103 qualia
1425 2045 1477 2089 et
1519 2045 1712 2103 quanta
1766 2033 2006 2089 Christus

425 2124 686 2192 jusserit?
713 2123 935 2191 Quando
962 2139 1089 2193 ergo
1114 2125 1314 2194 poteris
1347 2125 1428 2177 vel
1456 2141 1617 2179 unum
1646 2126 1760 2193 ejus
1784 2124 2005 2193 implere

432 2223 750 2283 princeptum
773 2256 787 2280 ,
829 2230 950 2269 cum
979 2217 1154 2270 missis
1183 2217 1450 2278 omnibus.
1496 2218 1789 2270 circumras
1817 2231 2004 2270 usuras

426 2307 700 2373 colligens,
732 2304 905 2359 fmuus
935 2306 1124 2361 l'mnori
1150 2306 1354 2360 addens
1381 2347 1394 2369 ,
1427 2307 1813 2374 negotiationes
1854 2305 2004 2358 instio

427 2405 601 2461 tuens,
649 2409 923 2450 servorum
949 2411 1140 2465 greges
1167 2413 1350 2450 emens
1373 2437 1386 2460 ,
1413 2407 1663 2466 argentea
1707 2413 1828 2450 vasa
1856 2413 2006 2451 com-

429 2502 640 2554 parans,
673 2502 848 2554 agros,
882 2487 1068 2541 domos
1096 2529 1110 2546 .
1139 2489 1524 2556 supellectilem
1556 2489 1912 2543 immensam?
1942 2490 2008 2544 Et

428 2577 627 2629 utinam
657 2576 706 2628 id
740 2576 911 2630 solum
944 2591 1150 2645 ageres.
1177 2577 1310 2630 Cum
1343 2595 1469 2633 vero
1509 2579 1591 2633 his
1624 2580 2006 2647 intempestivis

428 2668 740 2735 injustitiam
773 2683 983 2737 quoque
1003 2669 1190 2736 addas,
1221 2680 1416 2725 terram
1443 2671 1679 2725 finitimis
1705 2672 2004 2737 abstrahas,

426 2761 614 2814 domos
660 2760 890 2828 spolies,
941 2775 1202 2829 pauperes
1248 2771 1478 2825 atteras,
1525 2761 1717 2816 famem
1771 2777 2004 2830 augeas,

428 2849 642 2917 quando
688 2849 886 2918 poteris
928 2849 993 2902 ad
1049 2851 1164 2904 haec
1211 2850 1392 2904 limina
1445 2852 1743 2906 accedere?
1810 2852 2006 2906 Verum

428 2939 741 3007 quandoque
768 2953 1057 3007 pauperum
1099 2941 1386 2994 misereris.
1415 2939 1469 2994 Id
1509 2950 1561 2994 et
1589 2957 1687 3012 ego
1718 2943 1837 2995 novi
1875 2963 1886 2997 ε
1917 2943 2009 2996 sed

430 3029 515 3083 hic
545 3045 756 3098 quoque
776 3030 938 3082 multa
972 3031 1232 3097 pernicies
1263 3041 1366 3084 est.
1391 3033 1496 3084 Aut
1522 3033 1664 3087 enim
1693 3047 1813 3087 cum
1848 3036 2004 3099 fastu,

427 3131 518 3173 aut
547 3121 611 3173 ad
660 3136 842 3174 vanam
889 3121 1115 3190 gloriam
1151 3122 1200 3175 id
1232 3124 1346 3192 agis
1368 3163 1387 3190 ,
1419 3133 1475 3178 ut
1503 3140 1602 3179 nec
1630 3126 1679 3178 in
1713 3127 1862 3180 bonis
1894 3128 2010 3196 qui-

428 3211 548 3261 dem
584 3210 830 3277 operibus
886 3211 1080 3278 aliquid
1127 3211 1348 3266 lucreris
1387 3232 1416 3269 ηε
1457 3231 1561 3283 quo
1612 3215 1738 3283 quid
1781 3218 2008 3270 misera-

429 3301 590 3356 bilius
619 3317 866 3370 umquam
898 3302 1077 3368 fuerit,
1104 3318 1222 3358 cum
1249 3305 1301 3359 in
1333 3316 1486 3376 portu
1528 3314 1643 3377 ipso
1674 3311 2004 3381 naufragium

431 3388 684 3458 patiaris?
711 3390 786 3444 Ne
817 3392 974 3459 igitur
1004 3392 1054 3445 id
1086 3395 1315 3459 eveniat,
1350 3410 1469 3449 cum
1500 3397 1622 3451 boni
1650 3401 1847 3469 aliquid
1879 3417 2008 3470 ope-

430 3490 574 3533 ratus
599 3495 676 3544 es,
723 3496 789 3532 ne
819 3496 1024 3548 qua‘ras
1070 3496 1097 3535 a
1125 3499 1210 3539 me
1243 3489 1466 3554 gratiam
1487 3530 1500 3551 ,
1534 3499 1591 3542 ut
1619 3490 1780 3544 Deum
1816 3493 2011 3547 habeas

429 3576 757 3638 debitorem,
787 3576 871 3644 qui
913 3575 985 3625 ait
1021 3591 1031 3624 :
1064 3573 1297 3628 Mutuum
1329 3577 1445 3630 date
1493 3580 1553 3631 iis
1603 3597 1632 3632 a
1681 3583 1857 3647 quibus
1909 3600 2010 3636 non

429 3673 643 3738 speratis
669 3689 750 3726 vos
773 3684 1063 3742 accepturos
1091 3674 1240 3743 (Luc.
1262 3676 1310 3731 6.
1343 3674 1454 3745 55).
1478 3677 1650 3730 llabes
1676 3677 1969 3733 debitorem
1996 3697 2010 3744 ;

430 3761 525 3812 cur
555 3762 645 3814 illo
676 3764 858 3816 relicto
884 3804 897 3826 ,
925 3779 955 3816 a
987 3780 1073 3817 me
1123 3767 1396 3833 exposcis,
1443 3765 1662 3820 homine
1692 3783 1924 3836 paupere
1962 3781 2016 3824 et

434 3852 674 3908 misero?
700 3853 833 3908 Num
891 3855 1194 3925 indignatur
1223 3858 1308 3911 bic
1333 3858 1570 3931 debitor,
1602 3876 1722 3914 cum
1775 3862 2010 3916 debitum

433 3945 704 4015 exigitur?
730 3961 852 4000 num
882 3963 1078 4015 pauper
1107 3949 1225 4001 est?
1254 3964 1378 4001 nun)
1401 3951 1606 4006 solvere
1628 3955 1876 4008 recusat?
1899 3953 2012 4009 Non

433 4036 588 4090 vides
607 4035 722 4104 ejus
754 4036 1044 4092 ineffabiles
1064 4038 1383 4093 thesauros?
1413 4058 1516 4096 non
1543 4044 1692 4099 vides
1737 4046 1876 4100 illam
1905 4048 2016 4102 inc-

435 4126 750 4180 narrabilem
807 4127 1219 4181 liberalitatem?
1270 4130 1349 4182 Ab
1402 4132 1489 4183 illo
1547 4135 1704 4201 igitur
1761 4137 1911 4202 exige
1963 4150 2015 4188 et

435 4233 688 4280 cxposce.
736 4219 826 4271 Sic
876 4229 1090 4288 rogatus
1123 4219 1336 4288 gaudet.
1367 4221 1498 4275 Nam
1527 4224 1570 4278 si
1598 4225 1790 4278 viderit
1816 4228 1882 4280 ab
1909 4228 2016 4282 alio

436 4307 574 4375 exigi
607 4307 656 4360 id
680 4307 816 4374 quod
847 4308 956 4374 ipse
979 4308 1155 4373 debet,
1198 4314 1520 4366 Contumelia
1551 4314 1798 4368 alfectnm
1831 4332 1890 4372 se
1917 4335 2015 4385 pu-

437 4398 588 4460 tabit,
619 4411 714 4451 nec
747 4398 839 4451 tibi
870 4409 1050 4466 postea
1080 4399 1298 4463 reddet,
1325 4402 1431 4455 imo
1461 4412 1511 4456 te
1547 4406 1690 4470 juste
1716 4407 2010 4461 accusabit.

439 4491 491 4543 In
520 4505 625 4560 quo
648 4506 735 4544 me
763 4491 1047 4559 ingratum,
1095 4485 1334 4562 inquiet,
1367 4494 1809 4564 deprehendisti?
1859 4515 2015 4553 mene

437 4595 725 4648 pauperem
755 4589 924 4646 putas,
947 4581 1032 4648 qui
1059 4597 1145 4635 me
1165 4585 1525 4651 prietermisso
1548 4585 1681 4639 alios
1697 4587 1901 4642 adeas?
1927 4590 2014 4643 alii

437 4678 678 4722 mutuum
723 4669 934 4735 dedisti,
986 4680 1040 4725 et
1090 4672 1158 4725 ab
1213 4674 1316 4725 alio
1366 4676 1576 4743 exigis?
1620 4676 1732 4731 Etsi
1789 4695 2018 4750 namque

436 4757 601 4812 homo
630 4766 912 4828 acceperit,
944 4761 1083 4816 Deus
1111 4763 1240 4816 dare.
1267 4764 1426 4832 jussit
1461 4783 1472 4819 :
1503 4767 1614 4834 ipse
1640 4770 1841 4836 primus
1868 4770 2019 4826 dehi-

437 4862 520 4905 tor
546 4862 601 4906 et
628 4867 852 4920 Sponsor
893 4868 1011 4908 esse
1036 4856 1178 4918 vult,
1213 4872 1521 4912 innumeras
1549 4860 1640 4912 tibi
1688 4864 1928 4930 praebens
1951 4867 2017 4921 ab

436 4955 504 4994 co
529 4942 740 5010 petendi
768 4945 1095 5000 occasiones.
1129 4945 1207 5000 Ne
1248 4948 1407 5017 igitur
1444 4959 1586 5003 tanta
1620 4951 1870 5009 facilitate
1902 4967 2013 5010 tan-

439 5042 598 5100 taque
620 5033 938 5089 abundantia
969 5040 1346 5105 praetermissa,
1378 5056 1406 5093 a
1434 5058 1518 5096 me
1545 5046 1786 5114 accipere
1808 5064 2016 5117 quaeras

439 5121 528 5187 qui
558 5122 682 5174 nihil
715 5123 907 5178 habeo.
938 5125 1048 5190 Qua
1074 5127 1138 5180 de
1165 5143 1323 5182 causa
1355 5139 1408 5183 te
1443 5133 1570 5185 mihi
1595 5144 1830 5192 ostentas
1849 5178 1864 5203 ,
1893 5156 2012 5193 cum

441 5215 657 5280 pauperi
679 5229 867 5283 erogas
887 5217 909 5268 ?
935 5216 1066 5270 Num
1080 5233 1179 5287 ego
1205 5219 1312 5274 dixi
1343 5222 1455 5285 tibi,
1482 5223 1592 5276 Da?
1616 5243 1739 5280 num
1761 5243 1791 5280 a
1811 5246 1896 5284 me
1917 5247 2014 5285 au-

440 5304 588 5370 disti,
623 5315 676 5359 ut
702 5323 730 5360 a
761 5323 846 5361 me
877 5310 1098 5378 exigas?
1126 5311 1241 5380 Ipse
1271 5313 1406 5367 dixit
1436 5331 1448 5367 :
1483 5315 1582 5381 Qui
1602 5320 1861 5373 miseretur
1889 5339 2020 5389 pau-

445 5413 554 5464 pert
581 5437 595 5456 ,
625 5397 895 5465 fmueratur
923 5399 1030 5454 Deo
1058 5401 1076 5472 (
1101 5401 1252 5457 Prov.
1285 5404 1370 5459 19.
1405 5406 1531 5475 17).
1589 5407 1696 5462 Deo
1723 5409 2016 5466 fmncratus
2041 5451 2047 5455 -

440 5486 534 5540 es?
561 5487 642 5540 Ab
668 5489 758 5542 illo
782 5491 953 5559 exige.
982 5492 1051 5546 At
1075 5509 1178 5546 non
1213 5504 1379 5550 totum
1405 5513 1547 5553 nunc
1575 5499 1789 5555 reddit?
1822 5502 2015 5558 Verum

503 5619 578 5688 (ᾳ)
611 5625 731 5680 Ergo
754 5629 976 5688 tempore
1009 5624 1326 5688 Chrysostomi
1353 5633 1501 5681 etiam
1545 5631 1803 5685 Christiani
1837 5651 2016 5688 nomen

440 5681 620 5762 probi-1):
627 5691 754 5762 erat.
762 5681 902 5762 apud
912 5681 1143 5762 gentiles,
1159 5681 1579 5762 quemadmodum
1592 5681 2016 5762 fertulﬁliani‘iv'o;

444 5748 498 5791 ut
519 5745 583 5791 ait
606 5742 712 5801 ipse
740 5742 865 5794 libro
881 5742 1034 5809 primo
1055 5742 1141 5797 Ad
1159 5742 1397 5802 Nationes.

1166 356 1222 412 S.
1262 352 1539 408 .IOANNIS
1577 343 2053 406 CHRYSOSTOMI
2093 345 2407 403 ARCHIEP.
2447 346 2979 406 CONSTANTlNOP.

3605 351 3710 406 236

2118 475 2169 531 id
2196 479 2261 532 ad
2290 479 2569 535 utilitatem
2599 488 2742 535 tuam
2771 480 2916 535 facit.
2961 482 3057 536 Est
3082 481 3282 551 quippe
3315 481 3432 536 talis
3457 481 3710 552 debitor,

2113 567 2200 635 qui
2229 583 2334 622 non
2359 571 2532 624 solum
2561 569 2612 624 id
2631 572 2770 637 quod
2797 581 2981 626 mutuo
3007 574 3188 627 datum
3224 583 3322 638 est,
3356 582 3414 627 ut
3439 575 3597 628 multi
3625 577 3709 627 fa-

2112 660 2298 725 ciunt,
2329 661 2554 716 reddere
2589 663 2833 727 festinet;
2867 663 2960 717 sed
2990 665 3152 719 etiam
3172 665 3223 718 id
3250 675 3387 735 agat,
3419 675 3479 719 ut
3496 665 3546 719 id
3565 668 3710 736 quod

2112 749 2292 804 datum
2312 763 2413 816 est,
2448 753 2499 806 in
2528 761 2640 806 tuto
2666 753 2970 822 depositum
2993 754 3080 808 sit.
3114 756 3237 810 Ideo
3259 773 3378 826 quae
3409 758 3498 811 hic
3528 757 3706 813 debita

2111 853 2235 896 sunt
2265 844 2467 906 reddit;
2490 860 2606 914 quae
2628 846 2758 909 illic,
2792 856 3048 900 reservat.

2185 933 2271 988 10.
2323 933 2446 988 lirec
2485 951 2601 988 cum
2630 937 2886 1000 sciamus,
2923 938 3300 993 misericordiaa
3331 956 3582 1011 magnam
3613 943 3709 997 de-

2114 1036 2232 1076 mus
2259 1038 2475 1091 operam
2524 1023 2854 1094 multamque
2903 1026 3283 1082 humanitatem
3315 1045 3670 1085 exerceamus
3691 1073 3708 1096 ,

2114 1125 2168 1169 et
2199 1117 2436 1184 pecuniis
2461 1126 2514 1169 et
2540 1117 2810 1184 operibus.
2839 1119 2905 1172 Et
2930 1121 2975 1173 si
3003 1119 3276 1176 videamus
3304 1122 3538 1191 aliquem
3565 1124 3712 1178 male

2116 1207 2424 1261 mulctatum
2455 1219 2507 1261 et
2547 1223 2742 1262 cmsum
2773 1211 2823 1263 in
2853 1211 2991 1276 foro,
3030 1213 3072 1265 si
3105 1224 3379 1282 argentum
3411 1230 3709 1285 possumus

2113 1295 2382 1364 deponere
2405 1338 2419 1361 ,
2447 1297 2778 1365 deponamus
2803 1317 2817 1365 ;
2847 1303 2888 1354 si
2915 1303 3092 1356 verbis
3137 1317 3249 1358 rem
3279 1320 3567 1374 possumus
3596 1317 3707 1362 ter-

2113 1386 2338 1450 minare,
2364 1403 2428 1439 ne
2457 1389 2652 1456 pigeat.
2681 1389 2779 1444 Est
2803 1393 2944 1446 enim
2975 1394 3135 1447 etiam
3168 1411 3261 1461 pro
3284 1409 3537 1452 sermone
3564 1413 3707 1452 mer-

2114 1492 2241 1541 ces;
2294 1477 2400 1532 imo
2453 1481 2611 1532 etiam
2658 1497 2752 1550 pro
2792 1483 3115 1551 gemitibus;
3168 1485 3325 1554 idque
3368 1488 3557 1541 beatus
3604 1488 3710 1544 Job

2112 1563 2322 1626 dicebat
2355 1592 2366 1625 :
2401 1572 2513 1643 Ego
2552 1586 2718 1628 autem
2753 1578 2934 1645 ﬂebam
2982 1595 3135 1646 super
3160 1596 3356 1633 omnem
3395 1581 3664 1649 infirmum
3694 1601 3707 1636 .'

2111 1665 2333 1734 ingemui
2357 1677 2523 1719 autem
2565 1669 2736 1721 videns
2775 1670 2935 1722 virum
2957 1674 3008 1722 in
3037 1671 3410 1726 necessitatibus
3451 1672 3576 1741 (Job
3609 1675 3704 1729 50.

2112 1753 2181 1807 25
2201 1754 2242 1824 ).
2274 1755 2325 1808 Si
2353 1765 2530 1809 autem
2563 1771 2658 1826 pro
2685 1757 2933 1828 lacrymis
2962 1769 3015 1814 et
3041 1761 3327 1827 gemitibus
3353 1777 3565 1817 merces
3587 1774 3694 1826 est.

2114 1846 2326 1914 quando
2354 1848 2515 1901 etiam
2562 1863 2841 1903 sermones
2887 1860 2936 1902 et
2964 1849 3266 1903 sollicitudo
3299 1853 3573 1921 multaque
3597 1855 3704 1907 alia

2113 1935 2449 1998 adhibentur,
2495 1937 2666 2006 cogita
2709 1945 2904 2006 quanta
2946 1939 3016 1992 sit
3060 1941 3356 1994 retributio.
3390 1941 3603 1996 Etenim
3653 1953 3710 1998 ct

2113 2043 2210 2083 nos
2236 2029 2432 2083 inimici
2449 2029 2540 2083 Dei
2560 2044 2772 2083 eramus
2799 2047 2812 2094 ;
2837 2040 2889 2083 et
2920 2030 3234 2099 Unigenitus
3260 2046 3358 2086 nos
3386 2035 3711 2088 reconcilia-

2112 2119 2205 2184 vit,
2233 2133 2352 2173 sese
2385 2119 2618 2173 medium
2645 2120 2957 2185 cunjiciens,
2979 2131 3031 2173 rt
3059 2122 3240 2189 plagas
3261 2136 3359 2192 pro
3383 2124 3540 2178 nobis
3560 2127 3711 2179 exci-

2111 2211 2282 2280 piens,
2310 2221 2645 2281 mortemque
2673 2213 2896 2280 patiens.
2931 2212 3254 2268 Studeamus
3284 2215 3464 2284 itaque
3493 2226 3548 2272 et
3579 2233 3706 2283 nos,

2111 2316 2206 2356 eos
2233 2303 2322 2371 qui
2353 2302 2404 2355 in
2437 2302 2552 2355 haec
2591 2301 2830 2356 incidunt
2855 2317 2884 2356 a
2913 2303 3067 2357 malis
3099 2305 3393 2359 innumeris
3434 2307 3708 2372 liberare;

2112 2406 2217 2445 non
2241 2407 2390 2455 vero,
2415 2391 2554 2460 quod
2576 2406 2716 2446 nunc
2741 2393 2983 2454 facimus,
3013 2393 3064 2446 in
3087 2394 3227 2447 mala
3254 2410 3350 2449 eos
3369 2397 3667 2454 immittere
3691 2417 3708 2454 :

2111 2497 2230 2536 cum
2259 2483 2533 2551 quospiam
2561 2483 2800 2539 videmus
2825 2484 2876 2538 in
2898 2499 2956 2539 se
2985 2496 3170 2540 mutuo
3193 2489 3416 2552 irruere,
3438 2489 3709 2545 alterum-

2111 2586 2214 2638 que
2245 2573 2312 2624 ab
2336 2571 2506 2626 altero
2549 2574 2687 2627 male
2714 2574 2848 2627 affici
2874 2591 2888 2640 ;
2919 2575 3193 2630 adstantes
3231 2577 3375 2631 enim
3406 2579 3712 2648 gaudemus

2114 2661 2183 2714 de
2223 2660 2449 2714 aliorum
2492 2662 2758 2717 dedecore
2783 2704 2797 2727 ,
2832 2663 3204 2734 theatrumque
3231 2666 3552 2722 diabolicum
3605 2672 3714 2724 cir-

2111 2764 2234 2804 cum
2255 2753 2538 2805 statuimus
2568 2770 2581 2805 ε
2614 2769 2717 2822 quo
2754 2753 2879 2823 quid
2907 2755 3191 2810 immanius
3219 2773 3472 2827 umquam
3502 2759 3715 2815 fuerit?

2114 2840 2275 2896 Vides
2299 2844 2437 2897 male
2467 2843 2762 2910 audientes,
2790 2861 2850 2899 se
2876 2856 3059 2900 mutuo
3080 2847 3467 2918 discerpemus,
3499 2861 3712 2907 vestem

2115 2933 2489 2998 discindentes,
2522 2935 2708 2989 faciem
2741 2938 3010 2992 caedentes
3030 2981 3043 3004 ,
3068 2949 3122 2994 et
3162 2942 3343 3009 quiete
3371 2954 3516 2998 stare
3543 2947 3715 3000 susti-

2116 3027 2243 3079 nes?
2267 3027 2398 3080 Num
2429 3042 2582 3080 ursus
2612 3037 2694 3081 est
2741 3030 2786 3083 is
2812 3035 2900 3098 qui
2930 3033 3171 3101 pugnat?
3195 3049 3321 3088 num
3365 3034 3476 3090 fera
3501 3035 3526 3088 ἵ
3573 3054 3709 3093 num

2115 3122 2374 3190 serpens?
2433 3120 2604 3175 llomo
2659 3134 2741 3177 est
2782 3135 2954 3179 tecum
3009 3142 3222 3202 semper
3271 3133 3709 3202 communicatis,

2115 3206 2278 3261 frater
2305 3217 2407 3273 est,
2436 3211 2737 3267 membrum
2767 3223 2913 3268 tuum
2939 3227 3041 3269 est.
3073 3217 3151 3272 Ne
3172 3229 3444 3287 spectator
3470 3224 3567 3286 sis,
3602 3225 3705 3280 sed

2115 3299 2267 3353 solve
2287 3301 2489 3366 rixam;
2521 3318 2588 3356 ne
2617 3304 2816 3359 laeteris
2840 3347 2855 3371 ,
2888 3307 2981 3361 sed
3010 3310 3256 3378 corripe;
3283 3326 3352 3365 ne
3390 3312 3526 3368 alios
3551 3316 3713 3370 exci-

2116 3395 2195 3442 tes
2217 3389 2282 3442 ad
2313 3398 2516 3444 tantum
2547 3392 2778 3448 dedecus
2808 3436 2821 3458 ,
2867 3397 2960 3450 sed
2988 3398 3342 3468 conﬁigentes
3385 3417 3511 3458 arce
3545 3414 3602 3459 et
3622 3406 3714 3461 di-

2117 3478 2269 3534 rime.
2325 3479 2714 3549 lmpudentium
2756 3486 2897 3539 enim
2942 3497 2996 3540 et
3037 3489 3340 3545 otiosorum
3381 3503 3464 3548 est
3511 3496 3714 3554 talibus

2117 3571 2352 3638 gaudere
2383 3573 2778 3630 calamitatibus
2801 3618 2813 3640 ,
2863 3577 3192 3635 nefariorum
3215 3593 3270 3637 et
3316 3584 3712 3644 irrationalium

2120 3659 2415 3716 hominum.
2444 3663 2603 3720 Vides
2645 3665 2911 3722 hominem
2945 3673 3168 3741 turpiter
3188 3685 3452 3744 agentem,
3478 3694 3578 3734 nec
3609 3681 3714 3735 ad-

2120 3753 2280 3806 vertis
2311 3764 2362 3808 te
2413 3756 2570 3810 etiam
2623 3759 2848 3826 turpiter
2894 3763 3096 3830 agere?
3137 3779 3310 3834 neque
3369 3769 3422 3822 in
3467 3772 3708 3828 medium

2119 3845 2296 3910 irruis,
2318 3856 2372 3898 ιιι
2396 3845 2589 3899 diaboli
2615 3849 2924 3919 phalangem
2944 3852 3192 3923 dissipes,
3226 3868 3280 3911 et
3299 3856 3530 3914 humana
3559 3865 3705 3920 mala

2118 3933 2333 3987 solvas?
2380 3937 2466 3999 At,
2513 3937 2718 4006 inquies
2743 3979 2756 4003 ,
2801 3951 2857 3994 ιιι
2901 3951 2954 3995 et
2977 3957 3078 4012 ego
3103 3945 3284 4016 plagas
3319 3951 3603 4019 accipiam,
3636 3955 3711 4010 ita

2115 4022 2316 4090 jubcs?
2345 4027 2503 4094 Atqui
2534 4027 2583 4080 id
2627 4037 2680 4081 tu
2727 4044 2832 4083 non
2861 4034 3075 4098 patieris
3101 4050 3115 4099 ;
3155 4036 3202 4090 si
3230 4053 3358 4093 vero
3386 4043 3628 4110 patiaris,
3657 4046 3710 4101 id

2122 4114 2215 4165 tibi
2254 4117 2491 4183 martyrii
2522 4117 2638 4169 loco
2664 4119 2810 4171 erit:
2853 4132 3069 4191 propter
3112 4125 3281 4182 Deum
3327 4133 3467 4185 enim
3513 4149 3713 4204 passus

2123 4217 2200 4258 es.
2235 4203 2291 4257 Si
2334 4220 2461 4259 vero
2512 4208 2692 4277 plagas
2722 4211 2965 4280 accipere
2992 4219 3278 4285 cunctaris,
3311 4225 3484 4292 cogita
3515 4203 3708 4284 ί)οωὶ-

2124 4311 2248 4348 num
2283 4306 2424 4350 tunm
2454 4313 2663 4353 crucem
2697 4314 2914 4371 propter
2951 4314 3000 4361 te
3035 4323 3248 4377 passum
3276 4327 3415 4368 esse.
3451 4317 3532 4372 illi
3560 4324 3710 4378 enim

2123 4385 2268 4439 velut
2295 4388 2427 4442 ebrii
2456 4398 2508 4442 et
2529 4390 2865 4448 obtcnebrati
2896 4407 3039 4458 sunt,
3070 4398 3248 4454 furore
3277 4405 3408 4460 duce
3433 4418 3489 4462 et
3515 4419 3709 4478 tyran-

2125 4475 2301 4529 nidem
2327 4490 2610 4533 exercente
2635 4523 2650 4545 ,
2691 4497 2824 4551 opus
2868 4498 3044 4540 autem
3076 4489 3271 4545 habent
3322 4509 3466 4549 sana:
3509 4475 3716 4558 mentis

2125 4564 2354 4629 homine,
2408 4572 2495 4638 qui
2543 4572 2670 4640 ipsis
2718 4577 3024 4643 auxiliatur,
3079 4590 3182 4634 tam
3241 4601 3430 4655 nempe
3473 4589 3708 4662 laedens,

2123 4671 2280 4724 quam
2314 4662 2516 4727 patiens
2545 4679 2558 4715 :
2587 4663 2671 4716 hic
2700 4665 2913 4732 quidem
2939 4708 2954 4732 ,
2997 4678 3055 4723 ut
3092 4674 3229 4727 male
3260 4677 3462 4742 patiens
3509 4682 3719 4742 libere-

2125 4757 2210 4802 tur
2233 4765 2247 4812 ;
2283 4751 2369 4804 ille
2390 4768 2532 4820 vero,
2565 4765 2622 4809 ut
2646 4757 2794 4835 mala
2815 4758 3010 4816 inferre
3037 4762 3261 4819 desinat.
3286 4771 3496 4828 Accede
3521 4777 3712 4844 igitur,

2123 4851 2176 4895 et
2238 4859 2448 4897 manum
2505 4849 2720 4917 porrige
2770 4851 2979 4907 sobrius
3022 4860 3336 4915 temulento.
3375 4863 3457 4918 Ira
3507 4872 3720 4940 quipp‘o

2123 4934 2431 4989 ebrietatem
2463 4940 2639 5006 parit,
2675 4941 2778 4994 vini
2825 4945 3131 5004 tcmulentia
3180 4934 3540 5013 deteriorem:
3587 4934 3714 5019 Si)“

2125 5030 2270 5084 vides
2290 5043 2496 5095 nautas,
2523 5047 2642 5086 cum
2670 5034 2874 5105 aliquos
2896 5053 3123 5096 cernunt
3155 5045 3390 5104 incidere
3409 5051 3460 5104 in
3490 5054 3714 5111 naufra-

2123 5121 2286 5188 gium,
2319 5123 2586 5191 quomodo
2614 5126 2727 5179 vela
2767 5131 3163 5198 expandentes,
3204 5151 3324 5190 cum
3360 5156 3548 5210 magna
3584 5145 3706 5200 (ωι-

2121 5214 2298 5296 gentia
2325 5227 2647 5284 properent,
2678 5229 2737 5272 ut
2766 5223 2939 5276 socios
2985 5240 3052 5279 ex
3099 5227 3346 5285 fluctibus
3386 5238 3616 5291 eruant?
3644 5240 3707 5295 Si

2125 5318 2248 5356 vero
2272 5306 2402 5359 artis
2431 5307 2670 5374 ejusdem
2698 5322 2972 5367 consortes
3003 5323 3204 5371 tantum
3235 5320 3336 5373 sibi
3360 5319 3543 5379 mutuo
3567 5342 3711 5394 ιιι-ξο-

2124 5402 2264 5446 stant
2283 5397 2558 5462 auxilium,
2586 5400 2750 5451 multo
2781 5402 2947 5471 magis
2974 5405 3213 5472 ejusdem
3243 5425 3448 5467 natura:
3473 5430 3706 5473 consor-

2127 5493 2204 5539 tes
2234 5485 2346 5541 htcc
2366 5488 2540 5542 omnia
2581 5489 2759 5546 facere
2806 5509 2900 5563 par
2925 5505 3023 5549 est.
3055 5496 3184 5551 Nam
3216 5499 3301 5555 hic
3326 5520 3537 5574 quoque
3568 5525 3710 5564 nau-

2126 5574 2347 5645 fragium
2401 5589 2482 5633 est
2536 5581 2627 5634 illo
2674 5585 3041 5650 perniciosius.
3100 5591 3375 5646 Auteuim
3428 5597 3712 5658 tllelzcsus

2128 5666 2546 5736 blasphemavit,
2603 5681 2657 5724 ct
2692 5676 2868 5729 omnia
2924 5675 3060 5732 bona
3118 5686 3424 5748 evacuavit;
3471 5699 3563 5742 aut
3617 5707 3720 5761 pe-

2120 5759 2311 5828 jeravit
2331 5802 2346 5827 ,
2382 5761 2458 5815 ira
2487 5773 2729 5833 cogente,
2773 5776 2934 5836 atque
2973 5768 3024 5824 in
3050 5769 3347 5843 gehennam
3377 5776 3597 5852 incidit;
3621 5759 3712 5838 ιρι
