4050 6450
291 368 401 427 2'57

288 483 507 552 plagam
532 478 695 537 infert
720 487 881 549 atque
905 491 1112 542 necem,
1132 486 1187 533 et
1209 476 1311 531 hoc
1338 474 1510 546 ipsum
1535 477 1736 547 patitur
1761 492 1891 531 nau-

289 571 541 644 fragium.
572 572 743 643 Perge
791 570 971 641 igitur,
1000 570 1199 625 malum
1230 568 1362 623 illud
1404 567 1533 624 seda
1558 610 1573 635 ,
1604 568 1889 625 demersos

285 663 535 730 extrahe,
560 663 613 717 in
640 662 813 730 ipsum
839 660 1170 730 tempestatis
1197 659 1415 730 pelagus
1433 658 1794 727 descendens,
1822 674 1887 715 ac

288 756 471 810 soluto
517 752 717 809 diaboli
761 752 1011 818 theatro,
1060 752 1287 809 seorsim
1336 752 1575 822 singulos
1624 752 1889 816 admone,

288 844 562 901 ﬂammam
605 845 907 915 exstingue,
960 843 1259 913 ﬂuctusque
1294 844 1614 912 comprime.
1664 843 1721 899 Si
1761 858 1892 899 vero

286 937 468 1005 majus
495 935 653 992 fuerit
676 936 1000 999 incendium,
1031 934 1327 1006 fornaxque
1352 935 1629 991 ardentior
1650 976 1667 1002 ,
1698 950 1769 991 ne
1785 937 1895 991 for-

294 1031 473 1086 mides
503 1048 517 1085 :
550 1030 705 1085 multi
731 1031 879 1085 enim
923 1028 1117 1083 adsunt
1146 1027 1237 1098 qui
1264 1028 1358 1083 tibi
1393 1029 1743 1099 opitulentur,
1772 1044 1891 1084 ma-

286 1138 529 1194 numque
561 1123 832 1195 porrigant
855 1162 871 1187 ,
896 1122 940 1176 si
971 1121 1145 1176 solum
1172 1120 1416 1191 incipias,
1445 1130 1611 1192 atque
1774 1135 1912 1175 om-'

290 1215 452 1270 nibus
478 1216 620 1271 Dens
669 1214 834 1285 pacis.
885 1213 951 1269 Et
986 1214 1031 1268 si
1061 1214 1208 1283 prior
1236 1211 1508 1267 ﬂammam
1559 1214 1889 1279 excusseris,

287 1308 443 1362 multi
489 1308 576 1361 alii
620 1315 932 1376 sequentur,
964 1304 1151 1375 sicque
1195 1318 1403 1369 eorum,
1458 1319 1579 1374 qua:
1601 1304 1699 1374 ipsi
1746 1314 1894 1360 recte

285 1399 535 1465 fecerint,
568 1407 623 1453 tu
672 1397 978 1453 mercedem
1004 1396 1262 1466 accipies.
1315 1396 1455 1451 Audi
1490 1396 1618 1468 quid
1645 1394 1893 1453 Christus

283 1489 492 1546 Judzeis
523 1490 669 1544 humi
692 1489 1007 1557 repentibus
1032 1488 1366 1558 prteceperit.
1389 1487 1452 1544 Si
1468 1489 1673 1554 uideris,
1696 1490 1887 1558 inquit,

278 1586 575 1653 jumentum
615 1579 811 1634 inimici
860 1581 933 1634 tui
977 1578 1199 1650 lapsum,
1256 1596 1319 1632 ne
1373 1590 1754 1648 pretcrcurras,
1803 1582 1893 1634 sed

289 1675 429 1745 erige
485 1671 621 1727 illud
669 1670 865 1743 (Exod.
915 1671 1005 1726 23.
1040 1670 1138 1741 5).
1172 1667 1332 1740 Atqui
1369 1670 1527 1742 longe
1576 1670 1783 1726 facilius
1809 1680 1892 1727 est

281 1779 409 1820 sese
459 1771 647 1818 mutuo
695 1762 1044 1817 verberantes
1094 1762 1344 1817 homines
1397 1776 1671 1831 separare,
1724 1778 1888 1832 quam

272 1860 588 1932 jumentum
646 1856 876 1927 erigere.
933 1853 991 1910 Si
1041 1841 1169 1910 vero
1235 1854 1573 1910 inimicorum
1624 1854 1837 1909 asinum
1869 1897 1884 1919 ,

280 1948 455 2003 multo
482 1948 652 2018 magis
681 1948 978 2003 amicorum
1000 1947 1209 2001 animas
1238 1956 1452 2015 Oportet
1482 1947 1695 2017 erigere
1721 1966 1734 2001 :
1760 1962 1881 2002 cum

278 2042 521 2095 maxime
549 2039 787 2095 deterior
808 2048 892 2093 est
922 2039 1075 2092 ruina
1101 2054 1116 2100 ;
1151 2052 1325 2107 neque
1356 2039 1499 2092 enim
1544 2038 1597 2092 in
1648 2053 1887 2106 ctenum,

287 2133 386 2187 sed
415 2133 467 2185 in
512 2132 812 2202 gehennam
842 2130 993 2201 ignis.
1028 2129 1310 2194 incidunt,
1338 2129 1480 2199 quod
1534 2131 1626 2184 ira:
1678 2130 1889 2201 pondus

272 2238 441 2294 grave
460 2238 565 2277 non
585 2220 1040 2276 sustinuerint.Tu
1064 2235 1191 2274 vero
1209 2220 1395 2275 videns
1414 2219 1632 2275 fratrem
1656 2222 1757 2277 sub
1781 2237 1892 2277 sar.

273 2317 395 2369 cina
414 2315 682 2384 jaceutem
702 2355 717 2379 ,
758 2325 812 2369 et
858 2313 1132 2368 diabolum
1153 2313 1438 2368 instantem
1460 2328 1522 2369 ac
1547 2329 1734 2384 rogum
1764 2330 1887 2370 suc-

275 2408 596 2463 cendentem
617 2449 630 2471 ,
662 2406 1021 2460 inhumaniter
1063 2405 1458 2476 crudeliterque
1496 2409 1886 2476 prmtercurris,

275 2500 417 2570 quod
460 2514 529 2554 ne
566 2514 691 2567 erga
721 2498 873 2553 bruta
900 2496 1118 2567 quidem
1159 2497 1275 2551 sine
1306 2499 1541 2566 periculo
1566 2499 1883 2555 admittitur.

355 2594 447 2648 il.
502 2590 608 2646 Eos
650 2592 737 2661 qui
776 2590 1060 2645 rimantibus
1099 2607 1200 2643 non
1238 2590 1585 2657 intercedunt,
1619 2593 1889 2664 increpat;

272 2684 479 2746 deinde,
527 2685 666 2753 ipsos
712 2684 984 2736 rixatores.
1016 2682 1477 2737 -—-Samaritanus
1529 2684 1745 2753 quidem
1798 2686 1888 2740 ille

272 2775 516 2830 saucium
559 2775 747 2830 videns
775 2776 1034 2844 ignotum,
1072 2773 1309 2843 nihilque
1345 2773 1409 2828 ad
1452 2789 1573 2828 eum
1615 2778 1888 2845 pertinen-

277 2873 409 2929 tem,
441 2874 497 2919 et
533 2865 699 2927 stetit,
748 2874 799 2917 ct
820 2864 1065 2932 iumento
1094 2876 1193 2917 suo
1216 2863 1487 2933 imposuit,
1523 2866 1681 2934 inque
1710 2865 1887 2921 diver-

273 2955 477 3011 sorium
506 2954 749 3020 deduxit,
780 2970 845 3009 ac
874 2954 1140 3008 medicum
1186 2954 1435 3009 mercede
1460 2956 1753 3023 conduxit,
1798 2972 1887 3011 ar-

273 3055 600 3116 gentumque
624 3046 813 3115 partim
840 3044 1005 3110 dedit,
1031 3045 1329 3115 partimque
1348 3046 1610 3114 pollicitus
1630 3047 1882 3116 est(Luc.

276 3138 367 3195 10.
419 3139 508 3192 33.
550 3136 709 3208 sqq.).
754 3136 835 3192 'l‘u
878 3152 1004 3193 vero
1032 3138 1158 3191 dum
1204 3137 1475 3192 hominem
1506 3139 1653 3194 vides
1682 3139 1771 3209 qui
1800 3140 1884 3193 in-

274 3232 425 3293 cidit,
456 3247 561 3286 non
594 3232 648 3284 in
694 3230 952 3293 latrones,
974 3230 1066 3285 sed
1108 3230 1159 3284 in
1187 3229 1579 3286 daemoniorum
1607 3232 1880 3297 cohortes,

275 3324 474 3393 quique
505 3320 686 3375 furore
729 3330 1014 3389 correptus
1061 3328 1179 3385 est,
1218 3335 1321 3373 non
1353 3319 1407 3374 in
1433 3320 1671 3387 deserto,
1703 3322 1796 3377 sed
1828 3324 1879 3377 in

276 3416 457 3470 medio
488 3414 625 3476 foro,
648 3427 752 3467 non
774 3413 1051 3482 pecuniam
1074 3412 1436 3479 impensurus,
1459 3427 1556 3467 nec
1576 3413 1880 3482 jumentum

274 3506 664 3571 conducturos,
693 3506 775 3560 vel
802 3504 1037 3575 aliquem
1069 3504 1257 3574 procul
1286 3504 1566 3568 missurus,
1594 3504 1690 3559 sed
1720 3506 1880 3560 verba

276 3609 484 3655 tantum
532 3599 853 3668 prulaturus,
900 3596 1170 3652 cunctaris
1217 3611 1282 3650 ac
1325 3596 1542 3666 refugis,
1569 3605 1731 3667 atque
1762 3598 1881 3652 sine

275 3691 646 3747 misericordia
700 3690 1107 3760 prietercurris‘!
1155 3689 1223 3743 Et
1267 3688 1540 3758 quomodo
1590 3702 1779 3753 speras
1831 3698 1883 3745 te

276 3784 445 3839 Deum
495 3799 744 3848 umquam
792 3782 1079 3850 pmpitium
1111 3780 1414 3833 habiturum
1451 3782 1610 3834 esse?
1634 3779 1753 3835 Jam
1785 3796 1881 3836 vos

275 3879 519 3947 alloquar
546 3879 635 3944 qui
668 3877 719 3930 in
749 3876 864 3931 foro
892 3876 1147 3930 indecore
1167 3875 1344 3945 agitis,
1370 3891 1599 3946 eumque
1619 3878 1709 3947 qui
1736 3876 1882 3932 lmdit

275 3978 332 4024 et
363 3969 542 4037 inique
571 3968 699 4037 agit.
748 3966 841 4021 Dic
871 3966 1021 4033 mihi,
1051 3966 1233 4036 plagas
1265 3967 1478 4029 incutis,
1511 3966 1749 4022 calcibus
1776 3968 1881 4021 im-

278 4060 435 4131 potis,
464 4068 519 4113 et
546 4056 801 4113 mordes?
829 4057 1003 4113 Snsne
1031 4057 1275 4111 silvester
1303 4071 1381 4122 es,
1412 4058 1496 4111 vel
1518 4059 1752 4127 onager?
1774 4058 1881 4113 Nec

278 4164 332 4209 te
356 4154 539 4223 pudet,
567 4167 669 4207 nec
695 4152 990 4207 erubescis.
1022 4150 1091 4203 ita
1120 4150 1395 4213 efferatus,
1425 4149 1515 4217 qui
1544 4152 1877 4205 nobilitatem

282 4257 426 4301 tuam
472 4244 789 4315 prodidisti?
831 4243 887 4297 Si
938 4243 1079 4297 enim
1116 4258 1315 4311 pauper
1341 4258 1421 4307 es,
1465 4250 1518 4293 at
1549 4242 1685 4297 liber
1712 4259 1803 4308 es;
1834 4244 1879 4297 si

278 4336 466 4392 artifex
494 4350 574 4399 es,
620 4334 713 4389 sed
740 4333 1100 4389 Christianus.
1135 4333 1211 4387 Eo
1240 4333 1356 4403 ipso
1386 4333 1526 4400 quod
1566 4349 1769 4405 pauper
1797 4350 1875 4401 es,

278 4430 557 4499 quiescere
582 4427 768 4482 debes.
799 4426 928 4482 Nam
960 4427 1181 4481 divitum
1212 4436 1294 4479 est
1328 4426 1555 4497 litigare,
1589 4444 1699 4482 non
1746 4444 1879 4497 pan—

280 4536 502 4589 pcrum;
544 4518 787 4581 divitum,
837 4519 1073 4592 inquam,
1111 4515 1425 4587 qui-’multas
1457 4519 1878 4590 babentjurgio-

282 4628 400 4667 rum
427 4625 634 4666 causas.
665 4609 745 4663 Tu
784 4624 912 4663 vero
949 4610 1039 4678 qui
1085 4609 1387 4662 divitiarum
1418 4611 1743 4677 voluptatem
1774 4628 1878 4664 non

280 4704 468 4769 babes,
498 4704 632 4757 mala
660 4713 837 4756 tamen
856 4700 1157 4755 divitiarum
1186 4701 1403 4770 qumris,
1434 4700 1740 4757 inimicitias
1764 4702 1877 4765 tibi,

279 4798 656 4853 contentiones
703 4805 755 4850 et
786 4796 927 4849 rixas
956 4795 1253 4858 attrahens,
1286 4796 1502 4849 fratrem
1533 4797 1790 4864 prchocas
1826 4806 1881 4850 et

278 4888 453 4959 ongis,
499 4896 554 4939 et
585 4887 793 4955 publice
824 4885 923 4940 sub
952 4886 1191 4939 omnimn
1219 4886 1389 4938 oculis
1421 4888 1717 4954 prosternis
1744 4908 1755 4942 :
1783 4903 1881 4942 nec

280 4989 335 5034 te
357 4987 511 5047 putas
537 4977 705 5045 magis
732 4976 981 5030 indecore
1007 4991 1189 5046 agere,
1214 4975 1339 5029 dum
1368 4977 1594 5031 ferarmn
1623 4978 1881 5046 impetum

281 5068 529 5133 imitaris,
576 5067 868 5136 quinetiam
913 5067 1019 5120 illis
1055 5066 1289 5121 deterior
1327 5066 1549 5121 effectus
1577 5082 1656 5122 es.
1690 5067 1880 5124 Omnia

279 5161 476 5228 quippe
507 5158 609 5211 illis
638 5157 938 5210 communia
969 5166 1111 5221 sunt,
1144 5157 1301 5211 simul
1330 5170 1744 5231 congregantur,
1772 5176 1878 5215 una

283 5251 571 5315 incedunt;
617 5250 773 5303 nobis
816 5265 944 5304 vero
975 5250 1105 5303 nihil
1134 5266 1419 5305 commune
1446 5261 1546 5315 est,
1580 5253 1673 5306 sed
1701 5255 1880 5309 omnia

282 5357 375 5396 sus
415 5343 587 5410 deque
630 5344 797 5409 posita
828 5350 971 5405 sunt,
1008 5343 1153 5406 rixa},
1183 5343 1577 5410 contentiones,
1615 5345 1879 5413 convicia,

300 5435 966 5445 —Mﬂ_

284 5616 415 5673 CAP.
463 5616 515 5671 5.
559 5632 614 5669 γ.
654 5616 743 5669 Π.
787 5615 961 5669 Nolite
1001 5626 1199 5684 putare,
1244 5618 1379 5685 quod
1436 5608 1652 5671 verterint
1696 5620 1889 5674 solvere

790 5708 947 5779 legem
978 5717 1065 5760 aut
1092 5708 1381 5778 prophetas.

366 5802 413 5858 Ι.
442 5799 612 5872 Quare
645 5801 873 5857 Christus
898 5819 949 5857 se
970 5820 1068 5856 non
1102 5803 1292 5859 solvere
1323 5803 1481 5873 legem
1508 5806 1810 5870 asseruerit;
1842 5815 1889 5862 et

1454 362 1518 419 ΙΝ
1557 362 1966 421 ΜᾹΤἸἩΑΕΙΙΜ
2006 364 2237 424 HOMIL.
2281 366 2422 424 XVI.

1144 5435 1639 5443 ——...u-——--__A__,«
1674 5438 1950 5446 »σνψ--ῇ

1968 5439 3462 5456 -α--ᾑ--Μ-ῌσ--σ--κ-ν-..ᾐ

1652 5513 2001 5574 HOMILIA
2048 5513 2220 5575 XVI.

3502 383 3612 440 ass

2002 470 2313 547 inimicitiae,
2335 482 2699 539 contumelias
2748 484 2856 540 Sed
2884 502 3059 557 neque
3085 489 3277 545 uelum
3311 492 3483 561 ipsum
3518 513 3609 551 rc-

1999 583 2271 635 veremur,
2298 586 2407 641 quo
2431 587 2621 629 omnes
2650 573 2811 630 simul
2841 579 3018 633 vocati
3044 595 3255 646 sumus,
3288 599 3464 652 neque
3492 596 3605 641 ter-

1999 676 2115 714 ram
2158 677 2279 732 quae
2327 663 2484 719 nobis
2531 667 2783 723 omnibus
2834 669 3075 735 obvenit,
3130 688 3309 742 neque
3356 688 3606 734 naturam

1999 751 2169 820 ipsam
2202 754 2339 810 :scd
2388 756 2570 811 omnia
2620 758 2782 813 simul
2838 760 2917 815 ira
2969 770 3026 816 et
3072 778 3223 818 amur
3259 769 3606 833 pecuniarum

1997 842 2299 914 dissipavit.
2330 846 2447 902 Non
2494 848 2648 905 vides
2689 851 2838 906 illum
2868 854 2959 923 qui
2988 853 3174 911 decem
3214 857 3377 912 millia
3410 861 3616 916 talenta

1998 936 2249 1002 debebat,
2282 948 2565 1009 postquam
2612 941 2699 996 illa
2740 943 2843 998 sibi
2872 945 3098 1001 remissa
3130 947 3359 1017 fuerant,
3384 966 3609 1006 conscr-

1999 1042 2124 1081 vum
2167 1043 2323 1083 suum
2365 1030 2720 1088 suifoeantem
2777 1049 2873 1104 pro
2914 1048 3132 1093 centum
3177 1039 3433 1107 denariis,
3478 1050 3613 1114 quos

1998 1117 2136 1170 mala
2168 1116 2338 1173 subiit
2368 1131 2421 1175 et
2446 1122 2718 1191 quomodo
2747 1134 2952 1181 attento
2983 1127 3208 1183 traditus
3240 1130 3304 1184 sit
3344 1132 3611 1201 supplicio

1999 1207 2232 1277 (Matth.
2267 1211 2355 1267 18.
2388 1211 2479 1268 28.
2521 1230 2629 1284 sqq.
2654 1213 2717 1287 )?
2758 1215 2873 1272 Non
2924 1219 3081 1275 times
3121 1222 3470 1290 exemplum?
3497 1240 3610 1281 non

1999 1305 2193 1359 metuis
2223 1322 2291 1361 ne
2318 1315 2372 1359 tu
2403 1307 2594 1362 eadem
2618 1309 2881 1376 patiaris?
2903 1312 3113 1366 Etenim
3145 1330 3241 1369 nos
3262 1312 3478 1386 quoque
3504 1318 3615 1373 Do-

2000 1396 2147 1450 mino
2175 1396 2406 1465 plurima
2435 1414 2736 1470 magnaque
2761 1401 3053 1468 debemus;
3087 1406 3176 1460 ille
3213 1416 3391 1462 tamen
3414 1424 3609 1478 exspe-

1998 1497 2110 1543 ctat
2153 1498 2209 1543 et
2250 1491 2515 1559 patienter
2560 1493 2669 1562 agit
2701 1511 2715 1546 :
2750 1508 2856 1549 non
2887 1496 3068 1558 insuit,
3104 1507 3159 1551 ut
3200 1514 3300 1554 nos
3329 1501 3608 1557 conservis

2000 1580 2200 1636 nostris
2226 1596 2240 1633 :
2273 1595 2380 1644 non
2412 1596 2512 1636 nos
2540 1584 2689 1654 angit
2712 1593 2769 1639 et
2793 1584 3019 1641 suffocat
3050 1606 3063 1642 :
3092 1598 3238 1645 certe
3260 1591 3308 1647 si
3338 1592 3424 1646 vel
3448 1592 3609 1647 mini-

1997 1684 2139 1723 mam
2164 1680 2370 1739 partem
2400 1672 2563 1728 vellet
2581 1688 2612 1727 a
2636 1675 2791 1729 nobis
2810 1675 3047 1746 exigere,
3070 1678 3185 1748 jam
3200 1678 3328 1734 olim
3352 1680 3607 1751 periisse-

1997 1775 2139 1815 mus.
2170 1760 2295 1815 llrc
2340 1763 2521 1834 itaque
2546 1764 2870 1835 cogitantes,
2905 1766 3109 1834 dilecti,
3151 1769 3517 1837 bumiliemur,
3549 1781 3607 1827 et

1996 1851 2332 1909 debitoribus
2378 1858 2575 1911 nostris
2624 1857 2851 1928 gratiam
2903 1858 3198 1917 habeamus
3227 1880 3245 1917 :
3289 1872 3416 1918 sunt
3456 1866 3604 1920 enim

1997 1944 2173 2011 nobis,
2219 1946 2266 2002 si
2290 1932 2757 2018 philosopbemur,
2777 1952 2991 2007 occasio
3021 1954 3271 2010 maxima:
3317 1956 3602 2028 indulgen-

1996 2034 2085 2089 tia:
2113 2053 2126 2090 :
2159 2044 2215 2091 et
2246 2051 2408 2107 pauca
2433 2037 2641 2101 dantes,
2666 2039 2897 2110 plurima
2920 2043 3265 2113 accipiemus.
3285 2044 3425 2114 Quid
3447 2049 3605 2119 igitur
3656 2084 3659 2085 ν

1997 2125 2263 2181 violenter
2304 2129 2372 2183 ab
2413 2144 2480 2184 eo
2526 2131 2719 2201 exigis,
2756 2146 2881 2187 cum
2927 2143 3222 2202 oporteret,
3249 2140 3461 2192 etiamsi
3488 2139 3605 2210 ipse

1996 2217 2208 2273 solvere
2253 2219 2440 2285 vellet,
2488 2219 2729 2276 debitum
2780 2224 3079 2291 remittere,
3128 2236 3185 2280 ut
3224 2236 3395 2283 totum
3427 2245 3459 2284 a
3492 2229 3608 2286 Deo

1994 2306 2303 2377 acciperes?
2327 2309 2481 2365 Nunc
2508 2326 2640 2366 vero
2664 2312 2795 2366 nihil
2823 2328 2930 2368 non
2954 2316 3088 2384 agis,
3121 2317 3229 2371 vim
3260 2317 3447 2383 infers,
3472 2334 3603 2374 cou-

1998 2398 2193 2465 tendis,
2227 2409 2284 2453 ttt
2311 2400 2403 2455 tibi
2434 2401 2563 2454 nihil
2591 2418 2660 2457 ex
2685 2402 2881 2459 debitis
2917 2407 3020 2459 tuis
3066 2408 3400 2473 remittatur;
3433 2420 3488 2465 et
3519 2412 3601 2466 vi-

1995 2488 2143 2544 deris
2185 2490 2403 2561 quidem
2444 2494 2691 2561 proximo
2738 2503 2831 2548 tuo
2870 2495 3173 2550 molestiam
3224 2498 3444 2565 inferre,
3472 2500 3604 2555 dum

1992 2583 2229 2653 gladium
2258 2585 2353 2640 tibi
2381 2585 2659 2653 admoves,
2689 2599 2742 2643 et
2764 2588 3023 2660 gehennae
3050 2591 3367 2660 supplicium
3402 2609 3605 2663 auges;

1994 2678 2039 2732 si
2071 2687 2247 2732 autem
2273 2679 2355 2732 vel
2380 2680 2645 2733 tantillum
2678 2681 2764 2736 hic
2810 2681 3228 2752 philosopheris,
3263 2683 3493 2739 leviores
3519 2686 3601 2739 ef-

1993 2767 2110 2821 ficis
2150 2768 2388 2824 rationes
2429 2785 2723 2841 paenasque
2755 2781 2892 2827 tuas.
2926 2772 3139 2829 Etenim
3167 2774 3303 2830 Deus
3335 2775 3456 2830 ideo
3486 2776 3607 2833 vult

1992 2865 2051 2910 ut
2078 2854 2219 2926 apud
2247 2872 2345 2913 nos
2375 2857 2680 2929 hujusmodi
2706 2850 3001 2918 liberalitas
3030 2864 3250 2923 oriatur.
3281 2875 3336 2919 ut
3366 2868 3603 2920 occasio-

1992 2962 2115 3001 nem
2166 2947 2291 3003 hinc
2333 2960 2513 3019 captet
2561 2951 2785 3018 plurima
2838 2954 2993 3007 nobis
3038 2954 3293 3009 donandi.
3326 2956 3602 3027 Quotquot

1991 3038 2153 3107 igitur
2197 3039 2470 3096 debitores
2515 3044 2606 3096 tibi
2650 3054 2797 3109 sunt,
2844 3046 2957 3099 sive
3002 3047 3067 3097 ιιυ
3107 3050 3367 3117 pecuniis,
3396 3050 3507 3103 sive
3532 3051 3605 3103 de

1991 3129 2212 3186 offensis
2239 3141 2447 3201 agatur,
2494 3132 2591 3187 hos
2618 3148 2808 3189 omnes
2838 3134 3047 3190 dimitte
3093 3138 3312 3205 liberos,
3345 3149 3400 3192 ct
3430 3155 3457 3192 a
3490 3140 3605 3194 Deo

1992 3223 2224 3292 pustula,
2272 3233 2332 3279 ut
2384 3234 2544 3279 tanta:
2594 3228 3047 3296 magnanimitatis
3094 3229 3184 3282 tibi
3228 3232 3371 3285 vices
3404 3247 3598 3301 repen-

1988 3312 2203 3368 duntur.
2252 3315 2431 3371 Doniec
2474 3318 2618 3370 enim
2667 3319 2811 3387 ipsos
2857 3318 3132 3375 debitores
3161 3322 3398 3385 habebis,
3432 3325 3598 3379 Deum

1990 3406 2288 3462 debitorem
2330 3424 2435 3462 non
2482 3408 2749 3477 habebis;
2797 3413 2878 3465 sin
2910 3412 3033 3467 illos
3064 3414 3262 3470 liberos
3305 3416 3598 3485 dimiseris,

1989 3499 2191 3566 poteris
2225 3513 2255 3552 a
2311 3500 2420 3555 Deo
2464 3501 2681 3571 exigere
2720 3518 2842 3556 cum
2896 3505 3147 3560 instantia
3194 3524 3384 3577 magna
3438 3519 3599 3563 tanta:

1990 3587 2346 3658 philOSOphlm
2394 3591 2727 3647 mercedem.
2779 3593 2836 3648 Si
2882 3595 3025 3649 enim
3072 3596 3232 3650 homo
3262 3598 3593 3666 parturiens,

1990 3678 2282 3750 vidensque
2306 3690 2357 3735 te
2384 3682 2683 3738 debitorem
2731 3692 2937 3752 tenere,
2963 3686 3177 3756 juberct
3216 3698 3267 3743 te
3311 3690 3482 3759 ipsum
3513 3692 3599 3745 di-

1990 3769 2229 3834 mittere,
2273 3781 2328 3826 et
2360 3773 2455 3826 abs
2494 3789 2553 3828 se
2582 3773 2833 3833 debitum,
2852 3793 3158 3846 reposcere,
3189 3796 3295 3835 non
3322 3794 3467 3837 Certe
3512 3785 3594 3839 in-

1988 3870 2175 3929 gratus
2220 3862 2295 3915 illi
2342 3862 2482 3917 foret
2527 3874 2648 3933 post
2693 3867 3091 3936 remissionem,
3126 3879 3308 3941 utpote
3336 3874 3424 3942 qui
3454 3876 3504 3927 in
3535 3889 3598 3929 se

1991 3961 2161 4007 totum
2209 3956 2543 4010 transtulerit
2576 3958 2887 4025 :quomodo
2940 3960 3081 4015 Deus
3131 3978 3238 4016 non
3295 3964 3443 4034 plura
3470 3966 3594 4032 alia,

1990 4044 2099 4098 imo
2140 4045 2337 4099 millies
2371 4046 2519 4113 plura
2553 4048 2762 4114 reddet,
2787 4066 2908 4104 emn
2940 4053 3054 4120 ejus
3095 4066 3359 4125 praecepta
3390 4059 3598 4113 obtem-

1988 4145 2261 4205 perantes,
2286 4135 2558 4191 debitores
2582 4151 2816 4206 nostros,
2842 4156 2943 4197 nec
2962 4159 3204 4209 parvom,
3225 4163 3323 4203 nec
3345 4165 3598 4219 magnum

1989 4230 2057 4283 ab
2099 4232 2177 4284 eis
2208 4231 2632 4297 expostulantes,
2684 4230 3053 4288 dimiserimus
3099 4252 3318 4305 prorsus
3360 4241 3598 4295 liberos?

1989 4320 2066 4376 Ne
2097 4332 2499 4390 temporaneam
2523 4322 2666 4376 illam
2692 4324 3018 4393 volUptatem
3041 4331 3401 4396 attendamus,
3434 4350 3593 4402 quam

1990 4414 2169 4468 debita
2204 4423 2513 4483 repetentes
2541 4416 2866 4484 accipimus;
2910 4420 3006 4474 sed
3036 4422 3290 4477 damnum
3323 4426 3451 4480 illud
3475 4439 3596 4482 tau-

1992 4516 2125 4569 tum,
2150 4505 2292 4575 quod
2322 4506 2376 4559 in
2401 4507 2579 4559 futuro
2620 4519 3013 4577 exspectamus,
3051 4512 3102 4566 in
3136 4514 3288 4568 bonis
3316 4517 3595 4573 immorta-

1992 4596 2130 4649 libus
2179 4611 2277 4649 nos
2327 4596 2471 4663 ipsos
2523 4596 2799 4653 laedentes.
2829 4598 3091 4656 Omnibus
3132 4619 3261 4673 ergo
3289 4610 3598 4675 superiores

1991 4684 2137 4751 facti,
2188 4685 2482 4756 largiamur
2528 4698 2583 4742 et
2629 4690 2882 4756 pecunias
2908 4702 2961 4745 et
3006 4692 3234 4748 offensas
3265 4696 3597 4754 debitoribus

1991 4778 2210 4845 nostris,
2239 4791 2292 4835 ut
2318 4779 2547 4837 leviores
2574 4783 2729 4839 nobis
2752 4785 2986 4839 rationes
3004 4786 3302 4844 reddendas
3322 4808 3594 4858 paremus;

1989 4881 2044 4926 et
2072 4872 2215 4943 quod
2244 4889 2361 4928 non.
2391 4876 2660 4944 potuimus
2691 4890 2786 4945 per
2811 4877 2943 4957 alias
2972 4879 3196 4935 virtutes
3222 4883 3464 4952 assequi,
3504 4902 3600 4953 per

1990 4966 2314 5022 oblivionem
2352 4968 2670 5039 injuriarum
2687 4983 3097 5041 consequentes,
3118 4984 3318 5029 arterna
3336 4977 3423 5030 adi
3433 4978 3597 5046 piscu-

1990 5074 2110 5112 mur
2143 5058 2302 5123 bona,
2332 5064 2501 5131 gratia
2533 5073 2588 5115 et
2614 5061 2986 5119 misericordia
3032 5066 3240 5121 Domini
3268 5070 3437 5122 nostri
3468 5070 3594 5124 Jesu

1990 5150 2212 5212 Christi,
2256 5152 2343 5205 cui
2387 5152 2555 5221 gloria
2601 5166 2655 5207 et
2685 5154 2988 5222 imperium,
3020 5172 3163 5211 nunc
3188 5167 3243 5211 et
3271 5174 3507 5231 semper,
3548 5171 3603 5215 et

1994 5240 2047 5294 in
2074 5241 2265 5296 saecula
2297 5242 2635 5295 sa-culortun.
2669 5244 2859 5297 Amen.

3468 5449 3591 5459 -————

1995 5637 2086 5673 cur
2110 5637 2211 5674 non
2240 5637 2411 5675 annua
2425 5626 2571 5691 quasi
2596 5625 2897 5677 auctoritate
2916 5640 3007 5677 sua
3030 5625 3280 5694 faciat.-—-
3297 5624 3429 5693 Quis
3455 5625 3599 5679 enim

1996 5711 2048 5767 id
2076 5711 2251 5769 fuerat
2280 5715 2623 5783 suspicatus?
2653 5728 2745 5771 aut
2776 5717 2894 5785 quis
2920 5717 3214 5786 obiecerat,
3258 5729 3317 5772 ut
3348 5717 3471 5771 huic
3501 5717 3601 5772 ob-

1990 5805 2214 5877 jectioni
2241 5809 2586 5863 occurreret?
2618 5808 2800 5881 Neque
2827 5810 2967 5866 enim
2999 5826 3062 5866 ex
3095 5809 3253 5866 dictis
3276 5811 3395 5865 talis
3420 5811 3602 5881 suspi-
