4050 6430
529 347 597 401 39
1199 351 1256 406 S.
1295 351 1574 409 JOANNIS
1609 353 2077 412 CHRYSOSTOMI
2115 353 2433 410 ARCHIEP.
2474 356 3004 417 CONSTANTINOP.

481 459 565 513 cio
591 457 859 512 oriebatur
891 475 904 511 :
940 474 1060 512 nam
1103 461 1244 528 quod
1286 462 1496 531 juberet
1523 465 1680 520 mites
1701 479 1840 530 esse,
1866 457 2056 521 mode—

480 560 613 617 stos,
669 550 1062 616 misericordes,
1119 554 1346 607 nnmdos
1401 556 1562 610 corde
1611 566 1668 611 et
1714 572 1810 624 pro
1845 556 2054 626 justitia

474 641 774 705 decertare,
809 641 936 695 nihil
968 642 1141 696 simile
1173 644 1473 708 indicebat;
1505 646 1611 698 imo
1640 647 1760 700 huic
1789 648 1863 700 rei
1894 661 2061 715 oppo-

475 730 636 783 situm
659 738 792 784 erat.
815 731 927 796 Qua
950 747 1075 802 ergo
1096 732 1159 788 de
1180 748 1334 787 causa
1359 734 1458 789 boc
1476 735 1613 789 dixit
1628 736 1650 789 ‘l
1665 735 1777 790 Non
1796 736 2059 791 incassum

476 834 576 874 nec
605 819 832 883 frustra;
865 823 956 876 sed
1005 824 1122 891 quia
1155 825 1420 880 veteribus
1451 828 1726 896 pneceptis
1751 828 1951 898 majora
1979 829 2060 882 la-

476 919 627 963 turus
659 921 794 974 erat,
825 912 1011 967 dicens
1040 935 1052 966 :
1083 915 1323 980 Audistis,
1347 917 1462 986 quia
1503 917 1694 970 dictum
1719 929 1790 973 est
1818 919 2055 986 antiquis,

479 995 596 1052 Non
616 1001 838 1065 occides;
859 1018 946 1070 ego
963 1005 1124 1055 autem
1144 1004 1255 1057 dico
1272 1006 1424 1070 vobis,
1436 1005 1514 1058 Ne
1531 1009 1823 1062 irascamini
1845 1008 2055 1078 (Matth.

475 1087 526 1139 ῖς.
549 1088 610 1142 2f
629 1129 640 1143 .
658 1089 773 1158 2‘2);
803 1089 1398 1163 utdivinamquamdam
1416 1099 1748 1152 accaelestem
1771 1099 1906 1152 viam
1934 1115 2058 1168 ape-

485 1179 628 1242 riret,
679 1195 744 1232 ne
788 1182 862 1235 rei
913 1183 1118 1236 novitas
1155 1186 1451 1241 auditorum
1481 1189 1687 1242 animos
1718 1191 1971 1252 turbaret,
2004 1199 2058 1244 et

478 1267 544 1323 ad
570 1268 917 1324 dubitandum
945 1272 1011 1326 de
1040 1273 1195 1330 dictis
1219 1275 1523 1342 adduceret,
1553 1278 1654 1334 hac
1675 1280 1838 1334 utitur
1858 1281 2055 1349 przevia

474 1359 736 1412 cautione.
768 1360 980 1414 Etiamsi
1024 1364 1163 1417 enim
1197 1365 1362 1436 legem
1394 1382 1498 1421 non
1528 1368 1824 1438 implerent,
1855 1385 2046 1440 magno

476 1458 650 1502 tamen
680 1463 800 1518 erga
848 1449 986 1505 illam
1025 1456 1339 1511 tenebantur
1381 1459 1589 1520 affectu,
1622 1475 1685 1514 ac
1726 1460 1849 1516 licet
1886 1463 2053 1529 ipsam

473 1537 708 1606 quotidie
761 1540 1035 1606 violarent,
1088 1544 1263 1598 literas
1304 1556 1475 1601 tamen
1527 1550 1771 1604 volebant
1810 1553 2055 1606 immotas

479 1642 714 1690 manere.
768 1630 1002 1700 nihilque
1047 1635 1174 1702 ipsis
1220 1637 1407 1706 adjici;
1459 1641 1564 1695 imo
1593 1657 1720 1696 vero
1757 1644 1995 1713 quoidam
2022 1659 2052 1698 a

473 1717 800 1788 principibus
841 1723 951 1776 suis
980 1723 1154 1779 addita
1184 1727 1483 1796 tuebantur,
1529 1748 1645 1801 quae
1683 1743 1826 1788 certe
1857 1749 1960 1788 non
1985 1735 2053 1789 ad

473 1808 682 1875 melius,
710 1811 802 1866 sed
828 1812 893 1866 ad
926 1814 1075 1884 pejus
1103 1821 1410 1887 vergebant.
1438 1820 1648 1877 Etenim
1677 1826 1933 1879 honorem
1961 1841 2054 1895 pa-

474 1900 714 1956 rentibus
743 1901 980 1959 debitum
1026 1906 1108 1961 his
1132 1909 1509 1968 additamentis
1533 1915 1829 1983 solverunt,
1869 1923 1927 1971 et
1950 1917 2053 1973 alia

474 1990 695 2063 plurima
759 1993 1076 2063 importunis
1134 2001 1493 2060 additionibus
1553 2007 2049 2075 pessumdederunt.

474 2079 733 2145 Quoniam
756 2099 883 2154 ergo
906 2084 1151 2144 Christus
1179 2106 1244 2145 ex
1271 2095 1586 2150 sacerdotali
1615 2097 1752 2153 tribu
1780 2113 1887 2154 non
1913 2107 2047 2164 erat,

473 2179 528 2225 et
573 2187 691 2240 quae
744 2175 858 2245 ipse
904 2178 1211 2238 inductttrus
1253 2195 1404 2249 erat,
1468 2187 1884 2246 additamentum
1935 2200 2049 2247 erat

472 2262 777 2331 quodpiam,
806 2268 944 2336 quod
973 2269 1216 2327 virtutem
1239 2289 1343 2330 non
1371 2278 1654 2344 minueret,
1679 2280 1772 2336 sed
1800 2291 2046 2352 augeret:

476 2349 590 2402 haec
613 2352 770 2406 ambo
798 2357 1115 2426 praevidens,
1142 2377 1260 2432 qua:
1287 2365 1429 2435 ipsos
1455 2369 1724 2423 turbatura
1749 2381 1922 2436 erant,
1949 2387 2048 2424 an-

475 2447 684 2508 tequam
711 2442 1048 2502 admirandas
1073 2451 1188 2505 illas
1233 2453 1376 2524 leges
1413 2461 1613 2528 scripto
1644 2460 1780 2514 tradi
1814 2472 2046 2528 ettrarct,

474 2527 604 2583 illud
647 2533 821 2602 rejieit
864 2539 1004 2605 quod
1050 2541 1152 2595 illis
1202 2544 1251 2595 in
1296 2557 1526 2601 mentem
1581 2561 1861 2604 venturum
1910 2561 2045 2606 erat.

473 2616 606 2701 Quid
633 2636 759 2677 vero
787 2624 911 2680 illud
939 2638 1052 2684 erat
1077 2633 1218 2700 quod
1241 2633 1554 2704 subreperet
1577 2648 1629 2693 et
1649 2639 1803 2706 objici
1825 2644 2050 2711 posset?

473 2697 737 2767 Putabant
779 2715 922 2770 illum
968 2697 1304 2780 haec—dicere
1350 2697 1415 2780 ad
1449 2728 1634 2798 legalia
1680 2739 1858 2786 vetera
1887 2733 2049 2787 abro-

470 2799 661 2867 ganda.
690 2801 840 2859 lianc
886 2807 1062 2877 itaque
1101 2821 1250 2866 sanat
1288 2817 1612 2884 opinionem.
1639 2818 1819 2888 Neque
1844 2821 1930 2876 hic
1957 2840 2046 2878 so-

473 2888 581 2942 lum
613 2889 713 2946 hoc
760 2891 904 2956 facit,
945 2899 1039 2952 sed
1066 2910 1118 2954 et
1147 2902 1270 2955 alibi
1300 2919 1529 2974 quoque.
1568 2908 1699 2977 Quia
1730 2912 1870 2965 enim
1905 2913 2046 2968 illum

471 2979 833 3038 adversarium
866 2985 974 3041 Deo
999 2989 1326 3057 credebant,
1360 3009 1425 3048 eo
1466 2998 1603 3065 quod
1635 2998 1910 3054 sabbatum
1943 3018 2044 3054 non

471 3078 737 3135 servaret,
773 3082 829 3128 ut
854 3076 989 3131 hanc
1016 3079 1224 3135 illorum
1254 3085 1607 3153 suspicionem
1634 3101 1874 3144 amoveat
1894 3132 1906 3152 ,
1943 3093 2049 3146 illic

470 3171 681 3228 quoque
701 3160 1040 3221 defensiones
1064 3174 1351 3237 expromit,
1377 3174 1600 3246 illasque
1625 3179 1722 3231 sibi
1751 3195 2047 3248 congruen-

472 3257 551 3301 tes
577 3267 591 3301 :
619 3260 675 3302 ut
701 3267 819 3305 cum
850 3253 973 3308 dicit
998 3276 1011 3309 :
1042 3256 1198 3313 Pater
1227 3278 1364 3316 meus
1390 3277 1642 3334 operatur,
1675 3279 1722 3322 et
1750 3289 1840 3340 ego
1869 3290 2048 3342 operor

470 3334 667 3402 (Joan.
694 3341 749 3397 5.
775 3343 910 3414 l7);
944 3347 1073 3401 alias
1098 3365 1222 3403 vero
1253 3352 1566 3409 demissiore
1599 3359 1756 3413 modo
1777 3334 2038 3430 prolatas,

471 3434 527 3477 ut
554 3440 674 3482 cum
702 3447 855 3485 event
884 3434 933 3487 in
972 3439 1199 3492 medimn
1232 3441 1388 3496 allen
1425 3445 1474 3497 in
1522 3447 1741 3502 sabbato
1765 3453 2043 3520 perditam,

467 3522 521 3565 et
542 3519 768 3572 ostendit
788 3520 851 3573 ad
874 3523 988 3590 ejus
1007 3527 1228 3582 salutem
1255 3531 1419 3600 legem
1447 3533 1608 3590 fuisse
1645 3540 1869 3594 solutam
1895 3583 1909 3609 ,
1940 3545 2044 3599 cir-

467 3608 841 3664 cnmcisionem
869 3629 1076 3685 quoque
1105 3619 1326 3689 idipsnm
1367 3624 1641 3684 facientem
1662 3646 2047 3693 commemorat

468 3695 488 3764 (
526 3694 706 3752 ΜαιιΙι.
739 3702 825 3756 12.
858 3706 944 3758 Η.
979 3707 1042 3760 12
1139 3709 1261 3767 Ideo
1298 3715 1499 3772 scilicet
1519 3719 1885 3778 humilioribus
1905 3741 2047 3797 szepe

473 3785 650 3840 verbis
676 3789 906 3859 loquitur
930 3836 945 3858 ,
981 3805 1036 3851 ut
1066 3800 1369 3867 Opinionem
1410 3806 1553 3860 illam
1579 3851 1592 3873 ,
1626 3826 1728 3878 qua
1769 3785 2045 3881 putabatur

470 3875 580 3942 ipse
608 3877 718 3931 Deo
737 3881 1026 3949 adversari,
1055 3888 1372 3946 eliminaret.
1405 3895 1603 3953 ldeircn
1629 3902 1715 3968 qui
1745 3904 1906 3957 verbo
1927 3909 2041 3962 solo

469 3963 776 4021 innumeros
803 3983 1043 4028 mortuos
1069 3981 1430 4046 suscitaverat,
1453 4001 1571 4039 cum
1601 3987 1857 4045 Lazarum
1883 4010 2039 4051 voca-

467 4054 561 4117 vit,
585 4065 636 4110 et
657 4061 894 4115 oratione
912 4080 947 4116 η
971 4065 1159 4134 adjecit
1176 4069 1550 4147 (JonnJLM)
1567 4094 1581 4142 ;
1601 4079 1812 4147 deinde,
1837 4101 1904 4138 ue
1920 4086 2042 4143 hinc

468 4145 623 4200 Patre
641 4161 740 4202 suo
760 4150 932 4205 minor
952 4156 1320 4214 ostenderetur
1336 4203 1349 4225 ,
1377 4174 1427 4216 et
1449 4173 1506 4217 ut
1526 4145 1661 4222 hanc
1681 4175 2039 4238 suspicionem

463 4237 810 4305 emendaret,
848 4243 1118 4312 subjunxit
1147 4264 1160 4300 :
1193 4247 1315 4302 Haec
1340 4251 1448 4304 disi
1478 4265 1680 4325 propter
1703 4237 1899 4316 turbam
1936 4268 2040 4319 cir-

464 4335 788 4381 cnmstantem
809 4371 823 4395 ,
847 4342 900 4382 ut
920 4335 1123 4388 credant
1146 4339 1264 4406 quia
1292 4350 1344 4392 tu
1365 4358 1440 4395 me
1465 4345 1640 4398 misisti
1670 4349 1690 4416 (
1696 4348 1825 4402 Ibid.
1855 4370 1898 4406 υ.
1921 4357 2032 4424 42).

462 4413 645 4485 Neque
674 4420 849 4472 omnia
872 4425 1018 4490 quasi
1048 4442 1139 4479 sua
1163 4431 1474 4488 auctoritate
1502 4435 1642 4504 facit,
1667 4450 1721 4491 ut
1746 4441 2034 4501 inﬁrmitati

461 4520 644 4558 eorum
678 4522 733 4562 se
773 4521 1119 4582 attempcret;
1154 4534 1323 4588 neque
1351 4524 1505 4578 etiam
1537 4529 1718 4589 omnia
1746 4536 2036 4601 pmnnissis

464 4595 703 4659 precibus
721 4598 864 4664 facit,
883 4617 950 4656 nc
973 4608 1197 4671 posteris
1217 4611 1535 4682 relinqueret
1554 4620 1869 4688 suspicionis
1889 4639 2034 4695 argu-

460 4692 692 4738 mentum
713 4727 725 4748 ,
759 4690 906 4756 quasi
938 4693 1137 4748 scilicet
1166 4698 1404 4754 infirmus
1429 4711 1486 4758 ct
1514 4705 1774 4774 impotens
1800 4711 1905 4777 sit,
1934 4690 2030 4770 sed

460 4773 572 4828 huic
593 4776 693 4829 illis
716 4789 767 4833 et
785 4781 869 4833 illa
892 4782 974 4837 his
990 4785 1264 4843 admiscet.
1294 4792 1421 4845 Illud
1441 4807 1615 4850 autem
1636 4814 1738 4853 non
1762 4802 1878 4856 sine
1897 4812 2028 4859 tem-

461 4879 765 4933 peramento
790 4872 938 4939 fncit,
959 4879 1050 4931 sed
1074 4894 1192 4933 cum
1215 4881 1421 4938 decenti
1443 4887 1540 4941 sibi
1562 4893 1862 4958 prudentia.
1897 4897 2029 4954 Nam

455 4967 511 5009 et
532 4958 729 5026 majora
757 4965 876 5018 facit
901 4971 1048 5036 quasi
1073 4984 1381 5039 potestatem
1412 4978 1632 5048 habens,
1654 4994 1709 5038 et
1729 4986 1780 5041 iu
1811 4990 2032 5045 minori-

455 5047 552 5101 bus
575 5050 638 5100 ad
657 5054 844 5107 caelum
865 5060 1095 5126 respicit.
1115 5063 1383 5132 Siquidem
1411 5085 1528 5124 eum
1554 5047 1764 5141 peccata
1791 5079 2028 5150 dimittit,

452 5149 572 5189 cmn
604 5138 804 5195 secreta
841 5149 1076 5216 revelat,
1105 5162 1158 5206 et
1187 5157 1483 5221 paradisum
1523 5166 1724 5232 aperit,
1758 5182 1878 5222 cum
1921 5170 2028 5225 dte-

451 5241 636 5281 tnonas
685 5233 860 5298 pellit,
900 5251 1018 5292 cum
1063 5241 1304 5309 leprosos
1350 5251 1600 5320 mundat,
1642 5272 1764 5312 cum
1802 5272 2026 5318 mortem

452 5315 624 5372 frenat
643 5361 656 5382 ,
677 5336 797 5377 eum
819 5338 1054 5384 mortuos
1075 5338 1292 5392 suscitat
1319 5340 1621 5402 innumeros
1640 5389 1655 5413 ,
1676 5350 1825 5418 jussu
1847 5357 2022 5410 omnia

450 5406 608 5473 facit;
638 5427 757 5466 cum
785 5428 957 5472 autem
981 5462 995 5482 ,
1026 5426 1165 5492 quod
1200 5431 1362 5485 multo
1387 5435 1559 5490 minus
1585 5450 1699 5492 erat
1721 5481 1736 5505 ,
1768 5458 1930 5511 panes
1959 5462 2021 5500 cx

451 5502 633 5567 paucis
659 5507 850 5564 multos
880 5510 1023 5577 fecit,
1057 5526 1182 5572 tunc
1211 5520 1261 5572 in
1289 5524 1473 5578 ccelum
1502 5532 1753 5599 respexit,
1788 5551 1879 5603 per
1907 5554 2023 5591 om-

450 5590 535 5641 nia
562 5595 850 5652 ostendens
875 5616 936 5655 se
964 5619 1067 5658 non
1099 5623 1162 5661 ex
1201 5609 1505 5671 infirmitate
1531 5617 1634 5674 hoc
1663 5620 1851 5679 facere.
1887 5626 2019 5683 Nam

459 5682 552 5757 qui
572 5691 770 5760 majora
799 5701 998 5755 poterat
1018 5711 1136 5750 cum
1163 5712 1422 5769 potestate
1449 5705 1643 5778 facere,
1672 5717 1937 5781 quomodo
1967 5720 2020 5774 in

3651 375 3751 431 iiii

2167 464 2460 519 minoribus
2488 481 2644 536 prece
2665 483 2798 538 Opus
2825 471 3132 529 habuisset?
3159 477 3288 544 Sed,
3316 480 3455 548 quod
3476 481 3590 551 jam
3620 485 3751 552 dixi,

2165 563 2223 608 ut
2260 555 2471 614 illorum
2513 560 2890 629 impudentiam
2917 578 3163 623 coerceat
3193 568 3293 625 hoc
3322 571 3462 627 facit.
3513 575 3755 644 ldipsum

2163 649 2467 717 existimato
2490 692 2505 715 ,
2537 668 2657 707 cum
2693 654 2845 710 vides
2872 665 2996 712 eum
3036 659 3255 716 humilia
3288 665 3449 720 verba
3481 667 3749 736 proferre.

2162 737 2296 793 Nam
2323 751 2378 795 et
2406 744 2690 800 verborum
2728 757 2784 802 et
2817 761 3040 818 operum
3073 750 3375 821 hujusmodi
3417 759 3602 814 multa!
3633 771 3757 816 sunt

2163 844 2370 896 causai;
2395 837 2621 904 exempli
2644 839 2835 906 gratia,
2864 855 2930 894 ne
2952 858 2980 893 a
3006 841 3116 896 Deo
3143 854 3360 913 putetur
3379 865 3500 906 esse
3522 852 3754 917 alienus,

2163 922 2306 991 quod
2332 939 2518 980 omnes
2548 928 2756 982 erudiat
2783 940 2838 984 et
2867 943 3019 986 sanet
3044 974 3058 996 ,
3094 936 3237 1003 quod
3269 939 3624 996 humilitatem
3656 941 3757 995 do-

2163 1024 2277 1066 ceat
2300 1054 2313 1078 ,
2342 1017 2480 1084 quod
2505 1034 2666 1073 carne
2694 1021 3059 1077 circumdetur
3078 1067 3091 1091 ,
3121 1027 3259 1094 quod
3289 1045 3393 1084 non
3424 1033 3632 1101 possint
3656 1032 3748 1088 Ju-

2162 1102 2263 1157 daei
2305 1107 2482 1160 omnia
2521 1108 2803 1164 confertim
2847 1114 3070 1180 audire,
3112 1118 3252 1186 quod
3293 1119 3484 1175 doceat
3525 1139 3594 1177 ne
3632 1125 3756 1194 quis

2161 1210 2409 1264 magnum
2436 1199 2560 1268 quid
2588 1200 2658 1257 de
2681 1201 2859 1273 seipse
2889 1204 3152 1274 loquatur.
3173 1207 3397 1280 Ideoque
3413 1229 3559 1283 suape
3585 1217 3763 1270 multa.

2161 1284 2378 1339 humilia
2391 1287 2460 1342 de
2479 1290 2659 1358 seipse
2676 1290 3073 1365 dicens,magna
3094 1297 3211 1353 aliis
3233 1299 3482 1371 relinquit
3495 1303 3752 1361 dicenda.

2229 1374 2283 1427 2.
2364 1377 2496 1433 Nam
2551 1381 2664 1449 ipse
2706 1398 2827 1454 cum
2880 1384 3078 1442 Judazis
3131 1389 3440 1459 loqueretur
3487 1395 3706 1452 dicebat
3732 1416 3756 1452 :.

2159 1467 2438 1538 Antequam
2478 1472 2734 1528 Abraham
2778 1478 2938 1544 ﬁeret,
2984 1495 3076 1550 ego
3112 1499 3226 1536 sum
3253 1485 3274 1556 (
3292 1485 3449 1541 Joon.
3484 1488 3538 1542 8.
3587 1490 3662 1546 58
3685 1491 3704 1562 )
3727 1509 3753 1557 ;.

2160 1558 2454 1630 discipulus
2474 1575 2649 1619 autem
2681 1567 2799 1636 ejus
2826 1584 2931 1624 non
2958 1571 3052 1638 ita,
3081 1575 3198 1640 sed,
3231 1574 3297 1629 In
3342 1579 3596 1648 principio
3645 1558 3764 1636 erat

2167 1649 2403 1718 Verbum,
2426 1665 2472 1708 et
2507 1654 2720 1710 Verbum
2746 1671 2853 1713 erat
2877 1663 3016 1728 apud
3043 1661 3230 1732 Deum,
3254 1676 3299 1721 et
3328 1666 3467 1722 Deus
3489 1681 3600 1724 erat
3634 1672 3760 1727 Ver.

2161 1739 2279 1794 bum
2307 1741 2503 1810 (Joan.
2549 1746 2602 1801 1.
2650 1747 2745 1818 1).
2775 1749 3032 1816 Rursum,
3075 1755 3216 1824 quod
3261 1759 3479 1826 caelum,
3527 1771 3758 1827 terram,

2158 1844 2305 1884 mare
2356 1832 2470 1898 ipse
2515 1833 2734 1904 fecerit,
2773 1855 2872 1896 nec
2923 1856 3028 1895 non
3090 1844 3314 1900 visibilia
3363 1855 3417 1902 et
3463 1850 3760 1906 invisibilia

2157 1920 2357 1986 omnia,
2389 1922 2503 1991 ipse
2550 1940 2842 1996 numquam
2896 1931 3040 1988 clare
3085 1933 3254 2001 dixit;
3284 1935 3578 2009 discipulus
3621 1957 3758 1998 vero

2156 2023 2276 2064 cum
2304 2011 2548 2069 libertate
2570 2032 2755 2088 magna
2787 2021 2920 2077 nihil
2943 2027 3282 2094 supprimens
3301 2070 3316 2096 ,
3348 2033 3514 2086 semel
3537 2073 3553 2096 ,
3584 2033 3670 2089 bis
3699 2043 3760 2090 et

2157 2101 2355 2170 plurius
2381 2104 2431 2158 id
2457 2108 2532 2160 ait
2553 2108 2762 2165 :Omnia
2780 2130 2872 2181 per
2894 2115 3060 2184 ipsum
3091 2123 3226 2188 facta
3249 2133 3385 2190 sunt,
3421 2133 3467 2177 et
3486 2125 3597 2180 sine
3638 2128 3757 2198 ipso

2155 2198 2344 2262 factum
2393 2207 2466 2251 est
2511 2200 2639 2254 nihil
2666 2203 2685 2271 (
2709 2203 2845 2259 Ibid.
2886 2223 2936 2260 υ.
2984 2210 3080 2278 '5);
3112 2220 3186 2276 et,
3219 2211 3287 2267 In
3306 2216 3496 2269 mundo
3525 2229 3637 2271 erat
3660 2261 3677 2286 ,
3710 2233 3773 2274 et"

2155 2283 2374 2338 mundus
2413 2303 2502 2355 per
2547 2290 2712 2358 ipsum
2757 2298 2921 2364 factus
2963 2308 3034 2353 est
3065 2299 3235 2370 (Ibid.
3288 2321 3335 2357 υ.
3389 2305 3507 2376 10).
3544 2283 3755 2379 Ecquid

2154 2372 2365 2427 miraris
2388 2415 2403 2441 ,
2434 2376 2480 2430 si
2521 2379 2606 2432 alii
2638 2381 2838 2452 majora
2879 2385 2946 2442 de
2992 2389 3082 2444 illo
3119 2391 3390 2458 dixerunt,
3419 2411 3580 2465 quam
3614 2400 3760 2468 ipse,

2155 2465 2369 2532 quando
2407 2470 2572 2522 multa
2620 2487 2714 2540 per
2740 2490 2899 2543 epera
2948 2481 3226 2548 exhibens,
3261 2500 3353 2553 per
3399 2490 3563 2542 verba
3607 2491 3758 2547 clare

2157 2571 2260 2608 non
2288 2555 2525 2613 dicebat?
2546 2561 2696 2628 Quod
2723 2569 2866 2621 enim
2894 2569 3165 2629 hominem
3193 2578 3306 2646 ipse
3328 2578 3536 2645 fecerit,
3566 2594 3755 2640 esten-

2153 2643 2232 2698 dil
2277 2647 2419 2704 clare
2462 2665 2558 2719 per
2609 2669 2848 2722 caecum;
2899 2677 3019 2716 cum
3047 2675 3224 2720 autem
3255 2669 3321 2723 de
3347 2669 3672 2730 formatione
3698 2677 3752 2732 in

2155 2736 2415 2806 principio
2445 2740 2578 2796 facta
2609 2761 2786 2802 sermo
2817 2749 2915 2818 ipsi
2942 2764 3086 2823 erat,
3118 2773 3226 2813 non
3253 2759 3422 2828 dixit,
3448 2761 3568 2836 Ego
3608 2766 3642 2820 f-
3662 2769 3752 2827 ci:

2152 2829 2244 2881 sed
2271 2873 2285 2894 ,
2314 2831 2413 2897 Qui
2442 2836 2558 2902 fecit
2577 2877 2592 2902 ,
2625 2843 2903 2895 masculum
2929 2854 2977 2898 et
3002 2851 3240 2916 feminam
3262 2854 3379 2923 fecit
3402 2829 3527 2925 eos(
3552 2857 3754 2914 Matth.

2155 2919 2242 2972 19.
2277 2921 2329 2974 4.
2380 2922 2506 2979 Gen.
2541 2929 2587 2980 ί.
2611 2929 2739 3000 27).
2775 2933 2842 2988 Et
2869 2940 3008 3005 quod
3031 2919 3283 2998 mundum
3304 2919 3750 3013 creaverigetea

2152 3027 2270 3080 quas
2296 3015 2348 3068 in
2377 3019 2492 3084 ipso
2517 3032 2658 3087 sunt,
2695 3038 2791 3092 per
2829 3029 3020 3094 pisces,
3040 3047 3146 3110 per
3183 3035 3385 3104 vinum,
3413 3055 3512 3109 per
3554 3056 3754 3114 panes,

2163 3116 2258 3169 per
2286 3109 2726 3176 tranquillitatem
2775 3116 2832 3172 in
2883 3109 3050 3186 mari,
3091 3141 3188 3194 per
3221 3132 3405 3188 radios
3424 3109 3570 3193 solis
3601 3157 3752 3208 quos

2161 3199 2356 3251 avertit
2390 3201 2441 3253 in
2482 3209 2706 3271 cruce‘,
2760 3225 2962 3282 perque
2996 3216 3231 3285 plurima
3247 3224 3349 3279 alia
3368 3236 3736 3300 monstravit;

2160 3288 2336 3343 verbis
2366 3301 2541 3348 tamen
2559 3314 2856 3370 numquam
2877 3306 3024 3362 clare
3045 3310 3214 3368 dixit:
3264 3317 3360 3371 sed
3387 3320 3647 3391 discipuli
3684 3288 3740 3384 id

2159 3393 2298 3447 saepe
2335 3381 2543 3452 dicunt,
2558 3386 2817 3458 Joannes,
2836 3393 3058 3464 Paulus,
3085 3398 3448 3486 Petr‘us.Nam
3465 3413 3513 3466 si
3532 3381 3625 3470 isti
3643 3421 3743 3486 qui

2155 3479 2312 3523 nocte
2329 3471 2707 3545 diequeipsum
2733 3482 3042 3553 loquentem
3059 3477 3369 3562 audiebant,
3401 3471 3738 3563 etmiracdla

2153 3569 2452 3662 patrantet‘n
2471 3569 2745 3638 videbant,
2761 3577 2959 3643 quibus
2972 3585 3199 3639 seorsim
3214 3590 3378 3644 multa
3395 3595 3663 3662 solvebat,
3683 3611 3742 3655 et

2153 3651 2347 3697 tantam
2393 3646 2614 3703 dederat
2657 3664 3000 3724 potestatem,
3042 3670 3098 3715 ut
3138 3676 3192 3719 et
3233 3669 3471 3724 mortuos
3514 3646 3744 3730 suscita-

2153 3740 2293 3797 rent,
2343 3729 2501 3804 atqne
2554 3739 2624 3792 ila
2671 3742 2937 3810 perfectos
2979 3751 3307 3824 reddiderat,
3349 3769 3408 3814 ut
3433 3766 3614 3819 omnia
3645 3783 3750 3836 pro

2154 3818 2267 3887 ipso
2297 3825 2692 3895 relinquerent:
2724 3847 2842 3902 post
2887 3845 3088 3896 tantam
3135 3818 3380 3903 virtutem
3410 3861 3464 3906 et
3491 3818 3742 3923 philoso-

2148 3911 2350 3980 phiam,
2380 3932 2483 3970 non
2509 3931 2796 3988 potuerunt
2821 3933 2997 3985 omnia
3026 3945 3261 4005 portare,
3293 3911 3576 4013 antequam
3619 3949 3747 4018 Spi-

2147 4003 2305 4088 ritum
2337 4019 2576 4065 sanctum
2617 4017 2919 4085 acciperent
2943 4041 2957 4079 :
2979 4003 3255 4095 quomodo
3286 4003 3508 4104 populus
3550 4003 3743 4097 Iudai-

2147 4081 2277 4159 cus,
2318 4097 2676 4169 intelligentia:
2731 4081 2953 4178 expers,
2995 4081 3093 4184 qui
3121 4119 3187 4173 ad
3237 4081 3435 4179 ta'ntam
3479 4128 3740 4186 virtutem

2148 4195 2252 4235 non
2308 4201 2644 4256 pervenerat,
2675 4197 2761 4262 qui
2813 4203 3021 4256 nonnisi
3076 4205 3296 4264 fortuito
3346 4229 3470 4269 casu
3512 4221 3632 4286 ejus
3685 4234 3742 4278 et

2148 4271 2312 4341 gestis
2338 4285 2392 4329 et
2421 4277 2576 4334 dictis
2604 4284 2806 4349 aderat,
2841 4290 3010 4359 ipsum
3041 4296 3275 4355 alienum
3303 4317 3334 4356 a
3367 4305 3475 4359 Deo
3516 4310 3739 4367 univer-

2146 4374 2326 4417 sorum
2355 4381 2474 4422 esse
2503 4385 2606 4424 non
2632 4375 2983 4448 credidisset,
3018 4385 3119 4440 nisi
3148 4397 3290 4446 tanta
3320 4393 3651 4455 demissione
3684 4414 3741 4459 et

2145 4448 2469 4523 indulgentia
2501 4475 2595 4525 per
2618 4469 2794 4520 munia
2826 4483 2953 4524 usus
2979 4477 3157 4530 esset?
3181 4481 3306 4534 Ideo
3328 4499 3577 4556 namque,
3609 4507 3735 4546 cum

2142 4544 2420 4601 sabbatum
2446 4552 2700 4620 solveret,
2734 4575 2835 4611 non
2862 4571 3016 4617 antea
3048 4566 3218 4636 legem
3248 4573 3552 4642 bujusmodi
3579 4598 3734 4638 suam

2144 4635 2457 4703 induxerat;
2489 4644 2579 4697 sed
2614 4649 2784 4702 varias
2815 4661 2867 4706 et
2906 4658 3100 4712 multas
3131 4663 3277 4728 prius
3325 4665 3479 4721 aﬂ‘ert
3533 4687 3731 4743 purga-

2143 4729 2336 4785 tiones.
2393 4726 2543 4800 Qued
2585 4738 2629 4791 si
2661 4742 2967 4801 mandatum
3019 4765 3179 4806 unum
3231 4758 3525 4828 soluturus,
3585 4776 3732 4822 tanta

2142 4820 2307 4875 utitur
2355 4826 2637 4882 verborum
2688 4836 2955 4906 cautione,
2986 4856 3054 4897 ne
3105 4846 3377 4905 auditores
3424 4857 3728 4922 petrcltat:

2141 4920 2308 4972 multo
2355 4925 2525 4994 magis
2574 4941 2695 4982 cum
2753 4933 2854 5003 legi
2919 4936 3138 5008 integra:
3191 4920 3448 5014 integram
3504 4953 3734 5009 adderet

2141 5008 2328 5078 legem,
2365 5014 2590 5078 plurimo
2621 5021 2809 5088 egebat
2837 5038 3090 5096 apparatu
3121 5041 3276 5101 atque
3296 5050 3443 5100 cura,
3477 5057 3542 5094 ne
3569 5045 3730 5098 audi-

2138 5108 2279 5155 tores
2330 5107 2582 5159 turbaret.

2211 5190 2313 5246 Cur
2351 5193 2579 5250 Christus
2618 5200 2890 5270 aliquando
2934 5223 3034 5261 non
3072 5227 3126 5264 se
3162 5212 3298 5267 clare
3343 5215 3507 5271 Deum
3556 5223 3717 5277 dicat.

2203 5301 2217 5330 t
2235 5298 2341 5388 Μ.οῃ
2349 5300 2645 5388 ιςΐειςίξξιὶιῇ
2655 5309 2875 5388 infirmae
2895 5314 3094 5388 legebat
3106 5331 3136 5388 ’τ’
3147 5319 3224 5388 Qui
3238 5322 3589 5388 rﬁdmrivmijc
3599 5330 3723 5388 ἀπή-

2138 5363 2701 5452 ξιξτξῖξξςθρί
2717 5363 2986 5452 βεεμὲ
3001 5363 3723 5452 τέᾱάἰάὲὲέίίὶὲῖέιὶῖίόἓ

2135 5420 2320 5506 emisi:
2343 5420 2394 5506 gul
2403 5420 2710 5506 _1;/'m_b_o_rg._"«;
2717 5430 2802 5506 tte,
2828 5420 3721 5506 ίιιιιὶάξὶξέυξῆι-ειῶἕἱὲτῶἶξἺὲἔῖ

2139 5480 2322 5529 tionem
2344 5484 2494 5543 illam,
2507 5499 2607 5563 per,
2620 5480 3186 5563 rttdiosn'qttésentiam};
3195 5480 3602 5560 ἷνᾶερΐέῐῗιηίιιῗδᾎ
3609 5480 3719 5563 υἷε

2132 5553 2228 5627 pen
2252 5556 2397 5603 posse
2418 5548 2754 5627 apmadverjti.
2771 5548 3055 5627 Quotienim
3078 5561 3125 5607 in
3147 5548 3300 5627 cruce.
3311 5548 3584 5627 remiserit,
3602 5548 3720 5621 nix}:

2131 5603 2210 5682 ius
2243 5608 2654 5682 evangelistarum
2678 5603 2841 5682 dixin
2867 5603 3186 5682 Quapropter
3205 5603 3718 5682 lectidaeuit'lit

2130 5665 2658 5742 opm-,arnplcctinmm
2678 5665 3007 5742 Videsis‘qng'e
3027 5665 3086 5726 ἱιῖ
3099 5665 3227 5730 nunc
3251 5685 3411 5734 locum
3425 5665 3710 5742 sim-nl‘etIin

2133 5723 2492 5778 Montefalcouii
2511 5745 2570 5780 an
2578 5732 2877 5786 notationem
2899 5723 3240 5794 Suilli—advertit
