4050 6432
245 519 443 575 Contra
472 507 807 568 Manichwos.
838 528 911 541 —
936 492 1140 553 Idcirco
1166 503 1273 546 non
1310 484 1507 553 ubique
1532 477 1600 532 de
1638 471 1831 575 divini:

384 561 676 664 sus—clare
713 593 951 664 loquitur
975 594 1031 644 et
1053 585 1231 641 docet.
1270 574 1495 670 Sigonim
1519 610 1535 638 ,
1559 566 1702 670 quod
1732 561 1838 632 legi

552 660 830 761 adjiceret,
862 682 983 738 illos
1011 686 1216 735 tantum
1241 667 1497 732 turbavit,
1525 660 1696 774 multo
1723 669 1838 710 ma-

248 750 642 867 iurum}
664 781 711 837 si
740 750 995 836 aeneum
1016 783 1141 825 esse
1172 758 1583 856 declaravisset.
1608 750 1839 867 ideoq$e

248 837 581 943 :31;
599 837 884 931 divinitate
934 866 1091 933 longe
1139 855 1395 914 inierim
1439 844 1697 918 loquitur.
1736 837 1838 943 llic

248 930 760 1033 :erdde-additione
784 962 891 1033 legi
914 930 1172 1014 facienda
1187 946 1349 1005 verba
1376 942 1610 998 facturus
1629 976 1645 1002 ,
1674 930 1839 1033 multa

248 1022 613 1138 motione
636 1022 825 1113 utitur.
840 1022 1055 1120 'Neque
1079 1043 1225 1101 enim
1249 1036 1420 1096 semel
1463 1038 1670 1089 tantum
1707 1022 1843 1081 dixit

249 1122 316 1218 se
343 1160 514 1230 lqem
550 1168 655 1209 non
685 1149 914 1207 solvere,
956 1139 1054 1197 sed
1081 1136 1136 1194 id
1174 1122 1684 1230 secundorepetiit,
1722 1130 1840 1223 ma-

246 1210 635 1324 iaIiud
692 1252 880 1297 rursus
926 1229 1144 1303 adjecit.
1194 1224 1326 1281 Cum
1376 1218 1603 1324 dixisset
1647 1210 1798 1324 enim
1822 1246 1840 1273 ,

252 1300 446 1399 Heli;
481 1300 680 1408 putare,
721 1327 962 1402 quoniam
994 1300 1113 1378 peni
1152 1317 1343 1371 soluere
1382 1310 1563 1381 legem,
1609 1300 1841 1369 adjecit,

549 1392 761 1491 solvere,
783 1421 872 1477 sed
898 1415 1198 1481 adimplere.
1228 1405 1362 1463 Illud
1390 1416 1518 1457 vero
1546 1412 1651 1453 non
1682 1392 1844 1491 modo

252 1525 564 1584 Judazorum
609 1482 996 1587 impudentiam
1038 1508 1281 1563 coercet,
1314 1495 1409 1551 sed
1435 1492 1594 1548 etiam
1632 1482 1843 1541 lucreti-

252 1629 445 1675 eorum
489 1625 581 1667 ora
628 1573 859 1666 co-nsuit,
912 1599 1001 1669 qui
1040 1603 1279 1650 veterem
1322 1587 1496 1657 legem
1522 1596 1592 1637 ex
1629 1573 1847 1634 diabolo

252 1672 381 1766 suo
426 1703 630 1760 dietmt.
664 1695 797 1752 Nam
842 1692 887 1747 si
929 1689 1046 1760 ejus
1097 1679 1437 1757 tyrannidem
1474 1672 1847 1729 deSIructurus

250 1798 500 1859 Christus
521 1789 760 1855 advenit,
786 1800 894 1857 quo
913 1758 1069 1854 pacto
1089 1790 1208 1834 eam
1227 1786 1333 1829 non
1355 1766 1516 1824 modo
1536 1778 1641 1819 non
1663 1758 1845 1821 solvit.

255 1849 543 1950 avoid—etiam
575 1849 767 1953 implet
783 1849 951 1933 {Non
976 1872 1120 1929 enim
1160 1874 1370 1924 tantum
1402 1859 1559 1953 dixit,
1589 1849 1847 1953 11011⁸801-

254 1943 369 2047 us}
392 1943 540 2050 quod
570 1943 703 2031 satis
724 1978 870 2027 certe
895 1965 1117 2027 fuisset;
1144 1957 1242 2016 sed
1267 1968 1323 2013 et
1360 1951 1578 2021 adjecit,
1603 1943 1846 2014 impleo;

252 2036 538 2148 quod-non
579 2064 742 2123 modo
769 2076 879 2118 non
906 2051 1201 2114 adversarii
1237 2048 1373 2121 legis
1398 2051 1535 2106 erat,
1683 2036 1848 2092 etiam

253 2129 579 2222 delensoris.
622 2152 694 2210 Et
736 2146 1008 2224 quomodo
1052 2156 1163 2200 non
1206 2138 1395 2203 solvit,
1442 2129 1686 2224 inquies,
1718 2137 1852 2224 quo-

464 2245 708 2318 implevit
734 2215 829 2297 aut
856 2240 1052 2310 legem,
1101 2239 1197 2288 aut
1239 2219 1578 2318 prophetas?
1606 2215 1849 2318 Propbe-o

256 2305 581 2413 vta-squidem
601 2380 617 2404 ,
645 2332 792 2406 quod
819 2305 1000 2386 omnia
1043 2338 1164 2396 quae
1189 2321 1258 2377 de
1285 2320 1403 2390 ipso
1422 2314 1563 2385 dicta
1591 2316 1763 2413 erant.
1781 2305 1852 2359 ab

252 2398 358 2501 eis,
384 2398 1129 2502 ioperibus-conﬁrmaverit;
1167 2420 1492 2485 quapropter
1522 2398 1849 2470 evangelista

254 2524 327 2582 ad
343 2496 557 2593 singula
583 2516 795 2574 dicebat
824 2530 839 2568 ε
874 2510 943 2567 Ut
961 2504 1261 2579 impleretur
1280 2498 1417 2572 quod
1446 2496 1633 2593 dictum
1661 2498 1734 2592 eet
1761 2502 1853 2593 per

255 2577 603 2689 prophevtam;
644 2615 700 2663 et
723 2618 847 2661 cum
875 2577 1045 2656 natus
1062 2603 1166 2661 est,
1202 2600 1258 2648 et
1283 2604 1404 2645 cum
1432 2582 1583 2656 pueri
1627 2577 1849 2637 mirabi-

257 2671 423 2765 Iiilem
452 2671 709 2776 hymnum
737 2697 807 2753 de
836 2696 955 2766 ipso
997 2687 1299 2748 canebant,
1332 2690 1387 2737 et
1428 2675 1645 2749 quando
1685 2671 1852 2727 asinae

258 2764 549 2860 insidebait,
592 2803 806 2847 necnon
832 2764 993 2842 etiam
1018 2781 1071 2836 in
1104 2776 1344 2849 pluribus
1386 2770 1510 2825 aliis
1541 2766 1647 2821 hoc
1670 2764 1849 2833 ipsum

260 2887 502 2957 implevit
571 2896 692 2952 qua:
716 2875 896 2934 omnia
935 2886 1043 2927 non
1074 2862 1343 2952 implenda
1382 2870 1632 2929 umquam
1671 2858 1849 2957 erant:

257 2938 369 3036 nisi
403 2938 723 3031 advenisset.
759 2966 959 3036 Legem
1004 2968 1185 3014 autem
1216 2950 1321 3009 non
1348 2964 1455 3006 uno
1495 2956 1723 3008 tantum,
1755 2938 1851 2996 sed

200 3144 203 3147 Α
255 3066 497 3128 secundo
524 3065 684 3120 etiam
712 3073 775 3115 ac
802 3026 961 3112 tertio
985 3048 1148 3108 modo
1174 3044 1433 3116 implevit.
1463 3038 1585 3097 Uno
1607 3026 1848 3107 quidem,

254 3122 495 3234 quodex
525 3152 786 3225 legalibus
822 3146 955 3202 nihil
994 3135 1477 3209 transgrederctur.
1520 3125 1675 3196 Quod
1705 3122 1851 3234 enim

255 3212 623 3320 legem
652 3239 982 3315 impleverit,
1013 3232 1139 3289 audi
1168 3225 1466 3300 quid-dicat
1498 3216 1688 3277 Joanni
1716 3234 1728 3270 :
1762 3212 1853 3269 Sic

254 3306 394 3403 ditius
419 3306 896 3403 nosvdecetimplere
923 3340 1121 3383 omnem
1131 3320 1389 3392 justitiam
1416 3311 1628 3387 (Matth.
1648 3309 1703 3363 5.
1736 3306 1849 3374 I5).

254 3400 329 3493 Iit
348 3430 549 3491 Iudaeis
580 3400 793 3483 dicebat
825 3438 839 3476 :
874 3418 1001 3486 Quis
1029 3431 1093 3470 ea:
1136 3410 1275 3466 vobis
1311 3412 1489 3478 arguet
1534 3416 1616 3455 me
1639 3400 1704 3453 de
1729 3411 1851 3467 pec-

253 3490 369 3583 ζ...
395 3522 576 3596 (Joan.
604 3519 659 3575 s.
686 3514 779 3587 te)
804 3513 926 3569 ‘lAc
951 3505 1228 3577 discipulis
1249 3514 1459 3558 rursum
1493 3514 1508 3552 ε
1543 3493 1689 3549 Venit
1710 3490 1852 3596 prin-

258 3581 380 3688 ceps
400 3581 586 3670 ‘mundi
611 3581 788 3679 hujus,
817 3613 862 3660 et
888 3605 940 3657 in
962 3616 1041 3656 me
1076 3614 1181 3652 non
1210 3593 1356 3649 habet
1382 3588 1660 3659 quidquam
1682 3581 1847 3655 (Ibid.

260 3681 351 3767 tt.
379 3706 495 3769 30).
518 3699 788 3771 Propheta
824 3707 1040 3766 quoque
1070 3701 1233 3758 supra
1264 3684 1431 3746 dixit,
1459 3681 1633 3751 ipsum
1661 3687 1852 3746 pecca-

261 3762 503 3856 non
545 3762 745 3847 habere
785 3762 965 3858 (isai.
986 3782 1077 3837 55.
1110 3779 1144 3834 9
1173 3778 1213 3848 ).
1246 3775 1361 3831 Hoc
1399 3773 1577 3841 itaque
1606 3780 1715 3820 uno
1737 3762 1852 3835 pri-

162 3906 167 3909 ‘
260 3854 459 3960 moque
492 3884 653 3940 modo
693 3854 863 3950 legem
896 3871 1159 3943 implevit.
1181 3863 1431 3923 Secundo
1464 3869 1641 3915 autem
1672 3854 1855 3924 imple-

371 3944 557 4040 inodo,
602 3944 769 4045 quod-
784 3968 835 4023 id
887 3974 1107 4036 propter
1159 3976 1255 4014 nos
1294 3954 1499 4011 fecerit.
1540 3950 1671 4005 Nam
1710 3944 1852 4016 quod

262 4073 461 4131 mirum
486 4075 589 4132 est,
616 4040 721 4119 non
745 4059 907 4117 modo
930 4060 1044 4128 ipse
1072 4052 1332 4123 implevit,
1364 4045 1458 4103 sed
1487 4040 1618 4098 illud
1641 4052 1854 4109 quoque

264 4129 492 4233 largitus
519 4129 605 4213 est
630 4166 689 4211 ut
722 4170 821 4210 nos
852 4151 1217 4221 impleremus.
1246 4139 1398 4209 Quod
1428 4135 1630 4193 Paulus
1650 4132 1729 4186 sic
1754 4129 1854 4183 de-

264 4221 433 4310 claret
464 4268 478 4303 :
528 4247 782 4318 Quoniam
811 4244 928 4313 ﬁnis
949 4241 1073 4311 legis
1099 4234 1332 4293 Christus
1353 4231 1420 4285 ad
1437 4226 1695 4300 justitiam
1717 4221 1856 4276 omni

265 4343 486 4401 credenti
516 4316 830 4415 (Reum-i0.
862 4332 957 4406 4).
989 4330 1056 4386 Ει
1089 4334 1363 4399 peccatum
1394 4321 1543 4375 illum
1570 4316 1855 4373 damnasse

266 4435 400 4492 dicit
418 4435 472 4489 in
494 4403 659 4487 carne
687 4446 702 4482 :
735 4424 803 4483 Ut
820 4403 1126 4496 justiﬁcatio
1147 4417 1271 4485 legis
1290 4412 1582 4481 impleretur
1609 4408 1660 4461 in
1691 4403 1855 4467 nobis,

268 4527 357 4597 qui
406 4538 509 4580 non
553 4494 835 4578 secundum
865 4528 1068 4569 comem
1112 4506 1431 4562 ambulamus
1461 4498 1623 4572 (Ibid
1675 4497 1729 4553 8.
1757 4494 1855 4565 4).

270 4585 341 4673 Iit
366 4628 579 4670 rursum
610 4629 624 4666 :
657 4608 843 4681 Legem
871 4620 989 4676 ergo
1014 4599 1321 4655 destruimus
1346 4610 1435 4664 per
1462 4591 1613 4661 [idem
1636 4589 1663 4643 t
1695 4585 1857 4641 Absit.

269 4707 379 4764 Sed
422 4705 583 4775 legent
626 4678 893 4756 statuimus
941 4692 1123 4767 (ibid.
1152 4691 1207 4745 δ.
1248 4688 1309 4742 st
1344 4687 1383 4756 ).
1430 4684 1562 4751 Quia
1602 4678 1745 4736 enim
1773 4678 1858 4732 lex

269 4773 522 4855 studebat
547 4793 821 4848 hominem
849 4790 1029 4845 facere
1053 4784 1282 4854 justum,
1319 4777 1413 4833 sed
1444 4773 1813 4831 inﬁrmabatur
1842 4787 1857 4836 ;

273 4887 496 4945 veniens
517 4884 653 4954 ipse,
668 4889 726 4937 et
752 4881 968 4936 modum
990 4874 1211 4948 iustitiae
1242 4869 1522 4930 inducens,
1552 4878 1743 4931 nempe
1767 4876 1863 4931 per

279 4978 467 5042 ﬁdem,
491 4976 626 5043 legis
652 4972 982 5027 voluntatem
1012 4966 1236 5032 statuit;
1264 4973 1319 5019 et
1344 4960 1486 5032 quod
1511 4958 1597 5013 illa
1629 4970 1735 5010 non
1763 4969 1861 5023 po-

281 5079 460 5128 tuerat
486 5084 583 5140 per
605 5067 806 5131 literas,
839 5062 891 5117 id
911 5063 1025 5133 ipso
1044 5075 1141 5129 per
1160 5057 1319 5113 ﬁdem
1343 5052 1583 5127 perfecit.
1605 5049 1861 5119 Propter-

278 5177 343 5221 ea
364 5161 534 5234 inquit
565 5178 579 5215 :
606 5157 726 5213 Non
751 5155 863 5211 aerii
889 5155 1079 5209 soluere
1101 5152 1280 5221 legem.

349 5252 405 5309 ὅ.
438 5231 635 5308 -ϐιιὶιιὶ
656 5257 906 5319 ρνωοερια
930 5252 1047 5299 sunt
1076 5241 1494 5312 complementum
1519 5234 1643 5307 legis
1668 5231 1862 5287 ueteris.

277 5374 351 5391 -—
370 5344 428 5400 Si
457 5343 575 5413 quis
601 5355 729 5397 vero
754 5338 1038 5409 diligenter
1054 5334 1318 5403 exploret,
1340 5330 1502 5383 alium
1527 5338 1740 5397 quoque
1763 5332 1867 5376 ter-

279 5440 414 5494 tium
434 5434 651 5491 modum
677 5432 931 5496 inveniet,
952 5444 1060 5502 quo
1080 5427 1131 5482 id
1150 5426 1344 5482 factum
1366 5431 1467 5479 est.
1486 5421 1655 5490 Quem
1679 5414 1868 5472 illum?

278 5529 390 5584 Per
437 5534 703 5598 prmcepta
751 5539 869 5595 quae
919 5522 1142 5576 daturus
1177 5526 1311 5573 erat.
1344 5514 1527 5583 Neque
1564 5512 1710 5566 enim
1751 5515 1869 5563 erat

280 5618 560 5688 abrogatio
604 5617 863 5688 priorum,
901 5613 1000 5673 sed
1043 5610 1285 5668 extensio
1323 5618 1378 5664 et
1418 5605 1868 5673 complementum

276 5719 437 5765 erant
484 5725 548 5766 ea
587 5724 710 5780 qua:
733 5706 1068 5763 dicebantur.
1114 5700 1249 5757 Nam
1281 5714 1385 5754 non
1416 5692 1695 5753 occidendi
1735 5704 1873 5762 prac-

287 5812 506 5871 ceptum
532 5817 637 5855 non
658 5800 943 5869 abrogatur
961 5811 995 5853 it
1022 5802 1291 5866 prtcccpto
1308 5806 1412 5847 non
1442 5784 1703 5845 irascendi
1728 5800 1743 5852 ;
1773 5780 1869 5839 sed

1384 368 1449 425 IN
1488 352 1894 422 MA'I'TIIEUM
1922 350 2165 408 IIOMIL.
2207 350 2349 407 XVI.

3442 332 3551 391 212

1944 467 2400 538 complementum
2427 473 2513 521 est
2535 462 2603 519 ad
2628 460 2889 532 ntajorem
2919 458 3222 515 cautionem
3249 469 3267 509 :
3312 460 3367 509 et
3397 450 3542 507 idem

1941 557 2154 613 dicatur
2172 555 2243 613 de
2267 556 2481 612 eseteris
2510 553 2790 610 omnibus.
2817 549 3050 621 Ideoque
3082 560 3207 601 cum
3235 543 3429 600 borum
3457 555 3546 596 so-

1942 649 2089 705 mina
2125 648 2242 703 sine
2268 646 2447 719 aliqua
2473 643 2780 716 suspicione
2809 642 2958 712 prius
2983 637 3288 709 sparsisset,
3328 630 3546 705 quando

1942 740 2140 797 clarius
2181 755 2248 796 ex
2294 730 2700 811 comparatione
2736 743 2981 791 veterum
3020 740 3078 788 et
3102 741 3365 785 novorum
3398 725 3546 795 lcga-

1944 833 2074 890 Iinm
2103 844 2165 890 ut
2192 830 2485 888 adversans
2513 829 2617 903 legi
2647 830 2704 885 in
2724 827 3088 898 suspicionem
3108 818 3384 877 vocandus
3404 822 3543 881 erat,

1944 927 2145 999 pravis
2184 926 2276 982 illa
2311 924 2559 981 cautione
2585 938 2717 978 usus
2741 930 2844 977 est.
2889 916 3103 976 Etenim
3149 914 3259 985 jam
3289 911 3379 968 illa
3410 906 3547 964 a-ni-

1944 1018 2175 1092 gmatice
2220 1016 2442 1083 fundata
2469 1024 2624 1072 erant
2652 1029 2753 1086 per-
2784 1028 2847 1069 ea
2878 1024 3000 1084 qua
3041 1008 3181 1065 dicta
3212 1003 3442 1062 fueram.
3476 999 3547 1054 il-

1949 1090 2039 1165 lud
2078 1109 2247 1172 enim,
2278 1107 2424 1163 Beati
2462 1122 2710 1179 pauperes
2748 1102 2959 1172 spiritu,
2990 1099 3223 1171 idipsum
3254 1104 3338 1151 est
3378 1090 3547 1164 quod,

1952 1200 2037 1257 Ne
2082 1200 2368 1256 irascimini
2396 1214 2417 1254 :
2439 1210 2495 1256 et
2540 1197 2695 1263 illud,
2740 1193 2891 1261 Beati
2927 1191 3118 1248 mundo
3154 1188 3339 1252 corde,
3371 1182 3549 1240 simile

1950 1294 2075 1350 huic
2101 1299 2371 1364 praeccpto
2395 1300 2501 1356 est,
2550 1306 2656 1345 non
2684 1285 3079 1358 respiciendum
3119 1284 3241 1339 esse
3266 1278 3546 1336 mulierem

1948 1386 2015 1442 ad
2042 1382 2534 1456 concupiscendum
2574 1398 2694 1438 eam
2725 1390 2821 1439 :et
2859 1378 3013 1443 illud,
3043 1391 3149 1431 non
3176 1371 3551 1429 thesaurizan-

1949 1479 2075 1534 dum
2118 1492 2241 1533 esse
2267 1475 2550 1533 thesauros
2576 1476 2627 1528 in
2656 1482 2824 1535 terra,
2853 1469 2979 1524 huic
3004 1465 3201 1522 accinit
3228 1481 3243 1518 :
3274 1462 3419 1519 Beati
3448 1459 3550 1515 mi-

1951 1568 2238 1625 sericordes
2263 1583 2285 1634 ;
2310 1577 2367 1622 et
2411 1564 2562 1628 illud,
2591 1565 2796 1633 lugere,
2825 1555 3331 1632 persequutionibus
3366 1560 3422 1608 et
3458 1566 3553 1621 op-

1954 1658 2187 1731 probriis
2213 1656 2421 1726 impeti,
2451 1655 2557 1710 tale
2588 1661 2693 1717 est,
2729 1651 2888 1723 quale
2918 1649 3121 1704 intrare
3150 1660 3249 1716 per
3268 1652 3549 1714 angustam

1953 1729 2202 1822 portam;
2246 1756 2305 1803 et
2344 1746 2475 1802 illud
2505 1788 2520 1809 ,
2553 1744 2765 1800 esurire
2809 1748 2865 1797 et
2907 1739 3060 1795 sitire
3082 1734 3383 1807 justitiam,
3421 1729 3554 1786 nihil

1952 1841 2097 1898 aliud
2136 1849 2221 1897 est
2246 1853 2408 1911 quam
2450 1837 2501 1893 id
2525 1879 2540 1901 ,
2588 1834 2729 1907 quod
2775 1842 2963 1904 postea
3008 1830 3138 1885 dicit
3170 1845 3185 1883 :
3216 1827 3557 1893 Quacumque

1952 1934 2106 1989 sultis
2129 1942 2188 1987 ut
2213 1931 2403 2003 faciant
2426 1928 2566 1984 vobis
2585 1926 2832 1989 homines,
2854 1935 2904 1979 et
2922 1939 3010 1978 vos
3036 1921 3189 1994 facile
3213 1916 3319 1972 illis
3341 1913 3552 1987 (Hatth.

1953 2024 2007 2080 7.
2039 2022 2151 2094 12).
2180 2021 2393 2078 Etcum
2414 2017 2697 2091 paciﬁcum
2720 2015 3047 2088 appellasset
3065 2011 3306 2076 beatum,
3324 2007 3553 2077 idipsum

1954 2129 2125 2187 prope
2151 2112 2321 2177 dixit,
2366 2108 2510 2183 quod
2545 2123 2668 2163 cum
2708 2106 2873 2176 jussit
2910 2103 3213 2172 relinquere
3248 2098 3472 2162 donum,
3503 2105 3560 2151 ct

1954 2186 2213 2263 festinare
2256 2202 2327 2258 ad
2362 2200 2625 2257 oﬁ‘ensum
2670 2197 2891 2262 fratrem
2918 2193 3019 2250 sibi
3061 2186 3516 2253 reconciliandam
3538 2226 3554 2249 ,

1955 2305 2013 2355 et
2039 2294 2356 2354 benevolum
2395 2292 2519 2347 esse
2554 2288 2892 2345 adversario.
2923 2283 3030 2341 Sed
3059 2282 3131 2338 ibi
3163 2279 3383 2353 quidem
3414 2292 3555 2349 pra:-

1955 2388 2062 2442 mia
2108 2392 2259 2440 recte
2296 2380 2637 2454 operantium
2687 2378 2914 2448 posuit:
2948 2375 3037 2429 hic
3078 2387 3210 2428 vero
3255 2385 3365 2427 non
3412 2377 3558 2424 recte

1955 2475 2297 2548 operantium
2326 2471 2609 2544 supplicia.
2630 2471 2974 2541 Quapropter
2989 2466 3059 2521 ibi
3082 2464 3299 2536 quidem
3322 2460 3556 2525 dicebat,

1956 2568 2115 2624 mites
2145 2575 2346 2623 terram
2368 2576 2716 2635 posses-suros
2744 2550 2903 2625 esse;
2933 2559 3021 2612 hic
3043 2570 3172 2612 vero
3196 2554 3293 2620 ait,
3315 2567 3440 2609 eum
3466 2547 3560 2621 qui

1955 2662 2177 2717 iratrem
2203 2672 2360 2714 suum
2388 2656 2600 2712 fatuum
2640 2649 2932 2718 vocaverit,
2959 2665 3113 2706 reum
3155 2650 3269 2703 fore
3296 2645 3560 2716 gehennae

1956 2753 2113 2824 ignis.
2147 2750 2257 2807 illic
2278 2750 2406 2805 item
2432 2748 2569 2802 dixit
2594 2746 2825 2799 tutandos
2855 2741 3020 2797 corde
3051 2740 3219 2795 Deum
3257 2752 3382 2794 esse
3407 2736 3555 2790 visu-

1956 2859 2049 2901 ros
2073 2860 2089 2909 ;
2124 2842 2215 2899 hic
2238 2856 2371 2896 vero
2397 2854 2545 2904 cum,
2572 2836 2663 2908 qui
2706 2832 2989 2904 impudicis
3028 2830 3202 2886 oculis
3230 2825 3550 2897 respexerit,

1957 2950 2081 2991 esse
2104 2947 2231 2991 vere
2275 2931 2545 2987 nimchum
2576 2946 2591 2995 ;
2621 2943 2685 2982 ac
2708 2942 2832 2983 cum
2864 2925 2973 2980 illic
3014 2921 3266 2994 paciﬁcos
3292 2915 3433 2975 ﬁlios
3461 2916 3557 2972 Dei

1956 3032 2221 3088 vocasset,
2250 3022 2339 3077 hic
2375 3021 2477 3075 alia
2511 3020 2720 3075 ratione
2765 3018 3004 3072 deterret
3046 3013 3274 3069 dicens:
3307 3008 3393 3064 Ne
3427 3010 3557 3081 forte

1957 3114 2126 3168 tradat
2163 3123 2210 3167 te
2252 3112 2576 3166 aduersarius
2597 3110 2791 3181 jndici.
2824 3107 2915 3163 Sic
2943 3115 2997 3161 et
3024 3106 3269 3175 lugentes
3292 3111 3346 3158 et
3371 3115 3557 3171 perse-

1956 3206 2271 3274 quutionem
2310 3204 2573 3274 patientes
2617 3216 2740 3255 cum
2774 3192 2961 3256 beatos
2986 3196 3235 3267 superius
3263 3191 3555 3264 praedicas-

1955 3306 2075 3360 set,
2109 3298 2161 3351 in
2191 3294 2541 3367 sequentibus
2570 3293 2802 3360 idipsum
2841 3295 3099 3351 tractans,
3136 3284 3427 3356 perniciem
3473 3281 3556 3334 in-

1959 3389 2282 3446 terminatur
2326 3388 2395 3442 iis
2423 3387 2512 3457 qui
2564 3400 2673 3439 non
2722 3382 2912 3439 eadem
2959 3381 3080 3451 ipsa
3124 3378 3207 3432 via
3253 3373 3554 3429 incedunt:

1958 3498 2082 3538 nam
2122 3468 2212 3553 qui
2257 3496 2351 3549 per
2387 3480 2679 3549 spatiosam
2722 3476 2863 3530 viam
2892 3471 3192 3537 ambulant,
3225 3465 3417 3538 inquit,
3446 3462 3558 3519 illic

1956 3580 2203 3644 pereunt.
2237 3570 2343 3627 Sed
2367 3578 2421 3625 et
2450 3564 2603 3636 illud,
2640 3567 2761 3623 Non
2789 3564 2997 3636 potestis
3026 3561 3136 3617 Deo
3160 3557 3351 3615 seruire
3376 3564 3423 3610 et
3447 3570 3559 3609 ma-

1956 3684 2123 3723 monae
2144 3665 2359 3741 (Matth.
2389 3665 2445 3730 6,
2469 3664 2586 3735 24),
2621 3662 2743 3717 huic
2766 3661 2911 3715 dicto
2938 3655 3117 3713 simile
3146 3652 3278 3709 mihi
3297 3648 3510 3705 videtur
3538 3665 3554 3702 :

1955 3740 2507 3822 Beatintisericordes,’
2524 3765 2599 3819 ct,
2631 3753 2732 3820 Qui
2767 3751 3000 3807 esuriunt
3020 3746 3298 3819 justitiam.
3333 3740 3556 3808 Verum,

1957 3862 2016 3907 ut
2059 3849 2380 3922 prtemonni,
2433 3848 2558 3919 quia
2608 3844 2726 3900 lucc
2774 3842 2976 3898 clarius
3005 3839 3251 3894 dicturus
3300 3843 3405 3900 est,
3455 3846 3557 3886 nec

1958 3944 2157 3998 clarius
2197 3941 2359 3995 modo
2388 3939 2651 4000 dicturus,
2684 3934 2779 3989 sed
2811 3934 2975 3987 etiam
3007 3931 3159 4001 plura
3202 3926 3367 3981 dictis
3409 3922 3563 3991 adje-

1959 4045 2143 4090 cturus
2170 4031 2312 4105 (non
2354 4031 2497 4086 enim
2538 4028 2650 4097 jam
2682 4024 3090 4081 misericordem
3116 4029 3320 4074 tantum
3343 4015 3557 4086 quaerit,

1961 4129 2054 4184 sed
2082 4128 2242 4182 etiam
2275 4125 2451 4179 tunica
2498 4131 2549 4175 te
2593 4118 2714 4174 exui
2754 4117 2947 4187 jubet;
2996 4128 3095 4168 nec
3139 4113 3323 4166 mitem
3351 4108 3559 4163 solum-

1961 4219 2123 4273 modo
2144 4259 2157 4281 ,
2187 4214 2281 4271 sed
2314 4222 2368 4269 et
2401 4223 2456 4266 ut
2485 4211 2643 4264 aliam
2671 4206 2941 4262 maxillam
2967 4210 3251 4259 convertas
3282 4206 3562 4268 percutere

1961 4310 2161 4366 volenti
2189 4312 2229 4379 ),
2274 4307 2445 4370 illam,
2487 4318 2607 4373 qua:
2646 4301 2925 4355 videbatur
2969 4312 3110 4362 esse,
3153 4290 3559 4363 repugnantiam

1962 4411 2017 4457 et
2044 4401 2480 4457 contrarietatem
2504 4395 2650 4465 prius
2691 4392 2845 4446 tollit.
2880 4388 3131 4458 Ideoque,
3164 4395 3221 4439 ut
3246 4398 3406 4452 supra
3428 4382 3561 4447 dixi,

1965 4507 2069 4548 non
2090 4490 2255 4547 semel
2288 4496 2492 4543 tantum
2524 4485 2627 4539 hoc
2656 4482 2897 4553 protulit,
2924 4478 3018 4533 sed
3051 4477 3152 4531 bis.
3174 4475 3306 4529 Cum
3332 4473 3565 4527 dixisset

1963 4583 2129 4648 enim,
2161 4580 2337 4635 Nolite
2359 4570 2559 4649 putare,
2575 4573 2713 4647 quod
2737 4573 2953 4627 venerim
2980 4570 3172 4624 soluere
3198 4565 3379 4636 legem,
3407 4563 3564 4631 adje—

1964 4676 2037 4731 cit
2068 4692 2081 4727 :
2108 4671 2228 4727 Non
2248 4670 2360 4725 ueni
2387 4669 2597 4733 solvere,
2627 4666 2716 4720 sed
2736 4661 3037 4732 adimplere.
3063 4660 3293 4723 Rursum
3320 4658 3398 4711 ait
3426 4672 3439 4707 :
3472 4653 3561 4709 i8.

1968 4769 2125 4821 Amen
2160 4765 2348 4835 quippe
2371 4762 2485 4815 dico
2514 4758 2671 4823 vobis,
2696 4756 2858 4809 donec
2884 4761 3105 4807 transeat
3132 4749 3314 4803 uelum
3336 4755 3380 4801 et
3407 4755 3563 4810 terra,

1966 4860 2071 4912 iota
2095 4872 2254 4911 unum
2292 4863 2381 4907 aut
2423 4867 2558 4905 unus
2600 4863 2734 4918 apex
2765 4861 2866 4917 non
2897 4840 3171 4913 prteteribit
3194 4856 3226 4892 a
3253 4836 3382 4908 lege,
3405 4836 3566 4889 donec

1967 4949 2139 5004 omnia
2165 4946 2309 5015 ﬁant.
2334 4941 2486 5010 Quod
2511 4949 2688 4994 autem
2714 4937 2863 5001 dicit,
2882 4930 3187 5004 bujusmodi
3208 4937 3293 4985 est
3322 4944 3338 4982 :
3367 4925 3568 4995 Impos-

1968 5039 2125 5100 sibile
2154 5046 2237 5092 est
2281 5050 2387 5089 non
2424 5033 2695 5102 impletam
2736 5041 2991 5091 manere,
3022 5023 3118 5078 sed
3163 5022 3249 5077 vel
3285 5018 3567 5076 minimum

1970 5132 2217 5205 quodque
2262 5127 2380 5197 ejus
2425 5124 2634 5195 impleri
2698 5127 2930 5191 oportet.
2960 5114 3115 5183 Quod
3157 5112 3273 5183 ipa
3316 5111 3438 5169 fecit
3477 5110 3568 5180 qui

1970 5200 2219 5279 accurate
2249 5218 2426 5273 omnia
2459 5214 2723 5286 implevit.
2752 5212 2848 5269 ilic
2882 5218 3063 5263 autem
3095 5206 3251 5262 nobis
3270 5200 3573 5259 subindicat

1974 5315 2138 5370 totius
2182 5309 2363 5364 mundi
2411 5307 2636 5378 ﬁguram
2689 5300 3077 5359 immutandam
3112 5311 3254 5354 esse.
3298 5294 3411 5351 Nec
3455 5294 3574 5349 sine

1974 5422 2131 5463 causa
2163 5404 2213 5459 id
2247 5403 2444 5474 posuit,
2484 5400 2579 5455 sed
2612 5408 2666 5452 ut
2696 5398 2931 5466 erigeret
2958 5391 3290 5454 auditorem,
3319 5386 3575 5442 ostende-

1976 5510 2167 5567 retque
2194 5512 2253 5551 se
2287 5495 2410 5564 jure
2438 5494 2599 5547 aliam
2632 5490 2888 5545 inducere
2908 5485 3247 5555 disciplinam
3278 5500 3292 5537 :
3322 5481 3369 5535 si
3394 5475 3579 5535 omnia

1976 5608 2097 5663 qum
2126 5592 2180 5645 in
2208 5588 2409 5644 mundo
2435 5594 2560 5641 sunt
2588 5582 2845 5639 mut-inda
2872 5582 2999 5643 sint,
3024 5588 3076 5633 et
3102 5577 3147 5631 si
3174 5573 3449 5629 hominum
3477 5584 3572 5641 ge-

1978 5700 2080 5740 nus
2126 5682 2192 5736 ad
2244 5680 2401 5735 aliam
2445 5677 2672 5749 patriam
2717 5676 2788 5729 sit
2825 5670 3165 5733 vocandum,
3211 5663 3577 5724 sublimiorem

1982 5773 2270 5849 pra-parari
2300 5772 2484 5826 vitam.
2532 5769 2620 5826 i9.
2669 5766 2982 5836 Quicumque
3021 5776 3146 5834 ergo
3184 5757 3385 5815 soluerit
3410 5768 3575 5811 unum
