4050 6436
546 344 654 400 ἳιό

543 461 610 514 de
635 458 887 513 mandatis
915 459 1021 512 istis
1046 458 1286 521 minimis,
1321 467 1369 512 et
1405 457 1627 510 docuerit
1650 457 1721 510 sic
1747 456 1989 520 homines,
2018 471 2116 506 uu-

545 552 711 605 ninuis
737 550 992 604 vocabitur
1015 551 1066 602 in
1103 566 1257 620 regno
1283 550 1539 602 calorum.
1586 549 1868 616 Postquam
1895 547 2036 600 enim
2063 562 2120 600 se

541 659 568 696 a
599 643 732 696 mala
760 643 1060 711 suspicione
1099 642 1400 704 vindicavit,
1433 649 1485 695 et
1507 654 1690 693 eorum
1724 639 1811 708 qui
1846 638 2118 693 contradi-

539 749 663 789 cere
688 733 883 788 vellent
926 749 1018 787 ora
1050 733 1307 793 obstruit,
1351 742 1470 784 tunc
1509 731 1721 785 demum
1761 739 1814 784 et
1844 738 2037 788 terret,
2065 739 2119 782 et

543 825 714 878 minas
742 825 972 892 graviter
1003 825 1224 876 intentat
1249 837 1408 896 super
1439 821 1612 875 futura
1634 823 1768 890 lege.
1797 821 1946 886 Quod
1974 822 2114 874 enim

543 917 593 969 id
637 933 740 970 non
776 917 842 970 de
870 916 1100 983 antiquis
1128 915 1330 980 legibus
1355 914 1581 976 dixerit,
1626 916 1718 969 sed
1754 915 1821 968 de
1857 914 1956 966 illis
1987 928 2116 982 quas

542 1008 653 1073 ipse
678 1008 874 1060 laturus
902 1015 1035 1069 erat,
1057 1007 1178 1059 audi
1206 1007 1496 1074 sequentia.
1521 1007 1610 1060 20.
1639 1005 1763 1058 Dico
1785 1005 1914 1058 enim
1941 1005 2076 1058 vobis
2097 1021 2116 1058 :

542 1094 660 1150 Nisi
687 1095 1008 1148 abundaverit
1029 1097 1231 1165 jttstitt‘a
1260 1104 1420 1148 vestra
1453 1099 1566 1165 plus
1590 1113 1737 1164 quam
1764 1096 2037 1148 scribarum
2070 1105 2116 1149 ct

546 1184 932 1248 Pharium-um,
961 1204 1058 1239 non
1086 1187 1335 1240 intrabitis
1361 1190 1412 1239 in
1449 1204 1653 1256 regnum
1681 1188 1936 1241 cwlomm.
1964 1188 2117 1253 Quod

537 1278 580 1327 si
608 1277 747 1330 circa
777 1287 1006 1330 veterem
1038 1277 1205 1345 legem
1253 1280 1561 1339 minaretur,
1595 1293 1690 1330 cur
1717 1278 1960 1341 dixisset,
1997 1277 2116 1330 Nisi

538 1367 857 1420 abundaverit
878 1369 903 1421 .9
935 1367 968 1421 li
993 1371 1132 1422 enim
1155 1369 1244 1438 qui
1269 1370 1452 1424 eadem
1487 1370 1596 1439 ipsa
1615 1411 1628 1434 ,
1657 1387 1772 1438 qua:
1802 1371 1872 1423 illi
1898 1413 1912 1433 ,
1952 1370 2113 1424 facie-

537 1456 679 1519 bant,
707 1473 807 1510 non
839 1467 1078 1525 poti-rant
1107 1460 1399 1513 secundum
1425 1461 1643 1527 justitite
1671 1463 1925 1515 rationem
1949 1462 2112 1516 abun-

535 1546 681 1602 dare.
703 1548 802 1602 Sed
831 1549 952 1615 quid
984 1559 1091 1602 erat
1126 1549 1252 1602 illud
1275 1550 1416 1618 quod
1436 1551 1777 1603 abundabat?
1799 1552 1908 1604 Non
1932 1553 2106 1617 irasci,

535 1640 807 1692 mulierem
851 1655 952 1691 non
987 1640 1251 1707 impudice
1291 1643 1579 1709 reapicere.

604 1731 656 1780 4.
699 1727 805 1782 Cur
851 1745 976 1798 ergo
1012 1730 1256 1783 minimas
1300 1731 1412 1785 illas
1456 1732 1658 1784 vocavit
1711 1733 1874 1802 leges,
1903 1735 2109 1791 etiamsi

535 1825 692 1871 [ante
741 1829 950 1888 tamque
979 1821 1232 1874 sublimes
1271 1820 1422 1874 sint?
1453 1822 1583 1886 Quia
1617 1824 1728 1890 ipse
1756 1824 1921 1891 legem
1955 1825 2110 1879 indu-

533 1919 714 1961 cturus
741 1918 872 1962 erat.
904 1909 1050 1964 Sicut
1073 1911 1212 1964 enim
1240 1924 1298 1964 se
1325 1911 1582 1974 humiliat,
1616 1923 1668 1966 ct
1695 1914 1930 1969 modeste
1968 1931 2109 1985 saepe

533 2002 598 2055 de
626 2003 800 2072 seipso
831 2004 1060 2071 loquitur
1089 2021 1101 2056 :
1133 2005 1210 2057 sic
1236 2004 1394 2057 etiam
1418 2006 1556 2058 circa
1591 2006 1757 2075 legem
1787 2022 1935 2061 suam
1961 2012 2102 2078 agit;

531 2103 586 2144 ut
615 2109 710 2146 nos
737 2110 946 2162 quoque
975 2095 1055 2147 hic
1083 2095 1273 2150 doceat
1301 2096 1350 2147 in
1377 2097 1624 2151 omnibus
1655 2098 1892 2152 modeste
1925 2115 2102 2169 agere.

533 2183 780 2252 Alioquin
813 2196 986 2238 autem
1029 2187 1149 2253 quia
1191 2177 1550 2239 initovationis
1591 2189 1824 2256 suspicio
1863 2186 2102 2258 quaedam

528 2288 647 2327 esse
688 2274 992 2340 videbatur,
1041 2277 1354 2330 demissiore
1386 2277 1594 2330 interim
1626 2278 1871 2346 loquendi
1913 2296 2105 2347 genere

530 2367 714 2418 utitur.
746 2363 876 2418 Cum
916 2382 1040 2419 vero
1066 2368 1218 2420 audis
1241 2368 1515 2422 minimum
1547 2369 1596 2420 in
1628 2384 1792 2437 regno
1830 2372 2101 2437 c.elorum,

527 2469 594 2506 ne
615 2455 752 2507 aliud
776 2456 1058 2523 suspiceris
1081 2471 1235 2524 quam
1263 2458 1560 2525 gehennam
1586 2469 1744 2526 atque
1766 2462 2100 2528 supplicium.

529 2543 765 2613 Regnum
795 2547 936 2599 enim
963 2548 1095 2600 solet
1125 2549 1414 2615 appellare,
1447 2564 1550 2601 non
1579 2550 1967 2606 usumiructum
1991 2570 2105 2608 mo-

525 2636 627 2700 do,
672 2637 762 2689 sed
803 2638 960 2690 etiam
1005 2641 1404 2693 resurrectionis
1447 2651 1686 2709 tempus,
1727 2652 1780 2696 et
1819 2643 2099 2700 adventum

528 2726 676 2778 illum
721 2728 1032 2781 terribilem.
1084 2729 1214 2782 Nam
1265 2730 1532 2798 quomodo
1579 2732 1770 2784 rationi
1816 2745 2100 2788 consenta-

526 2835 682 2871 neum
728 2829 901 2884 esset,
943 2836 1063 2873 eum
1104 2825 1195 2890 qui
1222 2820 1440 2874 fratrem
1472 2823 1690 2876 Stultum
1719 2836 1894 2890 vocat,
1928 2835 1980 2880 et
2013 2829 2101 2896 qui

524 2911 825 2964 mandatum
858 2929 1016 2966 unum
1042 2915 1221 2978 violat,
1253 2914 1302 2966 in
1324 2914 1622 2982 gehennam
1651 2916 1883 2972 incidere
1911 2935 1923 2979 ;
1955 2918 2100 2973 illum

523 3019 651 3057 vero
696 3006 783 3070 qui
826 3006 1001 3058 omnia
1043 3016 1305 3074 prmcepta
1333 3006 1571 3068 solverit,
1605 3018 1658 3060 et
1699 3008 1832 3061 alios
1853 3010 1919 3062 ad
1960 3009 2099 3079 idip-

521 3109 637 3148 sum
666 3095 949 3159 induxerit,
983 3097 1032 3149 in
1065 3111 1228 3165 regno
1257 3097 1417 3150 locari
1445 3097 1466 3148 ?
1491 3096 1604 3150 Non
1635 3098 1792 3166 igitur
1817 3099 1918 3152 hoc
1947 3099 2096 3165 dicit,

522 3185 614 3240 sed
649 3187 794 3240 illum
815 3201 878 3240 eo
910 3199 1146 3255 tempore
1189 3187 1465 3241 minimum
1497 3188 1751 3255 futurum,
1784 3191 1836 3244 id
1866 3200 1967 3254 est,
2005 3192 2100 3247 ab-

519 3275 738 3347 iectum,
786 3278 1044 3331 ttltimum.
1083 3264 1309 3332 Ultimus
1353 3288 1526 3332 autem
1558 3290 1679 3334 tunc
1711 3281 1760 3335 in
1804 3283 2098 3351 gehennam

521 3365 736 3419 incidet.
786 3366 990 3420 Etenim
1037 3378 1216 3435 utpote
1249 3368 1386 3421 Deus
1416 3369 1700 3424 multorum
1726 3374 2094 3442 negligentiam

522 3453 874 3521 praevidcbat,
905 3465 957 3508 et
981 3457 1234 3524 quosdam
1267 3456 1470 3511 futuros
1495 3474 1612 3514 esse
1639 3462 1725 3529 qui
1765 3461 1850 3514 illa
1877 3478 1969 3530 per
1995 3463 2095 3535 by-

519 3545 768 3614 perbolen
814 3547 984 3600 solum
1035 3548 1173 3601 dicta
1221 3564 1339 3602 esse
1385 3560 1665 3616 putarent,
1718 3562 1771 3604 et
1824 3553 1911 3621 qui
1954 3556 2092 3609 circa

519 3639 661 3707 leges
685 3639 1122 3693 ratiocinarentur
1145 3651 1194 3694 et
1213 3641 1452 3695 dicerent
1483 3660 1495 3696 :
1522 3641 1577 3698 Si
1600 3659 1727 3712 ergo
1753 3646 1870 3714 quis
1898 3646 2094 3702 fatuum

519 3730 804 3792 vocaverit,
833 3732 1048 3798 punitur
1072 3732 1094 3782 ?
1117 3732 1158 3783 si
1192 3733 1466 3788 mulierem
1508 3734 1822 3802 simpliciter
1844 3752 2093 3806 respexe-

519 3819 607 3883 rit,
638 3819 872 3872 mtechns
901 3819 1127 3874 cilicitur
1153 3822 1174 3872 ?
1219 3822 1339 3876 ldeo
1365 3823 1506 3876 illam
1540 3825 1731 3878 tollens
1759 3828 2055 3882 socordiam
2075 3871 2089 3894 ,

518 3912 688 3966 minas
732 3913 952 3965 intentat
984 3914 1238 3966 maximas
1267 3914 1540 3982 utrisque,
1571 3924 1624 3968 et
1653 3917 2091 3986 transgredienti-

518 4001 638 4061 bus,
667 4013 719 4056 et
745 4003 876 4056 alios
908 4004 970 4056 ad
1003 4003 1102 4057 hoc
1135 4004 1523 4057 inducentibus.
1560 4006 1726 4059 Minas
1769 4009 1943 4078 itaque
1968 4024 2090 4064 cer-

515 4103 722 4157 nentes,
753 4109 923 4160 neque
945 4095 1038 4160 ipsi
1065 4094 1534 4161 transgrediamur,
1559 4111 1726 4162 neque
1753 4097 1863 4150 haec
1883 4113 2093 4153 servare

518 4183 752 4235 volentes
799 4193 1119 4236 avertamus.
1179 4183 1278 4249 Qui
1323 4193 1488 4236 autem
1531 4186 1702 4252 fecerit
1740 4196 1787 4238 et
1835 4187 2088 4253 docuerit,

515 4273 702 4341 inquit,
758 4291 966 4344 magnus
1013 4275 1283 4326 vocabitur.
1315 4273 1430 4327 Non
1479 4275 1618 4327 enim
1664 4276 1815 4330 nobis
1865 4287 2088 4345 tantum,

517 4364 610 4419 sed
647 4373 699 4418 ct
748 4365 865 4416 aliis
910 4365 1062 4419 utiles
1108 4381 1227 4418 esse
1271 4364 1546 4419 debemus.
1594 4365 1776 4435 Neque
1810 4370 1950 4424 enim
2001 4387 2094 4439 par

517 4468 722 4508 merces
760 4466 838 4508 est
882 4457 928 4509 ei
970 4458 1143 4524 quise
1172 4458 1235 4508 all
1285 4466 1427 4510 recte
1471 4456 1764 4513 faciendum
1797 4467 2088 4530 comparat,

514 4552 570 4598 ct
612 4544 662 4598 ei
718 4545 804 4613 qui
869 4559 1046 4598 secum
1104 4546 1267 4598 alium
1315 4546 1378 4598 ad
1428 4547 1477 4598 id
1524 4547 1754 4602 adducit.
1809 4550 2089 4616 Quemad-

516 4635 730 4689 modum
763 4637 902 4690 enim
940 4636 1131 4690 docere
1173 4645 1228 4692 et
1269 4653 1372 4689 non
1418 4637 1606 4700 facere,
1641 4640 1957 4695 condemnat
1985 4643 2090 4696 do-

514 4739 756 4791 centem,
809 4730 970 4796 (nam
1014 4729 1087 4781 ait
1119 4746 1132 4782 :
1171 4729 1272 4794 Qui
1314 4731 1460 4782 doces
1491 4731 1688 4794 alium,
1730 4733 1938 4800 teipsum
1985 4752 2089 4788 non

513 4820 659 4874 doces
687 4819 872 4892 tuom.
913 4820 964 4874 Ξ.
997 4821 1194 4892 21])?
1240 4823 1315 4875 sic
1364 4822 1554 4886 facere,
1602 4838 1699 4877 nec
1745 4825 1874 4878 alios
1922 4827 1985 4879 ad
2016 4827 2089 4880 l'a-

515 4910 760 4966 ciendum
792 4911 1039 4966 inducere
1062 4954 1074 4975 ,
1105 4914 1402 4967 mercedem
1431 4914 1638 4966 minuit.
1679 4913 1898 4982 Oportet
1935 4917 2088 4986 igitur

514 5003 566 5055 in
611 5011 834 5071 utroque
875 5017 1177 5071 supremum
1219 5020 1355 5067 esse,
1397 5012 1449 5057 et
1496 5019 1614 5057 cum
1662 5013 1713 5057 te
1750 5006 1976 5072 priorem
2022 5009 2084 5061 ad

513 5093 942 5148 benefaciendum
988 5094 1254 5149 induxeris
1280 5132 1293 5158 ,
1330 5095 1393 5147 ad
1434 5094 1658 5148 aliorum
1693 5111 1871 5149 curam
1912 5108 2084 5151 trans-

510 5183 740 5240 eundum
782 5194 880 5239 est.
924 5183 1123 5239 Idcirco
1149 5186 1286 5236 enim
1316 5185 1426 5252 ipse
1453 5200 1610 5255 opera
1643 5195 1766 5240 ante
1792 5185 2083 5241 doctrinam

512 5280 708 5347 posuit,
755 5279 1042 5338 ostendens
1087 5279 1164 5331 sic
1190 5278 1387 5346 optime
1435 5279 1676 5348 quemvis
1714 5294 1771 5332 se
1801 5279 1864 5333 ad
1898 5279 2084 5334 docen-

509 5369 634 5423 dum
663 5384 997 5437 comparare,
1033 5384 1203 5438 neque
1230 5369 1335 5420 alio
1375 5370 1532 5423 modo
1562 5386 1828 5437 umquam.
1864 5372 2086 5424 Auditu-

509 5476 601 5515 rus
642 5472 781 5514 esset
811 5463 951 5516 enim
976 5504 988 5528 ,
1022 5460 1234 5526 Medica,
1273 5478 1395 5513 cura
1423 5462 1632 5529 teipsmn
1674 5462 1691 5529 (
1718 5460 1841 5513 Luc.
1871 5463 1924 5515 ὀ.
1947 5462 2016 5514 23
2041 5462 2081 5528 ).

511 5555 609 5619 Qui
650 5556 788 5607 enim
830 5569 946 5608 cum
992 5555 1223 5622 seipsum
1269 5553 1459 5607 docere
1498 5569 1599 5606 non
1646 5555 1904 5621 potuerit,
1952 5554 2085 5607 alios

519 5644 804 5697 etnentlare
832 5653 1073 5707 conatur,
1107 5659 1136 5696 a
1172 5645 1345 5697 multis
1375 5642 1676 5698 irridebitur
1709 5661 1724 5706 ;
1755 5644 1860 5696 imo
1892 5658 1954 5698 ne
1983 5643 2082 5697 do-

507 5752 630 5791 cere
678 5737 887 5807 quidem
938 5737 1024 5791 ille
1068 5737 1290 5807 poterit,
1337 5737 1462 5805 ipsis
1512 5735 1757 5805 operibus
1811 5736 2073 5790 contraria

1288 343 1342 398 S.
1384 341 1657 398 JOANNIS
1696 337 2162 399 CHRYSOSTOMI
2203 337 2520 396 ARCIIIEP.
2561 343 3069 403 CONSTANTlNOP

3712 347 3812 401 ΞΗ

2229 455 2651 513 testiﬁcantibus.
2698 457 2752 514 Si
2791 474 2918 514 vero
2965 460 3018 514 in
3061 470 3288 532 utroque
3332 460 3606 533 perfectus
3634 459 3811 526 fuerit,

2227 562 2447 616 magnus
2480 550 2754 604 vocabitur
2789 552 2838 604 in
2875 565 3039 622 regno
3064 551 3337 607 caelorum.
3381 551 3512 607 Dico
3559 553 3699 605 enim
3726 569 3814 606 ro-

2226 639 2319 703 bis,
2359 639 2476 693 Nisi
2503 640 2824 694 abundaverit
2854 643 3054 712 justitia
3088 652 3251 695 uestra
3280 645 3394 711 plus
3427 660 3581 714 quam
3623 643 3814 697 scriba—

2224 744 2336 780 rum
2362 740 2406 782 ct
2431 729 2824 795 Pharisaeorum,
2850 749 2950 784 non
2966 730 3214 785 intrabitis
3236 733 3286 784 in
3307 750 3521 802 regnum
3547 735 3810 786 ca'lorum.

2227 817 2320 870 llic
2359 820 2644 886 justitiam,
2689 835 2901 874 omnem
2945 832 3097 876 vocat
3135 822 3421 886 virtutem;
3461 835 3523 876 ut
3553 825 3717 877 etiam
3749 823 3816 877 de

2223 910 2356 963 Jobo
2381 927 2600 967 narrans
2627 913 2836 966 dicebat
2865 933 2876 966 :
2912 914 2978 966 Et
3008 925 3112 968 erat
3143 915 3291 967 homo
3318 915 3809 982 irrepreltensibiiis,

2223 1001 2385 1066 iustus
2428 1002 2566 1071 (Job
2611 1003 2660 1054 1.
2695 1003 2788 1070 1).
2849 1003 3148 1058 Secuudum
3196 1003 3335 1057 hanc
3369 1005 3814 1072 justiﬁcationem

2217 1092 2419 1160 justum
2465 1092 2609 1145 illum
2655 1094 2850 1148 Paulus
2900 1096 3158 1158 vocabat,
3193 1095 3275 1148 cui
3316 1095 3487 1164 legem
3519 1111 3628 1147 non
3667 1097 3815 1163 posis

2225 1191 2329 1236 tam
2383 1198 2500 1237 csse
2549 1183 2756 1238 dicebat
2805 1202 2816 1236 :
2867 1184 3016 1239 Justo
3062 1187 3194 1238 enim
3245 1186 3328 1239 lea;
3374 1202 3477 1238 non
3526 1187 3697 1249 posita
3747 1195 3817 1238 est

2221 1273 2319 1341 (1.
2348 1272 2482 1328 Tini.
2517 1276 2566 1327 1.
2599 1275 2696 1344 9),
2745 1276 2934 1344 inquit.
2981 1265 3240 1347 Saepeque
3289 1277 3412 1330 a'ibi
3461 1277 3564 1329 hoc
3615 1294 3816 1331 nomen

2223 1380 2316 1430 pro
2336 1368 2568 1433 generali
2600 1368 2793 1422 virtute
2824 1370 3048 1436 positum
3080 1371 3314 1437 reperire
3332 1379 3412 1424 est
3437 1370 3539 1438 (α).
3573 1370 3654 1422 Tu
3688 1385 3816 1422 vero

2221 1456 2347 1508 mihi
2398 1457 2666 1524 perpende
2698 1464 2881 1527 gratia:
2920 1469 3261 1529 augmentum
3285 1503 3297 1524 ,
3329 1460 3545 1529 quando
3575 1459 3813 1526 discipu-

2221 1544 2299 1596 los
2346 1544 2517 1598 adhuc
2562 1546 2720 1601 rudes
2764 1547 2876 1600 vult
2921 1551 3117 1603 veteris
3169 1549 3297 1619 legis
3334 1550 3648 1604 doctoribus
3694 1565 3816 1605 esse

2220 1637 2488 1690 meliores.
2536 1636 2748 1691 Scribas
2795 1648 2969 1694 autem
3008 1651 3060 1694 et
3100 1641 3396 1695 Pharisaeos
3443 1642 3528 1696 hic
3561 1657 3670 1696 non
3706 1642 3815 1695 im-

2221 1728 2414 1796 probos
2461 1742 2863 1793 commemorat,
2901 1732 2992 1785 sed
3047 1733 3286 1800 probos;
3331 1733 3431 1787 nisi
3471 1736 3618 1788 enim
3653 1734 3814 1802 probi

2217 1830 2426 1884 essent,
2464 1836 2794 1888 nequaquam
2825 1837 2918 1875 eos
2950 1823 3150 1877 diceret
3178 1824 3373 1881 habere
3393 1824 3682 1892 justitiam,
3717 1840 3819 1878 ne-

2213 1910 2589 1977 quejustitiam
2617 1927 2718 1963 non
2745 1915 3084 1966 exsistentcm
3116 1928 3235 1966 cum
3258 1916 3552 1968 exsistente
3578 1929 3814 1983 compa-

2212 2009 2372 2052 raret.
2407 1999 2680 2068 Perpende
2721 2012 2895 2054 autem
2927 2002 3028 2056 hoc
3055 2004 3171 2057 loco
3210 2005 3475 2073 quomodo
3514 2020 3639 2059 esse
3666 2017 3817 2060 vete-

2212 2105 2324 2144 rem
2383 2090 2553 2158 legem
2609 2092 2970 2156 commendet,
3023 2095 3148 2146 dum
3195 2109 3312 2147 eam
3358 2105 3637 2162 comparat
3684 2111 3813 2150 cum

2212 2195 2345 2233 nova
2377 2196 2392 2232 :
2438 2181 2577 2248 quod
2609 2197 2737 2235 sane
2767 2182 3000 2236 declarat
3040 2184 3183 2236 illam
3215 2184 3335 2237 huic
3371 2199 3490 2238 esse
3516 2196 3812 2253 cognatam

2211 2281 2263 2324 et
2287 2271 2497 2324 afﬁnem
2531 2289 2542 2322 :
2579 2287 2697 2324 nam
2730 2275 2843 2341 plus
2870 2282 2922 2326 et
2952 2275 3128 2327 minus
3153 2275 3390 2340 ejusdem
3418 2276 3635 2343 generis
3659 2287 3811 2330 sunt.

2211 2360 2325 2414 Non
2355 2363 2512 2429 igitur
2552 2364 2715 2415 veteri
2755 2364 3036 2427 obtrectat,
3071 2363 3166 2418 sed
3217 2365 3357 2417 illam
3399 2367 3582 2434 augeri
3611 2369 3811 2420 vultet

2211 2453 2422 2506 extendi
2458 2472 2470 2505 :
2504 2469 2618 2521 quae
2655 2455 2698 2506 si
2745 2469 2772 2506 a
2818 2455 2956 2506 malo
2991 2447 3245 2522 prodiret,
3272 2471 3374 2507 non
3407 2457 3640 2524 amplius
3670 2459 3805 2526 quid

2211 2543 2260 2594 in
2294 2543 2376 2596 illa
2409 2553 2690 2607 qtuereret,
2727 2560 2897 2614 neque
2943 2546 3085 2599 illam
3133 2547 3502 2614 perfectiorem
3534 2550 3811 2604 reddidis-

2207 2645 2308 2694 set,
2341 2634 2434 2687 sed
2483 2635 2818 2701 explosisset.
2869 2636 2934 2689 Et
2975 2638 3266 2706 quomodo,
3306 2639 3537 2708 inquies,
3590 2642 3634 2694 si
3685 2643 3811 2696 talis

2207 2734 2308 2788 est,
2356 2727 2406 2778 in
2461 2741 2677 2794 regnum
2704 2727 2813 2794 jam
2848 2745 2950 2780 non
2983 2731 3234 2783 inducit?
3265 2730 3377 2782 Non
3413 2731 3616 2785 inducit
3656 2743 3807 2788 certe

2208 2832 2300 2870 eos
2347 2819 2432 2886 qni
2482 2828 2598 2886 post
2629 2819 2824 2872 Christi
2869 2820 3161 2874 adventum
3210 2823 3367 2875 vitam
3408 2823 3800 2888 instituerunt,

2210 2919 2389 2976 utpote
2441 2911 2527 2978 qui
2583 2911 2838 2978 majorem
2889 2914 3199 2980 consequuti
3251 2905 3534 2976 virtutem,
3594 2917 3804 2982 majora

2205 3000 2402 3054 debent
2445 3002 2592 3055 adire
2641 3005 2932 3058 certamina
2974 3021 2988 3057 ε
3031 3020 3153 3058 nam
3180 3006 3425 3060 alumnos
3447 3021 3577 3059 suos
3613 3024 3806 3062 omnes

2203 3105 2269 3144 eo
2313 3092 2616 3145 introducit.
2653 3093 2806 3145 Multi
2850 3097 2981 3146 enim
3028 3097 3222 3148 venient
3248 3097 3312 3149 ab
3359 3098 3553 3150 oriente
3593 3109 3640 3151 et
3669 3102 3798 3153 occi-

2204 3183 2370 3246 dente,
2405 3185 2591 3252 inquit,
2615 3193 2661 3238 et
2687 3185 2970 3239 recumbent
3010 3186 3063 3239 in
3092 3189 3207 3240 sinu
3234 3189 3452 3242 Abrahae
3480 3200 3526 3241 et
3552 3189 3731 3245 Isaaci
3756 3202 3801 3246 et

2201 3275 2380 3328 Jacobi
2405 3276 2617 3344 (Matth.
2637 3279 2688 3328 8.
2717 3276 2825 3345 11).
2855 3278 3085 3332 Lazarus
3113 3292 3276 3342 certe,
3306 3282 3393 3349 qui
3429 3284 3640 3351 magnis
3670 3283 3802 3338 frui-

2203 3375 2289 3419 tur
2315 3367 2572 3435 prarmiis,
2604 3368 2655 3420 in
2687 3369 2802 3436 ejus
2833 3370 2950 3424 sinu
2991 3386 3214 3425 versans
3240 3385 3459 3441 apparet
3501 3375 3659 3442 (Luc.
3688 3376 3801 3446 16).

2201 3457 2268 3511 Et
2313 3467 2573 3527 quotquot
2604 3460 2654 3512 in
2702 3461 2870 3515 veteri
2911 3463 3025 3532 lege
3072 3464 3357 3518 admodum
3403 3466 3693 3531 reiulsere,
3751 3470 3804 3526 id

2202 3565 2297 3618 per
2338 3550 2479 3604 illam
2510 3553 2786 3621 assequuti
2833 3562 2975 3607 sunt.
3023 3553 3266 3608 Christus
3311 3571 3460 3619 vero,
3496 3559 3539 3610 si
3588 3559 3676 3613 lex
3711 3560 3802 3614 illa

2202 3641 2337 3694 mala
2385 3651 2438 3696 et
2482 3642 2655 3715 aliena.
2698 3643 2879 3698 fuisset
2905 3685 2920 3708 ,
2966 3660 3068 3698 non
3099 3645 3239 3699 illam
3271 3663 3486 3702 omnem
3518 3649 3803 3719 implevis—

2127 3735 2135 3748 ‘
2188 3742 2299 3794 .set.
2347 3733 2476 3787 Nam
2523 3735 2566 3787 si
2598 3735 2646 3788 id
2693 3736 2864 3789 solum
2899 3735 3108 3790 fecisset
3139 3746 3194 3790 ut
3229 3738 3442 3793 Judtros
3470 3743 3796 3809 attraheret,

2199 3842 2304 3880 non
2331 3835 2506 3880 autem
2545 3837 2602 3880 ut
2635 3827 2941 3882 ostenderet
2989 3843 3106 3882 eam
3135 3840 3412 3899 cognatam
3445 3846 3567 3886 esse
3597 3843 3653 3887 et
3677 3833 3802 3888 afﬁ-

2198 3936 2316 3975 nem
2344 3935 2496 3974 ποι-ω
2523 3920 2645 3988 legi,
2675 3934 2769 3974 cur
2794 3935 2898 3973 non
2927 3919 3087 3974 etiam
3115 3921 3392 3989 gentilium
3422 3923 3573 3992 leges
3604 3935 3658 3978 et
3687 3941 3799 3977 mo-

2198 4023 2286 4062 res
2313 4009 2658 4077 implevisset,
2695 4019 2749 4061 ut
2775 4009 3006 4077 gentiles
3035 4009 3372 4077 pertraheret
3397 4011 3420 4062 Τ

2272 4099 2322 4152 5.
2361 4098 2604 4168 Undique
2643 4114 2770 4168 ergo
2802 4100 2977 4167 palam
3007 4109 3090 4153 est
3117 4114 3236 4154 eam
3265 4116 3294 4154 a
3324 4101 3540 4156 Christo
3567 4118 3676 4157 non
3704 4106 3789 4160 in-

2198 4189 2338 4252 duci,
2379 4205 2481 4242 non
2509 4190 2649 4259 quod
2679 4190 2814 4243 mala
2842 4191 2931 4255 sit,
2964 4191 3056 4244 sed
3088 4191 3228 4260 quod
3258 4193 3518 4261 majorum
3548 4195 3620 4248 sit
3652 4213 3794 4264 pra:-

2196 4295 2469 4353 ceptorum
2491 4293 2718 4352 tempus.
2739 4284 2958 4337 Etiamsi
2987 4299 3110 4338 vero
3137 4285 3500 4352 imperfectior
3525 4289 3599 4342 sit
3628 4306 3793 4358 quam

2200 4391 2352 4438 nova,
2383 4374 2432 4428 id
2460 4384 2602 4428 certe
2626 4391 2730 4427 non
2755 4374 2942 4442 probat
2967 4376 3134 4442 ipsam
3163 4390 3280 4430 esse
3302 4378 3529 4433 malam;
3551 4381 3794 4450 alioquin

2197 4475 2367 4518 autem
2399 4481 2532 4518 nova
2557 4467 2604 4518 iu
2633 4464 2872 4518 eamdem
2905 4465 3162 4519 incideret
3191 4466 3576 4520 conditionem.
3607 4471 3795 4538 Siqui-

2195 4555 2315 4611 dem
2345 4555 2494 4624 hujus
2525 4555 2765 4616 scientia,
2798 4555 2840 4608 si
2867 4571 2985 4609 cum
3017 4555 3206 4609 futura:
3236 4557 3355 4609 vita:
3381 4559 3606 4612 scientia
3635 4576 3794 4615 com-

2197 4657 2430 4716 paretur,
2464 4648 2655 4715 exigua
2684 4656 2736 4699 et
2765 4645 3071 4714 imperfecta
3099 4655 3202 4711 est,
3234 4656 3392 4715 atque
3425 4649 3508 4702 illa
3534 4652 3792 4707 veniente

2195 4748 2497 4794 evacuatur.
2529 4739 2656 4793 Nam
2683 4738 2812 4792 Cum
2840 4739 3058 4802 venerit,
3103 4738 3304 4807 inquit,
3336 4740 3473 4805 quod
3503 4743 3790 4810 perfectum

2194 4841 2286 4894 est,
2311 4841 2426 4884 tunc
2451 4831 2768 4884 evacuabitnr
2788 4829 2921 4898 quod
2952 4845 3012 4882 ea:
3039 4836 3181 4898 parte
3200 4838 3271 4882 est
3298 4829 3370 4898 (1.
3390 4827 3508 4883 Cor.
3538 4832 3626 4884 15.
3657 4833 3743 4898 11))
3770 4851 3784 4886 :

2194 4923 2332 4993 quod
2365 4938 2458 4991 per
2482 4922 2685 4976 Novam
2713 4920 2878 4975 Vetus
2905 4935 3156 4990 perpessa
3185 4928 3285 4974 est.
3317 4919 3422 4974 Nec
3451 4929 3630 4977 tamen
3663 4939 3790 4991 pro-

2193 5026 2374 5085 pterea
2407 5013 2544 5066 illam
2574 5011 2994 5074 criminabimur,
3028 5009 3152 5064 licet
3185 5010 3270 5062 illa
3303 5021 3495 5070 cesset,
3528 5025 3653 5065 cum
3687 5028 3788 5067 nos

2193 5120 2357 5174 regno
2381 5116 2644 5174 potiemur
2670 5123 2680 5156 :
2708 5102 3014 5156 Tunc-enim
3041 5102 3358 5154 euacuabitur
3383 5102 3520 5170 quod
3550 5119 3612 5156 ea:
3638 5118 3786 5172 parte

2193 5209 2284 5265 cst,
2311 5198 2511 5267 inquit:
2531 5197 2672 5250 illum
2699 5205 2870 5249 tamen
2897 5208 3139 5263 magnam
3165 5195 3410 5248 dicimus.
3434 5193 3570 5249 Cum
3600 5195 3786 5267 itaque

2194 5292 2525 5363 majora-sint
2554 5293 2790 5362 pnunia,
2823 5291 3154 5360 ampliorque
3179 5288 3407 5360 Spiritus
3436 5292 3626 5357 virtus,
3657 5293 3780 5361 jure

2255 5557 2324 5618 (α)
2349 5558 2599 5622 δειπιίοιὶηι
2615 5560 2673 5622 ab
2707 5557 3177 5622 antiquis,j_ustitiu,
3224 5558 3273 5607 in
3303 5572 3494 5622 genere
3534 5560 3776 5621 proomni

2191 5617 2371 5682 virtute
2398 5621 2562 5669 habita
2586 5620 2706 5682 fuit',
2724 5619 2796 5668 sic
2813 5617 3140 5680 Empedocles
3181 5617 3688 5682 apnd'Aristotélcm:

2321 5681 2396 5728 Ἐν
2417 5681 2475 5740 δὲ
2496 5681 2766 5740 δικαιοσύνῃ
2793 5683 3057 5738 συλλήϐδην
3082 5683 3195 5728 πᾶσ¹
3217 5681 3364 5740 ἀρετή
3399 5684 3518 5731 ’στιν

2326 5743 2384 5789 1n
2396 5739 2587 5804 justitia
2615 5739 2766 5792 omnis
2787 5743 2940 5793 virtus
2959 5739 3398 5804 comprehenditur,
