4050 6426
283 414 389 469 Elii

281 531 491 597 majora
520 526 869 597 requiruntur
929 519 1077 578 dona
1136 521 1173 577 ¹.
1232 520 1353 576 Non
1409 520 1520 591 jam
1573 527 1711 573 terra
1743 517 1881 570 lacte

281 633 341 676 et
379 622 537 676 melle
570 634 792 674 manans
830 617 1194 687 promittitur,
1239 629 1344 666 non
1391 621 1646 665 senectus
1676 609 1880 671 vivida,

284 727 392 765 non
441 709 728 765 multitudo
757 708 1022 773 filiorum,
1060 720 1167 760 non
1217 704 1538 757 frumentum
1582 709 1635 754 et
1668 701 1880 762 vinum,

285 817 393 856 non
423 816 614 872 greges
641 809 694 852 et
723 806 961 852 armenta
986 813 1001 860 ;
1038 795 1132 849 sed
1161 794 1349 847 caelum
1383 802 1436 845 et
1461 791 1693 845 caelestia
1721 790 1880 851 bona,

283 894 504 961 adoptio
527 903 579 946 et
608 890 912 944 fraternitas
938 903 1059 943 cum
1085 885 1391 955 Unigenito,
1422 883 1732 938 hereditatis
1755 897 1884 936 con-

283 984 543 1042 sortium,
585 980 766 1049 gloriae
797 989 850 1034 et
880 979 1026 1048 regni
1073 977 1335 1037 societas,
1379 976 1767 1043 innumeraque
1797 972 1881 1026 illa

286 1076 528 1144 przemia.
560 1073 711 1140 Quod
753 1081 930 1124 autem
977 1069 1165 1138 majori
1212 1067 1410 1120 auxilio
1445 1067 1717 1130 fruamur,
1761 1063 1882 1117 andi

286 1165 508 1221 Paulum
537 1165 800 1218 dicentem
825 1181 838 1216 :
865 1160 1012 1212 Nihil
1049 1176 1167 1230 ergo
1209 1159 1315 1227 iam
1351 1157 1691 1209 damnationis
1721 1164 1794 1208 cst
1823 1155 1884 1208 iis

283 1260 372 1325 qui
395 1265 512 1310 sunt
538 1257 588 1308 in
609 1253 807 1310 Christo
832 1251 862 1305 J
872 1269 974 1315 esu,
1011 1253 1094 1320 qui
1123 1267 1222 1303 non
1251 1248 1526 1302 secundum
1553 1264 1755 1300 carnem
1775 1264 1885 1298 mu-

284 1348 483 1412 bulant,
516 1348 602 1401 sed
627 1345 902 1399 secundum
939 1345 1190 1412 spiritum.
1224 1341 1333 1394 Lex
1366 1341 1498 1393 enim
1527 1339 1735 1408 spiritus
1769 1338 1886 1390 vita:

281 1439 514 1492 liberavit
557 1455 634 1490 me
675 1454 706 1489 a
750 1437 857 1506 lege
898 1435 1090 1503 peccati
1129 1444 1176 1486 et
1223 1434 1397 1485 mortis
1428 1433 1600 1500 (Rom.
1635 1431 1687 1484 8.
1725 1431 1772 1484 l.
1801 1429 1880 1498 2).

282 1528 652 1582 Commiuatus
701 1528 877 1595 itaque
910 1523 1394 1593 transgressoribus
1419 1564 1432 1584 ,
1465 1532 1519 1575 et
1546 1535 1735 1590 magna
1764 1520 1879 1588 pol-

282 1621 460 1674 licitus
483 1621 698 1688 prmntia
719 1629 865 1672 recte
886 1617 1188 1686 agentibus,
1207 1626 1262 1669 ut
1284 1615 1515 1669 ostendit
1540 1614 1655 1681 plus
1678 1629 1705 1665 a
1730 1612 1883 1666 nobis

281 1711 402 1780 jure
449 1712 625 1780 exigi,
677 1726 834 1779 quam
877 1724 1158 1764 mensuras
1207 1709 1443 1777 priores,
1491 1706 1706 1760 demum
1737 1705 1883 1774 leges

284 1813 522 1858 statuere
554 1803 759 1870 incipit,
793 1816 897 1855 non
927 1799 1270 1868 simpliciter,
1303 1799 1396 1853 sed
1427 1797 1560 1851 facta
1592 1813 1712 1850 cum
1740 1798 1881 1850 anti-

281 1895 400 1964 quis
432 1893 688 1962 legalibus
721 1893 1153 1960 comparatione;
1204 1890 1318 1943 haec
1348 1889 1454 1942 duo
1480 1888 1667 1941 volens
1693 1897 1878 1953 osten-

283 1987 434 2048 dere,
464 2001 523 2040 se
548 1984 798 2038 videlicet
825 1998 929 2037 non
959 1983 1138 2052 priora
1171 1984 1567 2050 impugnantem
1593 2022 1606 2041 ,
1639 1979 1730 2032 sed
1759 1994 1882 2034 cum

280 2078 387 2132 illis
415 2076 704 2131 admodum
735 2084 1120 2129 consonantem
1145 2115 1158 2136 ,
1203 2073 1298 2126 bas
1336 2084 1570 2125 statui-re
1616 2072 1791 2140 leges,
1821 2086 1883 2125 ac

280 2170 399 2238 jure
447 2181 853 2238 opportuneque
906 2169 1017 2220 lui-c
1069 2183 1203 2219 nova
1253 2167 1522 2220 veteribus
1569 2165 1877 2234 adjungere.

283 2262 434 2329 Quod
467 2273 523 2313 ut
548 2261 745 2314 clarius
772 2259 983 2318 evadat,
1016 2259 1125 2326 ipsa
1161 2257 1481 2326 legislatoris
1510 2257 1667 2309 verba
1697 2256 1882 2309 audia-

282 2368 425 2406 mus.
465 2351 607 2418 Quid
637 2351 797 2420 igitur
822 2351 893 2403 ait
925 2350 1010 2403 ille
1025 2350 1047 2401 ’ἲ
1075 2349 1164 2401 2i.
1199 2348 1422 2401 Audistis
1450 2348 1568 2416 quia
1597 2348 1786 2399 dictum
1811 2358 1883 2400 est

281 2445 522 2512 antiquis,
557 2440 677 2495 Non
707 2441 900 2495 occides
929 2437 1122 2509 (Exod.
1154 2439 1244 2494 20.
1278 2441 1389 2508 15).
1421 2440 1578 2508 Atqui
1607 2440 1650 2491 is
1679 2439 1766 2509 qui
1795 2438 1879 2490 illa

281 2534 449 2596 dedit,
486 2535 599 2602 ipse
619 2542 731 2598 est;
767 2533 858 2588 sed
886 2534 1096 2586 interim
1118 2532 1547 2599 impersonaliter
1570 2531 1682 2584 lucc
1711 2531 1878 2598 ponit.

281 2625 338 2678 Si
370 2624 512 2678 enim
552 2624 776 2678 dixisset
800 2665 814 2685 ,
862 2622 1101 2677 Audistis
1129 2639 1214 2675 me
1241 2623 1441 2677 dixisse
1471 2622 1703 2690 antiquis
1724 2663 1738 2687 ,
1774 2637 1880 2675 non

282 2726 537 2783 acceptus
566 2715 751 2769 fuisset
783 2715 868 2768 ltic
913 2729 1092 2768 sermo
1113 2753 1127 2774 ,
1182 2729 1281 2767 nec
1311 2713 1655 2767 audientibus
1681 2712 1881 2782 proba-

283 2818 397 2871 tus;
431 2807 474 2860 si
505 2821 636 2859 vero
667 2806 928 2859 dixisset:
957 2805 1193 2858 Audistis
1236 2805 1356 2874 quia
1404 2805 1604 2857 dictum
1634 2811 1716 2856 est
1743 2805 1883 2856 anti-

281 2898 401 2967 quis
425 2913 454 2949 a
483 2897 640 2952 Patre
667 2912 820 2960 meo,
861 2896 1162 2963 deindeque
1196 2895 1488 2958 intulisset,
1539 2893 1651 2963 Ego
1699 2905 1880 2946 autem

279 2989 426 3054 dico,
477 2988 647 3056 major
688 2989 986 3057 arrogantia
1018 2989 1126 3040 visa
1170 2987 1372 3040 fuisset.
1413 2986 1752 3054 Quapropter
1782 2987 1884 3038 line

281 3079 603 3148 simpliciter
632 3080 806 3148 posuit
835 3079 901 3130 ad
933 3079 1032 3132 hoc
1060 3095 1221 3131 unum
1250 3089 1522 3146 spectans,
1555 3088 1612 3129 ut
1632 3078 1881 3130 ostende-

278 3180 363 3224 ret
391 3186 450 3223 se
477 3173 587 3238 jam
615 3179 916 3237 opportuno
950 3177 1190 3237 tempore
1218 3169 1319 3222 lioc
1345 3169 1546 3223 dicere.
1575 3168 1708 3222 Cum
1737 3169 1879 3220 enim

278 3263 387 3324 ait,
441 3262 575 3326 Quia
616 3260 807 3312 dictum
837 3270 909 3313 est
939 3261 1194 3328 antiquis,
1244 3260 1466 3311 multum
1514 3259 1883 3312 intercessisse

281 3354 544 3422 temporis
573 3354 897 3415 declaravit,
930 3369 992 3407 ex
1024 3369 1129 3420 quo
1159 3352 1260 3405 hoc
1294 3360 1618 3418 pra'ceptum
1650 3366 1876 3418 accepe-

278 3456 423 3498 rant.
459 3445 574 3498 Hoc
600 3461 726 3498 vero
772 3446 925 3504 fecit.
972 3453 1030 3497 ιιι
1072 3444 1370 3504 auditorem
1408 3442 1780 3510 pudefaccret,
1815 3444 1880 3495 ad

284 3536 598 3592 sublimiora
632 3540 716 3592 illa
749 3539 896 3592 adire
925 3549 1190 3606 prmcepta
1223 3548 1598 3602 cunctantem;
1639 3539 1711 3589 uti
1745 3537 1881 3590 solet

281 3630 537 3699 magister
562 3645 729 3699 puero
756 3630 937 3684 dicere
961 3630 1245 3699 uegligenti
1276 3648 1288 3681 :
1314 3631 1393 3682 An
1425 3630 1598 3682 neseis
1623 3636 1880 3697 quantum

285 3721 544 3788 temporis
593 3721 644 3773 in
690 3720 1015 3790 syllabarum
1059 3719 1408 3774 meditatione
1448 3719 1883 3786 consmnpseris?

285 3810 399 3865 Hoc
439 3821 494 3863 et
532 3813 644 3879 ipse
673 3812 1015 3880 antiquorum
1047 3812 1265 3866 nomine
1295 3811 1666 3874 subintlieans,
1696 3820 1884 3864 evocat

281 3901 406 3955 illos
430 3901 495 3955 ad
521 3911 784 3972 praecepta
815 3903 1058 3967 meliora,
1081 3918 1144 3956 ac
1167 3904 1208 3956 si
1233 3903 1434 3956 diceret
1463 3921 1473 3956 :
1499 3908 1541 3955 Λ
1571 3903 1700 3956 satis
1722 3902 1882 3970 longo

282 4002 528 4059 tempore
572 3991 685 4046 haec
720 3992 1048 4046 meditamini
1077 4010 1090 4045 :
1115 4002 1327 4062 oportet
1365 3994 1578 4048 demum
1611 3993 1676 4046 ad
1712 3993 1881 4046 subli-

282 4082 450 4135 miora
475 4097 716 4152 pergere.
749 4083 893 4138 Bene
917 4094 1096 4138 autem
1123 4089 1294 4151 agitur
1317 4087 1458 4155 quod
1494 4097 1881 4154 praeceptorum

281 4175 416 4227 ordo
443 4191 548 4229 non
580 4175 959 4237 confundatur,
987 4175 1080 4229 sed
1112 4192 1141 4229 a
1172 4177 1350 4245 priore
1379 4177 1686 4246 incipiatur,
1721 4194 1748 4229 a
1777 4193 1882 4246 quo

283 4267 367 4319 lcx
399 4267 596 4336 incepit
621 4284 634 4319 :
656 4269 852 4319 etenim
885 4265 1013 4320 illud
1047 4266 1218 4333 ipsum
1249 4267 1594 4322 concordiam
1625 4268 1878 4321 ostendit.

282 4355 376 4410 92.
403 4355 517 4426 Ego
547 4367 714 4409 autem
750 4357 862 4409 dico
892 4355 1057 4417 vobis,
1088 4358 1326 4421 quc-nimi
1356 4359 1439 4426 qui
1470 4359 1705 4411 irasritur
1734 4361 1884 4427 fratri

284 4464 374 4502 suo
401 4459 604 4502 temere
625 4488 638 4510 ,
681 4463 796 4500 reus
827 4449 919 4500 erit
936 4449 1153 4516 judirm.
1200 4448 1222 4494 τ.
1243 4449 1382 4500 ititti
1414 4447 1704 4517 perfectam
1734 4460 1884 4516 pute-

284 4550 478 4594 statem
496 4541 520 4593 ?
539 4539 714 4593 vidisti
743 4541 963 4593 modum
985 4541 1276 4610 legislateri
1300 4540 1732 4610 competentem‘?
1754 4542 1884 4608 Quis

281 4634 426 4688 enim
475 4631 856 4702 prophetarum
897 4631 975 4685 sic
1020 4646 1270 4699 umquam
1315 4633 1566 4701 loquutus
1611 4635 1737 4685 est?
1765 4635 1882 4703 quis

282 4725 589 4794 iustorum?
631 4724 752 4792 quis
800 4723 1265 4793 patriarcharum?
1306 4721 1492 4776 Nullus
1538 4739 1702 4788 sane;
1748 4724 1876 4786 sed.

291 4814 417 4870 Hcce
446 4816 566 4866 dicit
595 4813 863 4867 Dominus.
895 4814 1091 4868 Verum
1123 4831 1226 4867 non
1257 4816 1326 4868 ita
1360 4814 1542 4871 Filius.
1574 4816 1651 4870 Ilii
1683 4817 1883 4886 quippe

291 4905 503 4960 Domini
533 4904 692 4957 verba
716 4907 1083 4972 pronuntiant,
1116 4904 1202 4958 bie
1227 4904 1420 4958 Patris.
1449 4906 1579 4959 Cum
1608 4916 1786 4960 autem
1819 4925 1881 4960 ea

284 5011 403 5066 quae
431 4996 623 5059 Patris,
653 5011 714 5048 ea
738 5011 856 5064 quin
879 4996 1023 5050 illius
1044 5007 1165 5050 sunt
1191 4997 1330 5052 dico.
1354 4996 1472 5051 Mea
1496 5000 1661 5062 enim,
1692 4999 1881 5067 inquit,

287 5103 375 5140 tua
398 5098 538 5153 sunt,
572 5097 618 5141 et
645 5097 732 5140 tua
753 5105 864 5140 mea
888 5099 1005 5140 sunt
1036 5087 1215 5158 (Joan.
1245 5091 1330 5142 Π.
1364 5091 1473 5155 10).
1503 5091 1580 5143 llli
1609 5092 1882 5145 conservis

290 5182 457 5251 legero
491 5180 767 5243 ferebant,
802 5179 884 5232 lite
914 5183 1084 5232 servis
1124 5184 1252 5235 Sitis.
1299 5182 1695 5250 lnterrogemus
1727 5185 1886 5254 igitur

291 5288 383 5327 eos
413 5271 502 5340 qui
528 5256 763 5324 veterem
796 5270 962 5338 legem
992 5272 1305 5339 explodunt.
1338 5271 1455 5326 Non
1487 5273 1642 5328 irasci
1686 5285 1741 5328 et
1779 5291 1882 5329 non

292 5364 534 5417 occidere
563 5362 901 5417 contrariane
926 5371 1070 5424 sunt,
1100 5377 1276 5416 annon
1306 5364 1480 5433 potius
1511 5365 1609 5419 hoc
1637 5366 1780 5419 illius
1806 5378 1886 5419 est

295 5455 554 5524 perfectio
600 5464 654 5508 et
699 5454 1191 5522 complementum?
1239 5454 1417 5508 Palam
1468 5466 1549 5509 est
1597 5457 1698 5509 boc
1744 5456 1887 5510 illius

296 5560 417 5600 esse
437 5546 916 5614 complementum,
939 5545 1164 5614 ideoque
1187 5546 1380 5615 majus.
1403 5546 1537 5601 Nam
1561 5549 1650 5618 qui
1675 5548 1727 5601 in
1752 5549 1885 5601 iram

367 5702 384 5730 ι
411 5698 566 5766 Juxta
587 5698 758 5747 Morel.
783 5701 1443 5766 legetiduniesset,majora
1465 5704 1779 5766 requiruntur
1793 5718 1898 5758 cer-

304 5759 503 5808 tamina.
535 5759 928 5826 lf‘traqneilectio
949 5763 1189 5822 quadrare
1217 5759 1388 5826 posset
1415 5778 1425 5822 ;
1471 5759 1644 5812 verum
1685 5766 1897 5818 Savilia-

307 5835 416 5870 nam
466 5821 613 5871 nobis
645 5821 1036 5887 amplectendam
1070 5838 1182 5873 esse
1219 5821 1891 5893 'series'ipsasuadetEntr.

1419 405 1481 459 IN
1520 401 1927 461 ΜΑΤΤΙΙᾹΞΒΜ
1971 400 2198 455 llllMlL.
2244 400 2380 455 XVI.

3489 401 3595 456 9.46

2001 530 2105 569 non
2127 516 2448 578 concitatur,
2473 514 2644 567 multo
2669 513 2836 582 magis
2860 527 2889 565 a
2917 511 3063 566 caule
3083 509 3368 566 abstinebit
3395 529 3406 564 :
3430 523 3481 567 et
3505 515 3592 582 qui

1989 606 2123 660 iram
2172 605 2386 671 frenat,
2439 606 2610 660 multo
2658 605 2827 674 magis
2875 618 3064 657 manus
3111 603 3384 659 retinebit.
3416 605 3592 659 Batlir

1989 699 2130 750 enim
2161 697 2354 760 cmdis,
2386 697 2487 750 ira.
2518 697 2619 764 Qui
2650 712 2780 766 ergo
2809 695 3048 750 radicem
3082 697 3347 751 exscindit
3374 737 3389 762 ,
3425 698 3595 752 tnulto

1987 788 2158 858 magis
2183 803 2364 842 ramos
2388 787 2594 842 auferet
2619 805 2631 838 :
2659 790 2768 840 imo
2795 801 2923 840 vero
2951 802 3124 855 neque
3154 787 3299 840 nasci
3332 789 3494 843 sinet.

2059 879 2113 933 ϐ.
2142 877 2250 931 Lex
2268 889 2407 932 vetus
2429 879 2663 947 ﬁrmatur
2685 877 2983 948 Evangelia.
3011 875 3221 932 Credtor
3249 881 3426 933 mundi
3444 879 3592 935 Citri-

1986 979 2064 1022 sto
2089 970 2139 1022 in
2172 968 2382 1022 Patrem
2405 970 2711 1023 vindicatur.
2741 968 2809 1023 In
2837 970 2942 1040 lege
2967 972 3118 1024 veteri
3149 987 3249 1024 non
3275 981 3346 1024 est
3373 973 3594 1024 crudeli-

1988 1069 2083 1112 tas.
2116 1058 2223 1114 Lea:
2242 1077 2354 1129 quw
2375 1061 2562 1113 scelera
2585 1061 2768 1128 plectat
2789 1063 3072 1115 necessaria
3093 1071 3184 1115 est.
3209 1092 3278 1101 —
3293 1062 3408 1116 Non
3434 1063 3596 1133 igitur

1988 1149 2053 1202 ad
2081 1149 2214 1218 legis
2242 1149 2664 1219 abrogationem,
2695 1151 2790 1205 sed
2818 1151 2884 1205 ad
2909 1151 3167 1220 majorem
3191 1149 3595 1223 facilioremque

1987 1245 2102 1309 ejus
2128 1241 2422 1295 custodiam
2444 1280 2459 1306 ,
2492 1240 2587 1295 bas
2616 1241 2875 1296 afferebat
2905 1243 3069 1312 leges.
3099 1243 3234 1310 Quid
3266 1247 3409 1300 enim
3439 1247 3595 1301 vole-

1987 1331 2080 1386 bat
2107 1333 2190 1387 lex
2217 1347 2338 1387 cum
2370 1331 2485 1388 haec
2515 1335 2866 1403 prtecipcret?
2915 1336 3109 1389 Annon
3140 1345 3195 1389 ut
3225 1346 3386 1391 nemo
3415 1340 3599 1408 proxi-

1988 1438 2134 1477 mum
2181 1439 2338 1478 suum
2393 1425 2711 1480 occideret?
2779 1426 2942 1495 Igitur
2989 1427 3415 1498 impugnatorem
3462 1428 3595 1501 legis

1987 1508 2272 1569 homicidia
2301 1526 2612 1584 oportuerat
2638 1518 2903 1586 imperare
2933 1536 2946 1571 :
2978 1534 3100 1572 nam
3130 1520 3380 1576 occidere
3405 1531 3460 1575 et
3486 1537 3593 1576 non

1986 1603 2234 1659 occidere
2281 1608 2547 1660 contraria
2595 1618 2751 1671 sunt;
2805 1612 2847 1663 si
2897 1625 3023 1663 vero
3067 1627 3136 1666 ne
3181 1612 3336 1666 irasci
3376 1614 3593 1683 quidem

1986 1699 2295 1764 permittat,
2335 1697 2468 1752 illud
2514 1700 2801 1768 perfectius
2831 1703 3014 1755 statuit
3058 1703 3200 1772 quod
3241 1705 3324 1757 lex
3359 1704 3592 1759 volebat.

1985 1790 2100 1844 Non
2125 1792 2266 1845 enim
2291 1792 2512 1861 perinde
2539 1794 2828 1848 abstinebit
2849 1810 2879 1849 a
2901 1795 3066 1857 caede,
3095 1797 3184 1864 qui
3211 1811 3318 1849 non
3347 1796 3596 1852 occidere

1987 1882 2308 1949 meditatur,
2341 1895 2502 1953 atque
2545 1885 2632 1939 ille
2673 1887 2763 1954 qui
2806 1887 2937 1939 iram
2984 1887 3233 1949 sustulit,
3267 1887 3353 1941 liic
3395 1889 3594 1957 quippe

1988 1973 2198 2044 longius
2225 1975 2375 2029 abest
2403 1991 2430 2027 a
2461 1977 2549 2030 tali
2580 1978 2834 2032 facinore.
2866 1977 2934 2032 Ut
2959 1987 3134 2031 autem
3164 1979 3280 2032 illos
3302 1980 3408 2032 alio
3431 1980 3594 2034 modo

1987 2073 2354 2136 confutemus,
2388 2088 2450 2126 ea
2481 2089 2602 2143 quae
2639 2075 2822 2128 dicunt
2862 2075 3195 2142 proferamus
3236 2075 3286 2128 in
3332 2075 3588 2129 medium.

1987 2167 2242 2232 Quaenam
2273 2168 2461 2222 dicunt
2489 2169 2685 2239 igitur?
2713 2169 2876 2222 Deum
2906 2169 2995 2237 qui
3029 2167 3284 2222 nmndum
3317 2168 3472 2232 fecit,
3503 2170 3594 2238 qui

1987 2257 2155 2311 solem
2184 2258 2314 2312 oriri
2347 2258 2471 2311 facit
2498 2274 2660 2325 super
2689 2258 2903 2327 iniquos
2929 2267 2984 2312 et
3009 2257 3201 2321 bonos,
3229 2258 3319 2326 qui
3349 2258 3482 2327 pluit
3506 2271 3597 2311 su-

1987 2363 2082 2414 per
2121 2350 2294 2416 justos
2327 2361 2374 2402 et
2421 2350 2646 2416 injustos
2674 2353 2695 2420 (
2721 2349 2906 2402 Matth.
2937 2350 2990 2403 5.
3022 2350 3131 2418 45)
3161 2391 3174 2412 ,
3217 2365 3337 2404 esse
3369 2349 3591 2403 malum.

1986 2441 2085 2506 Qui
2116 2455 2244 2494 vero
2270 2441 2661 2495 moderatiores
2685 2442 2823 2508 apud
2852 2441 2969 2494 illos
2995 2451 3120 2495 sunt
3148 2443 3248 2497 hoc
3277 2443 3592 2514 repudiant;

1988 2531 2114 2585 dntn
2145 2541 2323 2586 autem
2355 2532 2539 2586 dicunt
2571 2531 2715 2585 illum
2749 2547 2869 2586 esse
2902 2532 3105 2600 justum
3134 2577 3148 2599 ,
3183 2534 3379 2589 bonum
3413 2545 3593 2591 tamen

1988 2637 2109 2677 csse
2141 2631 2353 2691 negant.
2408 2623 2583 2675 Alium
2623 2637 2754 2676 vero
2783 2623 3067 2691 quemdam
3095 2667 3106 2685 ,
3142 2626 3229 2694 qui
3259 2641 3386 2682 vere
3417 2628 3596 2682 nullus

1990 2723 2092 2775 est,
2118 2722 2168 2766 et
2197 2714 2286 2782 qui
2310 2713 2442 2767 nihil
2464 2713 2684 2779 creavit,
2709 2711 2923 2766 Christo
2943 2713 3073 2766 dant
3095 2713 3329 2768 Patrem.
3355 2715 3424 2770 Et
3445 2717 3592 2771 illum

1987 2804 2203 2874 quidem
2233 2821 2338 2860 non
2371 2807 2571 2859 bonum
2610 2806 2661 2858 in
2690 2805 2849 2858 rebus
2879 2804 2945 2858 ad
2976 2820 3034 2859 se
3065 2807 3451 2874 pertinentibus
3483 2823 3597 2860 ma-

1987 2909 2118 2949 nere
2145 2937 2157 2958 ,
2204 2905 2257 2948 et
2303 2911 2395 2948 sua
2441 2909 2763 2949 conservare
2809 2895 2993 2948 dicunt
3025 2913 3037 2948 :
3067 2895 3264 2950 bonum
3313 2908 3493 2952 autem
3539 2899 3594 2954 in

1987 2989 2156 3041 aliena
2190 2988 2395 3041 irruere
2416 3031 2428 3049 ,
2463 3003 2755 3058 eorumque
2780 3031 2794 3051 ,
2823 3004 3051 3056 quorum
3093 2989 3208 3057 ipse
3243 2993 3456 3046 cre'ator
3485 3009 3594 3046 non

1987 3087 2102 3138 est,
2136 3087 2360 3145 repente
2391 3079 2529 3132 velle
2567 3089 2899 3133 servatorem
2929 3094 3072 3134 esse.
3122 3080 3365 3135 \‘idistin’
3394 3083 3592 3139 diaboli

1988 3166 2163 3233 filios,
2213 3168 2484 3237 quomodo
2528 3183 2593 3223 ex
2641 3169 2806 3237 patris
2852 3169 2934 3222 sui
2981 3169 3216 3224 fontibus
3265 3171 3593 3242 loquantur,

1987 3259 2199 3325 quando
2227 3261 2552 3313 creationem
2576 3276 2605 3312 a
2640 3260 2749 3312 Deo
2777 3262 3036 3323 alienant,
3069 3277 3189 3314 cum
3222 3273 3397 3318 tamen
3423 3264 3591 3319 Joan-

1988 3365 2083 3401 nes
2111 3351 2304 3403 clamet
2335 3369 2346 3400 :
2379 3348 2444 3402 In
2477 3351 2684 3418 propria
2727 3353 2892 3412 venit,
2939 3358 2994 3401 et
3023 3342 3254 3406 Mundus
3297 3371 3388 3421 per
3424 3358 3596 3428 ipsum

1989 3445 2154 3510 factus
2184 3452 2257 3493 est
2283 3443 2300 3508 (
2323 3441 2479 3494 Joan.
2519 3443 2569 3495 l.
2603 3442 2659 3494 ll
2691 3439 2756 3507 )?
2787 3441 2990 3494 Deinde
3019 3443 3190 3512 legem
3223 3448 3595 3505 examinantes

1988 3544 2224 3587 veterem
2250 3572 2263 3595 ,
2291 3549 2390 3602 qua
2419 3533 2640 3601 julietur
2663 3533 2878 3585 oculum
2909 3547 3004 3600 pro
3031 3536 3187 3587 oculo
3211 3576 3224 3599 ,
3253 3536 3469 3591 dentem
3499 3556 3594 3607 pro

1987 3623 2148 3679 dente
2178 3625 2353 3686 evelli,
2388 3626 2565 3678 statim
2601 3629 2903 3693 irrumpunt
2929 3635 2981 3679 et
3009 3626 3192 3680 dicunt
3223 3644 3236 3678 :
3273 3627 3337 3682 Et
3364 3644 3589 3699 quoum-

1987 3717 2054 3771 do
2083 3720 2249 3787 possit
2280 3719 2323 3771 is
2354 3719 2444 3788 qui
2472 3718 2586 3773 lucc
2612 3719 2761 3779 dicit,
2791 3735 2912 3774 esse
2943 3720 3151 3776 bonus?
3178 3721 3312 3788 Quid
3343 3725 3500 3793 igitur
3525 3725 3592 3779 ad

1988 3808 2101 3863 lia-.c
2128 3809 2406 3862 dicamus?
2438 3809 2587 3864 llanc
2625 3811 2914 3864 maximam
2946 3828 3065 3865 esse
3098 3813 3437 3881 benignitatis
3464 3829 3590 3884 spe-

1986 3904 2144 3956 ciem.
2175 3901 2288 3954 Non
2321 3902 2462 3955 enim
2489 3911 2544 3953 ut
2570 3917 2667 3955 nos
2690 3904 2924 3956 vicissim
2948 3904 3131 3958 oculos
3155 3920 3425 3970 eruamus,
3454 3906 3592 3962 lianc

1987 3993 2166 4061 posuit
2211 3994 2416 4061 legem;
2459 3994 2552 4047 sed
2586 4003 2641 4046 ut
2670 4004 2816 4047 metu
2861 3996 3002 4062 paris
3044 3995 3346 4063 iulligenda-
3377 4013 3549 4066 pennae
3572 4038 3588 4065 ,

1985 4085 2349 4137 abstineamus
2392 4093 2444 4135 et
2485 4084 2577 4135 tali
2617 4098 2741 4151 erga
2776 4085 2910 4137 alios
2941 4085 3193 4140 facinore.
3230 4087 3591 4152 Quemadmo-

1986 4176 2112 4228 dum
2150 4177 2310 4228 etiam
2353 4175 2598 4228 Ninivitis
2630 4174 2898 4229 excidium
2926 4179 3281 4232 comminatus
3320 4191 3403 4234 est
3427 4222 3440 4244 ,
3482 4197 3589 4236 non

1988 4278 2040 4320 ut
2077 4268 2192 4322 illos
2227 4266 2473 4335 perderet
2499 4267 2644 4335 (nam
2671 4267 2714 4320 si
2745 4267 2796 4320 id
2826 4267 3102 4329 voluisset,
3134 4279 3311 4325 tacere
3337 4283 3589 4342 oportue-

1988 4360 2110 4427 rat);
2133 4358 2224 4413 sed
2253 4368 2309 4411 ut
2329 4368 2472 4412 metu
2495 4358 2742 4411 meliores
2766 4356 2934 4412 factos
2959 4361 3166 4427 videns,
3189 4363 3318 4416 iram
3341 4365 3588 4420 sedaret:

1988 4451 2064 4502 sic
2090 4450 2249 4503 etiam
2281 4449 2375 4512 iis,
2407 4447 2496 4516 qui
2526 4455 2738 4502 temere
2761 4449 2811 4501 in
2839 4449 3067 4504 aliorum
3094 4453 3280 4506 oculos
3309 4453 3546 4511 involant
3570 4495 3588 4523 ,

1989 4541 2304 4609 supplicium
2333 4538 2588 4603 adduxit;
2619 4549 2677 4591 ut
2698 4539 2742 4593 si
2772 4555 2833 4593 ex
2859 4539 3000 4595 bono
3023 4543 3298 4610 proposito
3322 4547 3598 4602 noluerint

1987 4646 2015 4682 a
2051 4631 2138 4682 tali
2171 4632 2488 4683 crudelitate
2519 4629 2822 4695 abstinere,
2853 4642 2998 4685 metu
3033 4643 3208 4687 tamen
3239 4649 3595 4693 coerceantur

1990 4739 2055 4776 ne
2088 4722 2269 4776 oculos
2311 4721 2540 4789 proximi
2585 4722 2803 4777 laedant.
2849 4724 2902 4778 Si
2945 4739 3104 4792 porto
3144 4727 3272 4781 illud
3300 4731 3592 4786 crudelitas

1989 4818 2056 4872 sit
2083 4858 2096 4878 ,
2125 4815 2342 4872 crudele
2368 4817 2494 4869 item
2522 4816 2622 4871 erit
2644 4860 2658 4881 ,
2694 4818 3013 4874 henncidant
3046 4822 3300 4878 cohibere
3321 4864 3335 4890 ,
3369 4833 3422 4877 et
3452 4841 3592 4883 mce-

1986 4910 2146 4964 clium
2177 4923 2380 4964 arcere.
2410 4911 2478 4963 At
2510 4912 2793 4965 stulter-mn
2827 4914 2938 4968 lia-.0.
2970 4914 3131 4966 verba
3161 4925 3302 4978 sunt,
3333 4929 3388 4969 et
3414 4927 3594 4973 extre-

1989 5017 2077 5053 mo
2099 4999 2282 5055 furore
2302 5011 2606 5069 captorum.
2641 5003 2748 5070 Ego
2771 5003 2912 5057 enim
2938 5014 3142 5058 tantum
3165 5006 3318 5060 abest
3337 5018 3395 5061 ιιι
3417 5007 3590 5064 dicam

1991 5091 2102 5147 lia-c
2125 5107 2244 5144 esse
2267 5091 2662 5153 crudelitatem,
2684 5101 2740 5144 ut
2772 5093 2853 5146 liis
2882 5098 3146 5148 contraria
3169 5097 3464 5151 secundum
3494 5099 3592 5154 liu-

1990 5195 2208 5235 tnanum
2249 5181 2588 5234 ratiocinium
2630 5182 2894 5236 nftirmctn
2934 5184 3112 5252 iniqua
3145 5200 3285 5240 isse.
3335 5186 3415 5240 Tu
3446 5189 3591 5243 enim

1989 5272 2122 5326 dicis
2161 5273 2285 5326 ideo
2316 5271 2587 5326 crudelem
2617 5287 2737 5325 esse
2761 5315 2774 5338 ,
2807 5275 2950 5341 quod
2986 5275 3209 5339 jusserit
3239 5279 3451 5332 oculum
3495 5297 3594 5350 pro

1990 5367 2148 5418 oculo
2176 5379 2400 5426 eruere;
2435 5378 2535 5433 ego
2561 5376 2739 5418 autem
2769 5365 2888 5419 dico
2912 5408 2926 5431 ,
2957 5369 3002 5420 si
3036 5384 3140 5420 non
3174 5368 3275 5422 hoc
3300 5370 3554 5438 jussisset
3577 5416 3591 5433 ,

1993 5470 2119 5513 tunc
2142 5458 2412 5512 videretur
2444 5458 2625 5510 multis
2654 5459 2696 5511 is
2725 5473 2865 5524 esse,
2901 5476 3058 5528 quem
3092 5471 3146 5513 tu
3178 5465 3277 5515 ais.
3310 5462 3593 5531 Suppona-

1991 5565 2111 5602 mus
2135 5549 2276 5602 enim
2302 5557 2465 5601 totam
2490 5547 2658 5616 legem
2678 5548 2987 5616 abrogatam
3015 5549 3198 5613 fuisse,
3221 5553 3596 5624 neminemque

1995 5641 2184 5694 timere
2212 5639 2529 5708 Supplicium
2557 5640 2610 5692 in
2639 5639 2722 5692 illa
2755 5639 3009 5694 indictum
3041 5660 3053 5694 :
3085 5642 3177 5696 sed
3208 5643 3369 5698 licere
3393 5643 3595 5699 faemo-

1993 5731 2130 5782 rosis
2152 5731 2396 5784 omnibus
2420 5745 2538 5783 cum
2568 5729 2812 5783 libertate
2835 5732 3072 5785 moribus
3095 5735 3165 5786 uti
3195 5735 3339 5800 suis;
3371 5738 3596 5792 mincius

2001 5837 2212 5894 nempe,
2246 5823 2546 5891 lmmicidis,
2577 5823 2803 5889 furibus,
2835 5824 3083 5895 periuris,
3115 5827 3395 5895 parricidis
3427 5845 3595 5885 :non-
