4050 6478
491 415 599 473 ΞΠ

493 550 564 588 ne
591 530 766 587 omnia
795 541 887 583 sus
912 526 1086 597 deque
1103 531 1461 589 verterentur,
1484 533 1538 578 et
1564 521 1856 576 innumeris
1883 518 2074 573 facino-

492 623 642 677 ribus
671 630 831 690 atque
860 617 1092 671 aedibus
1121 612 1301 680 urbes,
1334 612 1464 692 fora,
1493 611 1707 674 domus,
1734 624 1901 673 mare,
1933 617 2072 661 terra

489 722 546 768 et
587 721 731 764 totus
773 709 918 762 orbis
955 704 1332 776 replerentur?
1375 702 1483 756 lloc
1526 699 1724 754 nemini
1755 712 1859 752 non
1890 707 2070 751 notum

490 812 592 859 est.
638 802 693 855 Si
721 800 862 855 enim
892 797 1156 853 stantibus
1182 796 1386 865 legibus
1407 801 1461 847 et
1484 792 1671 845 timore
1693 799 1853 859 atque
1874 787 2033 843 minis
2054 827 2069 852 ,

491 894 578 948 vix
622 891 866 961 maligna:
911 889 1211 953 voluntates
1253 893 1570 938 coercentur
1605 899 1617 934 :
1656 880 1702 936 si
1743 879 1859 934 haec
1898 877 2070 932 ablata

488 984 675 1038 fuisset
714 981 925 1043 cautio,
951 977 1075 1048 quid
1112 975 1396 1047 impediret
1425 988 1492 1028 ne
1520 973 1715 1027 malitia
1763 970 2069 1026 dominare-

485 1075 611 1129 tur?
635 1079 826 1141 quanta
849 1084 954 1123 non
974 1068 1136 1137 pestis
1156 1067 1208 1121 in
1229 1065 1512 1121 humanam
1530 1065 1688 1118 vitam
1703 1060 2070 1132 grassaretur?

485 1164 668 1234 Neque
688 1163 829 1216 enim
856 1159 907 1215 id
935 1159 1104 1215 solum
1129 1158 1345 1213 crudele
1371 1168 1543 1220 esset,
1572 1156 1617 1210 si
1643 1154 1922 1208 facinerosi
1949 1167 2067 1222 quae

483 1255 682 1308 vellent
713 1267 880 1322 agere
920 1251 1387 1321 permitterentur;
1436 1246 1531 1302 sed
1567 1254 1622 1301 et
1658 1244 1800 1300 aliud
1837 1244 1930 1300 illo
1957 1259 2064 1300 non

483 1345 662 1398 minus
689 1342 1046 1411 perniciosum
1076 1339 1236 1406 foret,
1259 1340 1304 1396 si
1328 1339 1418 1409 qui
1444 1337 1578 1393 nihil
1603 1339 1848 1401 lauisset,
1874 1345 1929 1392 et
1948 1336 2066 1391 sine

480 1449 641 1488 causa
673 1433 813 1487 male
842 1445 1030 1501 passus
1053 1439 1235 1496 esset,
1268 1432 1382 1485 sine
1405 1429 1604 1484 auxilio
1628 1436 1868 1484 maneret
1890 1437 1945 1482 et
1969 1442 2063 1482 ne-

479 1526 786 1595 gligeretur.
835 1522 928 1576 Dic
963 1522 1109 1576 enim
1150 1521 1277 1575 mihi
1301 1561 1318 1585 ,
1359 1521 1404 1574 si
1443 1520 1563 1589 quis
1601 1519 1889 1574 sceleratos
1921 1519 2062 1572 viros

479 1615 712 1684 undique
739 1613 993 1683 colligens
1021 1622 1076 1668 et
1100 1612 1289 1683 gladiis
1321 1613 1566 1666 muniens
1588 1653 1603 1676 ,
1632 1613 1844 1680 juberet
1873 1611 2059 1667 urbem

480 1714 648 1760 totam
670 1704 950 1759 circumire
969 1711 1025 1758 et
1053 1703 1240 1758 obvios
1259 1717 1498 1772 quosque
1534 1701 1820 1767 trucidare,
1843 1717 1912 1756 an
1935 1701 2059 1772 quid

478 1806 661 1869 posset
685 1797 966 1851 immanius
984 1795 1272 1864 excogitari
1287 1794 1311 1848 ?
1329 1793 1526 1850 Contra
1549 1808 1677 1848 vero
1699 1794 1743 1847 si
1764 1795 1884 1863 quis
1903 1794 2054 1858 alius,

475 1901 712 1944 armatos
753 1890 872 1945 illos
915 1888 1141 1942 vinculis
1175 1888 1493 1941 constrictos
1535 1888 1587 1941 in
1627 1901 1896 1942 carcerem
1938 1901 2058 1941 cum

473 1981 809 2036 vehementia
832 1980 1093 2043 traderet,
1119 1979 1237 2034 illos
1256 1990 1431 2034 autem
1452 1980 1539 2049 qui
1562 1994 1686 2033 mox
1707 1978 2058 2033 interficiendi

474 2081 661 2136 erant,
707 2086 775 2126 ex
820 2071 1121 2140 iniquorum
1171 2069 1416 2122 manibus
1459 2069 1762 2139 abriperet,
1795 2083 1921 2122 num
1967 2067 2059 2121 illo

474 2162 763 2217 humanius
789 2161 1057 2230 quidpiam
1084 2159 1186 2214 dici
1212 2160 1416 2229 possit?
1454 2159 1579 2214 llaec
1607 2161 1766 2230 igitur
1789 2159 1855 2212 ad
1886 2159 2055 2228 legem

473 2251 703 2306 transfer
737 2251 1002 2318 exempla.
1043 2248 1174 2302 Nam
1209 2250 1297 2318 qui
1332 2248 1483 2316 jubet
1519 2249 1729 2302 octtlum
1769 2262 1866 2316 pro
1901 2248 2056 2302 oculo

471 2354 661 2396 eruere
681 2380 694 2405 ,
723 2353 822 2393 ceu
862 2338 1130 2392 vinculum
1158 2337 1423 2407 quoddam
1454 2338 1665 2391 firmum
1693 2336 1744 2391 itt
1785 2335 2053 2391 facinoro-

471 2446 652 2486 serum
680 2430 885 2484 animos
900 2430 1143 2500 conjecit,
1158 2431 1324 2498 eique
1334 2429 1524 2482 similis
1549 2437 1648 2492 est,
1664 2428 1951 2498 quigladiis
1968 2444 2055 2482 ar-

471 2530 644 2575 matos
672 2521 790 2574 illos
801 2519 1038 2574 coercuit
1062 2519 1317 2588 :quivero
1335 2517 1460 2570 nulli
1488 2516 1759 2571 addiceret
1772 2517 2049 2587 supplicio,

471 2611 572 2666 hac
598 2612 809 2666 licentia
839 2625 971 2679 pene
992 2610 1139 2664 illum
1171 2619 1422 2673 armaret,
1457 2609 1710 2677 illumque
1737 2609 2049 2674 imitaretur,

463 2703 556 2773 qui
587 2708 818 2753 armatos
843 2698 1028 2768 gladiis
1051 2697 1193 2752 viros
1236 2712 1330 2766 per
1372 2705 1532 2751 totam
1565 2697 1746 2750 urbem
1797 2697 2048 2749 mitteret.

539 2791 591 2842 7.
632 2789 758 2855 Ipsa
785 2788 1005 2857 antiqua:
1042 2787 1165 2855 legis
1194 2795 1444 2855 praecepta
1481 2783 1695 2855 benigna
1732 2795 1870 2839 sunt.
1905 2784 2050 2839 Unus

467 2881 696 2949 idemque
722 2890 794 2932 est
822 2879 1080 2943 utrimque
1103 2876 1408 2930 Testamenti
1436 2877 1712 2946 legislator.
1752 2907 1822 2917 —
1861 2876 2050 2932 Viden‘

465 2970 736 3042 quomodo
752 2986 855 3024 non
876 2969 1211 3032 crudelitate,
1232 2968 1325 3022 sed
1345 2968 1668 3037 benignitate
1688 2983 1874 3036 magna
1892 2968 2047 3037 plena

465 3065 574 3116 sint
601 3061 903 3132 praecepta?
945 3061 1000 3115 Si
1029 3077 1155 3116 vero
1183 3071 1461 3132 propterea
1492 3060 1844 3130 legislatorem
1877 3062 2046 3115 mole-

464 3163 605 3207 stum
637 3166 1028 3219 onerosumque
1052 3166 1228 3214 vocas,
1259 3151 1388 3220 quid
1417 3151 1690 3205 molestius
1708 3191 1722 3212 ,
1751 3165 1932 3221 quaeso
1950 3192 1963 3214 ,
1993 3162 2047 3204 et

464 3246 590 3315 quid
617 3244 895 3299 onerosius
921 3242 1020 3306 sit,
1053 3256 1157 3296 non
1181 3241 1446 3305 occidere,
1475 3256 1541 3295 an
1565 3257 1670 3295 non
1697 3242 1891 3296 irasci?
1917 3241 2046 3308 Quis

463 3337 721 3399 severior,
753 3333 842 3403 qui
871 3332 1140 3387 homicidii
1171 3347 1356 3401 poenas
1383 3333 1596 3401 repetit,
1623 3347 1689 3384 an
1715 3331 1803 3401 qui
1830 3333 2044 3386 iracun-

465 3427 605 3480 dize?
632 3425 720 3495 qui
745 3423 1012 3479 moechum
1039 3431 1159 3492 post
1183 3431 1448 3490 peractam
1475 3427 1620 3489 rem,‘
1638 3422 1899 3491 supplicio
1921 3423 2045 3476 sub-

463 3516 578 3585 jicit
598 3554 615 3578 ,
644 3529 710 3568 an
742 3514 832 3582 qui
873 3513 1038 3580 ipsius
1063 3511 1509 3579 concupiscentia:
1529 3512 1680 3581 jubet
1706 3512 1836 3568 dare
1860 3526 2045 3582 ptenas

465 3614 522 3658 et
563 3618 747 3674 poenas
786 3601 1152 3657 immortales?
1198 3599 1423 3666 Videte,
1470 3601 1522 3656 in
1565 3603 1888 3657 contrarium
1940 3603 2044 3658 illis

463 3695 780 3750 conversum
808 3707 925 3748 esse
954 3707 1274 3746 sermonem.
1315 3692 1451 3747 Nam
1482 3694 1678 3747 veteris
1706 3694 1839 3763 legis
1863 3694 2004 3749 Deus
2023 3736 2041 3760 ,

463 3799 620 3852 quem
652 3783 749 3852 ipsi
775 3781 960 3837 dicunt
983 3782 1255 3835 crudelem
1285 3797 1434 3846 esse,
1468 3792 1777 3836 mansuetus
1805 3784 2042 3838 invenie-

463 3886 585 3936 tur;
634 3889 782 3927 novae
821 3883 997 3926 autem
1029 3873 1160 3941 legis
1185 3873 1321 3927 Deus
1341 3913 1356 3938 ,
1387 3888 1546 3942 quem
1573 3888 1690 3928 esse
1717 3874 1911 3928 bonum
1945 3877 2042 3945 ipsi

463 3966 734 4027 fatentur,
784 3962 1038 4015 molestus
1087 3971 1138 4014 et
1189 3976 1449 4016 onerosus
1490 3963 1778 4016 secundum
1828 3964 2040 4019 illorum

463 4040 758 4107 stultitiam.
813 4051 919 4104 Nos
963 4051 1158 4119 quippe
1205 4065 1366 4105 unum
1415 4052 1764 4122 eumdemque
1815 4053 2042 4109 dicimus

463 4144 736 4208 utriusque
766 4139 1089 4194 Testatnenti
1118 4139 1476 4208 legislatorcm
1497 4181 1511 4203 ,
1540 4141 1628 4210 qui
1658 4143 1834 4195 omnia
1866 4153 1922 4196 ιιι
1949 4145 2041 4198 de.

455 4231 616 4287 cebat
639 4230 998 4298 dispensavit,
1028 4239 1082 4283 et
1110 4239 1410 4296 temporum
1436 4228 1730 4283 discrimini
1766 4234 2042 4300 utriusque

454 4323 594 4390 legis
639 4311 992 4374 differentiam
1036 4319 1255 4386 aptavit.
1306 4317 1466 4387 lgitur
1504 4333 1600 4372 nec
1646 4319 1732 4371 illa
1778 4332 2042 4391 praecepta

452 4412 719 4478 crudelia,
745 4425 916 4480 neque
946 4411 1057 4464 haec
1079 4423 1307 4462 onerosa
1333 4411 1412 4463 vel
1435 4409 1678 4476 molesta,
1706 4413 1797 4466 sed
1819 4423 2042 4484 utraque

463 4506 531 4558 ab
573 4519 674 4557 una
717 4501 1005 4571 eademque
1043 4500 1370 4569 providentia
1415 4501 1841 4569 proﬁciscuntur.
1889 4506 2040 4573 Quod

460 4593 606 4646 enim
662 4593 778 4659 ipse
830 4600 1065 4644 veterem
1115 4607 1329 4662 quoque
1379 4593 1547 4661 legem
1599 4594 1847 4660 dederit,
1905 4598 2034 4652 andi

463 4681 781 4754 prepltetam
816 4680 1112 4744 dicentem,
1155 4682 1263 4736 imo
1297 4683 1605 4750 (dicendum
1639 4689 1762 4757 est)
1793 4698 1847 4742 et
1882 4687 2030 4743 illum

462 4784 517 4830 et
546 4775 867 4843 prophetam
909 4793 921 4827 :
973 4771 1264 4841 Disponam
1306 4777 1444 4828 vobis
1493 4786 1893 4838 testamentum.
1930 4797 2032 4833 non

460 4867 746 4922 secundum
799 4874 1166 4920 testarrteumm
1218 4869 1355 4938 quod
1404 4868 1643 4936 disposui
1681 4872 1916 4937 patribus
1951 4890 2033 4926 ve-

464 4954 581 5005 stris
611 4952 756 5021 (Jer.
784 4952 870 5006 51.
897 4952 984 5007 51.
1014 4952 1082 5006 δε
1103 4953 1147 5022 ).
1185 4952 1335 5020 Quod
1373 4955 1417 5007 si
1463 4957 1562 5008 hoc
1603 4971 1707 5009 non
1750 4959 1964 5028 recipiat
1996 4962 2040 5014 is

462 5043 552 5112 qui
591 5042 994 5096 Maniclneorum
1032 5043 1218 5098 morbo
1245 5044 1450 5098 laborat
1476 5045 1553 5114 (η)
1573 5085 1586 5105 .
1615 5047 1791 5100 audiat
1819 5049 2036 5104 Paulum

464 5134 566 5187 ltoc
595 5135 764 5202 ipsum
791 5150 974 5188 rursus
999 5135 1259 5190 dicentem
1287 5155 1299 5190 :
1325 5136 1578 5207 Abraham
1604 5139 1734 5190 enim
1756 5140 1879 5194 duos
1905 5143 2038 5210 filios

464 5226 634 5279 habuit
657 5242 675 5287 ;
702 5240 857 5276 unum
881 5227 944 5278 de
961 5227 1167 5290 ancilla,
1191 5237 1234 5278 et
1260 5242 1412 5278 unum
1435 5229 1497 5278 de
1520 5228 1697 5281 libera.
1726 5227 1850 5284 Haec
1870 5243 2036 5286 autem

463 5326 579 5368 sunt
601 5316 702 5368 duo
726 5325 1018 5368 testamenta
1039 5315 1234 5382 (Galat.
1261 5317 1312 5368 4.
1333 5315 1421 5368 22.
1444 5316 1555 5384 24).
1583 5318 2037 5384 Quemadmodum

463 5419 591 5474 ergo
616 5403 724 5457 illic
749 5404 970 5459 diversa
994 5414 1112 5457 sunt
1142 5404 1390 5459 mulieres
1408 5446 1423 5470 ,
1457 5422 1589 5459 unus
1616 5417 1790 5462 autem
1818 5411 1899 5464 vir
1925 5430 1936 5464 :
1962 5415 2038 5467 sic

462 5505 516 5546 et
555 5493 653 5546 hoc
695 5494 813 5546 loco
849 5493 953 5546 duo
979 5493 1316 5547 Tcsmmenta
1341 5534 1354 5557 ,
1387 5511 1520 5550 unus
1550 5498 1836 5566 legislator.
1890 5503 1954 5555 Et
1983 5513 2038 5556 ut

461 5585 656 5648 discas,
689 5598 844 5637 unam
869 5584 1214 5653 eamdemque
1241 5584 1403 5639 fuisse
1429 5589 1703 5658 utrobique
1732 5605 2038 5648 mansuetu-

524 5719 599 5782 (a)
635 5719 873 5789 δμῷοὴεὶ
915 5719 978 5766 de
1023 5719 1202 5789 quibus
1240 5731 1356 5789 mort
1391 5716 1601 5783 loquitur
1653 5723 2035 5789 Cbrysostomus,

464 5779 620 5832 Vetus
639 5788 995 5830 testamentum
1030 5792 1123 5829 non
1147 5779 1476 5830 admittebant.

1233 410 1287 467 S.
1327 406 1604 466 JOANNIS
1637 402 2107 464 CHRYSOSTOMI
2144 401 2458 460 ARCHIEP.
2499 399 3030 458 CONSTANTINOP.

3669 405 3772 459 ⁸318

2185 515 2364 570 dinem
2395 534 2408 569 :
2438 516 2543 571 illic
2570 515 2782 586 quidem
2808 514 2960 578 dixit,
2993 513 3213 568 Oculum
3236 530 3326 586 pro
3350 517 3497 571 oculo
3519 503 3649 581 {hic
3676 537 3774 573 an-

2183 616 2286 659 tetn
2318 628 2329 661 :
2356 606 2417 661 Si
2445 607 2556 675 quis
2582 615 2629 658 te
2653 605 2950 676 percusserit
2969 605 3023 658 in
3047 607 3310 660 maxillam
3333 607 3612 674 dexteram,
3640 620 3770 665 certe

2177 697 2254 749 illi
2283 710 2332 750 et
2355 699 2585 751 alteram.
2625 695 3085 764 Quemadmodum
3113 700 3267 752 enim.
3286 700 3395 754 illic
3422 701 3612 754 timore
3641 717 3771 772 sup-

2178 787 2320 856 plicii
2353 787 2633 841 laedentem
2659 785 2887 851 retinet;
2920 787 3007 840 hic
3031 803 3245 857 quoque
3269 791 3459 846 eodem
3487 789 3666 845 modo.
3701 793 3770 846 Et

2175 877 2462 946 quomodo,
2487 878 2715 946 inquies,
2735 892 2857 930 cum
2873 876 3062 945 jubeat
3081 876 3226 931 illum
3242 887 3295 933 et
3314 879 3470 934 aliam
3489 880 3766 948 przebere?

2174 969 2312 1034 Quid
2354 969 2455 1024 hoc
2485 967 2745 1024 tandem?
2786 968 2903 1023 Non
2935 970 3078 1023 enim
3117 979 3175 1023 ut
3209 980 3408 1024 metum
3448 972 3618 1027 solvat
3661 972 3766 1028 hoc

2174 1064 2448 1133 praecipit,
2479 1062 2573 1119 sed
2595 1062 2748 1132 jubet
2785 1062 3013 1132 praeberi
3051 1062 3151 1131 ipsi
3190 1063 3407 1118 modum
3444 1079 3504 1118 se
3544 1080 3764 1134 prorsus

2172 1154 2431 1218 satiandi;
2464 1168 2637 1223 neque
2663 1153 2796 1207 dixit
2821 1153 2969 1206 illum
2994 1153 3210 1221 impune
3234 1152 3367 1219 fore,
3397 1169 3582 1208 verum
3612 1164 3666 1207 tu
3692 1169 3762 1210 ne

2171 1247 2398 1314 punias;
2425 1245 2580 1299 simul
2605 1259 2976 1314 percussorem
3000 1245 3044 1297 si
3068 1245 3319 1313 persistat
3339 1246 3506 1315 magis
3528 1255 3760 1312 terrens,

2169 1346 2224 1390 et
2255 1350 2564 1405 percussum
2593 1334 2897 1390 consolans.
2942 1333 3158 1388 Verum
3183 1337 3297 1388 haec
3321 1373 3336 1399 ,
3377 1344 3434 1387 ut
3468 1335 3512 1388 si
3542 1336 3661 1403 quis
3703 1336 3759 1390 in

2169 1435 2479 1482 transcursu
2515 1426 2584 1481 de
2625 1425 2873 1480 omnibus
2909 1426 3190 1495 praeceptis
3229 1426 3507 1495 loquatur,
3537 1443 3565 1479 a
3603 1427 3759 1481 nobis

2167 1517 2309 1572 dicta
2348 1527 2526 1571 sunto.
2576 1516 2692 1570 Jam
2720 1516 2786 1570 ad
2821 1517 3148 1584 propositum
3181 1516 3356 1571 redire
3382 1531 3601 1571 necesse
3629 1525 3754 1582 est,

2166 1623 2374 1662 necnon
2406 1607 2601 1662 seriem
2635 1607 2781 1674 prius
2810 1606 3070 1660 dictorum
3101 1616 3365 1675 repetere.
3397 1608 3498 1672 Qui
3521 1608 3758 1660 irascitur

2166 1699 2315 1769 fratri
2338 1714 2430 1752 suo
2459 1705 2661 1751 temere
2681 1737 2695 1758 ,
2732 1712 2846 1749 reus
2870 1695 2963 1748 erit
2981 1695 3182 1766 judicio
3201 1738 3216 1760 ,
3246 1695 3433 1764 inquit.
3464 1695 3580 1750 Non
3609 1698 3754 1751 enim

2164 1806 2386 1861 prorsus
2421 1805 2535 1844 rem
2578 1788 2791 1842 sustulit
2817 1807 2828 1840 :
2861 1789 3037 1857 primo
3061 1829 3074 1850 ,
3100 1787 3222 1856 quia
3254 1803 3359 1840 non
3389 1797 3564 1856 potest
3594 1787 3756 1842 homo

2164 1882 2326 1942 animi
2369 1879 2648 1934 affectibus
2689 1892 2907 1947 prorsus
2950 1878 3203 1940 liberari;
3235 1877 3330 1932 sed
3361 1878 3483 1933 illos
3519 1879 3756 1934 retinere

2164 1971 2379 2041 quidem
2409 1983 2724 2038 possumus,
2752 1968 2954 2037 absque
2979 1968 3082 2021 illis
3110 1968 3328 2021 omnino
3351 1982 3471 2023 esse
3497 1985 3598 2021 non
3626 1984 3752 2039 pos-

2162 2076 2380 2126 sumus;
2412 2060 2605 2116 deinde
2629 2101 2644 2125 ,
2681 2060 2804 2129 quia
2845 2060 2934 2114 ille
2971 2061 3132 2113 animi
3165 2071 3341 2114 motus
3369 2061 3515 2115 utilis
3543 2071 3625 2115 est
3647 2103 3663 2128 ,
3705 2063 3751 2116 si

2162 2153 2255 2208 illo
2295 2154 2529 2207 sciamus
2572 2163 2871 2222 opportune
2911 2154 3006 2206 uti.
3053 2151 3331 2221 Perpende
3371 2154 3513 2207 enim
3554 2165 3752 2224 quanta

2160 2246 2298 2299 bona
2320 2245 2558 2299 attulerit
2579 2243 2724 2298 Pauli
2749 2244 2826 2298 ira
2847 2254 3031 2298 contra
3052 2244 3379 2298 Corinthios.
3401 2244 3531 2298 Nam
3553 2255 3607 2299 et
3633 2245 3753 2300 illos

2158 2352 2188 2390 ιι
2219 2352 2405 2405 magna
2447 2346 2592 2406 peste
2623 2337 2900 2398 liberavit;
2945 2335 3250 2391 Galatarum
3276 2335 3402 2391 item
3429 2346 3641 2406 gentem
3674 2337 3753 2391 la-

2161 2443 2308 2496 psam
2355 2442 2451 2496 per
2479 2426 2618 2480 hanc
2646 2427 3013 2496 recuperavit,
3053 2426 3294 2495 aliosque
3336 2429 3549 2481 multos.
3595 2427 3750 2493 Quod

2159 2534 2287 2586 ergo
2323 2528 2531 2588 tempus
2578 2520 2671 2573 irte
2697 2528 3053 2587 Opportunum
3096 2517 3220 2571 est?
3249 2517 3470 2586 Quando
3506 2535 3609 2573 non
3650 2536 3751 2576 nos

2160 2609 2304 2676 ipsos
2346 2610 2689 2673 ulciscimur,
2722 2609 2816 2663 sed
2853 2608 2987 2662 alios
3028 2610 3328 2677 petulantes
3368 2610 3706 2678 reprimimus
3729 2654 3746 2676 ,

2155 2696 2370 2774 desides
2397 2699 2777 2752 convertimus.
2804 2697 2956 2764 Quod
2987 2707 3192 2766 tempus
3218 2714 3322 2752 non
3348 2711 3705 2769 opportunum
3723 2704 3749 2754 ΐ

2154 2787 2378 2855 Quando
2405 2804 2506 2845 nos
2533 2790 2680 2857 ipsos
2709 2789 3025 2845 ulciscentes
3056 2789 3106 2844 id
3139 2789 3380 2845 facimus.
3413 2792 3565 2857 Quod
3603 2793 3745 2848 Pau-

2155 2879 2238 2932 lus
2278 2880 2533 2934 cohibens
2563 2879 2776 2935 dicebat
2808 2897 2821 2934 :
2858 2879 2981 2933 Non
3024 2882 3348 2949 vosmetipsos
3391 2883 3702 2937 vindicantes
3725 2924 3740 2947 ,

2155 2969 2358 3035 dilecti,
2391 2970 2478 3022 sed
2507 2970 2625 3022 date
2647 2970 2811 3022 locum
2840 2971 2932 3023 irae
2956 2970 3134 3039 (Rom.
3168 2969 3257 3025 12.
3286 2971 3397 3043 19).
3426 2972 3649 3039 Quando
3677 2973 3746 3027 de

2156 3061 2394 3129 pecuniis
2437 3061 2724 3131 litigamus.
2770 3060 2903 3115 Nam
2942 3071 2996 3116 et
3035 3061 3137 3116 hoc
3174 3061 3258 3116 his
3283 3064 3460 3118 verbis
3485 3064 3742 3118 sustulit:

2155 3152 2325 3218 Quare
2352 3168 2450 3204 non
2479 3152 2641 3221 magis
2669 3152 2910 3221 injuriam
2939 3152 3206 3220 accipitis?
3248 3170 3402 3222 quare
3442 3170 3542 3208 non
3583 3157 3746 3226 magis

2148 3242 2381 3311 fraudem
2407 3244 2636 3311 patimini
2666 3245 2683 3312 (
2710 3244 2761 3296 1.
2791 3243 2906 3297 Cor.
2943 3245 2996 3298 6.
3037 3245 3070 3298 7
3092 3244 3154 3312 )?
3180 3244 3328 3299 Sicut
3349 3245 3490 3300 enim
3521 3246 3638 3300 hac
3664 3248 3742 3300 ira

2151 3347 2543 3401 supervacanea
2571 3343 2688 3399 est,
2720 3334 2798 3389 sic
2825 3333 2914 3388 illa
2944 3336 3243 3389 necessaria
3268 3345 3322 3390 et
3347 3337 3508 3390 utilis.
3547 3336 3740 3392 Verum

2150 3425 2302 3478 multi
2329 3442 2359 3477 e
2395 3426 2667 3479 contrario
2705 3426 2934 3492 faciunt,
2972 3426 3177 3480 efferati
3203 3469 3216 3490 ,
3244 3442 3364 3481 cum
3403 3428 3594 3497 injuria
3617 3427 3742 3483 affl-

2150 3515 2401 3577 ciuntur,
2447 3514 2665 3569 resoluti
2708 3525 2761 3569 et
2801 3515 2988 3569 molles
3013 3557 3029 3578 ,
3065 3531 3185 3569 cum
3234 3516 3418 3570 lmsum
3457 3517 3619 3573 alium
3655 3519 3739 3572 vi.

2149 3602 2280 3657 dent
2319 3621 2332 3656 :
2362 3619 2481 3673 qua:
2510 3604 2667 3657 ambo
2696 3604 2960 3658 contraria
2991 3615 3114 3658 sunt
3149 3606 3468 3675 evangelicis
3509 3607 3737 3677 legibus.

2149 3691 2264 3746 Non
2291 3708 2420 3763 ergo
2448 3695 2602 3748 irasci
2635 3694 2870 3763 iniquum
2899 3706 2982 3750 est
3007 3737 3022 3761 ,
3053 3694 3146 3750 sed
3175 3697 3529 3766 inopportune
3555 3699 3736 3753 irasci.

2151 3783 2276 3837 Ideo
2304 3785 2556 3854 propheta
2585 3786 2794 3839 diccbat
2823 3804 2837 3839 :
2867 3784 3158 3839 Irascimini
3175 3827 3190 3851 ,
3229 3797 3278 3840 et
3316 3787 3471 3841 nolite
3507 3804 3736 3858 peccare.

2154 3873 2253 3939 Qui
2282 3885 2450 3927 autent
2483 3875 2665 3928 dixerit
2702 3876 2853 3944 fratri
2889 3891 2981 3928 suo
3000 3917 3015 3940 ,
3046 3892 3166 3929 rara
3189 3916 3204 3939 ,
3245 3893 3359 3930 reus
3395 3878 3489 3930 erit
3525 3878 3741 3932 concilio

2148 3972 2167 4038 (
2196 3968 2339 4025 Psal.
2371 3970 2424 4022 4.
2459 3967 2552 4035 5).
2602 3965 2898 4019 Concilium
2929 3965 3052 4032 hic,
3091 3966 3347 4034 judicium
3391 3966 3739 4023 llebraorum

2145 4069 2322 4117 vocat.
2367 4057 2520 4127 Quod
2563 4057 2683 4111 ideo
2714 4072 2854 4110 nunc
2884 4057 3095 4125 posuit,
3139 4072 3206 4111 ne
3246 4058 3443 4127 ubique
3467 4057 3740 4114 videretur

2147 4168 2286 4206 nova
2333 4159 2388 4204 et
2423 4147 2701 4219 peregrina
2736 4147 2935 4202 dicere.
2981 4146 3112 4202 Illud
3152 4157 3328 4203 autem
3355 4190 3369 4215 ,
3409 4148 3549 4204 Raca
3572 4192 3586 4213 ,
3627 4165 3738 4207 non

2147 4257 2353 4312 magnae
2380 4239 2717 4295 contumelize
2744 4255 2844 4293 vox
2871 4249 2983 4305 est,
3007 4240 3103 4294 sed
3129 4242 3300 4310 potius
3324 4251 3662 4312 contemptus
3681 4255 3738 4301 et

2149 4329 2504 4400 negligentiae.
2528 4328 2989 4395 Quemadmodum
3009 4330 3150 4384 enim
3169 4345 3268 4385 nos
3285 4330 3495 4388 famulis
3513 4333 3738 4404 aliisque

2148 4422 2314 4476 infimi
2357 4419 2551 4490 gradus
2582 4420 2904 4489 imperantes
2943 4419 3171 4475 dicimus
3201 4440 3214 4475 :
3247 4420 3392 4476 Vade
3439 4431 3492 4476 tu
3515 4466 3529 4485 ,
3561 4424 3649 4480 dic
3679 4434 3735 4478 tu

2148 4513 2224 4567 illi
2257 4532 2270 4566 :
2297 4514 2375 4567 sic
2414 4512 2501 4581 qui
2532 4511 2786 4581 Syrorum
2828 4511 3002 4580 lingua
3044 4523 3295 4577 utuntur,
3325 4528 3460 4569 voce
3491 4514 3632 4569 Raca
3659 4517 3736 4571 uti

2146 4601 2340 4666 solent,
2369 4600 2448 4654 Tu
2473 4601 2855 4671 significantes.
2883 4601 2990 4655 Sed
3015 4601 3277 4672 benignus
3302 4602 3440 4658 Deus
3466 4605 3551 4658 vel
3581 4606 3736 4660 mini-

2147 4707 2230 4746 ma
2261 4690 2479 4754 evellit,
2516 4690 2708 4756 jubens
2753 4705 2851 4745 nos
2895 4699 3207 4745 reverenter
3239 4701 3424 4747 mutuo
3449 4708 3609 4763 agere
3632 4738 3647 4761 ,
3680 4705 3735 4752 et

2149 4798 2266 4837 cum
2298 4782 2500 4836 honore
2530 4783 2760 4847 decenti,
2785 4791 2842 4835 ut
2869 4797 2963 4852 per
2984 4781 3098 4836 haec
3119 4783 3278 4836 etiam
3310 4784 3509 4854 majora
3539 4787 3732 4842 tollan-

2149 4883 2251 4927 tur.
2287 4873 2388 4937 Qui
2414 4883 2576 4925 autem
2603 4875 2785 4926 dixerit
2807 4915 2821 4939 ,
2856 4876 3028 4943 fatue,
3058 4889 3173 4926 reus
3198 4875 3290 4928 erit
3316 4876 3557 4946 gehennte
3577 4877 3730 4948 ignis.

2146 4963 2260 5018 Hoc
2289 4973 2609 5033 przeccptum
2639 4964 2823 5017 multis
2847 4977 3008 5032 grave
3031 4972 3084 5018 et
3109 4979 3390 5020 onerosum
3416 4967 3589 5021 visum
3612 4977 3729 5022 est:

2146 5057 2190 5109 si
2233 5071 2328 5124 pro
2356 5071 2462 5108 uno
2490 5057 2713 5125 simplici
2742 5055 2910 5110 verbo
2949 5065 3154 5109 tantum
3193 5056 3486 5112 debeamus
3529 5059 3732 5128 suppli-

2146 5148 2288 5200 cium
2330 5147 2492 5199 luere.
2527 5146 2749 5212 Quidam
2779 5161 2904 5200 vero
2943 5146 3043 5199 hoc
3085 5147 3254 5215 ipsum
3286 5146 3626 5217 hyperbolice
3651 5148 3725 5202 di-

2152 5248 2293 5292 ctum
2320 5239 2639 5291 existimant.
2692 5236 2794 5291 Sed
2823 5251 3014 5291 vereor
3040 5252 3105 5292 ne
3134 5237 3312 5292 verbis
3343 5239 3426 5291 bic
3455 5252 3552 5292 nos
3579 5237 3730 5292 deci-

2147 5329 2375 5398 pientes,
2405 5329 2576 5396 reipsa
2607 5340 2906 5382 extremum
2935 5327 3218 5382 subeamus
3244 5329 3582 5396 supplicium.

2220 5421 2273 5473 8.
2315 5418 2406 5472 Ira
2436 5435 2525 5472 cur
2552 5419 2888 5487 reprimenda.
2918 5419 3233 5473 Contumelia
3269 5420 3398 5472 nihil
3433 5421 3728 5475 intolerabi-

2150 5507 2264 5580 lius.
2289 5539 2353 5550 —
2385 5507 2510 5572 Cur,
2552 5524 2755 5578 quaeso,
2805 5525 3094 5564 onerosum
3140 5511 3346 5563 videtur
3375 5524 3495 5566 esse
3520 5525 3727 5580 praece-

2148 5604 2333 5670 ptum‘l
2359 5605 2439 5656 An
2465 5603 2641 5656 nescis
2668 5602 2921 5672 pleraque
2950 5605 3206 5672 supplicia
3229 5614 3279 5658 et
3309 5613 3521 5673 peccata
3547 5621 3576 5659 a
3606 5622 3726 5661 ver-

2150 5693 2231 5745 bis
2260 5693 2464 5746 iuitinm
2511 5693 2743 5748 ducere?
2788 5694 2889 5748 Per
2917 5695 3075 5749 verba
3116 5695 3258 5749 enim
3309 5697 3653 5766 blasphemia:
3670 5712 3727 5756 et

2149 5785 2426 5853 abnegatio
2444 5785 2566 5852 Dei;
2595 5803 2687 5855 per
2705 5787 2883 5846 verba.
2906 5788 3143 5843 convicia
3163 5797 3216 5842 et
3236 5790 3592 5857 contumeliae,
3609 5811 3694 5864 pet
3712 5826 3728 5836 -
