4050 6420
234 465 393 531 juria,
437 459 572 514 falsa
616 454 943 521 testimonia,
975 453 1088 523 ipsa
1119 449 1427 505 homicidia.
1480 446 1555 500 Ne
1585 447 1744 513 igitur
1779 442 1830 496 id

235 549 508 612 attendas,
535 549 676 618 quod
707 561 871 601 unum
897 547 968 599 sit
990 544 1250 607 verbum;
1282 539 1378 596 sed
1407 555 1472 593 an
1492 538 1716 592 tntillum
1738 536 1834 588 ha-

235 644 362 696 beat
390 641 631 711 periculi,
657 639 760 693 hoc
785 638 1053 693 examina.
1077 638 1157 689 An
1180 635 1412 704 ignoras,
1439 628 1834 684 inimicitiarum

237 742 505 800 tempore.
531 746 649 785 cum
678 730 753 783 ira
779 727 1118 784 succenditur
1139 724 1350 779 animus
1373 732 1428 777 et
1452 721 1834 783 inﬂammatur,

241 837 352 874 rem
377 821 652 874 minimam
670 834 918 888 magnam
939 817 1129 880 videri,
1155 824 1210 870 et
1235 814 1502 868 modicum
1533 810 1834 865 convicium

235 913 528 965 molestum
553 911 708 965 esse?
731 910 990 979 Saepeque
1019 907 1135 960 haec
1165 920 1324 975 parva
1351 914 1406 959 et
1430 902 1839 957 homicidiorum

235 1017 398 1055 causa
430 1000 604 1064 fuere,
632 1010 686 1054 et
713 1001 959 1055 civitates
999 998 1236 1067 integras
1262 997 1659 1050 subverterunt.
1692 991 1840 1046 Sicut

237 1095 384 1147 enim
417 1093 560 1148 inter
585 1093 787 1146 amicos
815 1090 978 1145 etiam
1005 1106 1124 1158 quae
1153 1089 1375 1142 molesta
1397 1095 1544 1147 sunt,
1571 1084 1704 1138 levia
1734 1083 1837 1136 du-

237 1195 468 1237 cuntur:
492 1184 590 1246 sic,
619 1181 893 1236 inimicitia
914 1181 1155 1239 subortu.
1181 1180 1260 1234 vel
1286 1178 1502 1231 minima
1533 1175 1841 1229 intolerabi-

238 1272 309 1326 lia
340 1273 607 1328 videntur.
638 1271 864 1326 Etiamsi
891 1271 1208 1341 simpliciter
1236 1270 1377 1324 dicta
1408 1269 1534 1331 sint,
1563 1267 1704 1320 malo
1725 1266 1842 1318 ani-

239 1381 330 1419 mo
355 1366 564 1434 prolata
604 1366 998 1417 existimantur.
1029 1364 1108 1416 Ac
1134 1359 1583 1431 quemadmodum
1617 1359 1667 1411 in
1694 1359 1836 1426 igne,

239 1457 286 1509 si
317 1471 479 1525 parva
508 1455 741 1510 scintilla
789 1455 877 1518 sit,
930 1453 1141 1508 etiamsi
1189 1453 1468 1506 innumera
1523 1450 1659 1519 ligna
1692 1448 1842 1515 adja-

239 1557 419 1612 ceaut,
453 1561 560 1601 non
591 1545 746 1600 facile
774 1545 1204 1608 inﬂammantur;
1240 1545 1284 1598 si
1312 1557 1442 1598 vero
1467 1543 1576 1610 jam
1604 1542 1655 1595 in
1675 1540 1841 1593 altum

242 1637 458 1691 ﬂamma
484 1645 792 1706 consurgat,
819 1652 926 1690 non
957 1635 1098 1704 ligna
1124 1635 1304 1696 modo,
1329 1633 1424 1687 sed
1448 1633 1608 1686 etiam
1640 1630 1845 1698 lapides

242 1727 512 1796 aliamque
536 1726 861 1781 incidentem
893 1726 1170 1780 materiam
1203 1724 1358 1778 facile
1385 1724 1636 1792 corripit;
1665 1732 1718 1776 et
1750 1736 1847 1790 per

243 1834 359 1887 qua:
389 1819 650 1888 restingui
674 1819 834 1882 solet,
865 1834 959 1886 per
982 1819 1096 1872 btcc
1116 1818 1402 1872 violentius
1429 1815 1580 1870 ardet
1608 1813 1845 1887 (quidam

243 1911 385 1964 enim
413 1911 604 1965 dicunt
633 1926 738 1964 non
771 1911 971 1979 lignum
1003 1910 1182 1973 modo,
1210 1918 1456 1978 stuppam
1487 1907 1694 1975 aliaque
1714 1905 1848 1974 ignis

245 2001 524 2064 alimenta,
551 2001 648 2054 sed
675 2001 834 2054 etiam
865 2001 1156 2054 immissum
1180 2015 1369 2069 aquam
1393 1999 1561 2067 magis
1581 1998 1688 2051 vim
1711 1997 1849 2064 ignis

244 2091 536 2159 excitare):
563 2091 640 2145 sic
666 2101 720 2144 et
748 2090 802 2144 in
829 2091 905 2144 ira
952 2091 1178 2144 accidit:
1205 2089 1459 2158 quidquid
1495 2089 1718 2152 dixeris,
1748 2088 1850 2140 ali-

248 2189 492 2233 mentum
523 2179 743 2249 maligni
777 2179 1007 2233 incendii
1032 2179 1212 2233 statim
1234 2177 1488 2232 eflicitur.
1515 2177 1646 2245 Quae
1671 2175 1850 2230 omnia

247 2267 497 2323 Christus
526 2279 651 2322 ante
677 2270 1061 2338 comprimens,
1090 2283 1211 2324 eum
1238 2269 1327 2336 qui
1358 2277 1560 2322 temere
1581 2268 1848 2331 irascitur,

243 2357 447 2428 judicio
474 2357 851 2412 condemnavit
876 2357 1020 2427 (ideo
1049 2358 1203 2422 dixit,
1232 2358 1331 2423 Qui
1352 2358 1606 2424 irascitur,
1629 2374 1744 2411 reus
1759 2359 1852 2410 erit

240 2450 488 2520 judicio),
515 2451 783 2505 dicentem
811 2465 961 2517 vero,
989 2467 1135 2517 raca,
1168 2466 1320 2505 reum
1350 2465 1471 2506 esse
1499 2450 1572 2504 ait
1600 2449 1849 2505 concilio.

245 2539 353 2596 Sed
395 2541 512 2595 haec
543 2541 782 2596 nondum
813 2557 1003 2611 magna
1035 2551 1194 2595 sunt:
1229 2543 1281 2595 in
1313 2541 1416 2594 hoc
1457 2543 1600 2595 enim
1649 2539 1851 2594 saeculo

251 2631 565 2697 puniuntur.
589 2630 821 2699 Ideoque
849 2632 897 2686 ei
920 2631 1010 2700 qui
1041 2631 1243 2685 fatuum
1262 2630 1628 2699 appellaverit,
1653 2631 1854 2700 gehen-

249 2738 332 2776 na:
355 2721 535 2790 ignem
562 2722 789 2792 adjecit;
824 2737 1070 2790 uuncque
1114 2721 1344 2790 primum
1373 2721 1634 2790 gehennae
1666 2736 1853 2775 vocem

251 2813 496 2882 protulit.
529 2811 685 2866 Prius
713 2811 854 2866 enim
899 2813 1063 2866 multa
1095 2811 1162 2865 de
1207 2826 1374 2880 regno
1411 2811 1679 2879 loquutus,
1729 2819 1856 2865 tunc

251 2918 374 2956 eam
398 2904 748 2968 memoravit;
779 2903 1070 2958 ostendens
1102 2902 1234 2956 illud
1263 2903 1479 2971 quidem
1513 2902 1855 2972 benignitatis

251 3005 309 3046 et
335 2993 630 3048 voluntatis
659 3009 772 3047 suae
797 3008 939 3058 esse,
985 2994 1123 3048 hanc
1163 3009 1298 3048 a'ero
1329 3003 1527 3048 nostra!
1568 2994 1851 3050 socordiae.

251 3086 332 3138 Ac
359 3083 484 3138 vide
511 3083 784 3153 quomodo
838 3087 1090 3154 paulatim
1143 3085 1400 3154 procedat
1452 3087 1505 3139 in
1558 3089 1853 3156 suppliciis,

252 3176 407 3246 quasi
440 3177 555 3231 fere
584 3192 707 3232 sese
730 3177 870 3245 apud
903 3186 953 3230 te
985 3186 1257 3246 purgaret,
1289 3177 1604 3242 ostendens,
1646 3195 1705 3234 se
1734 3181 1856 3250 qui-

252 3269 378 3322 dem
424 3269 598 3322 nullas
624 3269 827 3323 similes
867 3271 1042 3324 minas
1069 3271 1333 3324 intentare
1361 3271 1520 3340 velle,
1553 3285 1651 3325 nos
1680 3282 1857 3326 autem

254 3359 410 3415 illum
433 3360 498 3412 ad
519 3359 652 3415 tales
666 3359 1096 3414 denuntiationes
1113 3361 1459 3431 compellere.
1479 3362 1859 3417 Animadverte

255 3451 422 3505 enim.
458 3450 599 3515 Dixi,
632 3465 700 3504 ne
745 3449 940 3503 frustra
972 3451 1238 3514 irascaris,
1271 3467 1394 3505 nam
1425 3467 1552 3506 reus
1580 3453 1688 3507 eris
1710 3453 1857 3522 judi-

257 3540 374 3604 cio;
399 3540 630 3610 primum
657 3538 788 3594 illud
823 3541 1216 3610 contempsisti.
1247 3540 1382 3596 Vide
1424 3541 1552 3612 quid
1591 3544 1862 3611 pepererit

259 3631 372 3686 ira:
403 3631 467 3686 ad
495 3631 876 3686 contumeliam
909 3631 1246 3687 inferendam
1272 3641 1326 3687 te
1355 3634 1534 3686 statim
1577 3639 1858 3702 pertraxit.

257 3722 404 3778 Raca
434 3724 578 3778 enim
608 3706 809 3778 vocasti
842 3723 1061 3779 fratrem
1095 3733 1276 3790 tuum;
1312 3740 1499 3780 rursus
1524 3726 1686 3780 aliam
1729 3741 1861 3780 con-

259 3813 407 3867 stitui
438 3829 676 3883 poenam,
707 3829 899 3884 nempe
927 3816 1161 3871 concilii.
1186 3815 1242 3871 Si
1271 3817 1372 3872 hac
1395 3821 1559 3871 etiam
1583 3817 1857 3887 despecta,

261 3904 328 3958 ad
343 3905 487 3959 aliud
511 3906 768 3972 procedas
782 3906 1016 3976 gravius.
1042 3921 1147 3961 non
1169 3907 1307 3961 ultra
1327 3916 1378 3961 te
1399 3907 1690 3962 moderatis
1714 3909 1862 3963 hisce

260 3997 436 4064 penis
466 3996 716 4062 ulciscar,
744 3997 838 4052 sed
873 3999 1156 4053 immortali
1191 3998 1452 4068 gehennae
1482 4000 1767 4069 supplicio,
1794 4015 1861 4055 ne

261 4086 480 4142 demum
505 4087 571 4142 ad
603 4089 807 4144 caedem
834 4091 993 4144 etiam
1016 4092 1286 4160 prosilias.
1315 4090 1459 4147 Nihil
1484 4103 1563 4147 est
1589 4093 1752 4153 enim,
1781 4093 1863 4147 ni-

261 4176 337 4232 hil
361 4188 445 4232 est
475 4181 660 4249 utique
685 4181 1006 4236 contumelia
1025 4183 1434 4248 intolerabilius,
1462 4199 1560 4238 nec
1585 4184 1727 4253 quod
1749 4199 1863 4238 ma-

261 4271 341 4339 gis
359 4271 526 4338 possit
552 4270 842 4327 humanum
861 4273 1112 4329 mordere
1136 4275 1395 4328 animum.
1415 4274 1567 4340 Quod
1593 4277 1637 4329 si
1658 4274 1861 4329 dictum

261 4360 393 4413 illud
423 4361 868 4416 contumeliosius
897 4373 951 4416 et
982 4365 1159 4418 acrius
1201 4363 1383 4429 fuerit,
1428 4374 1537 4418 tum
1579 4365 1772 4434 duplex
1805 4364 1864 4419 fit

263 4449 595 4503 incendium.
629 4450 706 4505 Ne
730 4451 889 4520 igitur
912 4452 1026 4506 leve
1052 4453 1328 4508 existimes
1357 4469 1479 4508 esse
1505 4454 1739 4522 aliquem
1764 4469 1860 4506 vo-

261 4555 388 4595 care
420 4533 640 4595 fatuum.
681 4541 906 4611 Quando
931 4544 1074 4598 enim
1117 4546 1231 4611 illo,
1263 4561 1370 4616 quo
1396 4561 1426 4600 a
1458 4547 1626 4601 brutis
1654 4546 1862 4601 diﬂ'eri-

261 4647 404 4693 mus,
433 4641 486 4687 et
511 4647 618 4702 quo
656 4635 888 4688 maxime
913 4633 1158 4690 homines
1187 4651 1396 4700 sumus,
1440 4647 1618 4692 mente
1656 4638 1863 4692 scilicet

264 4732 424 4792 atque
447 4724 727 4791 prudentia
745 4723 964 4781 fratrem
991 4727 1212 4796 spolias,
1236 4731 1378 4782 omni
1409 4731 1554 4783 illum
1581 4729 1860 4785 nobilitate

263 4813 510 4881 privasti.
537 4811 616 4867 Ne
639 4815 816 4885 itaque
839 4817 1019 4873 verbis
1039 4819 1214 4873 solum
1244 4819 1602 4887 attendamus,
1645 4820 1740 4874 sed
1770 4835 1860 4875 res

263 4904 410 4971 ipsas
449 4911 502 4957 et
529 4901 776 4960 allectum
813 4908 1237 4977 considerantes,
1280 4911 1576 4979 cogitemus
1605 4919 1859 4980 quantam

267 4993 370 5049 hoc
397 4995 618 5050 verbum
649 4998 857 5067 plagam
892 4999 1101 5064 inferat,
1154 5010 1208 5057 et
1251 5003 1305 5056 in
1349 5013 1606 5072 quantum
1660 5001 1859 5056 malum

264 5089 572 5164 perveniat.
597 5090 720 5146 Ideo
739 5092 936 5146 Paulus
967 5109 1072 5147 non
1104 5096 1344 5151 moechos
1374 5105 1577 5151 tantum
1618 5106 1675 5151 et
1717 5095 1858 5150 mol-

267 5179 366 5241 les,
398 5195 582 5234 verum
608 5183 772 5236 etiam
801 5183 1089 5239 maledicos
1118 5201 1148 5239 a
1177 5201 1344 5256 regno
1373 5187 1599 5241 exclusit
1628 5189 1702 5257 (1.
1733 5185 1852 5241 Cor.

266 5269 320 5324 6.
346 5270 435 5338 10)
463 5289 478 5324 :
503 5281 557 5326 et
579 5272 699 5340 jure
729 5274 965 5342 quidem.
997 5275 1130 5330 Nam
1158 5279 1580 5332 contumeliosus
1620 5279 1856 5330 caritatis

263 5362 461 5416 bonum
510 5365 838 5433 pessumdat,
885 5381 950 5422 ac
992 5372 1258 5422 sexcentis
1290 5371 1592 5438 proximum
1623 5369 1852 5422 involvit

268 5457 446 5519 malis,
496 5467 782 5526 perpetuas
814 5457 957 5514 fovet
1002 5460 1326 5525 inimicitias,
1375 5460 1569 5515 Christi
1616 5460 1856 5514 membra

267 5545 543 5613 discerpit,
577 5560 760 5614 pacem
788 5547 930 5601 illam
961 5548 1072 5603 Deo
1098 5549 1388 5619 optabilem
1416 5549 1652 5618 quotidie
1682 5551 1850 5619 pclltt,

270 5631 426 5689 latam
449 5635 661 5690 diabolo
691 5652 786 5706 per
809 5640 1164 5694 contumelias
1191 5654 1387 5709 parans
1407 5639 1570 5706 viam,
1601 5641 1858 5709 illumque

265 5725 507 5783 efﬁciens
533 5726 826 5784 fortiorem.
856 5727 982 5786 ldco
1007 5730 1252 5787 Christus
1280 5745 1474 5788 nervos
1501 5730 1642 5786 Illius
1670 5738 1858 5799 poten-

1341 335 1406 391 lN
1444 326 1851 388 MATTll/EUM
1891 326 2125 383 llOMlL.
2168 328 2306 384 XVI.

3448 327 3553 380 350

1946 444 2036 498 tiae
2061 441 2405 507 exscindens,
2440 441 2576 495 hanc
2621 439 2790 509 legem
2842 437 3068 492 induxit.
3123 438 3307 508 Magna
3356 439 3557 508 quipr

1944 543 2026 589 est
2056 535 2131 588 illi
2157 534 2396 588 caritatis
2423 547 2572 586 cura.
2611 533 2734 586 llmc
2769 532 2968 600 quippe
3003 539 3086 584 est
3112 532 3355 585 omnium
3384 540 3556 586 mater

1942 625 2233 688 bonorum,
2261 635 2410 679 certa
2442 623 2832 692 discipulorum
2860 632 3002 684 nota,
3030 637 3150 691 qua:
3166 623 3344 676 omnia
3372 635 3555 676 nostra

1943 716 2202 769 continet.
2227 714 2356 769 Jure
2379 730 2508 783 ergo
2537 715 2748 767 radices
2789 723 2844 767 et
2890 713 3065 768 fontes
3112 714 3405 770 inimicitia
3436 730 3556 783 qua:

1945 807 2088 860 illam
2121 805 2432 874 pessumdat
2457 821 2578 860 cum
2609 805 2944 859 vehementia
2975 805 3140 859 multa
3165 804 3415 860 Christus
3441 821 3556 859 am-

1945 906 2096 966 putat
2123 905 2180 951 et
2209 896 2366 952 tollit.
2396 895 2474 951 Ne
2504 897 2664 966 igitur
2689 895 2805 950 hmc
2826 913 2922 966 per
2939 897 3270 968 hyperbolen
3291 897 3438 952 dicta
3462 913 3560 966 pu-

1948 998 2048 1054 tes,
2082 988 2176 1043 sed
2203 989 2449 1059 cogitans
2472 999 2672 1060 quanta
2701 991 2840 1044 bona
2873 1007 3067 1059 parere
3096 991 3324 1060 possint,
3365 992 3558 1045 harum

1945 1079 2416 1134 mansuetudinem
2457 1081 2634 1149 legum
2683 1080 2899 1135 mirare.
2931 1081 3077 1136 Nihil
3123 1083 3266 1135 enim
3309 1083 3377 1136 ita
3406 1096 3560 1137 curat

1947 1169 2112 1236 Deus,
2144 1179 2202 1224 ut
2233 1186 2332 1224 nos
2354 1173 2552 1224 mutuis
2574 1172 2801 1225 vinculis
2822 1173 3082 1242 colligari.
3110 1173 3235 1231 Ideo
3255 1185 3308 1229 et
3335 1190 3432 1245 per
3452 1175 3560 1229 sei-

1949 1279 2102 1331 psum
2142 1273 2197 1317 et
2239 1279 2338 1333 per
2367 1265 2659 1334 discipulos
2703 1280 2853 1331 suos,
2903 1275 3008 1320 tam
3053 1268 3105 1320 in
3133 1267 3283 1322 Novo
3311 1283 3472 1337 quam
3506 1270 3559 1322 in

1949 1351 2130 1408 Veteri
2163 1354 2532 1422 Testamento,
2587 1355 2756 1410 multo
2799 1355 2904 1410 hoc
2949 1367 3275 1427 prteceptum
3306 1375 3560 1415 sermone

1948 1447 2310 1512 commendat,
2357 1456 2412 1500 et
2452 1448 2746 1501 vehemens
2777 1448 2973 1502 vindex
3001 1459 3084 1503 cst
3108 1465 3295 1505 eorum
3323 1453 3414 1521 qui
3445 1453 3560 1506 haec

1949 1539 2271 1606 despiciunt.
2300 1539 2512 1594 Etenim
2545 1540 2679 1594 nihil
2712 1541 2782 1594 ita
2813 1543 3071 1596 malitiam
3101 1559 3317 1597 onmem
3352 1545 3558 1598 inducit

1951 1643 2003 1685 et
2022 1631 2229 1697 fundat,
2257 1642 2314 1686 ut
2328 1634 2567 1688 caritatis
2589 1635 2837 1689 remotio.
2861 1635 2986 1689 ldco
3002 1635 3234 1702 dicebat,
3258 1637 3382 1690 Cum
3405 1636 3558 1689 abun-

1953 1722 2142 1775 (laverit
2165 1723 2424 1793 iniquitas,
2474 1725 2762 1793 refrigescet
2788 1725 2978 1778 caritas
3025 1726 3298 1778 multarunt
3339 1726 3557 1790 (Matth.

1951 1814 2042 1867 24.
2075 1814 2205 1883 12).’
2228 1817 2318 1870 Sic
2355 1817 2486 1870 Cain
2522 1817 2792 1872 fratricida
2838 1818 3009 1872 factus
3040 1828 3144 1884 est,
3177 1821 3253 1874 sic
3291 1821 3452 1885 Esau,
3483 1823 3562 1878 sic

1953 1906 2146 1960 fratres
2165 1907 2383 1977 Josephi
2401 1925 2415 1969 ;
2435 1910 2512 1962 sic
2530 1908 2806 1964 innumera
2829 1920 3014 1963 exorta
3037 1921 3165 1964 sunt
3192 1912 3354 1975 mala,
3377 1913 3560 1966 avulsa

1954 2000 2198 2052 caritate.
2225 1999 2348 2054 Ideo
2374 2001 2464 2054 ille
2493 2017 2577 2063 ea,
2605 2017 2722 2071 quae
2746 2003 2915 2072 ipsam
2949 2003 3294 2072 pessumdare
3315 2016 3562 2074 possunt,

1955 2104 2076 2142 cum
2100 2103 2290 2159 magna
2317 2091 2661 2145 accuratione
2685 2103 2945 2146 removet.

2028 2181 2082 2236 9.
2122 2180 2251 2235 Cant
2288 2192 2481 2250 quanta
2519 2183 2741 2237 bonitate
2781 2185 3239 2240 reconciliationem
3271 2191 3564 2258 praeceperit

1957 2272 2206 2325 Christus.
2243 2271 2611 2327 Reconciliatio
2641 2291 2755 2327 cum
2794 2275 2957 2343 fratre
2987 2293 3099 2329 vere
3128 2279 3437 2346 sacriﬁcium
3463 2289 3559 2332 est.

1959 2360 2012 2414 Ν
2017 2362 2206 2415 undam
2229 2362 2546 2417 initiaturam
2567 2365 2822 2432 sacriﬁcia
2848 2382 2982 2434 quin.
3005 2397 3076 2406 -—
3098 2367 3282 2437 Neque
3301 2371 3353 2423 in
3376 2384 3565 2437 supra-

1957 2452 2117 2506 dictis
2145 2453 2372 2521 gradum
2417 2455 2578 2518 sistit,
2625 2455 2719 2509 sed
2763 2456 2867 2511 alia
2917 2457 3068 2527 plura
3120 2460 3358 2523 adhibet,
3411 2463 3567 2530 queis

1959 2542 2192 2596 ostendit
2211 2554 2465 2612 quantam
2496 2546 2614 2612 ejus
2643 2545 2836 2600 habeat
2863 2548 3149 2602 rationem.
3173 2548 3305 2602 Nam
3329 2566 3448 2604 cum
3473 2567 3567 2621 pt'l'

1958 2633 2266 2696 concilium,
2298 2649 2397 2703 per
2421 2634 2679 2702 judicium
2706 2646 2760 2689 et
2791 2651 2889 2705 per
2913 2637 3215 2706 gehennam
3248 2641 3386 2710 ignis
3412 2657 3565 2694 com-

1960 2724 2192 2776 minatus
2236 2734 2400 2786 esset,
2452 2725 2552 2778 alia
2596 2725 2793 2794 adjecit
2840 2730 3266 2796 praecedentibus
3305 2747 3567 2801 consona,

1959 2827 2188 2880 nempe:
2218 2812 2311 2866 25.
2341 2811 2404 2867 Si
2424 2812 2577 2879 offers
2603 2831 2786 2869 munus
2817 2827 2960 2870 tuum
2987 2819 3054 2872 ad
3084 2820 3268 2886 altare,
3305 2823 3351 2875 et
3386 2824 3454 2876 ibi
3481 2840 3568 2876 re-

1961 2903 2200 2956 cordatus
2224 2905 2380 2973 fueria
2400 2906 2520 2973 quia
2546 2905 2704 2971 frater
2740 2915 2857 2962 tuus
2901 2909 3049 2962 habet
3084 2911 3282 2980 aliquid
3305 2913 3569 2966 aduersum

1961 3002 2026 3053 te,
2059 2993 2148 3046 24.
2179 2993 2409 3062 relinque
2439 3011 2621 3048 munus
2649 3007 2791 3048 tuum
2812 3009 2930 3051 ante
2951 3001 3132 3063 altare,
3180 3014 3225 3056 el
3252 3003 3396 3067 unde,
3427 3006 3570 3071 prius

1961 3084 2290 3136 reconciliare
2314 3085 2467 3151 fratri
2488 3095 2590 3146 tuo.
2617 3101 2664 3139 et
2689 3099 2810 3141 tunc
2825 3092 3028 3142 veniens
3050 3091 3180 3157 offer
3201 3111 3382 3148 munus
3403 3106 3568 3150 tuum.

1961 3174 2006 3230 Ο
2029 3176 2342 3240 bOuitatem,
2373 3194 2404 3226 ο
2435 3177 2833 3243 benignitatem,
2867 3197 2985 3248 qum
3014 3197 3229 3239 omnem
3261 3201 3569 3244 sermonem

1963 3269 2211 3334 superat!
2247 3267 2515 3321 [leuorem
2560 3283 2713 3322 suum
2761 3269 2990 3339 despicit
3033 3290 3131 3341 pro
3177 3279 3402 3333 caritate
3444 3296 3570 3350 erga

1964 3359 2266 3427 proximum
2286 3375 2300 3423 ;
2319 3360 2630 3424 ostendens,
2657 3376 2714 3416 se
2732 3363 2878 3431 prius
2894 3366 3276 3421 comminutum
3302 3384 3443 3434 esse,
3465 3389 3570 3428 nou

1962 3464 2026 3501 ex
2046 3449 2320 3502 inimicitia
2347 3449 2597 3519 quadam,
2626 3454 2711 3507 vel
2738 3468 2802 3507 ex
2833 3453 3124 3518 cupiditate
3153 3457 3417 3513 inferendi
3447 3476 3573 3529 sup-

1965 3539 2129 3606 plicii,
2154 3539 2248 3608 sed
2280 3555 2346 3594 ex
2375 3555 2560 3595 amore
2592 3543 2842 3599 ferventi.
2872 3544 3009 3612 Quid
3032 3547 3176 3601 enim
3213 3549 3359 3604 hisce
3390 3552 3572 3608 verbis

1965 3630 2296 3682 mansuetius
2320 3631 2444 3699 fingi
2471 3634 2680 3702 possit?
2703 3633 3145 3704 inn-rtunipattir,
3177 3640 3367 3710 inquit,
3396 3643 3573 3697 cultus

1966 3737 2138 3787 meus,
2181 3733 2239 3777 ut
2277 3725 2472 3778 caritas
2520 3735 2606 3778 tua
2649 3737 2884 3782 maneat.
2930 3728 3064 3784 Nam
3093 3747 3220 3786 verc
3249 3734 3572 3789 sacrificium

1965 3823 2050 3866 est
2073 3813 2437 3868 reconciliatio
2461 3829 2584 3870 cum
2603 3815 2794 3872 fratre.
2823 3819 2947 3874 ideo
2974 3835 3080 3874 non
3108 3821 3262 3888 dixit,
3284 3823 3572 3894 Postquam

1971 3904 2264 3967 obtuleris,
2302 3907 2407 3969 vel,
2435 3908 2745 3976 Antequam
2771 3909 2969 3964 oﬂ'eras
2998 3927 3012 3975 ;
3057 3909 3150 3963 sed
3182 3910 3303 3978 ipso
3338 3923 3570 3962 munere

1973 4004 2266 4063 praesente,
2300 3997 2487 4064 etjam
2514 3997 2789 4052 sacrificio
2816 4000 3110 4069 incipiente
3141 4000 3474 4061 mittiteum,
3510 4008 3572 4052 ut

1971 4101 2029 4140 se
2044 4101 2168 4140 cum
2190 4086 2358 4141 fratre
2383 4089 2716 4153 reconciliet,
2734 4105 2835 4144 nec
2849 4106 3079 4160 propere
3089 4090 3344 4146 confecto
3357 4090 3571 4144 sacrifi-

1972 4176 2079 4240 cio,
2109 4193 2209 4231 nec
2229 4189 2524 4247 antequam
2551 4195 2754 4234 munus
2777 4181 3044 4247 attulerit,
3067 4182 3163 4236 sed
3186 4183 3277 4234 illo
3297 4182 3350 4235 in
3384 4181 3567 4234 medio

1966 4267 2345 4334 jacentejubet
2365 4269 2492 4322 illuc
2509 4269 2934 4325 accurrere.Cur
2950 4286 3081 4341 ergo
3105 4272 3350 4341 sicjubet
3373 4271 3425 4325 id
3445 4286 3572 4342 age-

1967 4370 2046 4419 rc,
2078 4364 2133 4408 et
2159 4368 2264 4423 qua
2295 4355 2363 4408 de
2391 4357 2592 4409 causa?
2631 4355 2757 4410 Haec
2790 4357 2970 4421 ambo,
2999 4370 3056 4412 ut
3083 4361 3213 4414 mihi
3244 4361 3461 4430 quidem
3492 4363 3575 4416 vi-

1966 4444 2143 4511 detur,
2173 4444 2542 4510 subindicans,
2587 4455 2642 4500 et
2679 4462 2877 4517 agens:
2903 4465 3066 4503 unum
3108 4451 3344 4520 quidem,
3377 4462 3436 4506 ut
3460 4453 3573 4522 jam

1967 4537 2101 4602 dixi,
2146 4547 2204 4592 ut
2228 4538 2479 4593 ostendat
2515 4552 2576 4592 se
2605 4541 2882 4596 caritatem
2913 4545 3090 4612 magni
3119 4543 3316 4609 facere,
3345 4555 3400 4600 et
3427 4545 3572 4599 illam

1967 4645 2086 4684 esse
2110 4639 2297 4698 putare
2317 4613 2608 4683 maximum
2638 4632 2878 4686 omnium
2901 4633 3241 4700 sacrificium,
3271 4650 3436 4706 seque
3456 4639 3574 4690 sine

1967 4722 2188 4776 caritate
2216 4722 2537 4777 sacrificium
2565 4739 2671 4778 non
2695 4724 3011 4792 admittere;
3042 4728 3338 4782 secundum
3366 4739 3570 4794 autem,

1969 4823 2028 4868 ut
2052 4815 2506 4870 reconciliationis
2537 4817 2898 4872 inevitabilem
2942 4821 3317 4876 necessitatem
3360 4821 3572 4877 afferat.

1965 4904 2100 4960 Nam
2133 4906 2222 4975 qui
2249 4907 2434 4975 jussus
2459 4918 2542 4962 est
2572 4923 2679 4962 non
2710 4908 2858 4978 prius
2887 4909 3100 4975 oﬂ‘erre,
3135 4927 3296 4981 quam
3328 4915 3576 4968 reconci-

1968 4996 2211 5064 liaretur,
2242 4997 2454 5053 etiamsi
2487 5014 2592 5054 non
2615 5016 2680 5054 ex
2701 5015 2886 5056 amore
2903 5002 3154 5071 proximi,
3181 5003 3376 5058 saltem
3404 5019 3473 5059 ne
3490 5019 3577 5059 8³-

1967 5088 2229 5143 crificinm
2259 5089 2629 5158 imperfectum
2663 5100 2896 5157 maneat,
2945 5093 3255 5162 preperabit
3292 5094 3360 5148 ad
3405 5094 3575 5149 oﬂ‘en-

1967 5196 2085 5234 sum
2117 5181 2358 5248 fratrem,
2395 5192 2453 5236 ut
2495 5183 2828 5237 inimicitiam
2878 5187 3069 5240 solvat.
3117 5185 3349 5256 Ideoque
3393 5187 3573 5242 omnia

1967 5275 2283 5343 emphaticis
2299 5278 2566 5345 expressit
2588 5278 2784 5344 verbis,
2808 5288 3017 5333 terrens
3036 5280 3184 5334 illum
3203 5281 3571 5349 excitatisque.

1968 5364 2101 5419 Cum
2123 5365 2348 5420 dixisset
2369 5367 2533 5433 enim,
2558 5365 2809 5437 Relinque
2828 5385 3010 5423 munus
3032 5379 3192 5431 tuum,
3219 5384 3325 5423 non
3353 5369 3425 5423 ibi
3447 5369 3573 5423 sub

1968 5458 2123 5523 stitit,
2152 5457 2245 5512 sed
2275 5458 2568 5527 subjunxit,
2595 5460 2722 5512 Ante
2749 5459 2933 5527 altare,
2965 5471 3019 5515 et
3049 5471 3332 5530 postquam
3359 5476 3425 5515 ex
3455 5460 3572 5513 loco

1970 5547 2022 5602 in
2047 5548 2330 5602 horrorem
2361 5549 2647 5618 quemdam
2676 5550 2926 5619 conjecit,
2957 5550 3024 5604 Et
3051 5552 3196 5605 uade.
3229 5551 3339 5607 Nec
3366 5561 3570 5605 tantum

1969 5636 2123 5699 dixit,
2165 5635 2326 5703 Vade,
2360 5637 2452 5693 sed
2485 5639 2747 5707 adjunxit,
2799 5641 2961 5711 prius,
2990 5651 3036 5694 et
3061 5651 3180 5697 tunc
3209 5643 3410 5696 veniens
3445 5641 3572 5708 o/fer

1973 5745 2156 5784 mumts
2185 5739 2362 5798 tuum;
2403 5746 2500 5802 per
2541 5730 2658 5787 haec
2706 5734 2884 5789 ornuia
2914 5733 3217 5803 declarans,
3250 5734 3386 5789 hanc
3417 5751 3569 5788 luen-
