4050 6466
488 391 586 446 9.51

489 518 603 558 sam
627 514 730 554 non
752 495 1034 551 admittere
1051 504 1141 543 eos
1161 487 1249 557 qui
1272 483 1574 538 inimicitias
1595 487 1776 534 mutuo
1795 479 2064 529 exercent.

490 593 726 650 Audiat
746 585 960 651 initiati,
984 584 1214 653 quicum
1240 576 1526 632 inimicitiis
1545 569 1830 630 accedunt;
1853 565 2072 619 audiant

493 693 549 738 et
575 683 663 754 qui
693 678 926 735 nondum
952 683 1077 730 sunt
1103 670 1327 726 initiati:
1355 682 1476 720 nam
1503 663 1566 715 ad
1597 661 1696 713 hos
1718 670 1931 754 quoque
1958 669 2070 754 ser-

494 745 1007 842 mo-quodammodo
1033 764 1278 834 pertinet.
1308 757 1545 812 Oﬁ‘erunt
1575 753 1715 807 enim
1747 758 1800 804 et
1829 748 1928 817 ipsi
1969 745 2068 799 do-

493 879 618 918 num
649 871 705 917 et
741 858 1076 917 sacriﬁcium,
1109 851 1402 906 orationem
1429 846 1550 899 dico
1574 853 1628 895 et
1653 843 2066 909 eleemosynam.

490 948 643 1019 Quod
683 949 825 1003 enim
855 947 966 998 haec
992 939 1307 996 sacriﬁcium
1337 937 1463 995 sint,
1493 931 1614 987 audi
1646 929 1953 999 prophetam
1983 924 2066 1019 di-

492 1014 701 1095 centem
725 1054 738 1089 :
763 1032 1083 1101 Sacriﬁcium
1109 1029 1276 1083 laudis
1303 1022 1650 1090 honoriﬁcabit
1681 1035 1758 1072 me
1782 1019 1800 1082 (
1813 1016 1952 1069 Psal.
1974 1014 2065 1068 49.

490 1132 613 1200 25).
640 1137 695 1184 et
724 1141 952 1189 rursum,
983 1121 1206 1177 lmmota
1227 1120 1336 1174 Deo
1365 1115 1669 1183 sacriﬁcium
1711 1110 1878 1163 laudis
1904 1105 2062 1178 (Ibid.

492 1239 540 1274 ιν.
574 1220 640 1274 14
664 1231 709 1285 );
751 1227 803 1271 et
827 1259 842 1281 ,
881 1215 1106 1268 Eleratio
1135 1226 1372 1264 manuum
1400 1221 1624 1259 mearum
1652 1200 1954 1267 sacriﬁcium
1982 1214 2067 1252 ve-

489 1309 766 1378 spertinum
795 1305 962 1376 (Psat.
989 1303 1109 1358 HO.
1132 1301 1213 1370 2).
1243 1299 1424 1368 Itaque
1449 1296 1491 1348 si
1520 1294 1814 1349 orationem
1837 1305 1956 1344 cum
1980 1287 2068 1345 tali

491 1399 684 1454 aii'ectu
714 1397 969 1467 proferas,
1003 1394 1194 1448 melius
1221 1399 1301 1445 est
1332 1388 1634 1456 relinquere
1665 1383 1983 1443 orationem,
2016 1386 2070 1432 et

492 1492 560 1548 ad
591 1503 643 1546 te
666 1505 786 1545 cum
820 1488 981 1542 fratre
1005 1480 1456 1539 reconciliandum
1487 1488 1796 1548 properare,
1839 1483 2070 1540 tuncque

490 1585 786 1635 orationem
805 1578 1017 1632 θίγω-τε.
1041 1576 1261 1642 Propter
1277 1573 1377 1625 hoc
1398 1570 1560 1636 enim,
1580 1567 1756 1622 omnia
1775 1565 1908 1619 facta
1927 1571 2068 1618 sunt:

491 1682 710 1742 propter
736 1670 836 1724 hoc
863 1669 1000 1722 Dens
1028 1667 1186 1719 liotuo
1232 1663 1397 1716 factus
1438 1669 1543 1723 est,
1585 1667 1639 1712 et
1666 1659 1843 1710 omnia
1873 1654 1961 1709 illa
1988 1663 2074 1708 est

493 1769 764 1830 operatus,
797 1769 848 1810 ut
878 1772 974 1810 nos
997 1763 1362 1822 congregaret.
1395 1753 1488 1804 llic
1509 1750 1667 1819 igitur
1691 1746 1973 1800 laedentem
2005 1742 2070 1797 ad

493 1853 679 1906 la’sum
702 1849 877 1912 misit;
907 1849 956 1899 in
986 1847 1226 1900 oratione
1255 1858 1383 1896 vero
1409 1841 1592 1893 lmsum
1613 1837 1757 1892 ducit
1784 1835 1849 1889 ad
1877 1834 2075 1889 laeden-

497 1951 626 2004 tem,
650 1949 703 1994 et
729 1937 1056 1993 reconciliat.
1077 1935 1184 1989 illic
1200 1933 1340 1989 enim
1365 1933 1470 1985 ait:
1495 1929 1750 1983 Dimittite
1772 1925 2075 1980 hominibus

494 2031 672 2086 debita
699 2029 904 2098 (Matth.
923 2027 976 2081 6.
1006 2027 1126 2096 id);
1148 2025 1234 2080 hic
1249 2038 1407 2077 vero:
1431 2023 1485 2076 Si
1504 2020 1661 2074 habet
1681 2018 1872 2086 aliquid
1890 2027 2072 2070 contra

498 2135 585 2182 te,
623 2121 756 2174 vade
795 2119 859 2173 ad
904 2133 1046 2172 cum.
1098 2115 1208 2169 lmo
1230 2126 1355 2168 vero
1392 2110 1479 2165 hic
1502 2109 1630 2163 mihi
1658 2107 1865 2161 videtur
1889 2107 2071 2159 laesum

499 2213 743 2266 mittere:
787 2216 1108 2278 quapropter
1147 2220 1253 2260 non
1295 2202 1444 2264 dicit,
1493 2199 1797 2254 Reconcilia
1845 2198 2071 2264 tcipsum

499 2302 646 2356 t'ratri
675 2311 787 2363 tuo,
820 2299 930 2360 sed,
968 2297 1417 2351 Reconciliaremt
1460 2291 1669 2345 videtur
1712 2287 1926 2356 quidem
1975 2286 2074 2340 hoc

496 2395 564 2448 de
589 2393 816 2448 ltedente
839 2391 973 2453 dici;
1003 2388 1098 2443 sed
1129 2397 1297 2441 totum
1328 2400 1394 2440 ex
1435 2396 1664 2451 persona
1704 2380 1815 2434 laesi
1861 2379 2072 2432 dicitur.

496 2484 554 2539 Si
580 2484 722 2538 enim
752 2481 825 2536 illi
853 2479 1227 2534 reconciliatus
1248 2475 1430 2537 fueris,
1453 2473 1639 2542 inquit,
1670 2485 1761 2538 rer
1786 2477 1927 2521 tuam
1951 2481 2073 2535 erga

497 2589 620 2628 eum
650 2573 948 2633 caritatem,
981 2583 1066 2622 me
1093 2568 1251 2623 etiam
1293 2563 1512 2616 habebis
1539 2561 1844 2629 propitium,
1875 2567 1929 2610 et
1953 2571 2073 2609 cum

496 2665 664 2719 multa
689 2662 875 2717 ﬁducia
893 2661 1091 2729 poteris
1111 2655 1427 2713 sacriﬁcium
1445 2653 1659 2708 oﬂ‘erre.
1679 2651 1735 2705 Si
1754 2665 1881 2705 vero
1901 2647 2075 2703 adhuc

498 2753 806 2824 indignaris,
834 2750 1112 2805 considera
1145 2761 1231 2802 me
1270 2745 1501 2800 libenter
1542 2740 1811 2796 contemni
1842 2754 1959 2793 mea
1984 2738 2073 2804 ju-

497 2847 647 2907 bere,
675 2853 734 2896 ut
763 2857 857 2896 vos
883 2840 1036 2893 amici
1062 2836 1324 2892 evadatis.
1350 2833 1419 2888 Et
1438 2832 1553 2886 hinc
1571 2830 1662 2884 tibi
1684 2831 1754 2883 sit
1774 2829 1824 2882 in
1849 2828 1924 2882 ira
1947 2842 2076 2881 con-

497 2932 706 2986 solatio.
737 2929 853 2984 Non
879 2930 1032 2992 dixit,
1059 2927 1190 2982 Cum
1217 2925 1448 2994 graviter
1473 2921 1707 2976 oﬁ'ensus
1732 2933 1811 2981 es,
1846 2927 1954 2972 tum
1985 2932 2075 2971 re-

496 3025 812 3083 conciliare;
844 3022 960 3083 sed,
992 3019 1212 3074 Etiamsi
1240 3018 1356 3071 leve
1383 3013 1658 3083 quidpiam
1681 3019 1865 3065 contra
1893 3019 1944 3064 te
1981 3008 2076 3061 ba-

499 3115 692 3170 huerit.
725 3113 908 3181 Neque
935 3110 1147 3176 adjecit,
1195 3107 1319 3162 Sive
1359 3105 1525 3173 juste,
1571 3103 1685 3155 sive
1722 3099 1946 3170 injuste;
1979 3098 2073 3151 sed

495 3205 827 3275 simpliciter,
858 3202 910 3257 Si
941 3201 1182 3256 habuerit
1209 3195 1407 3265 aliquid
1433 3194 1713 3249 adversum
1747 3201 1820 3245 te.
1854 3188 2074 3244 Etiamsi

496 3297 640 3353 enim
663 3297 823 3366 juste,
857 3307 1028 3362 neque
1055 3293 1131 3345 sic
1159 3289 1314 3344 decet
1336 3285 1664 3340 inimicitiam
1698 3282 1896 3336 diutius
1923 3278 2072 3333 fovev

499 3403 557 3443 re
577 3405 590 3441 :
615 3382 1043 3456 quandoquidem
1062 3388 1116 3434 et
1132 3377 1379 3432 Christus
1393 3376 1535 3443 juste
1555 3371 1708 3427 nobis
1726 3368 2072 3432 irascebatur,

497 3484 728 3531 attamen
758 3474 990 3542 seipsqu
1023 3484 1119 3537 pro
1161 3467 1314 3521 nobis
1357 3464 1504 3520 dedit
1547 3459 1919 3523 occidendum,
1966 3471 2072 3512 non
2106 3475 2112 3482 ·

495 3569 759 3636 itnputans
789 3563 942 3618 nobis
971 3560 1058 3614 illa
1091 3567 1325 3629 peccata.

570 3658 654 3711 10.
695 3655 796 3710 Cur
825 3653 1020 3706 Paulus
1053 3660 1167 3705 ante
1195 3658 1409 3712 noctem,
1439 3657 1484 3702 et
1511 3644 1738 3699 Christus
1764 3651 1881 3695 ante
1909 3641 2076 3695 sacri-

501 3749 670 3814 ﬁcium
696 3744 1006 3799 reconciliari
1036 3741 1299 3812 jusserint.
1332 3738 1560 3792 Christus
1592 3744 1832 3802 quantum
1862 3735 1914 3787 in
1938 3732 2077 3800 peri-

497 3837 692 3891 mendis
719 3834 989 3888 inimicitiis
1018 3832 1243 3885 studium
1281 3828 1581 3882 adhibuerit.
1631 3824 1696 3878 In
1735 3823 1850 3877 boni
1889 3839 2076 3891 opera-

498 3927 633 3978 tione
668 3940 770 3976 non
810 3922 1252 3975 cunctandum.—
1273 3917 1396 3970 Ideo
1425 3915 1617 3967 Paulus
1646 3912 1752 3966 alio
1781 3911 1939 3964 modo
1978 3924 2074 3963 nos

499 4016 564 4071 ad
609 4012 1091 4085 reconciliationem
1118 4020 1301 4075 agens,
1333 4004 1543 4059 dicebat
1574 4019 1586 4054 :
1633 4000 1727 4056 Sol
1755 4017 1855 4054 non
1880 4000 2075 4053 occidat

497 4121 646 4172 super
671 4102 987 4157 iracundiam
1015 4107 1230 4152 uestram
1257 4094 1476 4162 (Epltes.
1500 4092 1552 4145 4.
1570 4091 1687 4158 96).
1713 4089 2075 4157 Quemadmo-

501 4196 625 4248 dum
649 4195 789 4247 enim
819 4192 904 4245 hic
931 4205 961 4242 a
987 4187 1252 4242 sacriﬁcio
1276 4184 1539 4245 Christus,
1571 4182 1641 4234 ita
1679 4181 1790 4234 illic
1818 4180 2012 4236 Paulus
2046 4197 2076 4236 a

500 4288 589 4341 die
615 4284 682 4339 ad
726 4284 954 4352 idipsum
995 4279 1258 4333 hortatur.
1294 4276 1470 4330 Timet
1505 4273 1701 4343 quippe
1739 4283 1968 4338 noctem,
2011 4287 2079 4327 ne

503 4380 640 4430 l'orte
668 4374 837 4429 solum
885 4369 1163 4440 excipiens
1205 4365 1518 4428 sauciatam,
1562 4364 1734 4431 majus
1777 4362 1925 4416 ulcus
1958 4362 2078 4417 efﬁ-

500 4468 625 4520 ciat.
655 4465 711 4520 In
738 4464 825 4518 die
853 4476 1079 4531 namque
1106 4459 1257 4513 multi
1283 4467 1408 4511 sunt
1427 4455 1520 4525 qui
1545 4455 1780 4509 avellunt
1807 4463 1860 4507 et
1886 4454 2079 4508 distra-

504 4559 670 4621 hunt;
714 4556 768 4610 in
797 4563 952 4608 nocte
991 4565 1139 4616 vero,
1179 4565 1297 4603 cum
1343 4547 1488 4602 solus
1525 4546 1613 4611 sit,
1655 4553 1726 4629 et.
1750 4544 1864 4599 haac
1900 4547 2080 4599 animo

503 4655 699 4708 verset,
729 4647 1084 4700 intumescunt
1109 4640 1320 4705 ﬂuctus,
1363 4646 1418 4691 et
1455 4637 1625 4703 major
1668 4635 1726 4688 ﬁt
1769 4643 2068 4704 tempestas.

506 4737 629 4792 ideo
654 4736 771 4790 haec
799 4733 1124 4804 praveniens
1145 4730 1360 4791 Paulus,
1383 4724 1780 4781 reconciliatum
1801 4724 1912 4778 vult
1936 4725 2077 4779 nocti

504 4827 734 4890 tradere,
776 4834 835 4878 ut
878 4824 1078 4877 nullam
1121 4836 1186 4876 ex
1230 4821 1407 4889 quiete
1433 4817 1603 4887 possit
1629 4815 1869 4870 diabolus
1895 4831 2076 4870 ansam

504 4918 742 4986 arripere
769 4916 834 4968 ad
865 4916 956 4969 ira:
977 4914 1244 4966 lornacem
1271 4908 1686 4973 accendendam,
1714 4917 1770 4960 et
1789 4906 2078 4962 vehemen-

504 5008 694 5061 tiorem
721 5004 1073 5059 efﬁciendam.
1102 5002 1190 5057 Sic
1214 5001 1373 5055 etiam
1401 4998 1643 5053 Christus
1682 5012 1786 5050 non
1827 4997 2081 5064 permittit
2125 5049 2128 5052 .

507 5097 588 5151 vel
616 5096 880 5149 tantillum
909 5095 1140 5155 dill‘erre,
1187 5108 1254 5145 ne
1277 5089 1551 5158 completo
1589 5085 1867 5148 sacriﬁcio,
1910 5086 2077 5156 negli-

504 5185 713 5254 gentior
741 5185 828 5238 ille
858 5183 1011 5246 foret,
1047 5196 1220 5252 exque
1244 5181 1328 5235 die
1362 5181 1414 5233 in
1453 5178 1593 5232 diem
1623 5176 1878 5230 diﬁ'crret.
1923 5175 2080 5229 Novit

505 5278 648 5331 enim
687 5276 826 5329 hunc
867 5275 1028 5328 animi
1077 5273 1318 5326 morbum
1363 5272 1524 5325 multa
1577 5283 1733 5338 egere
1769 5267 2075 5330 celeritate;

506 5378 665 5435 atque
699 5376 759 5420 ut
781 5367 992 5432 sapiens
1022 5363 1257 5419 medicus
1288 5376 1394 5415 non
1425 5360 1584 5414 modo
1608 5373 1726 5428 quae
1753 5367 2081 5427 prmserveut

507 5476 533 5508 a
566 5457 764 5510 morbis
801 5455 1054 5509 adhibere
1095 5461 1338 5520 occupat,
1386 5451 1478 5505 sed
1517 5451 1678 5503 etiam
1718 5463 1837 5516 qua:
1879 5446 2078 5500 mederi

506 5549 709 5617 possint
747 5547 975 5600 ostendit
1008 5565 1018 5597 :
1054 5545 1130 5598 sic
1158 5554 1210 5599 et
1242 5545 1330 5597 ille
1369 5543 1494 5612 agit.
1524 5542 1651 5595 Nam
1683 5555 1802 5594 cum
1836 5537 2080 5608 prohibet

507 5654 573 5693 ne
608 5639 725 5707 quis
751 5638 922 5690 fatuus
951 5637 1261 5705 appelletur,
1296 5636 1343 5687 id
1373 5631 1624 5704 praevium
1666 5630 1957 5685 remedium
1997 5637 2078 5682 cst

509 5728 576 5780 ad
608 5727 930 5780 inimicitiam
960 5727 1255 5785 vitandam;
1294 5741 1409 5779 cum
1439 5737 1564 5778 vero
1605 5721 1840 5792 prazcipit
1885 5735 2074 5776 recon~

1165 377 1221 430 S.
1264 369 1538 427 JOANNIS
1571 343 2038 422 CI‘IRYSOSTO-Ml
2081 357 2393 412 ARCHIEP.
2435 357 2972 413 CONSTANTINUP.

3647 351 3756 408 εεπ

2177 469 2522 535 eiliationem,
2549 470 2598 524 id
2627 469 2864 530 morbos.
2896 468 2985 539 qui
3013 475 3132 536 post
3157 465 3486 521 inimicitiam
3523 466 3749 521 suboriri

2174 565 2380 626 solent,
2438 561 2696 631 praecidit.
2765 561 2898 615 Vide
2955 570 3132 614 autem
3193 574 3350 630 quam
3410 556 3755 612 vehementer

2174 664 2453 722 utrumque
2489 661 2734 722 ponatur.
2766 651 2876 706 lllic
2903 652 3046 707 enim
3075 651 3373 720 gehennam
3399 648 3752 704 comminatus

2171 754 2286 810 est;
2328 744 2417 797 hic
2451 756 2580 797 vero
2618 737 2816 795 donum
2856 757 2960 796 non
2992 741 3182 810 recipit
3207 753 3332 795 ante
3359 738 3753 794 reconciliatio-

2172 850 2315 899 nem,
2343 833 2713 888 vehementem
2733 832 3059 886 iracundiam
3080 846 3201 887 esse
3223 841 3547 893 monstrans,
3575 844 3637 884 ac
3658 843 3754 897 per

2173 923 2287 978 hzec
2310 923 2489 978 omnia
2518 930 2572 977 et
2601 923 2832 977 radicem
2862 931 2917 978 et
2943 922 3168 977 fructum
3199 921 3456 975 avellens.
3487 919 3556 974 Et
3583 921 3754 989 primo

2171 1014 2385 1084 quidem
2422 1014 2497 1067 ait
2535 1029 2549 1065 :
2591 1011 2668 1067 Ne
2696 1013 2944 1067 irascaris
2987 1032 2999 1066 :
3046 1022 3231 1082 postea
3266 1025 3414 1076 vero,
3457 1010 3536 1065 Ne
3571 1010 3758 1064 convi-

2170 1105 2347 1160 cieris.
2378 1103 2512 1159 Nam
2547 1103 2662 1158 haec
2691 1105 2850 1156 ambo
2881 1119 3001 1158 sese
3029 1113 3214 1158 mutuo
3239 1101 3420 1157 fovent
3443 1109 3499 1156 et
3523 1108 3718 1170 augent
3743 1118 3758 1154 :

2172 1197 2241 1252 ab
2279 1197 2551 1250 inimicitia
2593 1197 2912 1259 convicium,
2946 1211 2975 1249 a
3004 1198 3246 1251 convicio
3284 1195 3578 1248 inimicitia.
3611 1193 3762 1247 Ideo-

2172 1301 2274 1356 que
2317 1299 2459 1339 nunc
2487 1285 2673 1348 radici,
2724 1301 2864 1342 nunc
2909 1285 3103 1341 fructui
3149 1285 3445 1341 remedium
3481 1283 3758 1347 admovet,

2175 1386 2234 1429 ut
2263 1375 2518 1445 impediat
2545 1391 2612 1428 ne
2641 1375 2840 1428 malum
2867 1377 3072 1430 oriatur
3098 1395 3110 1429 :
3143 1378 3188 1429 si
3218 1390 3347 1429 vero
3381 1374 3764 1444 germinaverit

2172 1478 2228 1522 et
2255 1466 2482 1521 fructum
2511 1466 2646 1521 ferat
2675 1469 2987 1536 pessimum,
3021 1468 3170 1521 illum
3217 1466 3449 1534 undique
3472 1465 3762 1520 comburit.

2175 1557 2300 1612 ideo
2329 1568 2607 1627 postquam
2651 1558 2784 1612 dixit
2823 1557 3102 1628 judicium,
3136 1558 3420 1612 concilium
3465 1566 3520 1610 et
3560 1558 3766 1626 gehen-

2177 1662 2322 1710 nam,
2360 1663 2423 1702 ac
2453 1649 2519 1702 de
2557 1663 2655 1700 suo
2682 1648 2943 1702 sacriﬁcio
2972 1649 3243 1713 disseruit,
3272 1649 3371 1702 alia
3414 1661 3626 1701 rursum
3668 1644 3768 1699 ad-

2177 1736 2256 1791 dit
2300 1737 2382 1790 his
2423 1738 2601 1791 verbis
2656 1760 2667 1791 :
2712 1737 2803 1791 25.
2848 1737 2975 1792 Esto
3005 1740 3320 1792 consentiens
3361 1737 3650 1790 adversario
3677 1745 3766 1788 tuo

2177 1827 2297 1890 cito,
2329 1827 2447 1879 dum
2474 1843 2524 1879 es
2547 1844 2663 1879 cum
2690 1828 2780 1880 illo
2807 1830 2860 1880 in
2900 1829 2998 1880 ria.
3031 1828 3112 1883 Ne
3149 1829 3290 1883 enim
3332 1828 3541 1882 diceres
3569 1841 3582 1879 :
3622 1825 3764 1894 Quid

2155 1915 2336 1984 igitur
2375 1918 2418 1969 si
2467 1917 2712 1985 injuriam
2752 1919 2960 1986 patiar?
2998 1919 3123 1988 quid
3163 1918 3206 1972 si
3254 1917 3411 1971 bonis
3449 1915 3667 1985 spolier,
3708 1923 3767 1968 ct

2177 2007 2242 2060 ad
2279 2006 2536 2076 judicium
2582 2007 2796 2061 trahar?
2828 2008 2964 2065 hanc
2997 2025 3210 2080 quoque
3239 2024 3424 2063 ansam
3454 2017 3510 2064 et
3536 2023 3768 2063 excusa-

2179 2097 2378 2152 tionem
2409 2100 2635 2152 removit
2669 2117 2681 2151 :
2720 2099 2870 2166 jubet
2913 2101 3054 2154 enim
3099 2110 3150 2154 tc
3179 2114 3248 2153 ne
3291 2100 3369 2153 sic
3412 2098 3627 2166 quidem
3657 2097 3767 2151 ini-

2178 2187 2404 2241 micitias
2428 2187 2712 2255 aliquando
2741 2187 3036 2258 suscipere.
3078 2187 3284 2242 Deinde
3324 2187 3446 2255 quia
3476 2185 3602 2240 illud
3643 2200 3764 2239 ma-

2177 2292 2337 2345 gnum
2365 2287 2480 2331 erat
2505 2286 2849 2346 praeceptum,
2895 2293 2926 2332 a
2963 2278 3316 2347 prtesentibus
3343 2277 3433 2331 dat
3458 2276 3761 2338 consilium,

2179 2381 2298 2436 qua:
2336 2379 2480 2422 certe
2518 2369 2707 2436 magis,
2744 2383 2903 2437 quam
2944 2368 3142 2432 futura,
3198 2368 3489 2422 crassiores
3528 2366 3764 2421 retinere

2180 2457 2371 2510 colent.
2402 2457 2537 2523 Quid
2583 2459 2724 2511 enim
2764 2457 2917 2521 dicis,
2962 2457 3152 2528 inquit,
3197 2458 3366 2527 ipsum
3407 2457 3762 2525 potentiorem

2179 2559 2324 2611 esse,
2371 2556 2424 2599 et
2469 2546 2560 2598 tibi
2607 2547 2838 2601 nocere?
2881 2546 3046 2616 Magis
3074 2561 3202 2616 ergo
3248 2546 3342 2599 tibi
3383 2545 3618 2610 nocebit,
3660 2543 3763 2598 nisi

2178 2635 2349 2703 ipsum
2382 2636 2696 2703 placaveris,
2741 2647 2796 2691 et
2834 2638 2879 2692 si
2926 2645 3143 2692 coactus
3189 2637 3351 2691 lueris
3393 2636 3447 2690 in
3491 2649 3764 2690 carcerem

2178 2726 2276 2781 ire.
2312 2726 2464 2791 Tunc
2502 2729 2644 2783 enim
2689 2729 2779 2784 illo
2819 2729 3008 2784 sedato
3038 2730 3282 2799 pecuniis
3306 2729 3539 2790 amissis.
3567 2742 3765 2797 corpus

2179 2817 2403 2872 liberum
2436 2818 2658 2874 habebis
2687 2837 2700 2872 :
2733 2829 2919 2874 contra
2939 2813 3073 2874 vero
3101 2821 3146 2875 si
3186 2820 3287 2874 sub
3319 2819 3513 2887 judicis
3540 2828 3763 2874 sentcn-

2179 2906 2249 2959 tia
2296 2908 2498 2975 positus
2540 2909 2636 2970 sis,
2667 2910 2894 2964 vinculis
2934 2909 3338 2980 constringeris,
3383 2921 3765 2978 extremasque

2179 2998 2334 3052 dabis
2364 3013 2568 3066 pteuas.
2600 3000 2691 3054 Sin
2735 3009 2914 3055 autem
2954 2999 3189 3068 jurgium
3220 2998 3348 3054 illud
3394 2998 3612 3068 fugeris,
3655 2997 3764 3052 duo

2178 3101 2469 3156 assequere
2498 3087 2637 3141 bona
2671 3107 2684 3142 :
2715 3096 2772 3141 et
2804 3087 2946 3157 quod
2977 3090 3110 3142 nihil
3149 3088 3414 3158 ingratum
3443 3088 3680 3156 patiaris,
3707 3097 3765 3142 et

2176 3179 2316 3246 quod
2347 3179 2541 3233 bonum
2569 3193 2705 3247 Opus
2735 3187 2883 3232 tuum
2913 3177 3026 3241 tibi,
3056 3193 3161 3231 non
3189 3178 3330 3231 illius
3360 3175 3627 3232 violentia:
3667 3176 3764 3232 de-

2178 3267 2386 3322 beatur.
2427 3268 2580 3334 Quod
2610 3269 2652 3323 si
2695 3269 2851 3322 dictis
2888 3269 3260 3336 obtemperare
3305 3285 3410 3323 non
3455 3268 3610 3334 velis,
3651 3284 3763 3324 non

2179 3359 2254 3412 illi
2295 3367 2499 3414 tantum
2538 3359 2758 3413 nocebis
2780 3367 3038 3428 quantum
3075 3358 3172 3412 tibi
3201 3359 3321 3427 ipsi.
3372 3359 3648 3428 Perpende
3672 3373 3768 3412 au-

2180 3458 2286 3503 tem
2316 3449 2406 3504 hic
2438 3448 2710 3519 quomodo
2749 3449 2922 3518 ipsum
2966 3449 3208 3502 hortetur
3244 3466 3258 3503 :
3307 3457 3587 3518 postquam
3619 3448 3765 3502 enim

2178 3539 2333 3605 dixit,
2361 3539 2481 3594 Esto
2507 3540 2821 3593 consentiens
2850 3539 3139 3592 adversario
3166 3549 3270 3602 tuo,
3300 3538 3594 3607 subjunxit,
3614 3536 3767 3602 Cito;

2179 3645 2278 3684 nec
2303 3628 2712 3685 eontentushoc
2732 3628 3114 3693 additamenta,
3139 3625 3283 3681 aliud
3303 3626 3592 3681 celeritatis
3615 3641 3766 3698 qua:-

2181 3721 2304 3774 sivit
2325 3728 2664 3790 augmentum
2694 3718 2900 3782 dicens,
2931 3717 3063 3770 Dum
3101 3733 3152 3770 es
3190 3732 3304 3770 cum
3333 3714 3423 3769 illo
3451 3715 3506 3768 in
3532 3715 3613 3768 via
3629 3732 3650 3780 ;
3679 3714 3769 3770 bis

2183 3811 2464 3881 impellens
2489 3809 2663 3884 ipsum
2697 3817 2752 3863 et
2785 3822 2974 3877 magna
3011 3821 3132 3861 cum
3163 3805 3500 3861 vehementia
3542 3819 3762 3876 urgens.

2179 3901 2321 3955 Nihil
2346 3903 2487 3956 enim
2529 3903 2599 3953 ita
2638 3899 2801 3952 vitam
2831 3907 3067 3952 nostram
3104 3899 3315 3960 evertit,
3361 3905 3420 3950 ut
3458 3896 3506 3951 si
3541 3904 3766 3952 cuncte-

2180 4007 2300 4046 mur
2318 4000 2372 4046 et
2398 3991 2705 4045 diﬁ'eramus
2725 3989 2776 4042 in
2802 3989 3060 4042 bonorum
3080 3987 3410 4056 operatione.
3435 3987 3591 4054 Saepe
3615 4001 3769 4041 nats.-

2159 4081 2288 4150 que
2327 4080 2459 4135 illud
2491 4081 2542 4133 in
2585 4092 2745 4132 causa
2775 4078 2874 4131 fuit
2899 4085 2958 4131 ut
2982 4077 3050 4130 ab
3075 4077 3322 4131 omnibus
3349 4075 3718 4132 cscideremus
3746 4093 3762 4130 :

2181 4169 2630 4239 quemadmodum
2656 4176 2710 4222 et
2733 4167 2927 4221 Paulus
2952 4167 3062 4220 ait:
3087 4166 3402 4234 Priusquam
3425 4167 3501 4219 sol
3532 4165 3764 4230 occidat,

2185 4263 2317 4316 iram
2345 4261 2491 4315 solve
2520 4260 2733 4330 (Ephes.
2762 4260 2814 4313 4.
2839 4258 2930 4328 26)
2959 4276 2974 4323 ;
3000 4267 3055 4313 et
3078 4260 3324 4327 superius
3346 4259 3460 4328 ipse
3480 4258 3722 4312 Christus
3749 4276 3763 4313 :

2184 4353 2498 4422 Priusquam
2527 4352 2847 4406 oblationem
2878 4350 3140 4420 perﬁcies,
3169 4351 3539 4406 reconciliare.
3585 4351 3675 4406 Sic
3713 4361 3767 4405 et

2186 4444 2285 4498 hoc
2311 4445 2430 4498 loco
2467 4444 2618 4506 dicit,
2648 4443 2780 4507 Cito,
2815 4443 2938 4496 dum
2981 4459 3032 4496 es
3074 4460 3190 4496 cum
3230 4444 3320 4497 illo
3360 4445 3414 4495 in
3452 4445 3554 4507 via,
3585 4446 3766 4514 prius-

2183 4551 2340 4605 quam
2370 4534 2434 4590 ad
2457 4535 2643 4604 judicii
2669 4535 2811 4590 fores
2835 4535 3080 4599 accedas,
3109 4535 3415 4603 priusquam
3443 4535 3509 4587 ad
3536 4535 3768 4590 tribunal

2185 4627 2412 4692 sistaris,
2444 4635 2499 4682 et
2529 4627 2628 4681 sub
2662 4625 2857 4695 judicis
2885 4624 3100 4679 demum
3129 4633 3396 4695 potestate
3428 4626 3631 4694 positus
3668 4626 3765 4683 sis.

2185 4719 2326 4772 Ante
2350 4718 2645 4788 ingressum
2685 4719 2828 4772 enim
2869 4731 3036 4784 penes
3071 4726 3121 4770 te
3164 4723 3290 4771 sunt
3331 4717 3546 4781 omnia;
3579 4733 3766 4773 verum

2187 4811 2238 4864 iu
2272 4811 2354 4864 illa
2402 4810 2672 4880 ingressus
2701 4810 2905 4873 limina,
2951 4808 3294 4879 quantumvis
3325 4817 3378 4864 te
3414 4824 3615 4872 verses,
3659 4789 3775 4885 non.

2185 4902 2387 4970 poteris
2426 4909 2514 4955 tua
2555 4900 2619 4955 ad
2663 4912 2853 4956 nutum
2892 4911 3038 4955 tuum
3075 4901 3382 4970 disponere,
3417 4902 3516 4956 sub
3545 4902 3769 4958 alterius

2187 5001 2449 5062 potestate
2482 4993 2748 5050 redactus.
2775 4994 2913 5061 Quid
2938 5005 3116 5049 autem
3147 5005 3231 5049 est
3266 5010 3388 5051 esse
3424 4997 3768 5050 consentien-

2187 5085 2332 5139 tem?
2358 5083 2453 5136 Vel
2481 5083 2530 5137 id
2565 5083 2850 5153 signiﬁcat,
2892 5085 3076 5138 Potius
3104 5086 3356 5154 damnum
3395 5087 3652 5156 patiaris;
3681 5088 3769 5142 vel

2186 5175 2332 5232 illud.
2362 5175 2623 5230 iudicium
2651 5176 2806 5243 ferto,
2835 5193 2898 5232 ac
2923 5179 2965 5232 si
2991 5179 3133 5234 illius
3163 5194 3444 5247 personam
3468 5194 3675 5248 ageres,
3702 5195 3770 5236 ne

2186 5281 2248 5321 ex
2278 5280 2458 5320 amore
2499 5268 2571 5320 tui
2608 5268 2725 5334 jura
2768 5269 2937 5323 violes
2972 5291 2984 5324 :
3016 5270 3108 5324 sed
3149 5269 3215 5324 de
3238 5270 3435 5334 alieno,
3462 5284 3526 5323 ac
3549 5270 3592 5322 si
3621 5278 3767 5323 tuum

2186 5369 2348 5422 esset,
2391 5361 2604 5427 negotio
2629 5360 2954 5424 deliberans,
2979 5361 3050 5416 ita
3071 5361 3391 5416 sententiam
3420 5360 3578 5415 feras.
3611 5359 3765 5426 Quod

2187 5449 2229 5510 si
2257 5449 2458 5517 grande
2486 5450 2610 5503 illud
2636 5458 2740 5515 est,
2771 5467 2839 5506 ne
2866 5451 3097 5506 mireris.
3125 5451 3252 5506 Ideo
3270 5452 3411 5506 enim
3434 5452 3556 5506 illas
3578 5466 3767 5506 omnes

2190 5539 2406 5605 protulit
2450 5539 2826 5603 beatitudines.
2879 5551 2938 5595 ut
2979 5542 3316 5612 complanato
3362 5557 3426 5596 ac
3464 5553 3766 5609 praeparato

2187 5630 2440 5683 auditoris
2483 5631 2695 5692 animo,
2740 5633 3001 5701 aptiorem
3054 5635 3199 5689 illum
3255 5633 3496 5691 efﬁceret
3543 5638 3609 5693 ad
3656 5637 3754 5691 has

2190 5735 2373 5773 omnes
2415 5720 2559 5790 leges
2593 5723 2947 5794 recipiendas.
