4050 6428
357 370 466 428 253

438 490 527 544 ll.
570 489 795 555 Quidam
824 500 990 558 porro
1016 502 1113 558 per
1140 483 1504 541 adversarium
1539 484 1687 537 illum
1734 481 1961 550 intelligi

359 582 549 635 volunt
586 580 879 645 diabolum,
916 588 973 634 et
1009 579 1095 633 hic
1122 576 1297 648 juberi
1329 585 1534 645 putant,
1564 590 1633 628 ne
1664 574 1788 642 quid
1820 573 1962 626 illius

322 712 326 716 .
360 686 585 740 prorsus
615 670 897 735 habeatur,
962 669 1123 738 idque
1153 682 1275 721 esse
1317 666 1366 720 ei
1406 665 1731 726 consentire,
1776 673 1962 731 utpote

358 775 482 815 eum
528 770 647 830 post
688 775 967 816 excessum
1007 775 1073 814 ex
1114 758 1215 812 hac
1264 758 1369 811 vita
1411 772 1516 810 non
1560 755 1716 809 liceat
1761 755 1829 807 ab
1870 754 1961 807 illo

359 869 461 908 nos
502 854 777 923 expedire,
816 868 937 908 eum
980 868 1077 906 nos
1118 850 1423 905 inevitabile
1452 848 1768 917 supplicium
1810 846 1962 901 exci-

359 946 492 1013 piet.
536 946 659 999 Mihi
691 962 819 1000 vero
855 946 923 998 de
956 943 1230 1014 judicibus
1276 942 1430 1010 hujus
1457 939 1639 994 surculi
1684 939 1765 1007 agi
1811 936 1959 991 vide-

361 1047 469 1101 tur,
501 1051 563 1091 ac
587 1035 659 1092 de
688 1037 769 1090 via
801 1050 921 1106 quae
959 1035 1026 1090 ad
1060 1035 1323 1104 judicium
1353 1032 1501 1087 ducit
1542 1041 1591 1085 et
1624 1029 1691 1084 de
1715 1044 1953 1083 carcere.

360 1127 653 1197 Postquam
696 1128 841 1183 enim
879 1142 911 1181 a
951 1112 1352 1182 sublimidribus
1392 1124 1637 1176 hortatus
1681 1130 1785 1184 est,
1832 1128 1887 1173 et
1926 1134 1956 1172 a

359 1222 573 1286 futuris,
614 1236 644 1274 a
690 1222 813 1275 vitte
862 1220 1141 1289 praesentis
1192 1226 1359 1272 terret
1403 1214 1652 1285 negotiis.
1702 1213 1760 1269 ld
1812 1211 1956 1282 quod

357 1312 524 1365 etiam
564 1311 762 1367 Paulus
794 1311 938 1377 facit,
966 1325 995 1363 a
1022 1308 1216 1363 futuris
1258 1319 1313 1362 et
1350 1322 1380 1361 a
1425 1305 1774 1376 praesentibus
1798 1303 1955 1357 audi-

362 1414 531 1459 torem
581 1418 949 1459 commovens.
1004 1403 1072 1459 Ut
1120 1417 1239 1457 cum
1288 1417 1317 1454 a
1366 1401 1602 1470 nequitia
1646 1399 1951 1462 abducens,

358 1496 657 1564 principem
685 1505 949 1549 armatum
996 1494 1137 1548 male
1161 1493 1405 1562 operanti
1434 1490 1672 1545 ostendit
1715 1490 1796 1543 his
1834 1503 1955 1543 ver-

358 1586 439 1640 bis
469 1603 485 1638 :
518 1586 669 1651 Quod
696 1586 741 1640 si
781 1586 1112 1656 malefeceris,
1144 1584 1261 1636 time
1294 1599 1313 1635 :
1342 1600 1442 1636 non
1483 1583 1617 1635 enim
1653 1581 1762 1634 sine
1799 1596 1955 1635 causa

356 1677 586 1747 gladium
611 1685 777 1746 portat
810 1693 828 1730 :
864 1675 961 1729 Dei
987 1677 1118 1730 enim
1145 1676 1372 1729 minister
1412 1683 1488 1727 est
1532 1673 1706 1743 (Rom.
1738 1674 1825 1728 15.
1868 1674 1949 1743 4).

357 1766 660 1839 iterumque
684 1767 879 1837 jubens
914 1768 1024 1823 Deo
1050 1768 1324 1835 subjectos
1354 1780 1498 1828 esse,
1529 1779 1636 1818 non
1669 1765 1830 1818 modo
1857 1765 1953 1819 Dei

358 1862 627 1926 timorem,
670 1860 765 1916 sed
801 1860 960 1915 etiam
996 1860 1116 1928 ejus
1161 1859 1334 1911 minas
1372 1857 1527 1911 aﬂ’ert
1568 1866 1622 1910 et
1663 1855 1949 1923 provideo-

357 1952 483 2007 tiam
519 1970 533 2006 :
566 1952 784 2007 Necesse
824 1963 899 2007 est
932 1968 1038 2006 esse
1077 1952 1360 2021 subjectos,
1403 1965 1504 2003 non
1546 1949 1711 2002 solum
1748 1960 1952 2017 propter

353 2042 507 2108 iram,
532 2043 623 2096 sed
645 2052 691 2095 et
714 2052 921 2111 prapter
944 2041 1302 2094 conscientiam
1332 2038 1494 2111 (Ibid.
1525 2055 1572 2092 υ.
1604 2040 1681 2109 5).
1711 2039 1844 2093 Nam
1871 2042 1952 2094 in-

353 2133 719 2200 sipientiores,
752 2142 808 2185 ut
837 2132 942 2201 iam
974 2132 1105 2194 dixi,
1138 2132 1251 2184 haec
1278 2145 1396 2198 qua:
1437 2140 1697 2199 apparent
1734 2139 1789 2183 et
1829 2145 1949 2200 quas

351 2237 383 2277 e
412 2224 638 2293 vestigio
671 2235 986 2291 sequuntur,
1012 2221 1180 2289 magis
1200 2220 1378 2275 solent
1399 2220 1709 2275 emendare.
1740 2220 1941 2287 Quam—

352 2316 541 2369 obrem
600 2314 843 2370 Christus
887 2330 992 2369 non
1038 2314 1197 2369 modo
1250 2314 1553 2383 gehennam
1606 2315 1945 2380 memoravit,

350 2405 443 2457 sed
476 2406 640 2458 etiam
664 2404 850 2475 judicii
882 2405 1132 2472 tribunal,
1170 2405 1549 2459 abductionetn
1580 2405 1647 2458 ad
1689 2414 1944 2469 mortem,

350 2510 625 2552 carcerem
651 2497 874 2566 ejusque
900 2497 1145 2551 miserias
1172 2511 1383 2560 omnes,
1416 2511 1511 2564 per
1542 2496 1655 2549 haec
1681 2496 1824 2565 ipsas
1851 2510 1947 2549 ca:-

351 2586 496 2641 dium
543 2590 753 2642 radices
791 2588 1132 2642 exscindens.
1171 2587 1277 2655 Qui
1310 2589 1452 2642 enim
1488 2604 1660 2656 neque
1687 2588 1946 2643 conviciis

351 2676 643 2746 impetitur,
688 2694 787 2732 nec
816 2679 868 2732 in
892 2679 979 2749 jus
1010 2678 1259 2741 trahitur,
1310 2694 1483 2748 neque
1524 2680 1657 2732 iram
1691 2680 1943 2747 intendit,

351 2772 618 2840 quomodo
657 2771 865 2826 occidet
912 2772 1206 2842 nmquam?
1247 2772 1430 2840 Itaque
1477 2772 1601 2827 hinc
1632 2772 1805 2841 palam
1839 2782 1941 2838 est,

350 2862 402 2915 in
427 2863 653 2930 proximi
678 2863 963 2917 commodo
990 2873 1234 2916 nostrum
1258 2878 1469 2933 quoque
1491 2864 1831 2917 commodum
1860 2880 1945 2918 re-

348 2952 530 3021 periri.
579 2952 711 3006 Nam
756 2953 849 3021 qui
899 2967 1021 3007 cum
1072 2953 1383 3007 adversario
1432 2955 1719 3019 consentit,
1772 2956 1943 3008 multo

349 3046 519 3116 magis
564 3045 666 3100 sibi
716 3046 816 3116 ipsi
853 3046 957 3101 erit
1010 3046 1184 3111 utilis,
1229 3046 1364 3101 liber
1403 3061 1432 3099 a
1478 3046 1868 3114 tribunalibus,
1910 3061 1941 3101 a

347 3138 652 3193 carceribus
675 3153 969 3209 eorumque
996 3138 1247 3193 miseriis.
1284 3138 1448 3191 Dictis
1474 3139 1636 3206 igitur
1662 3137 1940 3207 obtempe-

349 3242 549 3292 remus,
579 3243 679 3283 nec
704 3228 1113 3293 contendamus,
1143 3242 1243 3282 nec
1270 3230 1503 3282 rixemur
1528 3245 1541 3279 ε
1564 3244 1684 3282 cum
1708 3228 1941 3282 maxime

350 3320 465 3376 haec
491 3332 778 3391 praecepta,
826 3322 989 3375 etiam
1035 3330 1159 3374 ante
1204 3319 1422 3389 prannia
1470 3320 1579 3383 illa,
1608 3320 1941 3389 voluptatem

349 3424 402 3469 et
429 3415 712 3470 utilitatem
755 3415 807 3467 in
843 3428 903 3469 se
946 3410 1293 3468 contineant.‘
1326 3413 1479 3480 Quod
1526 3414 1572 3467 si
1619 3413 1938 3483 quibusdam

348 3521 574 3577 onerosa
616 3521 737 3561 esse
761 3515 815 3561 et
854 3506 1078 3560 multum
1114 3505 1352 3574 praebere
1398 3505 1596 3559 laboris
1633 3504 1939 3572 videantur,

349 3600 522 3669 cogita
550 3607 602 3653 te
632 3607 849 3668 prepter
873 3596 1147 3651 Christum
1180 3596 1293 3650 haec
1335 3610 1517 3666 agere,
1550 3604 1605 3650 et
1641 3596 1784 3665 quod
1826 3611 1943 3650 mo-

349 3691 543 3747 lestmn
590 3698 692 3754 est,
724 3704 887 3744 suave
930 3688 1214 3742 videbitur.
1260 3688 1314 3741 Si
1366 3688 1509 3741 enim
1553 3687 1691 3741 hanc
1738 3688 1942 3757 cogita—

350 3784 550 3837 tionem
589 3794 806 3850 semper
836 3789 1152 3848 prwseutem
1198 3776 1511 3841 habeamus,
1560 3778 1689 3831 nihil
1729 3778 1941 3832 molesti

349 3875 709 3945 experiemur,
756 3871 853 3927 sed
894 3874 1111 3925 multam
1148 3871 1381 3941 undique
1409 3886 1758 3940 assequemur
1786 3872 1941 3925 volu-

349 3976 571 4037 ptatem.
606 3964 779 4020 Labor
810 3964 952 4018 enim
993 3980 1098 4019 non
1129 3965 1269 4018 ultra
1310 3963 1461 4018 labor
1487 3978 1606 4017 esse
1650 3964 1940 4031 videbitur,

351 4057 445 4113 sed
470 4065 669 4127 quanto
709 4056 877 4124 magis
914 4053 1240 4121 intendetur,
1284 4065 1430 4109 tanto
1472 4053 1681 4109 dulcior
1705 4054 1945 4109 suavior-

352 4164 453 4219 que
477 4148 602 4204 erit.
1378 4140 1381 4143 ⁷

422 4240 637 4296 Corona
656 4240 868 4294 ctelestis
892 4256 1008 4308 spes
1029 4256 1061 4292 α
1083 4240 1221 4293 mala
1241 4240 1604 4293 consuetudine
1628 4250 1821 4293 avocat.
1853 4239 1946 4294 Dei

352 4333 546 4389 auxilio
585 4342 631 4387 et
659 4349 814 4403 opera
843 4343 1015 4386 nostra
1052 4342 1123 4385 est
1153 4348 1298 4400 Opus.
1317 4361 1388 4371 —
1410 4330 1635 4397 Quando
1665 4332 1822 4401 igitur
1866 4333 1947 4386 in-

353 4424 513 4480 stabit
538 4422 871 4478 consuetudo
896 4422 1157 4476 ntalorum
1189 4430 1240 4475 te
1262 4421 1591 4487 demulcens,
1619 4422 1833 4491 quando
1856 4438 1947 4491 pe-

356 4516 635 4571 cuniarum
682 4513 978 4582 cupiditas,
1020 4526 1232 4582 oppone
1276 4512 1350 4565 illi
1393 4513 1732 4566 ratiocinium
1783 4512 1943 4582 illud,

354 4607 494 4678 quod
524 4606 603 4661 sic
631 4605 787 4660 habet
826 4622 838 4657 :
882 4617 980 4658 nos
1009 4618 1255 4673 magnam
1288 4612 1601 4671 accepturos
1640 4604 1945 4658 mercedem

356 4713 497 4761 esse,
527 4697 571 4750 si
602 4694 949 4763 temporalem
979 4693 1305 4763 voluptatem
1331 4692 1727 4761 despiciamus;
1770 4703 1825 4747 et
1861 4692 1948 4748 die

356 4787 547 4841 animat
574 4795 677 4838 tute
708 4801 723 4835 :
756 4784 974 4837 Multum
1001 4782 1251 4844 tristaris,
1284 4781 1425 4851 quod
1453 4791 1503 4836 te
1532 4782 1807 4852 voluptate
1835 4780 1945 4852 pri-

355 4893 515 4941 vem;
543 4885 599 4931 at
626 4877 829 4942 laetare,
858 4877 979 4946 quia
1017 4875 1111 4929 tibi
1141 4875 1331 4927 caelum
1362 4874 1635 4943 provideo.
1676 4874 1790 4928 Non
1822 4889 1947 4942 pro-

357 4984 475 5045 pter
515 4970 810 5034 hominem,
841 4969 933 5022 sed
967 4977 1181 5037 propter
1216 4967 1380 5020 Deunt
1424 4968 1685 5035 cperaris.
1726 4968 1948 5022 Paulum

358 5065 517 5134 igitur
542 5071 811 5131 exspecta,
837 5070 889 5115 et
914 5059 1117 5113 videbis
1137 5070 1391 5127 quantum
1416 5058 1617 5112 lucrum
1641 5074 1947 5129 assequare.

359 5158 648 5213 Persevera
682 5170 774 5223 per
802 5155 936 5208 hanc
966 5155 1146 5215 vitam,
1176 5164 1230 5208 et
1257 5153 1500 5207 fiduciam
1525 5153 1789 5208 obtinebis
1813 5154 1950 5208 inel-

360 5248 596 5304 fabilem.
629 5246 683 5300 Si
712 5245 903 5299 talibus
927 5245 1095 5313 ipsam
1123 5243 1478 5312 alloquamur,
1510 5254 1563 5297 et
1598 5244 1642 5297 si
1684 5260 1791 5297 non
1831 5254 1951 5297 tan-

361 5353 471 5396 tum
494 5340 708 5394 virtutis
735 5338 942 5408 pondus
970 5347 1022 5392 et
1049 5335 1370 5401 molestiam,
1401 5335 1494 5390 sed
1524 5336 1681 5389 etiam
1708 5351 1864 5406 quam
1885 5352 1951 5390 ex

362 5434 445 5487 illa
472 5432 852 5501 consequimur
890 5444 1144 5483 coronam
1181 5429 1233 5481 in
1274 5438 1452 5482 mente
1495 5428 1805 5487 habeamus.
1848 5430 1953 5482 cito

362 5523 507 5579 illam
540 5524 608 5577 ab
648 5521 795 5576 omni
837 5518 1067 5589 nequitia
1114 5519 1469 5573 retrahemus.
1502 5516 1635 5571 Nam
1680 5516 1725 5571 si
1769 5518 1953 5572 diabo-

362 5617 465 5682 lus,
520 5613 808 5669 ostendens
857 5619 1259 5679 temporaneam
1312 5610 1660 5679 voluptatem,
1713 5608 1953 5664 dolorem

364 5722 491 5762 vero
518 5713 855 5776 perpetuum,
889 5712 1065 5757 tamen
1095 5701 1350 5771 prmvalet
1381 5710 1434 5755 et
1461 5702 1625 5755 vincit
1652 5717 1665 5754 :
1694 5715 1815 5756 cum
1846 5702 1958 5757 haec

370 5801 423 5859 in
450 5798 779 5855 contrarium
822 5810 976 5851 versa
1006 5794 1425 5865 rcSpexerimus,
1464 5793 1701 5849 laborem
1742 5794 1954 5863 quidem

1532 368 1596 421 IN
1635 363 2043 421 MATTILEUM
2087 364 2315 422 llOMiL.
2360 369 2500 425 XVI.

3570 376 3677 432 25‘

2076 491 2501 551 temporaneum,
2533 484 2863 555 voluptatem
2883 498 3013 541 vero
3042 485 3433 557 utilitatemque
3454 487 3675 543 immor-

2075 576 2254 639 talem,
2287 590 2389 645 qua
2420 575 2628 633 ratione
2669 579 2915 632 excusari
2955 578 3272 646 poterimus,
3308 580 3367 658 si
3402 590 3521 649 post
3559 589 3677 634 tan-

2072 676 2179 721 tam
2211 668 2658 736 consolationem,
2693 672 2943 726 virtutem
2974 687 3081 725 non
3125 671 3421 727 adeamus?
3466 674 3674 730 Sufﬁcit

2070 758 2227 812 nobis
2273 776 2382 829 pne
2423 762 2675 817 omnibus
2722 772 3096 832 argumentum
3136 774 3192 819 et
3236 780 3395 820 causa
3436 770 3671 836 suscepti

2070 851 2285 917 laboris,
2316 854 2360 907 si
2391 857 2611 908 omnino
2640 855 2880 923 persuasi
2911 856 3079 909 simus
3117 872 3215 909 nos
3253 867 3470 925 prOpter
3502 858 3670 911 Deum

2069 942 2184 999 haec
2214 948 2392 999 omnia
2422 949 2548 1016 pati.
2581 947 2711 1001 Nam
2741 949 2783 1001 si
2810 948 2930 1017 quis
2968 948 3349 1016 Imperatorem
3391 949 3493 1003 sibi
3521 950 3671 1004 debi-

2070 1045 2237 1090 torem
2267 1036 2481 1100 habeat,
2513 1053 2572 1094 se
2601 1055 2694 1107 per
2718 1049 2880 1093 totam
2909 1041 3072 1093 vitam
3103 1040 3421 1093 tutissimam
3460 1040 3669 1093 cautio-

2067 1142 2190 1180 nem
2223 1125 2420 1181 habere
2451 1137 2600 1196 putat
2643 1146 2655 1180 :
2700 1132 2871 1197 cogita
2911 1138 3141 1198 quantus
3184 1130 3254 1182 sit
3284 1128 3349 1193 is,
3382 1130 3470 1198 qui
3514 1130 3667 1183 beni-

2064 1233 2227 1287 gnum
2273 1235 2593 1289 semperque
2626 1222 2889 1275 viventem
2921 1221 3087 1277 Deum
3135 1229 3190 1275 et
3232 1222 3572 1276 minimorum
3613 1234 3668 1278 et

2063 1313 2225 1367 simul
2250 1329 2564 1384 magnorum
2596 1315 2731 1383 frugi
2762 1330 2984 1383 operum
3013 1315 3111 1368 sibi
3138 1313 3434 1368 debitorem
3465 1315 3668 1368 consti-

2064 1406 2183 1459 tuit.
2206 1404 2285 1459 Ne
2316 1406 2496 1475 itaque
2522 1406 2651 1459 mihi
2682 1406 2895 1459 labores
2925 1405 3149 1474 obiicias
3172 1414 3227 1458 et
3254 1404 3479 1457 sudores
3509 1420 3524 1464 :
3571 1418 3668 1459 ne-

2062 1513 2169 1565 que
2195 1498 2337 1552 enim
2365 1499 2478 1551 sola
2508 1498 2804 1553 futurorum
2841 1511 2958 1566 spe,
2991 1500 3085 1550 sed
3115 1505 3170 1550 et
3203 1496 3308 1549 alio
3338 1495 3498 1549 modo
3532 1494 3665 1549 faci-

2061 1586 2166 1641 lem
2195 1602 2315 1643 esse
2342 1587 2593 1641 virtutem
2624 1588 2832 1641 curavit
2872 1586 3035 1651 Deus,
3074 1585 3229 1639 nobis
3265 1585 3465 1653 ubique
3506 1585 3663 1637 auxi-

2061 1678 2190 1732 lium
2240 1679 2704 1747 patrociniumque
2749 1692 2907 1731 suum
2954 1676 3280 1749 przestando.
3323 1675 3377 1729 Si
3429 1675 3664 1729 volueris

2060 1770 2324 1825 modicam
2350 1770 2607 1825 adhibere
2629 1769 2981 1840 diligentiam,
3005 1778 3198 1822 caetera
3224 1766 3403 1821 omnia
3432 1780 3662 1834 sequen-

2060 1872 2165 1917 tur.
2199 1862 2491 1931 Propterea
2522 1864 2667 1918 enim
2698 1872 2748 1917 te
2776 1863 2889 1917 vult
2926 1877 3118 1931 parum
3157 1870 3411 1930 praestare
3438 1860 3657 1924 laboris,

2059 1963 2117 2007 ut
2165 1964 2218 2008 et
2263 1955 2485 2009 victoria
2531 1966 2618 2009 tua
2664 1955 2753 2007 sit.
2806 1955 2883 2008 Ac
2922 1951 3371 2023 quemadmodum
3417 1968 3508 2006 rex
3552 1953 3660 2007 vult

2058 2045 2222 2098 filium
2254 2061 2408 2100 suum
2438 2047 2492 2101 in
2522 2047 2636 2101 acie
2666 2055 2830 2109 stare,
2860 2045 3037 2115 jacnla
3078 2044 3309 2113 vibrare,
3360 2052 3414 2099 et
3444 2045 3660 2112 conspi-

2056 2152 2218 2189 cuum
2248 2151 2388 2203 esse,
2422 2148 2478 2190 ut
2509 2137 2609 2205 ipsi
2642 2120 2902 2204 tropaeum
2925 2134 3156 2191 adscribi
3180 2135 3366 2204 possit,
3394 2134 3516 2190 licet
3544 2136 3659 2204 ipse

2058 2236 2226 2282 totum
2254 2228 2719 2283 bellum-conﬁciat
2748 2244 2762 2288 ;
2796 2226 2875 2280 sic
2906 2227 3047 2281 Deus
3074 2227 3123 2279 in
3155 2225 3299 2280 bello
3328 2235 3513 2279 contra
3543 2226 3655 2279 dia-

2054 2319 2235 2374 bolum
2272 2320 2416 2374 facit.
2448 2320 2623 2375 Unum
2654 2306 2857 2390 quippe
2897 2330 3101 2373 tantum
3142 2335 3172 2372 a
3216 2329 3268 2372 te
3308 2319 3554 2388 requirit,
3597 2329 3656 2372 ut

2053 2421 2241 2465 contra
2286 2411 2435 2465 illum
2477 2426 2603 2466 vere
2649 2412 2982 2465 inimicitiam
3027 2408 3318 2474 exhibeas;
3369 2420 3418 2463 et
3461 2410 3506 2464 si
3552 2408 3655 2463 hoc

2054 2502 2155 2571 ipsi
2181 2502 2470 2569 concedas,
2500 2503 2614 2572 ipse
2646 2512 2813 2556 totum
2857 2500 3055 2555 bellum
3094 2500 3365 2554 conliciet.
3400 2500 3512 2554 Etsi
3550 2501 3651 2564 ira,

2046 2596 2132 2647 vel
2168 2595 2398 2648 avaritia
2434 2604 2486 2649 te
2508 2605 2651 2659 urat,
2682 2595 2766 2647 vel
2787 2595 3104 2664 quicunque
3148 2594 3289 2647 alius
3320 2594 3645 2663 tyrannicus

2048 2685 2247 2739 animae
2281 2686 2543 2749 morbus,
2589 2687 2772 2740 statim
2814 2685 3003 2750 adest;
3050 2684 3095 2737 si
3144 2685 3326 2737 videat
3374 2693 3424 2737 te
3460 2683 3642 2735 solum

2051 2786 2243 2830 contra
2264 2776 2477 2829 hostem
2499 2776 2815 2845 expeditum
2838 2782 3185 2844 etparatum,
3227 2783 3282 2830 et
3332 2773 3511 2827 facilia
3528 2787 3645 2825 om-

2060 2870 2154 2922 nia
2196 2869 2399 2934 reddit,
2445 2880 2604 2938 teque
2631 2869 2853 2922 ﬂamma
2890 2868 3229 2936 superiorem
3250 2867 3554 2929 constituit,
3589 2873 3649 2919 ut

2047 2970 2252 3021 pueros
2282 2960 2405 3013 illos
2438 2961 2493 3013 in
2526 2958 2748 3014 fornace
2772 2957 3136 3025 Babylonica:
3170 2972 3295 3009 nam
3322 2966 3377 3009 et
3398 2957 3475 3009 illi
3512 2956 3651 3008 nihil

2048 3046 2191 3100 aliud
2241 3046 2469 3100 attulere
2508 3061 2666 3116 quam
2708 3047 3060 3098 voluntatem.
3107 3044 3179 3099 Ut
3220 3046 3379 3113 igitur
3420 3053 3474 3098 ct
3516 3060 3649 3109 nos,

2049 3152 2264 3191 omnem
2299 3137 2497 3190 illicita:
2534 3136 2820 3203 voluptatis
2865 3136 3138 3188 fornacem
3181 3133 3267 3187 hic
3294 3134 3645 3197 declinantes,

2046 3226 2345 3298 gehennam
2376 3229 2486 3283 illic
2508 3227 2860 3296 reﬁugiamus,
2893 3225 3007 3279 haec
3036 3226 3277 3293 quotidie
3303 3234 3357 3279 et
3383 3226 3651 3279 delibere-

2046 3334 2191 3383 mus,
2218 3328 2272 3373 et
2300 3333 2572 3381 curemus,
2601 3327 2656 3371 et
2682 3330 2923 3387 agamus,
2953 3324 3063 3369 tum
3090 3331 3155 3369 ex
3186 3318 3272 3383 pio
3299 3316 3424 3368 boni
3456 3316 3649 3385 agendi

2048 3415 2346 3485 proposito,
2392 3423 2501 3466 tum
2534 3411 2899 3480 frequentibus
2924 3409 3256 3463 orationibus
3287 3408 3378 3462 Dei
3410 3409 3643 3463 benevo-

2048 3509 2267 3562 lentiam
2299 3506 2454 3561 nobis
2493 3505 2848 3559 attrahentes.
2875 3500 2963 3558 Sic
2990 3503 3132 3555 enim
3158 3516 3223 3555 ea
3253 3516 3372 3570 qua:
3400 3516 3543 3555 nunc
3570 3504 3651 3555 in-

2047 3599 2345 3653 tolerabilia
2374 3597 2643 3660 videntur,
2673 3595 2872 3657 facilia,
2906 3593 3043 3649 levia
3082 3591 3439 3660 amabiliaque
3468 3602 3643 3649 erunt.

2047 3691 2314 3759 Quamdiu
2352 3690 2493 3744 enim
2522 3690 2575 3743 in
2606 3688 2787 3757 pravis
2820 3685 3099 3741 aﬂ'ectibus
3136 3699 3439 3751 versamur,
3472 3686 3648 3739 virtu-

2049 3794 2155 3840 tem
2179 3796 2444 3853 asperam,
2464 3779 2759 3843 diflieilem,
2784 3778 3221 3844 inaccessamque
3241 3790 3361 3831 esse
3379 3785 3647 3843 putamus.

2048 3877 2446 3946 nequitiamque
2474 3869 2886 3927 desiderabilem
2916 3878 2970 3923 et
2998 3868 3397 3933 dulcissimam;
3439 3866 3484 3920 si
3523 3880 3651 3921 vero

2049 3968 2323 4037 paululum
2367 3980 2396 4017 a
2436 3964 2579 4016 vitiis
2616 3959 2979 4021 discedamus,
3025 3967 3149 4011 tunc
3191 3958 3277 4011 illa
3307 3956 3643 4010 abominabi.

2050 4062 2115 4116 lis
2141 4070 2198 4116 et
2223 4058 2480 4114 deformis
2509 4055 2792 4113 videbitur.
2826 4053 2942 4106 haec
2970 4066 3099 4106 vero
3127 4049 3302 4105 facilis
3341 4057 3396 4105 et
3438 4048 3646 4102 amabi-

2050 4154 2136 4209 lis.
2181 4152 2306 4207 Hsec
2350 4165 2513 4221 porro
2552 4147 2762 4201 discere
2812 4144 2963 4199 facile
3010 4157 3300 4212 possumus
3341 4156 3409 4194 ex
3455 4140 3518 4194 iis
3558 4139 3649 4208 qui

2051 4256 2200 4301 recto
2234 4246 2357 4298 vita:
2387 4242 2632 4295 instituto
2667 4238 3000 4293 claruerunt.
3033 4234 3166 4288 Audi
3198 4231 3469 4301 quomodo
3512 4229 3652 4283 Pau-

2053 4339 2134 4392 lus
2163 4337 2286 4390 vitia
2315 4336 2473 4390 etiam
2500 4340 2622 4403 post
2644 4328 3053 4385 conversionem
3083 4324 3274 4395 pudori
3301 4338 3421 4379 esse
3447 4322 3590 4376 dicat
3632 4338 3647 4373 :

2056 4430 2219 4498 Quem
2247 4428 2381 4481 enim
2425 4428 2645 4497 fructum
2672 4420 2926 4475 habebatis
2957 4428 3076 4472 tunc
3117 4418 3169 4468 in
3206 4416 3331 4481 illis,
3369 4415 3433 4467 de
3473 4414 3650 4481 quibus

2053 4537 2190 4575 nunc
2220 4516 2505 4573 erubescitis
2533 4513 2707 4587 (Rom.
2743 4514 2798 4567 6.
2842 4509 2974 4582 21)?
3007 4509 3269 4563 Virtutem
3310 4514 3491 4563 autem
3533 4515 3653 4576 post

2054 4613 2293 4669 laborem
2326 4613 2499 4665 levem
2530 4607 2846 4683 facilemque
2895 4603 3046 4669 dicit,
3086 4608 3516 4655 momentaneam
3558 4599 3654 4653 tri-

2054 4705 2407 4763 bulationem,
2441 4710 2497 4756 et
2538 4700 2778 4757 laborem
2820 4697 3007 4751 dicens
3037 4693 3290 4748 facilitate
3345 4694 3517 4747 levem
3550 4692 3566 4757 (
3594 4689 3649 4744 ἰ.

2056 4797 2174 4852 Cor.
2210 4796 2406 4865 4.17),
2438 4793 2778 4863 gaudensque
2819 4792 2871 4844 in
2909 4784 3402 4858 passionibus(Col.
3445 4784 3497 4838 l.
3530 4783 3651 4853 ‘24),

2054 4900 2109 4945 et
2138 4888 2414 4944 exsultans
2442 4887 2494 4939 in
2527 4881 2955 4939 tribulationibus
2987 4879 3161 4948 (Rom.
3193 4878 3245 4932 5.
3273 4879 3349 4947 ὅ),
3380 4878 3654 4945 altumque

2056 4982 2271 5050 sapiens
2314 4980 2365 5031 in
2408 4975 2744 5045 stigmatibus
2794 4978 3019 5041 propter
3067 4969 3342 5023 Christum
3389 4967 3655 5036 susceptis

2059 5072 2201 5142 (Gal.
2232 5070 2285 5125 6.
2318 5068 2429 5137 l7).
2474 5067 2545 5123 Ut
2585 5065 2744 5136 igitur
2771 5072 2826 5118 et
2868 5076 2965 5115 nos
3010 5062 3059 5114 in
3100 5063 3201 5113 hoe
3247 5068 3388 5112 statu
3436 5072 3658 5111 manea-

2057 5173 2199 5224 mus,
2232 5156 2298 5209 iis
2325 5168 2444 5224 qua:
2472 5165 2632 5221 supra
2659 5150 2798 5204 dicta
2828 5156 2955 5200 sunt
2992 5160 3091 5200 nos
3116 5144 3353 5215 quotidie
3382 5157 3657 5196 exornan-

2058 5258 2160 5313 tes,
2201 5256 2256 5301 et
2294 5244 2685 5315 prmteritorum
2713 5240 3113 5299 obliviscentes,
3155 5235 3221 5289 ad
3264 5250 3325 5289 ea
3367 5249 3496 5289 vero
3537 5248 3659 5303 quae

2060 5349 2182 5394 ante
2209 5351 2306 5392 nos
2336 5346 2461 5391 sunt
2499 5351 2596 5389 ηοξ
2626 5348 2841 5403 semper
2865 5330 3241 5393 extendentes,
3272 5343 3521 5396 superna:
3561 5341 3659 5377 νο-

2061 5430 2287 5487 cationis
2312 5429 2551 5484 bravium
2584 5441 2871 5497 sequamur
2915 5441 2928 5477 :
2962 5424 3105 5493 quod
3136 5437 3232 5476 nos
3277 5435 3467 5473 omnes
3495 5434 3648 5472 asse-

2061 5526 2149 5594 qui
2191 5523 2486 5591 contingat,
2535 5519 2703 5589 gratia
2753 5525 2808 5572 et
2857 5515 3188 5585 benignitate
3235 5510 3447 5566 Domini
3492 5513 3662 5567 nostri

2062 5615 2189 5671 Jesu
2217 5613 2436 5678 Christi,
2466 5613 2550 5667 cui
2579 5610 2745 5683 gloria
2772 5618 2827 5665 et
2854 5606 3137 5680 imperium
3166 5604 3220 5661 in
3250 5601 3449 5660 saecula
3488 5614 3656 5657 δωςυο

2065 5708 2260 5763 lorum.
2301 5706 2495 5761 Amen.
