4050 6454
1090 392 1146 450 S.
1184 390 1461 449 JOANNIS
1486 386 1956 446 CHRYSOSTOMI
1995 385 2308 442 ARCHIEP.
2349 381 2881 440 CONSTANTINOP.

3563 386 3671 444 256

414 521 3680 552 *μ’-Μ

1746 596 2094 658 HOMILIA
2134 598 2338 659 XVII.

413 733 539 787 Cn.
570 732 623 786 5.
653 746 705 784 v.
730 729 822 786 27.
853 728 1076 784 Audistis
1099 727 1219 799 quia
1254 725 1442 779 dictum
1487 732 1560 777 est
1589 722 1806 789 antiquis
1836 735 1857 774 :
1884 718 2004 773 Non
2107 736 2260 786 mus,
2287 735 2384 776 cor
2405 721 2632 791 primum
2663 730 2940 790 expurgat.
2990 720 3059 774 Et
3085 721 3354 789 quomodo
3379 737 3680 792 possumus.

487 821 826 880 maelcaberis.
866 817 958 874 28.
1016 815 1126 888 Ego
1152 823 1316 869 autem
1343 812 1456 866 dico
1482 811 1618 864 vobis
1638 851 1654 875 ,
1681 811 1801 878 quia
1841 809 2003 862 omnis
2107 809 2313 878 inquies
2335 851 2351 875 ,
2378 825 2407 864 a
2433 810 2858 878 concupiscentia
2890 811 3143 865 liberari?
3171 811 3399 868 Maxime
3422 813 3637 882 quidem
3663 855 3678 877 ,

489 912 572 975 qui
615 910 792 963 uiderit
829 909 1088 961 mulierem
1124 905 1193 958 ad
1235 901 1688 973 concupiscendum
1724 916 1861 965 eam,
1882 900 1997 969 jam

490 1001 761 1055 incenatus
783 1007 856 1052 est
881 1013 992 1050 eam
1014 997 1068 1050 in
1092 994 1243 1050 corde
1266 1009 1377 1049 suo.

489 1093 540 1146 1.
571 1091 853 1157 Postquam
879 1087 1108 1159 primum
1139 1086 1446 1140 mandatum
1487 1077 1786 1150 explicandi
1834 1077 1995 1132 ﬁnem

417 1182 563 1246 fecit,
617 1179 850 1249 illudque
899 1177 964 1231 ad
1005 1189 1273 1231 summum
1325 1168 1676 1242 philosophias
1716 1166 1994 1231 extendit,

414 1271 604 1326 ordine
653 1269 970 1339 procedens,
997 1267 1063 1322 sd
1113 1263 1403 1322 secundum
1446 1260 1786 1333 provehitur,
1811 1259 1864 1313 in
1895 1257 2000 1314 hoc

417 1375 628 1431 quoque
656 1360 756 1430 legi
800 1360 1149 1428 obsequutus.
1193 1355 1355 1426 Atqui
1403 1354 1505 1409 hoc
1553 1367 1658 1407 non
1708 1349 1996 1406 secundum

418 1458 740 1520 praeceptum
769 1457 872 1514 est,
903 1445 1256 1516 inquies,.sed
1301 1445 1534 1499 tertium.
1579 1442 1693 1496 Non
1721 1442 1862 1495 enim
1888 1439 1998 1508 pri-

428 1553 572 1593 tuum
599 1547 924 1608 praceptum
948 1544 1049 1591 est.
1078 1534 1199 1589 Non
1222 1534 1415 1588 occides
1440 1531 1461 1604 (
1486 1531 1630 1584 Deut.
1654 1530 1709 1585 6.
1729 1532 1765 1589 4
1783 1531 1836 1599 );
1864 1529 1995 1584 sed:

423 1629 668 1684 Dominus
697 1629 836 1682 Deus
878 1639 994 1682 tuus
1016 1667 1032 1691 ,
1067 1624 1316 1681 Dominus
1343 1641 1472 1677 unus
1501 1633 1590 1677 est.
1644 1620 1997 1688 Quamobrem

413 1720 756 1792 quaerendum
783 1729 900 1782 est,
929 1732 1026 1772 cur
1051 1731 1155 1770 non
1196 1715 1318 1770 inde
1342 1713 1584 1783 cmperit.
1615 1712 1728 1778 Qua
1773 1711 1842 1766 de
1869 1725 1997 1765 cau-

415 1809 705 1879 sa.igituri
729 1807 861 1874 Quia
901 1808 944 1865 si
986 1806 1108 1860 inde
1137 1805 1408 1873 cmpisset,
1431 1803 1727 1873 oportebat,
1754 1809 1808 1855 et
1852 1801 1996 1854 illam

414 1916 643 1972 augere,
691 1909 748 1955 et
793 1900 1136 1973 semetipsum
1191 1899 1244 1952 in
1297 1897 1647 1966 explicatione
1693 1893 1996 1962 complecti.

414 1990 656 2045 Nondum
705 1998 883 2043 autem
933 1997 1139 2056 tempus
1189 1996 1305 2042 erat
1357 1987 1424 2040 de
1471 1986 1647 2055 seipso
1697 1982 1998 2052 huiusmodi

415 2079 682 2149 quidpiam
708 2077 919 2132 docere.
961 2077 1207 2145 Alioquin
1255 2087 1432 2130 autem
1480 2075 1736 2129 moralem
1785 2073 1996 2127 interim

415 2184 716 2224 sermonem
750 2168 1078 2230 habebat,et
1118 2167 1242 2221 hinc
1289 2176 1341 2220 et
1389 2181 1455 2221 ex
1500 2164 1768 2219 miraculis
1813 2163 1998 2219 volens

416 2258 742 2314 auditoribus
784 2257 1101 2326 persuadere
1130 2272 1189 2310 se
1215 2255 1406 2310 Filium
1440 2255 1531 2309 Dei
1575 2268 1714 2310 esse.
1759 2251 1815 2308 Si
1855 2253 1996 2307 enim

415 2360 697 2419 antequam
747 2348 890 2402 aliud
945 2349 1211 2417 quidpiam
1257 2349 1595 2417 loqueretur,
1644 2352 1736 2400 aut
1776 2345 1995 2408 faceret,

417 2439 592 2494 statim
639 2438 900 2493 dixisset:
933 2439 1174 2494 Audistis
1198 2437 1319 2505 quia
1365 2435 1566 2490 dictum
1612 2442 1696 2489 est
1722 2433 1953 2503 antiquis
1982 2453 1995 2487 :

419 2528 533 2598 Ego
556 2529 808 2582 Dominus
839 2528 978 2580 Deus
1007 2539 1144 2588 ltttt~,
1169 2535 1222 2580 et
1263 2535 1459 2595 praeter
1489 2541 1574 2580 me
1599 2540 1702 2578 non
1730 2533 1811 2578 est
1830 2524 1997 2587 alius;

418 2633 521 2688 ego
543 2630 718 2671 autem
745 2616 865 2672 dico
887 2616 1057 2679 vobis,
1082 2626 1137 2669 ut
1173 2626 1229 2670 et
1270 2612 1365 2669 me
1389 2615 1642 2680 adoretis,
1672 2616 1808 2668 sicut
1833 2622 1886 2668 et
1931 2614 1999 2667 il-

421 2709 526 2762 lum
553 2727 566 2762 :
597 2707 648 2761 id
676 2706 955 2770 effecisset,
994 2714 1049 2759 ut
1074 2719 1258 2758 omnes
1285 2705 1428 2758 illum
1451 2705 1598 2773 quasi
1623 2704 1880 2758 furentem
1906 2703 1999 2756 ha-

421 2797 625 2852 herent.
651 2793 708 2851 Si
733 2792 876 2849 enim
909 2801 1029 2861 post
1059 2802 1256 2847 tantam
1283 2793 1576 2848 doctrinam
1613 2803 1668 2849 et
1711 2803 1830 2863 post
1855 2801 1997 2848 tanta

419 2889 590 2959 signa,
615 2901 736 2941 cum
759 2884 994 2939 nondum
1023 2883 1138 2938 haec
1161 2884 1250 2938 ille
1279 2884 1422 2938 clare
1441 2883 1683 2948 dixisset,
1707 2883 1998 2938 daemonia-

421 2991 540 3032 cum
572 2977 715 3030 illum
742 2975 1000 3030 vocabant
1026 2971 1220 3042 (Joan.
1253 2973 1306 3026 8.
1333 2972 1423 3029 52.
1459 2982 1506 3027 et
1534 2973 1620 3028 l0.
1645 2972 1740 3043 20)
1771 2974 1850 3026 :si
1877 2982 2002 3028 ante

421 3067 509 3120 illa
549 3067 726 3121 omnia
764 3065 936 3121 simile
980 3065 1104 3134 quid
1150 3065 1328 3120 dicere
1367 3065 1711 3127 tentavisset,
1743 3063 1869 3134 quid
1895 3079 2000 3118 non

423 3158 733 3212 dixissent?
758 3156 882 3228 quid
913 3171 1017 3210 non
1059 3155 1419 3226 cogitassent?
1458 3155 1528 3208 At
1551 3169 1676 3209 vero
1703 3153 1998 3209 doctrinam

429 3245 741 3318 huiusmodi
780 3247 850 3302 ad
879 3255 1093 3314 tempus
1155 3253 1512 3314 opportunum
1561 3259 1904 3308 reservasse,
1947 3245 2000 3299 id

421 3345 629 3398 facilem
659 3343 875 3410 parabat
898 3342 1040 3395 viam
1064 3347 1121 3394 ut
1150 3336 1254 3393 hoc
1287 3335 1481 3403 dogma
1501 3350 1530 3387 a
1558 3335 1737 3389 multis
1760 3336 1999 3404 suscipe-

424 3444 588 3490 retur.
610 3431 968 3500 Quamobrem
1015 3444 1159 3486 nunc
1183 3430 1309 3485 illud
1332 3428 1694 3500 praetermisit;
1711 3437 1997 3498 postquam

423 3540 550 3581 vero
574 3540 668 3595 per
694 3524 842 3594 signa
865 3538 1065 3593 perque
1101 3521 1396 3580 doctrinam
1423 3521 1675 3590 optimam
1695 3521 1762 3574 ad
1788 3520 1840 3574 id
1864 3535 2001 3586 pra:-

427 3624 690 3683 parasset,
747 3613 925 3668 verbis
974 3611 1188 3667 demum
1242 3611 1469 3682 idipsum
1521 3611 1796 3666 revelavit.
1853 3609 2003 3666 Nunc

421 3714 567 3760 certe
590 3713 644 3759 et
666 3703 830 3774 signis
848 3712 904 3758 et
922 3702 1039 3772 ipso
1058 3702 1316 3757 doctrinae
1335 3701 1515 3763 modo,
1535 3701 1788 3771 paulatim
1809 3710 1862 3755 et
1881 3714 2005 3755 sen-

422 3796 523 3849 sim
552 3793 677 3848 illud
705 3793 960 3849 declarat.
984 3792 1116 3846 Nam
1143 3808 1263 3846 cum
1294 3800 1557 3860 potestate
1583 3791 1730 3861 leges
1760 3791 1876 3845 illas
1896 3800 2004 3845 sta—

423 3895 572 3939 tuere
591 3885 670 3940 vel
693 3883 1018 3949 reformare,
1049 3882 1100 3938 id
1133 3883 1310 3952 utique
1337 3897 1459 3947 eum
1486 3882 1576 3953 qui
1607 3880 1906 3937 attenderet
1950 3891 2005 3937 et

423 3985 602 4030 tuente
627 3975 828 4030 valeret
856 3975 921 4030 ad
949 3974 1061 4029 veri
1087 3974 1348 4043 dogmatis
1391 3976 1652 4029 rationem
1681 3973 1998 4031 deducebat.

423 4065 877 4135 Obstupescebant
924 4065 1066 4121 enim
1092 4106 1108 4131 ,
1153 4065 1266 4129 ait,
1311 4065 1433 4134 quia
1488 4079 1594 4119 non
1645 4065 1781 4120 sicut
1811 4066 2002 4122 scribae

424 4173 609 4213 eorum
637 4157 863 4213 docebat
881 4161 900 4227 (
919 4156 1105 4210 Matth.
1137 4156 1191 4210 7.
1211 4154 1305 4210 29.
1344 4153 1508 4208 Marc.
1535 4154 1588 4209 1.
1615 4155 1742 4225 22).
1766 4160 1806 4210 A
1835 4173 2002 4226 gene-

426 4246 628 4301 ralibus
666 4247 863 4316 quippe
885 4246 1028 4299 vitiis
1052 4258 1208 4299 orsus
1230 4283 1247 4310 ,
1275 4243 1345 4298 ab
1373 4244 1449 4298 ira
1495 4258 1687 4313 nempe
1714 4253 1770 4300 et
1802 4260 2002 4300 concu-

426 4338 675 4408 piscentia
695 4336 832 4406 (hmc
845 4335 985 4390 enim
1005 4332 1234 4390 maxime
1251 4333 1579 4404 tyrannidem
1603 4335 1655 4388 in
1676 4333 1831 4389 nobis
1846 4350 2001 4390 exer-

425 4437 580 4491 cent,
609 4434 661 4480 et
691 4433 891 4478 natura:
935 4433 1060 4478 sunt
1084 4423 1253 4493 magis
1296 4422 1576 4493 consona),
1624 4438 1746 4478 cum
1773 4426 2001 4480 auctori-

426 4523 533 4570 tate
550 4515 731 4581 multa,
750 4522 1001 4584 quantum
1032 4513 1253 4569 decebat
1279 4513 1658 4583 legislatorem,
1682 4513 1795 4569 haec
1815 4530 2003 4570 emen-

426 4606 588 4666 davit.
611 4615 664 4660 et
683 4620 802 4660 cum
822 4605 964 4659 omni
981 4600 1316 4659 accuratione
1331 4604 1594 4659 ordinavit
1610 4603 1839 4675 ‘.Ncque
1857 4613 2000 4661 enim

427 4698 556 4751 dixit
580 4706 782 4751 tantum
811 4694 1073 4751 moechum
1101 4709 1288 4765 poenas
1324 4710 1443 4750 esse
1485 4695 1729 4752 daturum
1756 4715 1770 4751 :
1797 4699 1890 4752 sed
1917 4698 1998 4752 id-

429 4790 600 4858 ipsum
628 4788 713 4841 hic
738 4787 861 4840 facit
887 4786 1025 4856 quod
1048 4787 1186 4841 circa
1232 4786 1551 4841 homicidam
1578 4786 1795 4855 fecerat,
1825 4790 2000 4860 impu-

427 4880 550 4935 dico
595 4879 754 4932 etiam
801 4878 1035 4947 aspectui
1083 4891 1267 4948 ptenas
1319 4875 1672 4944 denuntians,
1716 4887 1776 4933 ut
1824 4881 2001 4936 discas

429 4968 554 5038 quid
583 4969 651 5021 sit
680 4967 805 5021 illud
825 4968 962 5036 quod
987 4967 1122 5021 ultra
1145 4967 1366 5037 scriptas
1385 4967 1529 5038 leges
1547 4968 1852 5038 requiritur.
1875 4969 2000 5026 Ideo

429 5059 559 5114 dicit
583 5077 596 5110 :
624 5059 722 5123 Qui
741 5061 1008 5127 respexerit
1036 5061 1293 5114 mulierem
1313 5059 1380 5112 ad
1401 5061 1847 5130 concupiscendum
1865 5078 1996 5129 eant,

424 5152 534 5219 jam
566 5151 836 5203 nitechatus
865 5160 936 5203 est
962 5166 1071 5204 eant
1098 5153 1151 5203 in
1179 5151 1330 5203 corde
1355 5167 1482 5214 suo;
1510 5151 1560 5205 id
1584 5161 1669 5206 est
1689 5193 1704 5216 ,
1731 5153 1820 5221 qui
1862 5155 2000 5210 solet

431 5253 651 5294 \cmtsta
671 5255 892 5308 corpora
919 5241 1181 5294 curiosius
1209 5241 1421 5304 intueri,
1455 5240 1718 5311 faciesque
1743 5243 1999 5299 formosas

431 5334 631 5398 venari,
659 5344 713 5388 et
741 5334 839 5386 hoc
885 5333 1186 5401 spectaculo
1205 5334 1438 5388 animum
1459 5350 1694 5404 pascere,
1714 5339 2000 5406 oculosque

430 5423 660 5490 deﬁgere
690 5423 741 5477 in
769 5424 1030 5478 l'onnosns
1059 5424 1252 5478 vultus.
1277 5424 1392 5480 Non
1413 5427 1552 5481 enim
1577 5443 1770 5497 corpus
1795 5437 1998 5482 tantum

434 5515 574 5568 venit
598 5528 626 5564 a
655 5515 806 5568 malis
851 5515 1058 5568 actibus
1082 5516 1306 5570 liberare
1330 5559 1343 5580 ,
1376 5517 1468 5572 sed
1508 5528 1562 5572 et
1599 5520 1827 5572 animam
1875 5530 2000 5575 ante

433 5619 644 5672 corpus.
689 5605 818 5670 Quia
846 5606 987 5658 enim
1020 5607 1069 5658 in
1100 5606 1263 5662 corde
1301 5608 1529 5676 Spiritus
1549 5608 1773 5678 gratiam
1805 5610 1999 5678 accipi-

499 5700 511 5722 ·
549 5693 747 5742 Aliinon
766 5698 920 5763 pauci,
946 5707 1055 5744 cum
1075 5695 1201 5746 onmi
1220 5697 1520 5749 accuratitme
1542 5698 1787 5760 repressit.
1804 5713 1912 5763 qua;
1927 5699 1999 5750 lc-

436 5756 532 5804 ctiu
550 5768 643 5804 non
664 5755 954 5816 spernenda.

2100 899 2147 952 si
2171 900 2418 964 velimus,
2436 913 2717 970 possumus
2741 916 2857 955 eam
2880 903 3240 972 exstinguere,
3263 914 3318 959 et
3344 919 3410 958 ne
3439 914 3684 972 erumpat

2098 988 2393 1042 continere.
2415 988 2859 1059 Alioquinuutem
2883 989 2968 1044 hic
2989 1007 3093 1045 non
3117 992 3275 1045 modo
3295 994 3680 1063 concupiscen-

2102 1079 2227 1131 tiam
2259 1079 2414 1143 tollit,
2439 1080 2533 1133 sed
2558 1080 2716 1132 etiam
2746 1081 2891 1135 illam
2933 1079 3429 1152 concupiscentiam
3450 1101 3569 1155 qua:
3613 1103 3681 1140 ex

2099 1180 2318 1239 aspectu
2355 1170 2549 1238 prodit.
2572 1169 2702 1224 Nam
2729 1171 2820 1241 qui
2847 1172 3105 1228 formosas
3143 1174 3338 1230 intueri
3365 1174 3528 1232 facies
3564 1187 3680 1231 stu-

2102 1258 2229 1324 det,
2257 1259 2347 1314 ille
2373 1261 2639 1330 praecipue
2667 1261 2783 1316 vitii
2827 1261 3100 1318 fornacem
3128 1264 3390 1329 accendit,
3414 1266 3679 1320 animam-

2100 1364 2206 1417 que
2223 1350 2482 1418 captivam
2511 1349 2674 1406 efticit
2695 1392 2712 1418 ,
2738 1359 2791 1408 et
2819 1353 2928 1407 ci'to
2950 1354 3017 1408 ad
3037 1369 3170 1424 opus
3197 1369 3409 1425 quoque
3437 1356 3658 1412 accedet

2100 1440 2388 1510 Propterea
2416 1455 2521 1496 non
2546 1442 2698 1510 dixit,
2728 1442 2828 1510 Qui
2850 1446 3178 1515 concupierit
3217 1446 3508 1502 mtecbari:
3561 1448 3658 1503 sed

2103 1531 2205 1596 Qui
2220 1532 2490 1601 respexerit
2504 1533 2573 1585 ad
2585 1535 3054 1605 concupiscendum.
3077 1535 3284 1591 Etcum
3305 1538 3372 1593 de
3396 1538 3470 1591 ira
3497 1537 3677 1608 loque-

2101 1631 2268 1685 retur,
2294 1620 2692 1678 distinctionem
2742 1624 3024 1692 quamdam
3071 1627 3265 1694 posuit,
3315 1625 3539 1691 Temere,
3595 1627 3678 1680 vel

2102 1711 2228 1766 Sine
2248 1728 2404 1766 causa
2427 1712 2686 1779 dicendo;
2710 1713 2796 1768 hic
2815 1729 2942 1769 vero
2967 1729 3073 1769 non
3093 1715 3186 1780 ita,
3210 1716 3304 1771 sed
3327 1718 3493 1772 semel
3515 1726 3682 1773 totam

2100 1805 2582 1874 concupiscentiam
2621 1806 2836 1863 sustulit
2865 1821 2880 1858 :
2907 1807 3113 1862 etiamsi
3150 1808 3265 1863 haec
3311 1809 3471 1864 ambo
3497 1810 3678 1863 innata

2102 1895 2256 1950 nobis
2278 1896 2403 1960 sint,
2430 1903 2488 1950 et
2513 1896 2710 1951 utiliter
2734 1908 2955 1967 utraque
2981 1899 3132 1954 nobis
3162 1901 3362 1965 insint,
3387 1901 3463 1955 ira
3490 1915 3680 1970 nempe

2100 1997 2155 2041 et
2179 1988 2642 2056 concupiscentia;
2697 1989 2783 2042 illa
2810 2000 2868 2043 ut
2895 1991 3164 2060 improbos
3194 1993 3495 2060 puniamus,
3523 2001 3571 2048 et
3601 1995 3681 2046 in.

2099 2076 2422 2144 compositos
2446 2075 2826 2142 emendemus;
2858 2077 2971 2132 lucc
3003 2088 3058 2132 ut
3089 2080 3283 2134 liberos
3307 2083 3674 2150 suscipiamus,

2101 2174 2156 2221 et
2179 2181 2347 2236 genus
2373 2176 2611 2222 nostrum
2641 2169 2980 2225 successione
3021 2182 3360 2243 propagetur.

2172 2253 2228 2314 2.
2278 2254 2506 2311 Christus
2544 2257 2772 2312 illicitum
2801 2267 2994 2312 tantum
3022 2263 3476 2331 concupiscentiam
3505 2265 3684 2332 prohi-

2103 2347 2199 2400 bet.
2230 2347 2402 2413 Quare
2423 2349 2590 2418 ipsum
2617 2361 2875 2419 aspectum
2895 2352 3137 2406 cohibeat.
3169 2353 3428 2423 Impudici
3454 2367 3684 2426 aspectus

2103 2438 2306 2490 damna.
2327 2469 2397 2479 —
2418 2438 2528 2493 Cur
2551 2453 2679 2508 ergo
2706 2456 2809 2494 non
2840 2441 2925 2496 hic
2960 2444 3118 2496 etiam
3153 2445 3546 2500 distinctionem
3589 2463 3684 2517 po.

2103 2527 2246 2581 suit?
2268 2527 2549 2584 Maximam
2592 2540 2772 2596 certe,
2804 2533 2848 2586 si
2877 2534 3118 2588 attendas
3137 2575 3151 2597 ,
3179 2535 3264 2591 hic
3288 2536 3679 2593 distinctionem

2103 2616 2380 2686 percipies.
2414 2617 2528 2673 Non
2562 2619 2703 2674 enim
2745 2621 3058 2691 simpliciter
3103 2625 3257 2688 dixit,
3288 2626 3388 2692 Qui
3425 2629 3688 2698 concupi-

2102 2709 2270 2774 verit;
2298 2717 2469 2778 potest
2507 2713 2649 2766 enim
2696 2713 2870 2782 quivis
2896 2714 3056 2769 etiam
3105 2717 3154 2770 in
3200 2720 3469 2774 montibus
3499 2721 3681 2776 sedem

2102 2798 2326 2868 habens,
2352 2804 2762 2872 concupiscere;
2794 2806 2908 2873 sed,
2958 2807 3058 2871 Qui
3085 2812 3356 2880 respexerit
3398 2813 3467 2866 ad
3503 2829 3694 2867 concu-

2103 2890 2433 2958 piscendum;
2462 2892 2514 2947 id
2543 2902 2646 2961 est,
2673 2895 2761 2964 qui
2785 2895 2884 2950 sibi
2931 2897 3028 2966 ipsi
3075 2903 3557 2970 concupiscentiam
3591 2917 3682 2958 ac-

2103 2981 2285 3046 cersit,
2335 2988 2428 3052 qui
2467 2984 2681 3039 nemine
2707 2996 2931 3056 cogente
2975 2987 3144 3044 feram
3193 2991 3337 3046 illam
3368 2994 3420 3048 in
3445 2995 3683 3054 sedatum

2103 3071 2336 3125 animum
2361 3072 2621 3128 immittit.
2650 3074 2786 3130 Illud
2822 3078 2963 3132 enim
2990 3094 3096 3134 non
3119 3081 3230 3150 jam
3259 3098 3324 3137 ex
3354 3093 3540 3140 natura
3558 3101 3684 3156 pro-

2105 3161 2382 3222 ficiscitur.
2411 3164 2505 3219 sed
2535 3181 2599 3220 ex
2638 3165 2860 3222 desidia.
2913 3169 3028 3225 Hoc
3067 3173 3265 3243 quippe
3294 3175 3347 3229 in
3377 3179 3541 3233 veteri
3572 3179 3688 3250 lege

2099 3253 2208 3323 jam
2238 3255 2366 3309 olim
2401 3256 2621 3311 vetitum
2653 3257 2769 3324 fuit,
2803 3275 2920 3330 qua:
2969 3262 3048 3319 sic
3091 3263 3252 3320 habet
3284 3284 3296 3320 :
3329 3265 3454 3322 Noti
3496 3269 3686 3326 discere

2104 3343 2526 3413 pulchritudinem
2563 3347 2822 3417 alienam(
2847 3349 3006 3406 Eccli.
3029 3352 3084 3409 9.
3107 3353 3159 3410 8.
3183 3353 3224 3426 ).
3253 3356 3453 3413 Deinde
3473 3374 3540 3415 ne
3567 3360 3686 3430 quis

2100 3435 2342 3508 diceret;
2370 3434 2504 3505 Quid
2534 3450 2682 3508 ergo,
2713 3438 2758 3492 si
2785 3438 3021 3497 didicero
3041 3483 3056 3507 ,
3087 3453 3142 3498 et
3164 3460 3270 3501 non
3295 3449 3513 3518 capiar?
3541 3451 3688 3505 cohi-

2107 3525 2197 3579 bet
2218 3535 2511 3596 aspectum,
2539 3543 2609 3583 ne
2649 3527 2749 3582 hac
2775 3528 2999 3586 ﬁdenter
3043 3546 3174 3588 usus
3211 3535 3445 3605 licentia,
3475 3538 3527 3592 in
3557 3554 3685 3609 pec-

2103 3624 2278 3669 catum
2308 3616 2587 3685 aliquando
2634 3619 2857 3674 incidas.
2898 3621 3032 3688 Quid
3075 3623 3233 3694 igitur
3276 3627 3322 3682 si
3364 3628 3607 3697 videam,
3631 3642 3686 3688 et

2105 3709 2477 3777 concupiscam
2500 3751 2515 3774 ,
2547 3709 2782 3781 nihilque
2835 3715 2957 3770 mali
3008 3717 3196 3786 agam?
3260 3718 3431 3774 Etiam
3460 3722 3537 3776 sic
3563 3737 3683 3777 cum

2108 3798 2331 3853 mmcbis
2359 3802 2673 3855 mtmeraris.
2696 3800 3022 3860 Sententiam
3049 3807 3170 3863 tulit
3196 3807 3487 3879 legislator,
3515 3827 3687 3883 neque

2107 3886 2271 3942 debes
2301 3888 2434 3942 ultra
2476 3891 2687 3946 curiose
2732 3892 3020 3963 inquirere.
3052 3894 3186 3952 Cum
3224 3900 3367 3955 enim
3403 3904 3569 3958 semel
3595 3915 3686 3960 aut

2106 3977 2187 4033 bis
2213 3988 2304 4035 aut
2328 3989 2411 4036 ter
2436 3981 2513 4036 sic
2539 3986 2840 4053 respexeris
2860 4028 2875 4051 ,
2908 3996 2961 4042 te
2986 3987 3123 4045 forte
3151 3992 3352 4060 poteris
3379 3995 3682 4062 continere;

2105 4067 2150 4122 si
2176 4083 2303 4124 vero
2331 4069 2638 4141 frequenter
2661 4073 2714 4128 id
2754 4075 2949 4142 facias,
2981 4087 3036 4133 et
3069 4078 3342 4137 fornacem
3382 4086 3644 4142 accendas
3666 4130 3683 4154 ,

2108 4159 2346 4229 profecto
2369 4163 2596 4230 capieris
2622 4181 2635 4216 :
2665 4179 2772 4219 non
2802 4166 2944 4221 enim
2973 4178 3122 4224 extra
3152 4171 3437 4228 humanam
3464 4175 3597 4232 situs
3624 4194 3684 4234 es

2108 4259 2372 4303 naturam.
2396 4250 2851 4317 Quemadmodum
2871 4270 2999 4328 ergo
3024 4273 3122 4314 nos
3145 4276 3266 4317 cum
3293 4277 3514 4333 puerum
3539 4268 3686 4324 vide-

2107 4352 2226 4394 mus
2251 4340 2481 4410 gladium
2516 4351 2785 4402 tenentem
2805 4388 2820 4412 ,
2849 4349 3055 4405 etiamsi
3086 4353 3320 4410 nondum
3350 4357 3682 4417 vulneratum

2107 4444 2409 4501 cernamus,
2441 4438 2782 4495 verberamus
2826 4449 3000 4498 tamen
3042 4445 3489 4520 prohibemusque
3513 4468 3582 4508 ne
3606 4455 3686 4510 sic

2108 4537 2356 4593 umquam
2419 4527 2640 4597 attingat
2687 4547 2701 4583 :
2750 4531 2828 4586 sic
2877 4546 3088 4602 quoque
3160 4535 3298 4592 Deus
3361 4539 3684 4609 impudicum

2106 4624 2378 4682 aspectum
2406 4626 2528 4672 ante
2557 4632 2690 4688 Opus
2716 4620 2875 4688 tollit,
2900 4638 2966 4678 ne
2990 4622 3127 4680 forte
3153 4626 3206 4680 in
3235 4642 3368 4697 opus
3397 4631 3568 4699 ipsum
3599 4634 3684 4688 in-

2106 4705 2366 4762 cidamus.
2409 4706 2538 4762 Nam
2569 4711 2656 4780 qui
2703 4713 2871 4768 semel
2915 4713 3183 4772 ﬂammam
3229 4721 3492 4789 accendit,
3522 4724 3683 4781 etiam

2106 4793 2327 4852 absente
2354 4797 2462 4864 illa,
2489 4813 2643 4868 quam
2668 4804 2921 4871 respexit,
2952 4805 3179 4862 muliere
3199 4848 3212 4872 ,
3240 4824 3418 4864 rerum
3451 4814 3683 4882 turpium

2107 4886 2362 4957 imagines
2391 4887 2490 4944 sibi
2520 4890 2614 4958 ipsi
2644 4890 2951 4962 frequenter
2977 4893 3144 4965 fingit,
3176 4907 3230 4952 et
3252 4913 3319 4954 ex
3346 4900 3473 4969 ipsis
3502 4903 3684 4974 imagi-

2107 4979 2262 5034 nibus
2288 4980 2340 5034 iu
2367 4995 2500 5050 opus
2523 4996 2664 5051 saepe
2683 4983 2980 5040 deducitur.
3005 4986 3235 5059 Ideoque
3259 4988 3502 5047 Christus
3523 4994 3683 5050 etiam

2105 5071 2272 5135 illum,
2304 5072 2393 5140 qui
2420 5074 2472 5126 in
2498 5076 2676 5129 animo
2714 5074 2949 5145 tingitur,
2980 5080 3175 5135 coitum
3217 5080 3292 5150 de
3317 5084 3493 5139 medio
3522 5087 3681 5142 tollit.

2103 5163 2240 5230 Quid
2281 5166 2437 5234 igitur
2482 5165 2711 5221 dixerint
2736 5167 2770 5222 ii
2797 5170 2883 5238 qui
2912 5185 3092 5225 secum
3141 5173 3440 5232 habitantes
3488 5178 3685 5235 habent

2103 5256 2333 5326 virgines
2355 5257 2468 5327 (a)?
2507 5257 2715 5311 Etenim
2747 5260 3036 5316 secundum
3065 5262 3200 5317 hanc
3223 5263 3415 5335 legem,
3455 5281 3682 5328 sexcen-

2167 5389 2249 5465 ζιελ
2345 5387 2451 5437 illos
2471 5389 2554 5465 qui
2575 5389 2850 5465 habitantes
2870 5403 3039 5465 secpm
3055 5395 3272 5465 virgines
3287 5395 3488 5465 habent,
3502 5399 3680 5450 librum

2107 5450 2256 5522 edidit
2278 5450 2656 5522 Cbrzsostomus,
2677 5453 2761 5522 qui
2781 5466 2928 5522 c_usus_
2950 5450 3207 5522 fuit't'or'm
3230 5459 3384 5522 primo
3418 5450 3525 5519 ejus
3556 5469 3678 5522 0pc-

2105 5519 2239 5579 ram,
2251 5501 2343 5560 col.
2369 5501 2592 5579 sis-see,
2606 5501 2689 5579 ubi
2701 5501 2882 5579 ltitulus
2891 5501 2960 5563 sic
2978 5501 3680 5579 ἣόβείζὸὶιὸἀῖξιῶῖίᾶεῖ

2104 5574 2365 5641 regulares,
2387 5587 2503 5641 cunt
2535 5573 2649 5641 viris
2665 5572 2882 5641 habitare
2905 5588 2996 5641 non
3014 5572 3235 5641 debeant.
3258 5581 3340 5629 Ubl
3368 5595 3453 5641 per
3477 5572 3677 5633 cationi;

2103 5647 2184 5683 cas
2207 5635 2326 5696 illas,
2352 5635 2568 5695 virgines
2584 5635 2826 5695 intelligit,
2841 5643 2894 5684 ut
2917 5637 2968 5689 iu
2992 5645 3092 5687 toto
3108 5639 3256 5689 libelli
3279 5635 3488 5692 decursu
3509 5645 3680 5696 videre

2105 5703 2196 5744 est.
2217 5695 2650 5767 Canonicaehautem
2675 5697 2891 5767 virgines
2913 5697 3007 5746 illa
3030 5701 3339 5767 vocabantur,
3374 5719 3486 5767 quia
3503 5695 3678 5758 statum

2109 5757 2366 5820 quemdam
2389 5759 2439 5805 in
2462 5759 2670 5808 Ecclesia
2695 5757 2916 5809 ordinem
2941 5763 3172 5818 tenebant
