4050 6422
307 423 416 479 ις’

315 551 384 594 tis
406 535 482 590 rei
507 533 704 589 fuerint
733 525 1192 590 fornicationibus,
1225 523 1462 594 quotidie
1487 524 1604 575 illas
1630 535 1751 574 cum
1783 535 1911 574 con-

315 627 642 697 cupiscentia
683 623 975 676 intuentes.
1005 615 1235 686 ldeoque
1263 615 1450 669 beatus
1484 611 1586 666 Job
1631 611 1769 666 hanc
1808 610 1908 663 sibi

318 719 492 789 legem
521 731 550 769 a
582 711 844 785 principio
884 708 1082 778 poSuit,
1130 720 1188 760 se
1231 704 1430 773 ubique
1467 701 1727 758 cohibens
1759 715 1788 753 a
1819 699 1910 754 tali

317 807 623 878 spectaculo
645 802 785 872 (Job
815 802 903 856 5i.
940 799 1029 869 9).
1056 797 1188 852 Nam
1217 806 1362 851 certe
1389 804 1510 862 post
1534 802 1808 860 aspectum
1845 804 1914 844 ne

320 897 515 952 fruaris
559 894 645 948 illa
691 907 852 962 quam
882 904 1062 948 amas,
1091 886 1265 956 majus
1294 896 1375 939 est
1401 894 1674 938 certamen
1701 899 1716 935 :
1742 895 1915 949 neque

319 999 521 1042 tantam
549 984 619 1039 ab
646 993 866 1052 aspectu
910 979 1234 1050 percipimus
1278 976 1627 1044 voluptatem,
1661 979 1913 1041 quantam

318 1095 349 1133 a
377 1075 691 1147 cupiditatis
735 1081 1021 1142 augmento
1073 1068 1383 1138 experimur
1433 1065 1758 1134 perniciem,
1791 1062 1914 1115 dum

321 1167 463 1221 hosti
491 1163 858 1220 fortitudinem
895 1160 1244 1220 accersimus.
1273 1167 1331 1212 et
1358 1156 1575 1210 diabolo
1619 1153 1792 1221 majus
1824 1167 1919 1206 no-

321 1257 480 1311 cendi
507 1254 738 1325 spatium
782 1262 836 1306 et
880 1250 1055 1304 locum
1100 1249 1288 1302 damus
1317 1267 1327 1299 :
1361 1256 1418 1300 ut
1448 1261 1620 1316 neque
1651 1244 1918 1313 possimus

323 1349 397 1402 illi
429 1349 700 1409 resistere,
725 1353 1006 1414 postquam
1039 1341 1091 1394 in
1121 1341 1305 1394 intima
1327 1339 1506 1393 cordis
1533 1337 1681 1390 illum
1710 1335 1921 1389 induxi-

323 1457 465 1505 mus,
496 1451 547 1491 et
575 1445 818 1508 apes-tum
863 1436 962 1503 ipsi
1002 1433 1236 1487 animum
1288 1429 1658 1499 expandimus.
1719 1427 1922 1481 Idcirco

325 1536 400 1586 ait
429 1549 442 1584 :
470 1529 586 1584 Noli
613 1527 866 1582 mmehari
895 1525 1064 1578 oculis
1087 1566 1100 1589 ,
1132 1532 1187 1576 et
1207 1522 1386 1576 animo
1418 1535 1524 1574 non
1543 1517 1920 1573 mcechaberis.

327 1624 425 1677 Est
450 1621 594 1676 enim
619 1628 674 1672 et
712 1619 846 1671 alius
876 1613 1166 1684 aspiciendi
1215 1611 1405 1665 modus
1427 1650 1442 1675 ,
1475 1622 1531 1663 ut
1561 1610 1691 1662 casti
1720 1608 1924 1661 scilicet

327 1713 611 1782 aspiciunt.
647 1710 876 1777 Ideoque
905 1722 1012 1760 non
1045 1705 1358 1774 simpliciter
1386 1713 1659 1770 aspectum
1689 1699 1922 1765 sustulit,

327 1805 422 1858 sed
465 1811 743 1872 aspectum
773 1815 892 1853 cum
929 1796 1379 1865 concupiscentia.
1437 1793 1547 1847 Nisi
1574 1791 1717 1846 enim
1745 1791 1797 1845 id
1823 1789 1925 1844 sibi

327 1895 606 1956 voluisset,
666 1892 892 1946 dixisset
945 1889 1147 1956 utique,
1195 1887 1295 1952 Qui
1354 1884 1572 1952 respicit
1609 1882 1923 1942 mulierem,

328 1984 644 2053 simpliciter
670 2000 684 2034 :
714 1995 820 2034 non
849 1979 927 2033 sic
950 1989 1128 2032 autem
1155 1977 1290 2031 dixit
1314 2017 1327 2039 ,
1357 1975 1474 2039 sed,
1508 1974 1606 2042 Qui
1629 1971 1929 2041 respexerit

330 2076 397 2129 ad
432 2071 941 2142 concupiscendum,
969 2069 1059 2136 qui
1086 2066 1408 2136 respexerit,
1441 2077 1497 2117 ut
1526 2072 1798 2131 aspectum
1831 2060 1928 2114 de-

332 2168 515 2221 lectet.
560 2163 675 2218 Non
704 2162 846 2216 enim
878 2160 1000 2213 ideo
1031 2159 1124 2212 tibi
1155 2159 1295 2211 Dens
1324 2158 1508 2209 oculos
1535 2154 1715 2215 dedit,
1742 2163 1797 2205 ut
1825 2151 1930 2203 illis

332 2255 398 2309 ad
421 2254 821 2309 fornicationem
846 2247 1201 2303 inducendam
1225 2247 1413 2310 utaris,
1439 2245 1532 2299 sed
1558 2253 1615 2297 ut
1641 2247 1758 2310 eius
1780 2256 1932 2296 crea-

335 2360 486 2401 turas
556 2346 764 2407 videns,
815 2344 1129 2398 Creatorem
1180 2341 1412 2395 mireris.
1470 2338 1929 2407 Quemadmodum

333 2452 461 2508 ergo
530 2437 645 2491 ﬁeri
697 2444 872 2505 potest
916 2443 976 2488 ut
1039 2442 1246 2488 temere
1314 2430 1565 2486 irascaris
1616 2449 1627 2482 :
1679 2429 1749 2481 ita
1820 2429 1932 2481 tieri

333 2538 510 2599 potest
538 2535 596 2581 ut
631 2538 834 2580 temere
876 2524 1127 2593 aspicias,
1150 2537 1272 2578 cum
1331 2536 1525 2590 nempe
1575 2521 1639 2573 ad
1675 2519 1932 2586 concupi-

334 2621 593 2675 scentiam
646 2615 941 2685 aspexeris.
986 2616 1043 2670 Si
1087 2614 1232 2669 enim
1277 2611 1547 2681 respicere
1596 2619 1650 2663 et
1680 2609 1932 2664 delectari

335 2711 487 2775 velis,
515 2709 720 2778 respice
745 2722 967 2761 uxorem
1001 2716 1172 2770 tuam,
1203 2706 1458 2772 illamque
1489 2712 1749 2772 perpetuo
1777 2718 1932 2756 ama:

337 2803 479 2856 nulla
503 2801 551 2852 id
577 2800 664 2854 lex
690 2797 960 2867 prohibet.
986 2796 1039 2850 Si
1063 2811 1191 2851 vero
1212 2796 1443 2849 alienam
1469 2795 1694 2848 formam
1723 2795 1938 2848 curiose

341 2892 532 2945 intueri
570 2889 834 2952 volueris,
858 2896 912 2940 et
935 2886 1078 2939 illam
1108 2885 1279 2949 laedis,
1301 2885 1404 2937 alio
1435 2885 1620 2938 oculos
1650 2896 1932 2948 avertens;

339 2993 390 3038 et
441 2982 580 3036 hanc
636 2996 794 3050 quam
845 2979 1069 3047 respicis
1094 3017 1109 3042 ,
1144 2978 1188 3030 si
1221 2977 1404 3030 illicite
1455 2977 1597 3030 illam
1632 2977 1933 3045 contingas.

345 3073 564 3127 Etiamsi
595 3072 737 3125 enim
778 3069 925 3122 illam
972 3082 1135 3121 manu
1179 3081 1284 3120 non
1314 3066 1606 3134 contigeris
1630 3107 1643 3128 ,
1676 3075 1730 3118 at
1769 3066 1939 3119 oculis

341 3162 640 3232 rontigisti;
698 3159 926 3228 ideoque
979 3156 1109 3212 illud
1162 3171 1261 3225 pro
1303 3155 1571 3210 adulterio
1621 3164 1936 3224 reputatur,

341 3263 393 3310 et
451 3261 575 3307 ante
641 3250 958 3318 supplicium
1026 3247 1158 3302 illud
1213 3247 1581 3311 destinatum,
1626 3245 1771 3298 aliud
1833 3259 1937 3297 non

345 3345 462 3400 leve
508 3341 828 3411 supplicium
880 3339 1104 3394 inducit.
1147 3337 1279 3391 Nam
1309 3336 1544 3390 tumultu
1575 3344 1628 3389 et
1657 3333 1939 3404 perturba—

343 3436 486 3488 tione
513 3433 690 3488 omnia
721 3430 972 3485 interiora
998 3428 1202 3498 replet;
1230 3443 1422 3497 magna
1447 3427 1596 3481 adest
1625 3434 1937 3494 tempestas,

343 3525 691 3593 gravissimus
735 3521 922 3584 dolor,
967 3535 1066 3574 nec
1095 3520 1320 3586 meliore
1366 3517 1674 3571 conditione
1703 3515 1809 3571 erit
1851 3515 1942 3569 ille

344 3617 432 3685 qui
457 3615 574 3669 base
604 3614 827 3683 patitur,
857 3627 1015 3681 quam
1045 3612 1082 3666 ii
1107 3612 1195 3680 qui
1223 3611 1454 3663 vinculis
1479 3617 1534 3662 et
1562 3608 1771 3662 catenis
1813 3621 1945 3661 con-

346 3707 518 3762 stricti
541 3704 684 3760 s’unt.
715 3705 779 3758 Et
809 3704 929 3766 illa,
962 3719 1082 3773 qua:
1128 3703 1292 3757 telum
1326 3701 1540 3765 emisit,
1572 3714 1715 3769 saepe
1744 3698 1940 3762 avolat,

348 3797 645 3863 vulnusque
672 3803 849 3848 tamen
879 3803 1076 3847 manet.
1101 3791 1213 3846 lino
1231 3807 1360 3846 vero
1384 3807 1489 3844 non
1515 3790 1602 3843 illa
1629 3789 1788 3843 telum
1811 3789 1946 3843 emi-

348 3888 433 3948 sit,
459 3887 552 3941 sed
583 3896 637 3939 tu
669 3885 784 3951 ipse
814 3884 907 3938 tibi
935 3883 1148 3939 letalem
1179 3884 1387 3952 plagam
1419 3881 1654 3934 inllixisti
1675 3920 1690 3945 ,
1724 3881 1814 3949 qui
1841 3881 1942 3933 im-

351 3977 543 4046 pudice
564 3976 788 4028 iutuitus
816 3989 895 4028 es.
932 3973 1000 4027 Et
1028 3973 1143 4028 hmo
1169 3972 1290 4026 dico
1311 4012 1327 4038 ,
1356 3981 1415 4024 ut
1443 3971 1662 4040 pudicas
1692 3970 1758 4022 ab
1787 3984 1945 4024 accu-

348 4071 556 4124 ratione
587 4069 842 4122 eximam.
876 4065 933 4121 Si
979 4081 1080 4134 qua
1125 4079 1255 4118 vero
1299 4079 1420 4119 sese
1465 4064 1536 4117 ita
1581 4074 1840 4126 exornat,
1889 4071 1949 4116 ut

346 4157 937 4217 obviorum'oculosad
965 4170 1022 4210 se
1048 4163 1346 4217 convertat,
1377 4154 1585 4208 etiamsi
1615 4153 1819 4206 nullum
1853 4153 1949 4205 ob-

349 4255 491 4307 vium
517 4249 849 4311 confoderit,
883 4256 1152 4302 extremas
1180 4245 1328 4300 dabit
1357 4260 1565 4314 poenas.
1593 4243 1946 4298 Pharmacum

351 4344 492 4397 enim
542 4337 854 4409 apparavit,
903 4347 958 4392 et
1013 4338 1160 4391 virus
1205 4337 1544 4406 composuit,
1597 4336 1698 4391 etsi
1747 4335 1947 4389 nemini

355 4432 599 4500 poculum
656 4429 984 4498 porrexerit;
1016 4427 1122 4480 imo
1169 4429 1442 4496 reﬂexit,
1493 4426 1594 4481 etsi
1653 4440 1808 4479 nemo
1860 4426 1950 4495 qui

352 4525 588 4587 biberet,
622 4520 930 4575 accesserit.
979 4518 1115 4586 Quid
1145 4517 1311 4585 ergo?
1337 4533 1464 4571 num
1493 4517 1654 4570 etiam
1696 4516 1950 4570 mulieres

353 4612 681 4684 alloquitur?
735 4609 868 4678 Quia
913 4609 1060 4676 leges
1113 4610 1309 4682 ubique
1358 4623 1676 4662 communes
1732 4607 1950 4672 statuit,

353 4705 560 4761 etiamsi
590 4704 733 4758 viros
757 4711 964 4754 tantum
991 4699 1184 4768 alloqui
1214 4699 1477 4763 videatur,
1510 4701 1666 4767 capiti
1699 4698 1951 4768 loquens,

356 4810 693 4851 communem
727 4793 823 4846 toti
851 4791 1064 4861 corpori
1105 4791 1525 4846 admonitionem
1571 4790 1794 4859 profert.
1842 4789 1957 4844 Mu-

360 4887 542 4942 lierem
572 4899 802 4952 namque
827 4893 883 4937 et
916 4884 1086 4936 virum
1119 4896 1282 4936 unum
1327 4882 1477 4935 novit
1504 4896 1625 4936 esse
1650 4881 1872 4947 animal,
1901 4888 1956 4935 et

359 4992 617 5047 nusquam
661 4989 829 5044 genus
872 4973 998 5027 illud
1035 4971 1240 5027 dividit.

429 5069 489 5124 3.
519 5065 707 5122 Contra
737 5065 912 5118 luxum
933 5064 1219 5117 mulierum.
1251 5063 1443 5117 Eorum
1462 5065 1548 5132 qui
1579 5081 1669 5117 uos
1695 5064 1954 5134 scandati-

363 5167 478 5211 zant
523 5153 835 5209 conuersatio
871 5152 1134 5224 fugienda,
1176 5154 1563 5224 qualescumque
1604 5153 1724 5206 sint.
1771 5151 1959 5205 Contra

366 5248 673 5300 theatron
695 5242 1232 5312 spectacula—Quod
1255 5244 1297 5296 si
1323 5243 1455 5297 velis
1474 5245 1887 5312 increpationem
1908 5243 1958 5296 in

365 5339 483 5391 illas
512 5336 771 5405 prolatam
799 5334 1074 5401 speciatim
1112 5335 1314 5398 audire,
1349 5334 1536 5388 Isaiam
1570 5335 1692 5389 andi
1720 5333 1959 5404 pluribus

369 5429 418 5480 in
455 5426 573 5480 illas
617 5426 994 5489 invehentem,
1028 5411 1498 5494 traducentemque
1545 5426 1777 5495 ipsarum
1811 5425 1961 5479 habi-

370 5529 503 5584 tum,
545 5528 846 5587 aspectum,
885 5517 1176 5579 incessum,
1214 5519 1421 5572 tunicas
1453 5518 1596 5573 humi
1629 5518 1959 5587 deﬂuentcs,

371 5609 705 5665 lascivientes
727 5607 912 5676 pedes,
927 5608 1062 5661 colla
1080 5606 1240 5661 fracta
1266 5609 1488 5663 mollitie
1509 5610 1585 5678 (α)
1600 5608 1751 5680 (lsai.
1773 5613 1823 5666 5.
1848 5611 1959 5680 lli).

434 5746 449 5774 ¹
488 5741 601 5798 Alii,
637 5746 686 5788 ut
711 5740 966 5790 hominum.

438 5805 511 5865 (o)
548 5806 630 5852 Hic
652 5803 792 5852 lsaia:
817 5803 1037 5852 locossic
1059 5802 1266 5853 habetur
1291 5806 1338 5853 in
1355 5811 1480 5863 ωδε,
1509 5804 1646 5854 Isaia:
1671 5807 1720 5866 5,
1747 5807 1805 5854 16
1829 5821 1840 5856 :
1871 5815 1965 5858 Pro

1459 407 1524 464 IN
1563 406 1970 464 ΜΛΤΤΠΔΕῘῙΜ
2010 405 2240 462 ιιοιιιῐλ.
2286 405 2450 462 XV".

3520 407 3625 462 258

2019 519 2160 573 Audi
2197 534 2317 573 cum
2350 520 2440 574 illo
2465 518 2680 574 beatum
2702 519 2925 576 Paulum
2954 521 3150 577 multas
3177 521 3312 592 ipsis
3335 520 3483 593 leges
3509 537 3624 578 sta-

2021 619 2278 674 tuentem,
2305 620 2360 666 et
2382 611 2452 666 de
2485 613 2738 678 vestibus,
2778 621 2834 668 et
2858 613 2927 670 de
2950 616 3127 670 aureis
3149 615 3446 680 ornatibus,
3475 624 3529 670 et
3557 619 3626 670 de

2019 705 2393 758 calamistratis
2418 705 2647 774 capillis,
2692 713 2747 760 et
2771 707 2838 761 de
2867 707 3108 772 lascivia,
3133 719 3188 763 et
3218 707 3286 764 de
3313 708 3434 763 aliis
3470 709 3624 764 simi-

2023 795 2160 851 libus
2188 795 2328 848 bunc
2353 809 2540 850 sexum
2573 797 2920 852 vehementer
2950 801 3330 869 corripientem
3376 801 3452 872 (Ι.
3484 798 3623 854 Tim.

2021 887 2074 939 2.
2101 885 2180 956 9).
2210 885 2456 941 Christus
2483 888 2646 942 etiam
2690 888 2742 942 in
2772 891 3118 959 sequentibus
3146 892 3481 962 :nnigmatice
3525 891 3628 944 hoc

2025 980 2197 1046 ipsum
2241 978 2507 1042 declarat;
2551 995 2672 1033 cum
2702 982 2844 1036 enim
2883 982 3034 1046 dicit,
3078 983 3244 1048 Erue,
3281 982 3536 1038 exscinde
3576 982 3628 1036 id

2023 1070 2164 1139 quod
2196 1079 2246 1124 te
2281 1069 2628 1131 scandalizat,
2678 1073 2812 1126 iram
2857 1073 3116 1128 adversus
3161 1075 3282 1129 illas
3307 1074 3628 1129 concitatam

2025 1161 2261 1217 exhibet.
2306 1163 2433 1218 ideo
2471 1164 2746 1231 subjunxit
2790 1183 2802 1220 :
2843 1165 2934 1219 29.
2987 1165 3051 1220 Si
3095 1167 3272 1220 oculus
3303 1175 3420 1220 tuus
3458 1166 3635 1220 dexter

2027 1254 2342 1308 scandalizat
2359 1263 2424 1320 te,
2448 1272 2563 1308 erue
2580 1273 2712 1321 cum,
2735 1265 2780 1310 et
2807 1257 3000 1327 projice
3025 1258 3113 1310 abs
3135 1267 3198 1310 te.
3226 1257 3304 1312 Ne
3317 1257 3462 1311 enim
3484 1257 3631 1312 dice—

1997 1361 2149 1408 .res,
2190 1345 2326 1413 Quid
2373 1361 2526 1416 ergo,
2559 1347 2604 1400 si
2631 1359 2854 1416 cognata
2887 1364 3003 1403 mea
3044 1349 3150 1404 sit?
3187 1350 3335 1420 quid,
3379 1350 3425 1406 si
3456 1350 3634 1419 aliqua

2029 1438 2158 1492 mibi
2201 1438 2592 1494 necessitudine
2607 1439 2831 1508 juncta?
2857 1440 2980 1495 ideo
3004 1441 3117 1495 lucc
3146 1441 3406 1511 prmcipit,
3437 1456 3542 1493 non
3565 1439 3635 1494 de

2029 1531 2284 1584 membris
2312 1531 2555 1600 loquens,
2588 1531 2727 1586 absit
2756 1550 2769 1584 :
2801 1547 3062 1601 nusquam
3088 1534 3231 1586 enim
3259 1533 3390 1587 dixit
3408 1531 3634 1585 erimina

2032 1621 2095 1674 ad
2128 1636 2342 1674 carnem
2392 1623 2690 1690 pertinere;
2732 1622 2827 1676 sed
2867 1625 3136 1678 accusatio
3172 1638 3388 1692 pravam
3421 1635 3636 1692 semper

2036 1712 2365 1768 voluntatem
2393 1722 2617 1782 spectat.
2651 1713 2834 1783 Neque
2865 1715 3007 1769 enim
3038 1716 3226 1769 oculus
3255 1723 3379 1770 tuus
3407 1722 3511 1779 est,
3537 1713 3632 1782 qui

2032 1805 2200 1868 videt,
2232 1803 2327 1860 sed
2361 1819 2512 1859 tuens
2539 1815 2593 1858 et
2616 1805 2889 1873 cogitatio.
2911 1804 3066 1874 Sazpe
3096 1821 3326 1875 namque
3351 1803 3508 1860 nobis
3530 1805 3637 1858 alio

2034 1897 2333 1962 conversis,
2375 1911 2471 1951 eos
2503 1896 2594 1964 qui
2625 1905 2921 1966 praesentes
2956 1906 3080 1949 sunt
3110 1912 3213 1949 non
3241 1896 3388 1950 videt
3407 1895 3595 1951 oculus
3621 1911 3634 1948 :

2035 1989 2216 2056 itaque
2265 1996 2434 2041 totum
2480 2001 2584 2040 non
2629 1995 2712 2041 est
2761 1987 2900 2040 illius
2929 1989 3068 2041 actui
3117 1986 3549 2042 adscribendum.
3581 1984 3639 2039 Si

2036 2082 2179 2134 enim
2229 2079 2296 2134 de
2345 2081 2603 2133 membris
2648 2079 2976 2149 loqueretur,
3023 2095 3128 2133 non
3171 2079 3240 2132 de
3286 2091 3394 2132 uno
3437 2078 3642 2133 diceret

2037 2171 2215 2233 oculo,
2249 2185 2422 2240 neque
2465 2171 2712 2225 dextrum
2743 2170 2921 2225 solum
2967 2171 3256 2241 posuisset,
3304 2170 3399 2224 sed
3429 2171 3638 2224 ambos.

2038 2261 2169 2316 Nam
2197 2263 2286 2331 qui
2321 2277 2350 2315 a
2379 2262 2570 2317 dextro
2603 2262 3017 2327 scandalizatur,
3051 2262 3281 2331 idipsum
3314 2261 3454 2316 haud
3481 2261 3643 2316 dubie

2041 2354 2273 2421 patietur
2297 2368 2323 2404 a
2354 2353 2593 2405 sinistro.
2622 2352 2728 2406 Cur
2767 2367 2898 2423 ergo
2921 2352 3174 2412 dextrum,
3204 2352 3416 2406 oculum
3442 2352 3640 2420 posuit,

2041 2453 2092 2496 et
2118 2457 2335 2496 manum
2361 2437 2595 2511 adjecit?
2627 2442 2694 2497 Ut
2723 2443 2902 2498 discas
2931 2459 3037 2497 non
3066 2443 3132 2497 de
3153 2442 3411 2496 membris
3437 2456 3644 2496 sermo~

2041 2550 2163 2588 nem
2195 2549 2335 2598 esse,
2367 2536 2460 2588 sed
2493 2536 2560 2588 de
2601 2536 2664 2588 iis
2690 2535 2778 2603 qui
2805 2535 2959 2589 nobis
2984 2535 3217 2590 amicitia
3245 2534 3563 2604 junguntur.
3588 2533 3645 2587 Si

2040 2628 2343 2698 quempiam
2370 2629 2440 2682 ita
2463 2642 2630 2691 amas,
2666 2629 2854 2696 inquit,
2897 2635 2957 2680 ut
2977 2641 3099 2681 eum
3129 2626 3338 2682 dexteri
3363 2626 3504 2679 oculi
3531 2625 3648 2679 loco

2043 2737 2231 2792 ponas,
2257 2732 2346 2774 aut
2371 2721 2439 2773 ita
2467 2720 2560 2773 tibi
2591 2721 2775 2773 utilem
2807 2729 2982 2788 putas,
3007 2727 3065 2772 ut
3083 2733 3178 2787 pro
3207 2733 3365 2772 manu
3389 2717 3536 2771 illum
3560 2715 3647 2770 ha-

2042 2816 2191 2875 beas,
2236 2815 2278 2864 si
2324 2812 2470 2865 lzedit
2496 2812 2729 2865 animam
2771 2819 2952 2875 tuam,
2984 2820 3039 2865 et
3082 2810 3227 2864 hunc
3263 2808 3537 2864 abscinde.
3583 2808 3650 2862 Et

2042 2908 2148 2960 vim
2188 2906 2316 2959 dicti
2357 2904 2650 2974 perpende.
2687 2904 2801 2956 Non
2846 2905 2992 2956 enim
3036 2903 3192 2968 dixit,
3244 2901 3520 2967 Abscede;
3552 2901 3648 2956 sed

2045 2999 2329 3052 maximam
2353 2997 2747 3064 separationem
2773 2995 3038 3059 indicans,
3064 2993 3218 3057 Erue,
3247 2996 3506 3069 inquit,_et
3529 3011 3650 3064 pro-

2034 3093 2140 3160 jice
2167 3089 2253 3142 abs
2293 3097 2356 3140 te.
2391 3087 2592 3140 Deinde
2615 3103 2736 3156 qiua
2783 3102 2973 3141 severe
3003 3097 3357 3154 praeceperat,
3398 3089 3650 3156 utrinque

2047 3181 2254 3234 lucrum
2281 3193 2402 3234 esse
2431 3178 2608 3242 docet,
2652 3188 2704 3231 et
2731 3193 2796 3230 ex
2823 3177 2978 3231 bonis
3005 3187 3058 3230 et
3083 3191 3146 3230 ex
3179 3178 3355 3242 malis,
3382 3178 3434 3232 in
3459 3178 3650 3234 eadem

2046 3270 2356 3337 metaphora
2385 3270 2640 3322 insistens
2669 3286 2681 3320 :
2712 3266 2939 3336 Expedit
2967 3268 3101 3321 enim
3129 3268 3239 3332 tibi,
3271 3269 3461 3337 inquit,
3489 3279 3544 3322 ut
3566 3285 3654 3337 pe-

2045 3370 2154 3414 reat
2195 3376 2352 3412 unum
2400 3359 2739 3412 membrorum
2782 3369 3004 3424 tuorum,
3036 3368 3084 3411 et
3125 3375 3226 3412 non
3269 3369 3429 3412 totum
3467 3375 3654 3432 corpus

2049 3463 2188 3506 tuum
2217 3452 2446 3504 mittatur
2468 3452 2521 3504 in
2550 3453 2852 3521 gehennam.
2878 3447 3010 3504 Cum
3043 3451 3184 3505 enim
3213 3467 3388 3522 neque
3414 3453 3654 3523 seipsum

2047 3553 2246 3607 servet,
2275 3552 2329 3598 et
2362 3554 2414 3599 te
2439 3558 2620 3598 secum
2652 3541 2862 3612 perdat,
2903 3558 3020 3612 qum
3046 3543 3350 3597 humanitas
3375 3554 3519 3599 esset
3539 3559 3655 3597 am-

2048 3638 2118 3693 bo
2143 3636 2392 3707 perdere,
2434 3649 2554 3690 cum
2597 3633 2756 3689 liceat
2796 3635 2861 3688 iis
2890 3634 3156 3703 separatis
3188 3649 3352 3688 unum
3397 3635 3654 3690 servare?

2049 3729 2162 3783 Cur
2181 3729 2322 3783 enim
2347 3728 2544 3783 Paulus
2561 3726 2782 3796 optabat
2806 3727 3093 3782 anathema
3117 3741 3238 3781 esse
3263 3725 3441 3798 (Rom.
3473 3729 3523 3782 9.
3558 3726 3656 3797 3)?

2050 3821 2166 3876 Non
2191 3823 2260 3874 ita
2290 3829 2346 3874 nt
2369 3818 2503 3872 nihil
2527 3818 2649 3872 inde
2674 3818 2808 3872 lucri
2828 3817 3111 3872 accederet
3131 3819 3171 3882 ί,
3198 3818 3292 3872 sed
3318 3831 3376 3872 ut
3395 3818 3531 3872 alios
3552 3833 3658 3874 ser-

2051 3921 2220 3966 varet.
2256 3910 2351 3963 llic
2377 3919 2554 3964 autem
2587 3909 2861 3976 utriusque
2892 3909 3147 3962 damnum
3179 3917 3262 3963 est
3288 3926 3302 3960 :
3332 3917 3660 3979 quapropter

2053 4020 2159 4059 non
2188 4002 2322 4056 dixit
2345 4011 2569 4064 tantum,
2605 3998 2777 4066 Erue;
2817 4000 2916 4054 sed
2941 4002 3123 4063 etiam,
3157 4002 3347 4069 profice
3373 4000 3462 4054 abs
3489 4009 3554 4062 te,
3586 4001 3658 4054 ita

2055 4107 2108 4149 ut
2137 4109 2424 4163 numquam
2465 4101 2700 4160 repetas,
2746 4092 2791 4142 si
2836 4091 2957 4143 talis
2997 4091 3275 4144 manserit.
3303 4091 3393 4144 Sic
3419 4092 3561 4145 enim
3604 4102 3660 4145 et

2056 4187 2202 4240 illum
2230 4184 2416 4252 majori
2455 4181 2992 4237 crimine'liberabis.
3019 4192 3071 4235 et
3101 4184 3327 4251 teipsum
3364 4197 3391 4234 a
3422 4181 3662 4251 pernicie

2056 4277 2270 4346 eripies.
2318 4274 2388 4329 Ut
2412 4281 2588 4326 autem
2631 4274 2827 4326 clarius
2872 4272 3003 4340 legis
3031 4274 3312 4328 utilitatem
3345 4275 3658 4344 perspicias,

2056 4370 2100 4422 si
2129 4367 2321 4436 placet,
2348 4366 2399 4418 in
2425 4378 2653 4431 corpore
2673 4362 2906 4432 exempli
2930 4377 3091 4416 causa
3115 4364 3164 4415 id
3194 4363 3336 4432 quod
3359 4363 3557 4417 dictum
3579 4375 3661 4417 est

2057 4461 2420 4530 exploremus.
2465 4459 2521 4510 Si
2555 4457 2696 4510 enim
2727 4457 2875 4524 optio
2903 4455 3143 4518 daretur,
3178 4471 3238 4510 ac
3273 4471 3495 4511 necesse
3521 4469 3660 4511 esset

2059 4563 2148 4606 aut
2177 4552 2393 4606 oculum
2425 4547 2713 4603 habentem
2740 4547 2933 4616 conjici
2964 4552 3017 4600 in
3048 4550 3244 4601 fossam
3269 4559 3324 4602 et
3348 4551 3546 4619 perire,
3570 4562 3663 4604 aut

2060 4645 2154 4697 illo
2179 4651 2352 4706 eruto,
2390 4640 2658 4709 reliquam
2706 4652 2902 4706 corpus
2929 4639 3130 4694 servari
3172 4655 3185 4692 :
3233 4653 3413 4694 annon
3455 4649 3664 4710 postre—

2061 4749 2205 4788 mum
2251 4731 2473 4786 malles?
2504 4730 2558 4782 Id
2603 4729 2802 4783 nemini
2850 4744 2954 4782 non
2998 4729 3338 4784 manifestum
3379 4743 3480 4787 e.~.t.
3532 4731 3662 4786 illud

2061 4827 2202 4880 enim
2232 4840 2336 4878 non
2365 4834 2506 4879 esset
2540 4823 2753 4878 oculum
2795 4822 2993 4888 odisse,
3029 4823 3124 4878 sed
3169 4827 3433 4893 reliquam
3469 4840 3665 4893 σοι-βας

2062 4933 2262 4972 amare.
2304 4916 2417 4970 Hoc
2449 4929 2614 4984 porro
2635 4924 2690 4969 et
2711 4915 2781 4970 de
2801 4917 2932 4969 viris
2957 4917 3130 4984 cogita
3159 4927 3212 4970 et
3233 4917 3301 4971 de
3329 4919 3659 4972 institerat-.235.

2062 5008 2193 5061 Nam
2226 5008 2269 5059 si
2296 5008 2360 5070 is,
2388 5006 2476 5075 qui
2506 5013 2557 5060 te
2581 5005 2724 5059 laedit
2749 5006 3002 5067 amando,
3033 5006 3344 5060 incurabiiis
3372 5016 3568 5061 manet.
3613 5017 3669 5062 ct

2063 5099 2107 5150 si
2134 5095 2402 5151 abscissus
2444 5097 2533 5160 sit,
2569 5106 2619 5151 te
2642 5096 2710 5150 ab
2732 5097 2876 5149 omni
2906 5099 3143 5166 pernicie
3171 5097 3418 5152 liberabit
3451 5114 3467 5152 :
3512 5099 3589 5152 sic
3619 5109 3674 5151 et

2068 5187 2179 5255 ipse
2220 5205 2247 5240 ’ξ
2290 5185 2582 5253 majoribus
2634 5188 2891 5255 eripietur
2929 5188 3265 5254 criminibus,
3309 5204 3482 5260 neque
3529 5189 3669 5242 ultr;

2066 5297 2184 5334 cum
2217 5291 2554 5349 peccatorum
2579 5295 2798 5332 suorum
2829 5281 3056 5344 ratione,
3083 5283 3340 5336 rationem
3363 5283 3526 5336 etiam
3551 5298 3670 5349 per-

2067 5372 2223 5426 niciei
2253 5380 2355 5426 tua:
2392 5372 2633 5424 daturus.
2666 5369 2802 5424 Vide
2831 5381 3026 5440 quanta
3069 5374 3478 5428 mansuetudine
3513 5375 3671 5444 plena

2069 5464 2154 5520 lex
2195 5473 2295 5529 est,
2338 5472 2533 5533 quanta
2575 5461 2942 5531 providentia?
2969 5474 3019 5518 et
3054 5480 3172 5533 quae
3209 5482 3236 5518 a
3286 5465 3467 5519 muitis
3507 5466 3669 5518 nimia

2070 5634 2125 5670 eo
2157 5619 2284 5681 quod
2325 5616 2520 5668 elevata:
2551 5623 2661 5669 sunt
2687 5616 2806 5681 ﬁlia?
2842 5620 2969 5677 Sion,
2996 5625 3041 5668 ct
3073 5619 3436 5670 ambulaverunt
3476 5625 3675 5667 extruso

2072 5683 2210 5735 collo,
2237 5688 2280 5730 et
2293 5681 2768 5746 nutibasoculorum
2790 5681 2940 5735 ibant.
2969 5691 3009 5729 et
3031 5681 3077 5729 in
3105 5683 3291 5746 inrcssu
3314 5691 3490 5746 perium
3510 5685 3676 5732 trahu-

2072 5746 2182 5795 bant
2201 5744 2403 5801 tunicas,
2429 5751 2474 5793 ct
2495 5742 2802 5792 lascit'iebtmt
2827 5747 3028 5801 pedibus
3052 5745 3169 5792 suis.

2141 5811 2152 5834 ι
2192 5797 2405 5864 (μιἱῶηῂ
2431 5820 2523 5855 non
2542 5805 2608 5854 ita
2633 5812 2682 5854 ut
2706 5797 2942 5856 ttetnt'aem
2961 5806 3085 5855 lucri
3107 5807 3302 5866 faceret,
3325 5815 3418 5855 etc.
