4050 6458
398 429 503 486 259

397 542 652 602 severitas
668 546 787 590 esse
809 527 1032 587 videtur,
1051 524 1299 589 quantam
1326 505 1542 564 exhibet
1556 495 1967 569 benignitatem?

398 599 523 692 iizcc
544 628 760 685 audiant
787 623 820 676 ii
847 619 932 689 qui
962 613 1027 669 ad
1058 611 1258 665 theatra
1281 603 1583 672 praperant,
1614 601 1670 646 et
1699 601 1817 644 sese
1841 599 1972 653 quo-

545 681 1081 784 mmchosprastant.
1097 701 1228 755 Nam
1245 685 1691 749 si'consuetudiue
1705 681 1968 776 junctum,

885 801 968 856 lex
986 796 1134 866 jubet
1160 782 1506 875 abscindere:
1521 787 1678 875 quam
1707 766 1973 875 purgatio-

401 855 777 966 ii‘e‘inuhabeant
910 855 1137 946 nondum
1160 879 1260 935 sibi
1282 883 1455 932 notos.
1475 868 1543 923 ibi
1568 855 1971 920 commorando,

403 957 635 1071 quotidie
665 957 994 1063 pertrahunt,
1020 986 1073 1030 et
1103 975 1380 1028 sescentas
1405 960 1504 1071 sijbi
1533 957 1844 1056 comparant
1883 961 1976 1001 ex-

401 1047 523 1147 clidii
560 1047 750 1142 επιειίεῖ
778 1078 892 1133 Non
931 1070 1091 1127 modo
1119 1065 1258 1120 enim
1284 1053 1550 1127 impudice
1572 1047 1839 1116 respicere
1868 1052 1976 1139 non

402 1137 674 1238 concedit;
718 1169 810 1224 sed
852 1164 974 1236 quia
1001 1158 1219 1227 hujusce
1248 1149 1323 1204 rei
1352 1145 1603 1200 damnum
1637 1137 1972 1193 monstravit,

404 1277 570 1344 legem
601 1265 820 1322 ulterius
847 1252 1103 1314 extendit,
1133 1242 1444 1302 abscindere
1469 1236 1685 1344 iubens;
1716 1228 1977 1294 longeque

1125 1343 1130 1344 ,
1310 1341 1319 1344 ,
1365 1341 1372 1344 _
1421 1331 1452 1344 ,Α
1696 1336 1719 1344 Δ
1759 1318 1975 1344 “dum

405 1318 712 1438 priijicerei:
745 1363 801 1409 et
843 1351 957 1404 haec
1003 1344 1093 1399 ille
1122 1343 1235 1409 lege
1276 1331 1480 1433 statuit,
1528 1326 1616 1426 qui
1654 1321 1723 1376 de
1758 1318 1976 1438 caritate

404 1407 697 1510 gesserities
743 1444 991 1512 loquutus
1033 1441 1135 1495 est,
1176 1407 1234 1482 ut
1262 1424 1506 1488 utrinque
1533 1416 1649 1482 ejus
1693 1407 1972 1479 providen-

558 1505 897 1600 ediscas,-et
936 1520 1204 1594 quomodo
1239 1514 1471 1579 undique
1515 1505 1790 1559 utilitatem
1833 1507 1974 1551 tuam

404 1633 656 1704 requirat.
706 1585 798 1679 51:
823 1585 1028 1673 Dictiim
1061 1621 1131 1664 est
1158 1616 1322 1659 autem
1353 1618 1370 1654 :
1402 1597 1709 1704 Quicumque
1736 1585 1978 1704 ditiiselrft

404 1677 811 1781 Qii’d‘iuim,
859 1711 938 1763 det
979 1705 1056 1759 illi
1087 1698 1316 1755 iibellum
1343 1687 1541 1759 repudii
1571 1683 1745 1754 (Deut.
1780 1680 1870 1732 at.
1897 1677 1975 1747 t).

405 1775 634 1884 diligo
658 1775 821 1862 autem
836 1804 946 1857 dico
974 1795 1108 1851 vobis
1131 1811 1148 1846 :
1178 1789 1484 1854 Quicumque
1508 1775 1748 1830 dimiserit
1774 1786 1980 1824 κείων-ειη

406 1864 492 1875 ν--
525 1864 626 1884 -σ-

405 1929 570 1976 suam,
598 1913 804 1974 excepta
831 1912 982 1953 causa
1011 1881 1352 1962 fonticutionis
1370 1918 1386 1945 ,
1415 1875 1534 1948 facit
1562 1888 1672 1926 eam
1695 1864 1931 1920 mozcltari
1959 1878 1977 1915 :

405 2017 452 2062 et
471 2004 554 2075 qui
579 1998 835 2053 dimissam
859 1985 1078 2047 duxerit,
1108 1978 1400 2075 metiatur.

851 2043 1087 2136 adulterii
1101 2069 1303 2140 species.
1334 2060 1436 2116 Cur
1455 2055 1676 2111 libellum
1691 2043 1889 2160 repudii
1904 2043 1985 2095 (ea:

407 2136 545 2243 aetiis
564 2136 856 2254 peiurimit.
874 2166 1064 2222 --Non
1091 2136 1236 2230 prius
1264 2148 1606 2254 adnuiteriora
1629 2136 1980 2254 prlogreditt'ir,

410 2224 544 2243 π.-.
601 2224 785 2236 ..
1093 2224 1107 2230 _

410 2279 509 2336 nisi
529 2224 701 2346 piiora
729 2265 891 2338 probe
911 2249 1302 2326 expurgaverit.
1320 2244 1456 2297 Ecce
1463 2236 1621 2346 renim
1648 2232 1804 2285 aliam
1830 2224 1983 2346 nplbis’

410 2314 594 2424 ξιξ-εἴη
633 2314 865 2414 ostendit
907 2314 1153 2404 adulterii
1179 2336 1433 2407 speciem.
1462 2328 1715 2395 Quaenam
1741 2329 1824 2374 est
1853 2314 1984 2370 illa?

410 2459 519 2514 Lex
549 2461 662 2508 erat
688 2456 856 2509 vetus,
897 2454 1042 2503 eum,
1068 2433 1158 2505 qui
1185 2434 1516 2500 quacumque
1555 2432 1622 2471 ex
1647 2425 1804 2468 causa
1850 2421 1985 2460 uso-

411 2563 527 2606 rem
555 2558 703 2600 suam
743 2501 964 2598 odisset,
995 2501 1137 2583 illam
1181 2517 1480 2589 repudiare,
1508 2519 1562 2564 et
1599 2505 1755 2559 aliam
1793 2501 1989 2555 ducere

414 2591 522 2696 non
559 2629 848 2705 prohiberi.
875 2591 1059 2689 Neque
1100 2611 1231 2670 illud
1271 2620 1444 2661 tamen
1476 2595 1786 2667 simpliciter
1814 2591 1992 2645 facere

1428 2696 1439 2705 .
1591 2691 1709 2705 ιν--
1762 2679 1964 2705 _-_..,r::

926 2679 1045 2784 post
1069 2696 1454 2802 datum-“uxori

416 2771 500 2881 iis:
516 2771 573 2875 tit
596 2831 700 2871 non
725 2771 907 2882 posset
926 2771 1122 2857 iterum
1151 2794 1215 2847 ad
1238 2791 1384 2845 illum
1405 2792 1694 2840 revertere,
1721 2783 1780 2829 ut
1802 2771 1989 2872 saltem

416 2862 755 2967 matrimoniir
780 2899 947 2968 ﬁgura
976 2893 1235 2944 maneret.
1268 2879 1376 2934 Nisi
1399 2875 1540 2930 enim
1571 2870 1671 2923 hoc
1706 2862 1993 2935 praecepis-

417 3015 520 3068 set,
561 3010 613 3054 et
654 2997 697 3049 si
736 2956 971 3048 licuisset
991 2983 1130 3036 illam
1155 2971 1433 3043 repudiare
1461 2975 1515 3019 et
1545 2962 1705 3068 aliam
1734 2956 1993 3068 accipere,

419 3044 715 3158 deiiideque
746 3083 976 3153 priorem
1016 3071 1293 3127 reducere,
1323 3073 1510 3125 magna
1545 3054 1712 3107 futura
1755 3044 1999 3158 conquio

422 3193 558 3246 erat,
603 3135 849 3233 ciuilibus
898 3165 1100 3220 alienas
1145 3169 1336 3210 uxores
1380 3145 1602 3202 alternis
1645 3140 1850 3194 vicibus

424 3223 645 3346 queritur
670 3257 1078 3331 accipientibus,
1115 3242 1537 3305 adulteriutnque
1577 3229 1914 3285 manifestum
1946 3223 1997 3277 id

1389 3345 1395 3346 κ
1438 3342 1462 3346 —
1485 3337 1648 3346 -----...
1684 3317 1997 3346 humata-tn-

427 3317 645 3435 prorsus
686 3317 891 3409 fuisset.
940 3345 1272 3411 Quapropter
1301 3345 1406 3385 non
1437 3337 1650 3395 parvam
1682 3317 2000 3372 consolatio-

1057 3431 1088 3435 “
1355 3433 1396 3435 η
1435 3413 1631 3435 -Α---ιρικ
1689 3408 1797 3435 11....
1846 3419 2000 3435 mu",

429 3408 910 3513 iicinvexcogitavit,
949 3408 1185 3487 libellum
1216 3433 1405 3487 nempe
1435 3413 1655 3482 repudii.
1689 3408 1799 3462 Hoc
1846 3419 2002 3474 porro

433 3546 624 3598 factum
649 3495 740 3591 es:
757 3529 821 3584 ad
851 3526 1007 3582 aliam
1036 3519 1201 3573 multo
1229 3511 1483 3577 majorem
1523 3500 1788 3554 vitandam
1816 3495 2003 3563 nequi—

434 3635 581 3688 tiam.
624 3624 679 3680 Si
701 3624 841 3677 enim
883 3623 1104 3670 exosam
1152 3599 1492 3673 praecepisset
1534 3588 1783 3650 retineri,
1830 3587 1877 3639 is
1913 3584 2004 3653 qui

434 3674 914 3774 zdetiatbccidisset
937 3719 952 3754 :
981 3698 1102 3752 talis
1120 3694 1312 3763 quippe
1341 3692 1455 3740 erat
1479 3680 1779 3736 Judteorutn
1803 3675 1944 3727 natio
1961 3674 2002 3727 ¹.

715 3817 780 3854 ne
810 3796 932 3850 liliis
954 3789 1165 3858 quidem
1194 3779 1502 3852 parcebant,
1537 3768 1819 3839 prophetas
1850 3766 2011 3819 inter-

437 3855 700 3958 iiciebaiit,
741 3855 1154 3956 sanguinemque
1179 3881 1238 3927 ut
1263 3882 1453 3938 aquam
1495 3861 1801 3922 fundebant,
1845 3855 2010 3910 multo

436 3991 611 4046 minus
654 3979 903 4038 uxoribus
933 3968 1309 4043 pepercissent.
1356 3958 1478 4012 Ideo
1515 3952 1655 4023 quod
1695 3950 1868 4002 minus
1895 3954 2010 4000 erat

438 4078 700 4153 permisit,
729 4085 784 4127 ut
807 4040 947 4140 quod
969 4063 1136 4131 majus
1161 4064 1273 4110 erat
1301 4047 1656 4106 exscinderet.
1688 4041 1839 4108 Quod
1868 4040 2009 4093 enim

1111 4149 1121 4153 -
1302 4148 1313 4153 -
1449 4136 1486 4153 ,.
1533 4133 1636 4153 ηρ.
1657 4132 1907 4153 οηηηι,
1936 4129 1980 4153 λε

687 4129 792 4216 non
877 4129 1156 4227 praecipuis
1178 4148 1341 4205 esset,
1371 4136 1492 4191 audi
1514 4133 1638 4204 quid
1657 4132 1907 4188 Servatur
1933 4129 2013 4181 di-

439 4271 526 4316 cat
557 4276 571 4310 :
605 4253 806 4322 Moyses
850 4220 916 4299 ad
963 4240 1202 4295 duritiam
1250 4230 1414 4285 cordis
1461 4227 1608 4278 vestri
1658 4224 1760 4275 1ιαύ
1813 4220 2014 4286 scripsit

439 4310 656 4427 (.tlatth.
696 4310 784 4397 i9.
826 4341 902 4406 8),
939 4350 1004 4387 ne
1046 4333 1187 4384 intus
1229 4317 1552 4427 mactat-etis,
1593 4314 1683 4368 sed
1730 4310 2014 4427 ejicereth.

437 4397 574 4510 Quia
601 4450 728 4492 vero
749 4432 835 4484 ille
860 4429 989 4480 iram
1016 4430 1228 4472 omnem
1249 4409 1481 4473 sustulit,
1508 4420 1614 4458 non
1636 4402 1836 4458 erdem
1860 4397 2018 4452 modo

1263 4504 1274 4510 .
1331 4501 1346 4510 .
1522 4496 1546 4510 .
1699 4489 1981 4510 ,κη-ει,-

440 4489 646 4591 :etaus,
677 4526 769 4581 sed
813 4521 947 4573 iram
981 4513 1136 4565 etiam
1163 4501 1447 4560 excludens
1477 4514 1490 4550 :
1519 4495 1671 4550 facile
1699 4493 1834 4546 hanc
1861 4489 2019 4543 indu-

439 4624 514 4677 cit
541 4582 733 4688 legem.
765 4613 990 4678 ideoque
1020 4599 1254 4671 priorum
1288 4604 1497 4659 semper
1523 4586 1803 4640 verborum
1833 4582 2020 4635 memi.

443 4713 541 4774 nit,
580 4673 636 4762 tit
663 4673 924 4759 ostendat,
954 4712 1014 4748 se
1053 4705 1158 4746 nott
1187 4681 1451 4738 contraria
1481 4677 1612 4738 illis,
1653 4673 1745 4727 ε»εά
1784 4684 2020 4725 consona

442 4803 620 4856 dicere
650 4816 662 4849 :
692 4794 778 4848 illa
797 4789 1110 4848 extendens,
1139 4795 1242 4834 nou
1265 4783 1542 4833 evertens;
1571 4763 1880 4829 emendatis.
1914 4776 2021 4815 non

446 4895 675 4947 solvens.
709 4879 978 4950 Perpende
1004 4886 1177 4929 autem
1209 4869 1355 4923 illum
1383 4873 1596 4930 semper
1623 4856 1687 4911 ad
1719 4857 1886 4910 virum
1908 4867 2024 4907 ser-

447 4994 659 5034 monem
705 4974 923 5029 referre.
969 4968 1067 5033 Qui
1116 4960 1340 5018 dimittit,
1372 4953 1566 5023 inquit,
1613 4962 1814 5013 uxorein
1854 4960 2020 5006 suam,

453 5072 570 5122 facit
602 5083 709 5120 eam
749 5059 1028 5118 mwchari;
1077 5066 1120 5107 et
1161 5051 1246 5120 qui
1299 5047 1558 5100 dimissum
1605 5036 1767 5094 ducit,
1808 5036 2028 5087 mmcha-

452 5172 551 5215 tur.
599 5158 689 5212 ille
731 5155 871 5210 enim
893 5193 907 5215 ,
938 5159 990 5203 ct
1030 5149 1070 5198 si
1105 5146 1320 5196 alteram
1355 5152 1459 5191 non
1488 5130 1728 5188 duxerit.
1778 5127 1881 5183 hoc
1911 5124 2028 5192 ipso

453 5268 513 5306 se
573 5245 808 5304 criminis
868 5253 1020 5294 reum
1075 5231 1380 5294 constituit,
1442 5223 1582 5290 quod
1635 5234 1751 5274 eam
1814 5217 2019 5271 adulte-

453 5355 568 5394 ram
615 5339 766 5390 laeiat
794 5352 807 5389 :
832 5333 917 5387 hic
949 5343 1097 5388 vero,
1127 5322 1266 5396 quod
1307 5319 1534 5373 alienam
1575 5317 1749 5377 ducat,
1786 5310 2026 5365 moechus

454 5445 509 5486 et
555 5433 665 5495 ipse
707 5429 781 5479 lit.
822 5423 898 5478 Ne
949 5418 1078 5473 mihi
1125 5414 1267 5471 enim
1318 5409 1485 5472 dicas,
1538 5404 1630 5458 llic
1683 5401 1837 5468 eiecit
1869 5415 2027 5453 :nam

458 5525 626 5589 ejecta
658 5519 826 5572 adhuc
853 5520 1033 5569 manet
1060 5505 1319 5577 ejicientis
1352 5515 1500 5555 uxor.
1537 5495 1736 5552 Deinde
1764 5509 1832 5548 ne
1861 5502 2028 5547 telum

460 5607 752 5672 conjiciens
781 5605 831 5657 in
860 5603 1159 5669 ejicientem
1177 5635 1190 5659 ,
1224 5590 1641 5659 arrogantiorem
1672 5586 1869 5638 faceret
1897 5598 2030 5636 uxo-

463 5715 595 5754 rem.
646 5698 810 5762 ipsam
837 5693 1076 5759 accipere
1099 5685 1293 5740 volenti
1334 5684 1548 5750 januam
1593 5676 1788 5730 claudit
1827 5675 2029 5739 dicens,

526 5796 544 5819 ι
583 5785 689 5838 Alii.
713 5784 830 5832 tales
854 5781 1027 5843 quippe
1049 5782 1186 5829 erant!
1205 5775 1485 5824 J’udteorum
1505 5784 1676 5822 mres.

1113 404 1170 460 S.
1211 393 1489 457 JOANNIS
1521 376 1998 445 CllRYSOSTOMl
2038 371 2355 434 AliCHlEP.
2387 365 2592 424 CONS't
2606 363 2914 421 ANTINOP.

3554 354 3657 412 260

2084 487 2185 554 Qui
2212 484 2470 538 dimissam
2497 479 2717 542 duxerit,
2749 475 3045 535 moechatur,
3075 484 3291 525 uxorem
3319 469 3400 523 vel
3445 469 3658 523 invitam

2077 578 2318 647 pudicam
2349 573 2598 635 reddens,
2624 579 2678 624 et
2702 569 2768 622 ad
2787 567 2950 621 alium
2975 565 3146 618 virum
3171 562 3369 617 aditum
3393 562 3493 632 ipsi
3521 565 3659 619 clau-

2077 669 2229 731 dens,
2269 681 2367 720 nee
2398 664 2708 733 permittens
2744 657 3030 712 simultatis
3071 669 3252 708 ausam
3288 654 3544 723 pnebcre.
3573 655 3663 711 illa

2080 773 2305 827 namque
2328 771 2448 810 cum
2475 754 2737 814 didicerit,
2769 764 2985 820 prorsus
3017 747 3376 801 necessarium
3404 761 3543 811 esse,
3575 757 3661 801 aut

2079 851 2249 903 virum
2278 847 2366 917 qui
2393 844 2492 900 sibi
2520 845 2588 898 ab
2612 842 2764 897 initio
2804 849 2948 894 sorte
2983 838 3278 906 contigerat
3308 837 3534 897 habere;
3577 847 3662 890 aut

2078 941 2124 994 si
2144 955 2175 994 e
2201 939 2362 993 domo
2387 937 2474 990 illa
2501 933 2824 1004 egrediatur,
2849 931 3048 984 nullum
3075 928 3177 982 sibi
3216 927 3357 982 aliud
3383 941 3665 996 superesse

2080 1028 2359 1098 refugium,
2406 1026 2486 1081 vel
2514 1026 2674 1079 invita
2705 1033 2926 1092 cogetur
2956 1019 3235 1088 coniugem
3266 1034 3447 1074 amare
3489 1033 3664 1073 suum.

2080 1119 2137 1174 Si
2168 1133 2295 1173 vero
2324 1117 2454 1172 nihil
2478 1117 2576 1186 ipsi
2602 1115 2700 1168 hac
2727 1113 2795 1169 de
2821 1127 2878 1166 re
2903 1111 3166 1180 loquatur,
3201 1125 3268 1163 ne
3294 1110 3502 1162 mireris
3537 1125 3550 1160 :
3585 1109 3664 1161 in-

2081 1213 2281 1267 ﬁrmior
2306 1212 2449 1266 enim
2493 1208 2684 1263 mulier
2707 1216 2809 1262 est.
2837 1204 3169 1274 Quapropter
3205 1202 3293 1256 illa
3319 1201 3561 1262 dimissa,
3591 1201 3668 1255 vi-

2081 1316 2171 1357 ros
2198 1301 2356 1356 minis
2384 1297 2635 1355 terrendo
2679 1296 2956 1350 mulierem
2988 1306 3198 1362 quoque
3226 1290 3493 1344 emendat.
3528 1288 3599 1346 Ut
3625 1291 3668 1344 si

2080 1395 2200 1462 quis
2229 1393 2394 1447 lilium
2427 1391 2628 1445 habens
2672 1388 2948 1450 lascivum,
2983 1386 3074 1439 illo
3100 1383 3342 1447 dimisso,
3372 1381 3478 1435 illis
3506 1383 3670 1436 inter-

2082 1484 2331 1547 minetur,
2362 1483 2451 1548 qui
2494 1481 2652 1535 talem
2686 1480 2859 1547 ipsum
2889 1474 3201 1536 elfecerunt,
3233 1479 3484 1541 vetetque
3514 1485 3581 1524 ne
3605 1471 3674 1526 il-

2082 1574 2189 1628 lum
2222 1575 2357 1628 ultra
2388 1573 2600 1636 adeant,
2631 1570 2715 1624 vel
2746 1566 3084 1621 conveniant.
3110 1562 3263 1629 Quod
3288 1562 3333 1615 si
3356 1564 3456 1614 hoc
3481 1575 3673 1615 onero-

2084 1679 2200 1718 sutn
2229 1664 2493 1729 videatur,
2524 1662 2576 1715 in
2605 1670 2838 1715 mentem
2865 1670 3050 1710 revoca
3081 1654 3168 1707 illa
3198 1668 3317 1722 quas
3347 1667 3504 1720 supra
3533 1651 3672 1705 dicta

2084 1767 2230 1822 sunt,
2275 1771 2394 1810 cum
2432 1755 2617 1810 beatos
2655 1749 2967 1820 praedicaret
3003 1745 3314 1807 audientes;
3359 1758 3579 1812 remque
3621 1751 3674 1796 et

2085 1847 2396 1921 possibilem
2424 1854 2477 1899 et
2507 1843 2711 1896 facilem
2756 1839 3014 1893 invenies.
3047 1835 3188 1890 Mitis
3211 1838 3373 1894 enim,
3404 1831 3673 1903 pacificus,

2089 1956 2287 2011 pauper
2307 1937 2515 2007 spiritu,
2544 1944 2597 1988 et
2624 1933 2946 1993 misericors,
2969 1925 3238 1996 quomodo
3269 1939 3487 1978 uxorem
3520 1939 3678 1990 repu-

2087 2030 2284 2086 diabit?
2311 2039 2363 2081 et
2406 2027 2494 2096 qui
2541 2023 2675 2078 alios
2699 2017 3029 2082 reconciliat,
3076 2030 3182 2084 quo
3213 2023 3368 2082 pacto
3405 2011 3679 2066 dissidebit

2087 2137 2206 2177 cum
2233 2119 2457 2188 conjuge
2483 2115 2610 2169 sua?
2637 2113 2750 2168 Non
2780 2111 2877 2164 hoc
2898 2123 3027 2163 vero
3054 2115 3275 2166 tantum,
3303 2104 3396 2158 sed
3417 2102 3522 2157 alio
3551 2118 3684 2170 quo-

2087 2229 2191 2283 que
2227 2209 2385 2264 modo
2413 2209 2583 2277 legem
2621 2204 2745 2258 fecit
2774 2202 2965 2257 levem.
2995 2198 3124 2253 Nam
3156 2195 3407 2264 relinquit
3433 2195 3481 2248 ei
3514 2209 3677 2247 unum

2090 2302 2297 2372 repudii
2329 2299 2564 2362 modutn,
2597 2296 2800 2356 dicens,
2832 2291 3058 2357 Excepta
3092 2303 3246 2340 causa
3285 2283 3634 2354 fornicationis
3669 2308 3684 2353 ;

2090 2392 2352 2462 siquidem
2401 2388 2453 2442 in
2497 2385 2682 2440 eadem
2727 2389 2927 2452 perstat
2971 2377 3152 2433 decori
3180 2377 3405 2430 ratione.
3448 2374 3504 2428 Si
3537 2371 3683 2426 enim

2088 2484 2338 2553 jussisset
2377 2495 2496 2534 cum
2539 2476 2778 2547 pluribus
2822 2473 3043 2527 mixtam
3092 2470 3354 2530 retinere,
3398 2479 3579 2519 rursus
3626 2467 3680 2518 in

2093 2574 2412 2629 adulterium
2458 2585 2544 2625 res
2587 2565 3014 2622 convertebatur.
3049 2560 3234 2614 Viden’
3257 2557 3523 2628 quomodo
3570 2556 3684 2608 inec

2095 2684 2216 2724 cum
2249 2665 2513 2736 prioribus
2536 2657 2866 2716 consonent?
2895 2655 2995 2723 Qui
3025 2654 3166 2707 enim
3197 2665 3421 2704 uxorein
3454 2648 3684 2701 a'icuam

2096 2756 2376 2828 impudicis
2431 2753 2604 2808 oculis
2642 2765 2746 2804 non
2777 2746 3014 2815 respicit,
3062 2758 3166 2797 non
3211 2740 3592 2800 fornicabitur;
3642 2738 3686 2792 si

2099 2866 2204 2907 non
2239 2847 2562 2908 fornicetur,
2600 2842 2716 2897 viro
2759 2835 3098 2908 repudianda
3137 2834 3321 2888 uxoris
3354 2845 3463 2886 sua:
3501 2844 3686 2882 ansam

2099 2957 2208 2995 non
2237 2937 2511 3007 praebebit.
2543 2935 2666 2988 Ideo
2689 2933 2854 2986 libere
2883 2924 3220 2995 constringit,
3247 2931 3302 2977 et
3329 2924 3573 2976 timorem
3602 2922 3691 2972 lir-

2103 3041 2233 3094 mat,
2272 3044 2522 3097 magnum
2562 3027 2676 3080 viro
2707 3021 3022 3092 periculum,
3066 3018 3110 3071 si
3146 3015 3338 3084 ejiciat,
3374 3015 3644 3069 intentans
3676 3029 3690 3064 :

2104 3138 2226 3176 nam
2255 3119 2620 3174 fornicationis
2645 3115 2789 3168 illius
2808 3127 2929 3166 sese
2957 3125 3108 3164 reum
3141 3107 3438 3162 constituit.
3474 3104 3687 3159 Etenim

2104 3229 2171 3268 ne
2198 3228 2318 3267 cum
2350 3211 2519 3274 audis,
2554 3209 2694 3262 Erue
2721 3204 2955 3266 oculum,
2981 3210 3133 3270 putes
3165 3199 3215 3252 id
3247 3199 3408 3253 etiam
3438 3196 3506 3251 de
3531 3211 3698 3250 uxore

2105 3304 2231 3368 dici,
2259 3309 2554 3370 opportune
2583 3297 2719 3349 lianc
2745 3293 3042 3348 cautionem
3077 3290 3280 3342 induxit
3313 3306 3325 3337 :
3359 3301 3466 3340 uno
3491 3295 3696 3338 tantum

2108 3393 2287 3455 modo,
2310 3406 2409 3444 nec
2433 3389 2539 3442 alio
2562 3385 2748 3455 quovis
2771 3382 3082 3452 permittens
3103 3377 3249 3433 illam
3281 3375 3582 3444 repudiare.
3607 3375 3700 3430 55.

2110 3485 2305 3540 Iterum
2335 3481 2545 3534 audistis
2577 3479 2695 3548 quia
2728 3477 2917 3528 dictum
2941 3481 3010 3526 est
3044 3471 3262 3537 antiquis
3301 3483 3319 3520 :
3350 3467 3470 3519 Non
3502 3468 3701 3534 pejera-

2109 3576 2183 3628 bis
2213 3591 2230 3627 :
2259 3573 2436 3625 reddes
2457 3581 2622 3622 autem
2649 3565 2867 3618 Domino
2886 3564 3179 3629 jurameiita
3204 3568 3310 3610 tau.
3348 3557 3437 3610 5i.
3466 3555 3575 3626 Ego
3612 3571 3704 3607 au-

2112 3675 2208 3719 tem
2231 3665 2343 3716 dico
2372 3660 2525 3724 vobis,
2552 3675 2651 3710 non
2667 3659 2847 3724 jurare
2875 3653 3096 3706 omnino.
3129 3651 3238 3704 Cur
3266 3663 3369 3701 nou
3399 3647 3576 3700 Statim
3609 3663 3698 3701 ve-

2115 3755 2192 3806 nit
2229 3753 2293 3806 ad
2322 3753 2540 3812 furtum,
2585 3747 2676 3802 sed
2716 3746 2781 3798 ad
2827 3745 3010 3796 falsum
3060 3739 3442 3802 testiinonium,
3475 3738 3707 3806 illudque

2115 3843 2418 3898 mandatum
2439 3836 2762 3909 praeterivit‘.’
2782 3834 3042 3901 Quoniam
3067 3833 3157 3901 qui
3174 3831 3400 3892 furatur,
3423 3827 3709 3896 aliquando

2108 3935 2284 4004 jurat;
2336 3931 2426 4001 qui
2485 3943 2605 3983 vero
2654 3940 2826 3995 neque
2863 3924 3046 3993 jurat-e
3087 3935 3258 3989 neque
3300 3920 3511 3973 mentiri
3540 3920 3711 3984 norit,

2115 4025 2282 4078 multo
2321 4023 2487 4090 magis
2517 4034 2546 4072 a
2579 4019 2719 4071 furto
2746 4013 3052 4068 absunebit.
3087 4011 3268 4078 itaque
3298 4025 3393 4080 per
3421 4009 3521 4062 hoc
3548 4009 3706 4064 etiam

2117 4114 2242 4168 illud
2274 4121 2546 4180 peccatum
2567 4107 2758 4162 evertit
2789 4124 2800 4159 :
2831 4120 2950 4157 nam
2975 4102 3306 4156 mendacium
3336 4116 3399 4154 ex
3430 4101 3568 4154 l'urto
3595 4101 3708 4155 ori-

2102 4201 2224 4256 tur.
2255 4201 2390 4268 Quid
2418 4209 2595 4253 autem
2625 4215 2737 4259 est,
2776 4193 2975 4248 Reddas
3018 4191 3238 4245 Domino
3259 4191 3552 4260 juramenta
3587 4190 3712 4243 tua?

2122 4291 2176 4346 Id
2201 4301 2302 4355 est,
2333 4291 2526 4344 Jurans
2553 4302 2735 4342 verum
2764 4286 2926 4338 dices.
2964 4281 3073 4351 Ego
3100 4293 3264 4336 autem
3285 4281 3399 4333 dico
3428 4281 3583 4343 rubis,
3610 4297 3709 4333 non

2113 4383 2293 4453 jurare
2319 4379 2544 4433 omnino.

2195 4473 2305 4527 5-6.
2329 4470 2789 4537 Deindeutmagis
2821 4465 3094 4533 magisque
3121 4474 3330 4516 avertat
3374 4476 3489 4526 eos,
3523 4476 3590 4515 ue
3619 4476 3716 4530 per

2128 4565 2291 4618 Deum
2324 4563 2522 4630 jureut,
2555 4559 2645 4619 ait,
2691 4557 2867 4626 quue
2895 4573 2981 4624 per
3007 4554 3207 4618 corium,
3239 4553 3354 4619 quia
3383 4551 3594 4604 thronus
3620 4549 3716 4604 Dei

2128 4665 2198 4708 est
2233 4670 2249 4705 .'
2423 4667 2577 4720 neque
2604 4665 2688 4717 per
2724 4657 2929 4711 terram,
2962 4646 3080 4715 quia
3123 4642 3397 4695 scabdlum
3431 4653 3502 4694 est
3534 4643 3717 4709 pedum

2126 4748 2272 4817 ejus;
2300 4759 2454 4811 mque
2483 4757 2568 4808 per
2592 4738 2895 4801 Jerusﬂem,
2927 4735 3044 4803 quia
3069 4735 3241 4786 civitas
3268 4741 3336 4784 est
3364 4733 3535 4800 magni
3565 4732 3714 4802 regis.

2131 4839 2207 4892 Ex
2238 4833 2506 4904 prOphetis
2535 4830 2706 4884 adhuc
2732 4828 2986 4897 loquitur,
3015 4831 3069 4878 et
3093 4821 3323 4876 ostendit
3348 4836 3408 4876 se
3448 4836 3553 4875 non
3582 4824 3719 4875 anti-

2131 4934 2250 5000 quis
2269 4927 2568 4988 adversari;
2601 4940 2722 4978 nam
2749 4924 2797 4976 in
2829 4934 2977 4974 more
3005 4918 3109 4971 illis
3136 4928 3250 4972 erat
3277 4932 3375 4984 per
3424 4916 3543 4971 haec
3567 4917 3712 4986 jura-

2132 5042 2212 5088 re,
2234 5023 2360 5075 etin
2383 5019 2484 5073 flue
2506 5018 2659 5086 hujus
2680 5012 2950 5083 Evangelii
2976 5012 3115 5064 hunc
3132 5009 3294 5063 fuisse
3314 5024 3520 5064 morem
3535 5019 3718 5063 osten-

2131 5115 2228 5168 dit.
2251 5111 2331 5166 Tu
2367 5123 2498 5164 vero
2538 5107 2670 5161 mihi
2711 5103 2991 5160 considera
3021 5098 3158 5153 unde
3188 5099 3406 5153 extollat
3434 5098 3716 5152 elementa.

2134 5202 2248 5256 Non
2273 5215 2341 5254 ex
2369 5198 2577 5267 propria
2607 5206 2821 5257 natura;
2851 5191 2943 5246 sed
2976 5207 3040 5244 cx
3068 5189 3156 5244 Dei
3188 5203 3313 5258 erga
3343 5190 3606 5242 elementa
3636 5189 3718 5241 at-

2131 5291 2276 5365 fectu
2304 5287 2535 5344 demisse
2561 5296 2614 5340 et
2634 5283 2926 5339 secundum
2953 5290 3164 5350 captum
3187 5289 3426 5333 nostrum
3445 5293 3716 5346 expresso.

2132 5384 2266 5452 Quia
2283 5380 2425 5437 enim
2448 5378 2609 5432 multa
2632 5385 2748 5431 erat
2768 5373 3080 5430 idololatria:
3099 5371 3360 5442 tyrannis,
3384 5386 3450 5424 ne
3473 5369 3722 5423 videren-

2136 5487 2220 5532 tur
2246 5476 2511 5531 elementa
2536 5486 2602 5524 ex
2631 5484 2688 5524 se
2716 5465 3025 5521 honoranda
3055 5478 3197 5528 esse,
3222 5465 3358 5516 hanc
3389 5477 3547 5531 quam
3581 5461 3723 5515 disi-

2117 5576 2255 5623 ‘mus
2279 5579 2494 5620 causam
2522 5561 2714 5630 posuit,
2750 5570 3040 5624 rursusque
3068 5554 3134 5607 ad
3161 5553 3254 5607 Dei
3278 5551 3499 5622 gloriam
3550 5564 3724 5604 trans-

2141 5663 2249 5716 ivit.
2278 5657 2457 5727 Neque
2502 5652 2643 5708 enim
2688 5649 2839 5713 dixit,
2872 5647 3002 5715 Quia
3047 5645 3324 5715 pulchrum
3371 5655 3727 5709 magnumque

2139 5753 2326 5810 caelum
2358 5723 2462 5813 est,
2512 5757 2704 5815 neque,
2736 5739 2869 5805 Quia
2899 5737 3038 5793 utilis
3083 5748 3257 5800 terra;
3306 5733 3421 5799 sed,
3450 5732 3582 5797 Quia
3633 5723 3726 5778 Dei
