4050 6416
300 396 398 450 261

299 505 434 562 illud
477 502 701 558 thronus
730 508 833 562 est,
879 496 994 550 lucc
1031 491 1344 556 seahellum,
1390 488 1624 560 undique
1654 489 1800 558 ipsos
1837 487 1903 542 ad

305 599 589 653 Dominum
620 591 972 662 compellens.
1005 587 1094 644 56.
1127 585 1306 653 Neque
1336 599 1424 652 per
1447 592 1600 649 caput
1629 591 1792 646 tuum,
1823 580 1909 634 iu-

299 694 436 762 qttit,
481 690 602 759 quia
628 703 731 739 non
768 693 910 753 potes
939 696 1097 734 unum
1117 676 1363 749 capillum
1403 674 1574 728 album
1603 676 1791 744 facere,
1823 681 1910 725 aut

300 785 522 853 nigrum.
568 778 778 833 Rursus
820 789 925 827 non
955 772 1226 825 hominem
1270 765 1565 826 adnuimus.
1594 762 1905 832 subjuuxit,

301 851 475 940 neque
514 885 608 940 per
643 876 807 935 caput
837 863 954 934 ejus
985 876 1106 916 esse
1129 855 1440 927 jurandum,
1487 854 1723 924 alioquin
1763 851 1908 906 enim

299 966 415 1033 ipse
437 962 598 1015 homo
626 957 880 1013 adoratus
906 953 1122 1011 fuisset;
1147 948 1240 1003 sed
1257 947 1480 1017 gloriam
1510 944 1618 999 Deo
1645 943 1904 1006 referens,

301 1067 354 1111 et
373 1052 689 1114 ostendens,
729 1059 781 1103 te
815 1063 883 1102 ne
920 1043 1134 1116 quidem
1164 1041 1238 1094 tui
1273 1038 1553 1094 dominum
1593 1050 1736 1098 esse,
1780 1049 1907 1102 ergo

302 1163 476 1218 neque
499 1147 927 1214 juramentorum
973 1153 1067 1205 per
1106 1141 1268 1202 caput
1291 1131 1644 1218 emissurum.
1676 1126 1731 1183 Si
1762 1126 1905 1218 enim

299 1216 458 1294 nemo
490 1237 653 1290 lilium
695 1247 849 1286 suum
879 1228 1034 1282 alteri
1073 1224 1297 1285 dederit,
1350 1221 1516 1276 multo
1555 1216 1732 1273 minus
1766 1217 1907 1272 Deus

297 1345 430 1397 opus
462 1340 618 1380 suum
663 1323 755 1377 tibi
783 1317 1064 1374 concedet.
1111 1315 1327 1370 Etiamsi
1359 1313 1504 1367 enim
1545 1320 1705 1379 caput
1757 1321 1902 1362 tuum

295 1423 386 1487 sit,
423 1417 518 1474 sed
550 1415 772 1470 alterius
808 1419 891 1467 est
932 1408 1199 1480 possessio
1234 1425 1246 1458 :
1281 1412 1594 1472 t:mtumquc
1633 1403 1786 1455 ahcst
1835 1415 1903 1454 ne

298 1513 549 1566 dominus
577 1508 696 1575 ejus
739 1506 835 1567 sis,
877 1511 1031 1556 utne
1077 1499 1356 1553 minimum
1386 1495 1601 1564 quidem
1635 1492 1807 1556 ilo-sis
1853 1493 1902 1544 in

299 1605 392 1658 illo
422 1600 656 1671 operari.
687 1596 801 1651 Non
833 1595 976 1648 enim
995 1591 1147 1653 dixit,
1175 1589 1288 1642 Non
1314 1595 1464 1656 potes
1492 1584 1789 1654 producere
1813 1601 1905 1636 ca-

298 1696 517 1762 pillum;
564 1689 685 1754 sed,
738 1686 920 1754 Neque
969 1683 1084 1753 ejus
1132 1681 1442 1751 qualitatem
1483 1689 1712 1731 mutare.
1764 1675 1901 1743 Quid

293 1787 478 1855 igitur,
507 1782 550 1835 si
583 1780 722 1848 quis,
757 1777 986 1846 inquies,
1014 1775 1377 1844 jummentum
1404 1771 1601 1839 exigat,
1636 1778 1690 1821 ct
1718 1781 1902 1822 neces-

293 1878 508 1930 sitat:~m
537 1869 789 1926 inducat?
832 1867 923 1922 Dei
954 1867 1113 1919 timor
1156 1863 1474 1925 necessitate
1504 1862 1574 1914 sit
1611 1861 1899 1928 potentior.

296 1966 426 2020 Nam
469 1965 513 2019 si
547 1963 682 2018 velis
729 1953 1251 2026 hujusmodicausus
1296 1953 1553 2021 ohjicere,
1603 1951 1804 2003 nullum
1836 1965 1902 2004 ex

298 2055 578 2126 pneceptis
624 2050 889 2108 servabis.
932 2047 1064 2102 Nam
1093 2058 1144 2101 et
1191 2046 1258 2100 de
1306 2060 1474 2098 uxore
1520 2043 1760 2096 dicturus
1798 2058 1900 2097 es:

294 2147 432 2215 Quid
465 2145 644 2214 igitur,
674 2142 718 2197 si
749 2140 977 2210 litigiosa
1007 2147 1060 2191 et
1097 2145 1405 2205 sutttpluosu
1439 2135 1546 2188 sit?
1578 2133 1645 2188 Et
1667 2133 1735 2188 de
1768 2149 1902 2188 ocu-

298 2239 349 2291 lo
368 2237 558 2292 dextro
593 2252 605 2286 :
636 2231 771 2298 Quid
797 2230 977 2300 igitur,
1000 2225 1448 2295 sidiligameum,
1468 2233 1523 2278 et
1552 2222 1710 2277 urar?
1741 2222 1805 2276 Et
1833 2222 1902 2277 dc

296 2328 568 2397 impudico
594 2310 813 2395 aspectu
841 2340 854 2374 :
888 2321 1025 2386 Quid
1057 2320 1235 2390 igitur,
1271 2332 1337 2371 an
1372 2331 1587 2387 possum
1613 2332 1718 2369 nou
1745 2315 1896 2370 vide-

294 2419 393 2474 re?
423 2419 490 2472 Et
513 2417 580 2472 de
604 2417 680 2470 ira
711 2417 760 2468 in
787 2413 1002 2468 fratrem
1031 2429 1042 2463 :
1073 2410 1209 2476 Quid
1241 2409 1420 2478 igitur,
1449 2408 1492 2460 si
1518 2422 1756 2476 przeceps
1778 2408 1901 2472 sim,

294 2523 348 2565 ct
379 2513 611 2579 linguam
646 2520 828 2562 tenere
861 2520 966 2558 non
993 2501 1232 2572 possim?
1270 2501 1332 2554 Et
1362 2501 1440 2554 sic
1471 2515 1691 2568 prorsus
1721 2500 1900 2553 omnia

293 2619 452 2671 supra
483 2602 623 2655 dicta
669 2597 921 2654 cali-abis.
967 2596 1124 2664 Atqui
1169 2594 1218 2647 in
1253 2593 1456 2662 legibus
1501 2592 1748 2646 humanis
1791 2594 1904 2644 lucc

293 2691 590 2747 obtendere
637 2705 740 2741 non
785 2686 951 2750 ausis,
997 2700 1172 2754 neque
1217 2685 1419 2748 dicere,
1467 2681 1603 2748 Quid
1639 2683 1811 2752 igitur,
1858 2683 1901 2734 si

291 2787 418 2850 hoc,
462 2784 545 2838 vel
592 2782 764 2836 illud?
799 2779 891 2833 sed
942 2792 1034 2834 seu
1075 2787 1266 2846 sponte
1296 2791 1390 2828 seu
1439 2776 1634 2828 invitus
1676 2790 1737 2829 ea
1783 2789 1904 2843 qua:

291 2878 488 2946 scripta
534 2884 659 2928 sunt
697 2872 915 2941 accipis.
963 2869 1211 2936 Alioquin
1253 2878 1430 2921 autem
1479 2881 1768 2937 numquam
1797 2867 1902 2920 vim

295 2968 740 3024 necessitatemve
787 2962 1025 3030 patieris.
1082 2959 1215 3014 Nam
1246 2959 1333 3028 qui
1375 2958 1731 3012 beatitudines
1758 2957 1904 3028 prius

288 3060 597 3116 enuntiatas
621 3056 841 3116 audivit,
870 3070 933 3108 ac
953 3053 1186 3121 seipsum
1221 3053 1288 3104 itu
1319 3050 1638 3119 composuit,
1672 3057 1730 3104 ut
1748 3050 1903 3103 Chri-

291 3151 605 3220 stusjnssit,
638 3148 835 3202 nullam
865 3162 891 3197 a
924 3144 1114 3214 quovis
1143 3143 1360 3196 hmuine
1384 3142 1688 3206 hujusmodi
1716 3156 1902 3195 neces-

289 3244 503 3296 sitatem
533 3241 786 3309 patietur,
822 3251 942 3290 cum
974 3234 1044 3287 sit
1073 3233 1211 3302 apud
1240 3247 1429 3285 omnes
1461 3229 1807 3284 admirandus
1847 3241 1902 3283 et

291 3331 639 3386 honorabilis.
668 3329 754 3382 57.
789 3327 870 3380 Sit
892 3335 1057 3378 autem
1079 3339 1243 3376 ieiuno
1269 3332 1444 3385 vester,
1470 3331 1561 3382 est,
1591 3331 1899 3387 est,et.non,

290 3441 389 3476 non
424 3438 440 3475 :
471 3421 610 3489 quod
645 3428 812 3470 autem
855 3420 992 3468 ultra
1026 3414 1348 3484 adjunqitur,
1382 3429 1444 3466 ea:
1471 3413 1606 3467 malo
1643 3429 1735 3467 eu.
1764 3413 1901 3479 Quid

291 3515 446 3582 igitur
469 3523 924 3578 supervacaneum
950 3504 1073 3559 illud
1097 3516 1195 3567 est,
1219 3506 1375 3565 ultra,
1401 3503 1490 3558 Est
1511 3513 1556 3557 et
1583 3521 1684 3558 non
1702 3505 1729 3557 1’
1748 3504 1906 3559 Jura-

293 3615 554 3666 tucultttn,
585 3619 690 3655 non
713 3609 890 3654 autem
923 3597 1236 3668 perjorium.
1268 3597 1380 3652 Hoc
1397 3599 1542 3652 enim
1571 3599 1622 3651 itt
1650 3597 1902 3652 confesso

290 3705 390 3761 est,
424 3706 478 3751 et
505 3709 667 3748 nemo
692 3702 774 3748 est
799 3691 924 3760 quin
969 3690 1237 3752 didicerit,
1267 3705 1295 3741 a
1325 3689 1467 3742 malo
1492 3704 1632 3752 esse,
1663 3705 1764 3745 nec
1807 3706 1900 3744 su-

291 3800 680 3856 pcrvacaueum
727 3797 868 3846 esse,
911 3781 1002 3835 sed
1034 3782 1362 3834 contrarium
1396 3797 1409 3832 :
1444 3795 1900 3848 supervacaneum

291 3887 468 3931 autem
511 3883 615 3932 est.
644 3872 788 3942 quod
833 3871 970 3925 ultra
1001 3879 1054 3925 et
1083 3886 1203 3924 cum
1243 3869 1599 3924 redundantia
1627 3870 1899 3939 adjicitur,

293 3969 504 4038 taleque
538 3980 620 4022 est
645 3967 1029 4036 juramentum.
1072 3963 1336 4030 Quidnam
1367 3979 1499 4017 vero
1523 3962 1650 4018 dicit
1688 3979 1717 4017 a
1760 3965 1904 4018 malo

293 4065 448 4117 esse?
470 4070 528 4116 et
556 4062 600 4114 si
631 4075 659 4113 a
703 4055 845 4114 malo
871 4067 1011 4122 erat,
1035 4072 1130 4112 cur
1170 4057 1459 4124 jubebatur
1489 4057 1538 4109 in
1572 4056 1727 4126 lege?
1757 4056 1900 4124 Itlip-

293 4169 410 4208 sum
440 4154 602 4206 etiam
627 4151 695 4206 de
737 4165 902 4205 uxore
927 4149 1075 4204 dices
1101 4168 1111 4201 :
1146 4149 1255 4203 Cur
1273 4149 1382 4218 jam
1427 4148 1707 4204 forniCatio
1738 4167 1900 4218 repu—

294 4256 436 4300 tatur
481 4245 531 4299 id
575 4243 718 4312 quod
757 4244 884 4296 olim
914 4240 1363 4309 permittebatur?
1399 4239 1536 4308 Quid
1578 4241 1644 4293 ad
1674 4242 1787 4295 hzcc
1818 4242 1902 4294 di-

294 4335 521 4390 cendum
539 4335 561 4387 2
581 4334 707 4388 Hmc
728 4341 853 4386 tunc
873 4331 1013 4386 dieta
1039 4331 1201 4385 fuisse
1224 4330 1518 4385 secundum
1539 4330 1901 4385 infirmitatem

295 4442 481 4481 eorum
509 4427 600 4494 qui
624 4425 773 4493 leges
797 4422 1131 4491 accipiebant
1157 4441 1168 4474 :
1203 4437 1324 4474 nam
1358 4438 1410 4476 et
1439 4421 1628 4477 nidore
1657 4425 1901 4478 victima-

296 4535 412 4573 rum
445 4516 546 4573 coli
577 4515 851 4584 indignum
880 4512 1167 4567 admodum
1200 4513 1309 4567 Deo
1335 4523 1434 4575 est,
1471 4513 1613 4568 sicut
1642 4515 1905 4568 balhmire

299 4610 570 4680 indignum
602 4604 942 4677 philosopho.
993 4603 1328 4658 Adulterium
1358 4620 1485 4674 ergo
1522 4621 1664 4661 nunc
1693 4619 1907 4676 reputa-

299 4714 383 4756 tur
409 4699 536 4754 illud
559 4716 574 4762 ;
620 4707 675 4752 et
703 4713 732 4750 a
762 4696 906 4751 malo
933 4705 1017 4749 est
1044 4695 1244 4762 jurare,
1270 4696 1485 4765 quando
1512 4708 1664 4749 aucta
1697 4706 1755 4751 et
1781 4714 1903 4767 per-

299 4793 432 4847 fecta
479 4790 648 4842 virtus
693 4795 794 4841 est.
823 4785 878 4841 Si
921 4802 1050 4841 vero
1098 4786 1180 4840 ha:
1205 4785 1273 4838 ab
1327 4787 1476 4840 initio
1514 4787 1709 4841 diaholi
1761 4790 1904 4859 leges

301 4883 547 4945 fuissent,
579 4893 684 4931 non
716 4876 896 4946 utique
925 4885 1126 4930 tanttuu
1159 4875 1530 4946 profecissent.
1557 4877 1767 4932 Etenim
1803 4883 1903 4934 nisi

303 4974 387 5028 illa
417 4970 775 5041 punivissent.
804 4984 910 5020 non
943 4968 1014 5021 ita
1042 4965 1197 5021 facile
1222 4966 1338 5020 lucc
1366 4984 1508 5022 nunc
1531 4981 1749 5040 accepta
1778 4972 1906 5024 fuis-

301 5073 438 5119 sent.
466 5061 586 5116 Noli
628 5060 786 5130 igitur
819 5074 1004 5112 eorum
1052 5059 1327 5126 requirere
1373 5060 1644 5124 virtutem,
1693 5063 1907 5129 quando

301 5171 486 5209 eorum
525 5166 657 5206 usus
700 5150 989 5220 praeterivit
1022 5167 1034 5202 :
1080 5158 1206 5204 tunc
1234 5151 1376 5204 enim
1425 5162 1633 5222 tempus
1665 5154 1713 5208 id
1759 5165 1909 5225 pete-

304 5249 423 5310 bal;
457 5247 566 5298 imo
594 5257 744 5308 vero,
776 5242 820 5295 si
846 5241 946 5304 vis,
979 5242 1139 5295 etiam
1171 5257 1331 5296 ntmc.
1367 5243 1500 5296 Nam
1523 5261 1708 5299 eorum
1741 5249 1908 5301 virtus

305 5337 604 5391 ostenditur
655 5349 721 5386 ex
769 5348 835 5386 eo
885 5331 1000 5400 ipso
1045 5347 1150 5399 quo
1194 5333 1361 5401 magis
1408 5349 1712 5390 accusatur.
1753 5339 1905 5403 Quod

305 5430 445 5482 enim
476 5428 592 5479 haec
637 5425 760 5480 talia
792 5440 933 5478 nunc
973 5424 1273 5483 videantur.
1307 5440 1492 5480 eorum
1534 5429 1764 5481 maxima
1797 5431 1908 5482 laus

304 5531 404 5571 est.
435 5516 546 5574 Nisi
592 5517 735 5570 enim
771 5533 867 5569 nos
911 5516 1130 5584 pulchre
1166 5516 1496 5580 nutrivisset,
1527 5527 1581 5571 et
1610 5519 1674 5572 ad
1707 5520 1906 5588 majora

312 5607 619 5676 recipienda
653 5605 875 5659 idoneos
914 5605 1256 5668 reddidisset,
1296 5621 1400 5660 nou
1433 5607 1553 5660 talia
1599 5609 1898 5664 viderentur

307 5716 446 5754 esse.
498 5697 958 5766 Quemadmodum
1011 5697 1420 5757 mamilla.cum
1467 5714 1619 5751 suum
1675 5701 1910 5768 implevit

309 5793 563 5855 ol'licium,
597 5799 651 5844 ct
679 5789 743 5842 ,ιιι
786 5790 1152 5858 perfectioreut
1207 5805 1443 5843 tucttsatn
1493 5807 1622 5860 puct‘
1659 5793 1904 5860 mittitur,

1473 377 1537 432 IN
1578 372 1985 430 MATI'IDEUM
2026 373 2258 430 llOlllL.
2301 373 2466 432 XV".

3519 379 3628 436 29:!

2022 486 2240 544 demum
2264 489 2468 544 inutilis
2496 488 2730 555 videtur;
2760 499 3007 560 parentes
3034 492 3275 563 vero,qui
3305 492 3451 551 Illam
3482 512 3620 563 prius

2015 594 2185 648 puero
2218 584 2577 636 necessariam
2605 597 2730 637 esse
2755 583 3008 650 putabant
3028 625 3042 646 ,
3078 584 3225 638 mille
3252 597 3436 648 postea
3482 588 3623 643 illam

2007 655 2355 713 irrisiouibus
2382 673 2829 730 prosequuntur;
2861 663 3016 715 mtdti
3075 673 3258 717 autem
3318 679 3428 718 nou
3485 681 3608 718 ver-

2007 748 2090 801 bis
2129 750 2306 804 solum
2361 752 2510 806 illam
2547 757 2864 819 traducum,
2899 754 2994 809 sed
3024 755 3188 809 etiam
3218 756 3426 811 amaris
3459 757 3606 812 illam

2005 840 2614 913 ohlinmttungueutis;
2655 847 2782 900 utsi
2817 863 2923 900 non
2966 847 3180 917 possint
3211 849 3369 902 verba
3404 848 3609 917 impor-

2004 941 2197 986 tunum
2267 932 2594 989 huiusmodi
2644 940 2800 1008 pueri
2850 937 3104 994 aﬂectum
3155 955 3458 1003 removere,
3519 958 3606 996 res

2001 1018 2133 1088 ipsa!
2172 1018 2505 1078 desiderttttu
2557 1036 2832 1080 avertant.
2877 1029 2893 1059 ¹
2941 1029 3034 1085 Sic
3087 1030 3343 1084 Christus
3384 1046 3412 1082 a
3461 1031 3606 1083 malo

2000 1109 2114 1162 haec
2141 1124 2262 1162 esse
2292 1110 2455 1175 dixit,
2506 1127 2610 1163 non
2642 1122 2701 1163 ut
2748 1111 3062 1167 ostenderet
3103 1123 3339 1168 veterem
3368 1112 3540 1184 legem
3571 1130 3601 1167 a

1997 1199 2211 1254 diabolo
2240 1201 2521 1271 prodiisse,
2552 1203 2645 1256 sed
2675 1211 2732 1256 ut
2762 1203 3133 1259 vehementius
3154 1219 3185 1258 a
3207 1202 3374 1260 veteri
3401 1203 3607 1259 vilitate

1998 1303 2297 1349 revocaret.
2332 1293 2399 1348 Et
2432 1293 2710 1364 discipulis
2737 1295 2955 1364 quidem
3005 1295 3123 1352 haec
3149 1297 3320 1362 dicit;
3377 1298 3471 1352 sed
3513 1296 3606 1351 Ju-

1995 1385 2126 1438 dzeis
2145 1385 2375 1454 stupidis
2398 1395 2453 1440 et
2493 1387 2545 1440 iu
2580 1386 2768 1441 iisdem
2803 1388 3299 1456 perseverantibus.
3333 1403 3433 1443 ceu
3466 1406 3606 1459 quu-

1997 1478 2115 1529 dam
2140 1478 2516 1542 amaritudine,
2545 1479 2870 1550 captivitatis
2913 1490 3058 1536 metu
3091 1481 3278 1537 urbem
3329 1482 3605 1537 circumli-

1999 1570 2160 1621 nitnm
2217 1569 2546 1624 inaccessam
2594 1571 2846 1626 reddidit.
2880 1573 3011 1638 Quia
3043 1588 3171 1626 vero
3196 1587 3263 1627 ne
3290 1571 3342 1626 id
3378 1573 3597 1642 quidem

1998 1663 2166 1730 potuit
2196 1662 2341 1732 ipsos
2368 1664 2601 1717 retinere
2625 1704 2640 1725 ,
2667 1663 2761 1716 sed
2785 1680 2903 1718 eam
2928 1678 3116 1718 rursus
3144 1663 3326 1720 videre
3347 1665 3608 1733 Optabant

1995 1755 2146 1821 quasi
2174 1755 2321 1821 pueri
2354 1753 2420 1806 ad
2450 1754 2740 1806 mamillam
2785 1763 3165 1822 accurreutes,
3211 1754 3428 1810 demum
3457 1756 3606 1811 illam

1996 1842 2303 1905 occultavit,
2336 1843 2421 1897 illa
2452 1844 2563 1912 ipsa
2594 1844 2792 1908 diruta,
2825 1855 2873 1899 et
2906 1846 3175 1916 plerisque
3197 1861 3388 1901 eorum
3421 1848 3606 1917 procul

1997 1934 2243 1988 ahducuis
2283 1952 2294 1986 :
2329 1933 2781 2004 quemadmodum
2835 1935 3047 2003 plurimi
3095 1936 3326 2000 vitulos,
3357 1953 3386 1989 a
3434 1939 3610 1992 vaccis

1996 2025 2258 2080 abductos
2286 2025 2628 2095 inclusosque
2648 2068 2660 2083 .
2700 2036 2944 2095 tempore
2965 2025 3358 2094 assuefaciunt;
3391 2037 3449 2082 ut
3475 2044 3504 2081 a
3532 2028 3611 2082 la-

1995 2117 2095 2172 ctis
2118 2118 2506 2172 consuetudine
2533 2119 2846 2173 ahscedant.
2876 2118 3008 2173 Nunt
3034 2122 3078 2174 si
3109 2119 3309 2175 diaholi
3339 2132 3492 2176 vetns
3523 2122 3610 2176 lex

1997 2219 2173 2275 esset,
2221 2226 2324 2263 non
2374 2211 2441 2265 ab
2487 2210 2789 2266 idololatria
2819 2212 3125 2268 abduxisset
3151 2255 3165 2276 ,
3202 2215 3312 2268 imo
3337 2226 3524 2269 contra
3554 2216 3606 2269 in

1996 2300 2139 2356 illam
2166 2299 2491 2370 conjecisset
2525 2321 2538 2356 :
2575 2302 2624 2357 id
2675 2304 2820 2357 enim
2864 2303 3083 2358 volebat
3135 2303 3406 2359 diabolus.
3453 2305 3610 2362 Nunc

1995 2400 2174 2446 autem
2197 2393 2529 2448 contrarium
2559 2407 2780 2460 prorsus
2803 2393 3049 2448 videmus
3069 2409 3098 2446 a
3121 2395 3291 2451 veteri
3310 2397 3428 2467 lege
3443 2396 3606 2452 eflici.

2000 2483 2066 2538 Et
2090 2484 2263 2553 ipsum
2294 2501 2507 2555 quoque
2533 2486 2897 2556 jurameutum
2921 2486 3046 2542 ideo
3073 2487 3124 2540 iu
3151 2489 3317 2543 reteri
3347 2497 3606 2545 statutum

1997 2576 2113 2640 fuit,
2149 2592 2217 2631 ne
2247 2592 2343 2645 per
2374 2578 2513 2631 idola
2540 2578 2809 2646 jnrareut.
2851 2576 3068 2645 Jurate,
3102 2580 3292 2650 inquit,
3323 2598 3412 2650 per
3443 2580 3608 2635 Deum

1996 2685 2165 2723 verum
2195 2672 2335 2738 (Jer.
2362 2672 2418 2737 4,
2441 2670 2476 2723 9.
2499 2673 2535 2737 ).
2565 2669 2680 2725 Non
2711 2671 2871 2739 igitur
2897 2686 3059 2741 parva
3089 2672 3333 2740 quadam
3361 2674 3449 2729 lex
3480 2675 3612 2730 effe-

1995 2763 2088 2823 cit,
2118 2761 2213 2814 sed
2241 2775 2430 2829 magna
2466 2760 2668 2827 utique.
2701 2759 2836 2814 Nam
2878 2761 2944 2814 ad
2976 2761 3206 2816 solidum
3237 2762 3419 2818 cibum
3456 2779 3612 2820 acce-

1997 2851 2161 2913 dere,
2195 2850 2244 2904 id
2291 2851 2595 2905 Servatoris
2634 2851 2731 2904 luit
2755 2867 2911 2922 opus.
2947 2852 3086 2919 Quid
3134 2852 3332 2922 igitur?
3375 2870 3554 2910 annon
3578 2871 3611 2910 τι

2000 2944 2140 2996 malo
2162 2952 2244 2996 est
2269 2943 2486 3009 jurare?
2513 2944 2555 2996 Α
2589 2943 2732 2997 malo
2775 2951 2860 2997 est
2883 2943 3100 3013 utique;
3144 2944 3240 2999 sed
3289 2931 3433 3001 nunc
3487 2957 3614 3020 post

1999 3042 2197 3086 lttllL'tm
2231 3032 2660 3102 philosophiam;
2711 3041 2839 3088 tunc
2887 3043 3070 3089 autem
3112 3034 3354 3091 minime.
3388 3036 3455 3092 Et
3478 3054 3613 3108 quo-

1998 3123 2196 3189 modo,
2256 3123 2495 3194 inquies,
2544 3123 2775 3193 idipsum
2823 3128 2996 3195 possit
3041 3139 3163 3181 esse
3205 3141 3348 3181 nunc
3374 3127 3608 3193 bonum,

2000 3229 2142 3269 nunc
2181 3214 2403 3268 minimc
2457 3214 2694 3268 bonum?
2742 3215 2857 3285 Ego
2886 3224 3066 3271 autem
3090 3233 3122 3271 e
3148 3221 3423 3273 contrario
3450 3219 3573 3276 dico
3593 3263 3609 3288 ,

1997 3305 2270 3372 quomodo
2316 3321 2421 3359 non
2468 3306 2537 3358 sit
2579 3315 2635 3359 et
2679 3306 2876 3360 bonum
2923 3317 2979 3362 et
3021 3323 3129 3362 non
3178 3308 3415 3374 bonum,
3449 3313 3612 3367 rebus

1998 3397 2247 3451 omnibus
2274 3397 2351 3450 sic
2375 3397 2750 3461 clamantibus,
2784 3399 2989 3454 artibus
3009 3441 3024 3467 ,
3057 3400 3319 3459 fructibus
3343 3446 3356 3467 ,
3386 3406 3614 3476 aliisque

1999 3490 2295 3544 omnibus?
2321 3490 2554 3544 Primum
2588 3491 2637 3544 id
2671 3491 2852 3546 videas
2876 3493 2926 3546 in
2962 3502 3149 3548 natura
3185 3508 3369 3553 nostra
3396 3500 3612 3554 coutin-

1999 3597 2144 3651 gerc.
2176 3581 2386 3636 Gestari
2414 3584 2557 3636 enim
2587 3586 2638 3636 in
2672 3585 2840 3652 prima
2869 3595 3028 3639 aetate
3055 3586 3252 3642 bonum
3277 3601 3389 3653 est,
3425 3603 3610 3660 postea

2003 3688 2135 3727 vero
2164 3675 2524 3742 perniciosum
2550 3692 2564 3740 ;
2606 3676 2921 3745 prcemansis
2947 3675 3019 3732 uti
3047 3680 3182 3735 cibis
3212 3682 3262 3735 in
3291 3685 3466 3752 primo
3492 3687 3614 3739 vice

2003 3776 2246 3835 tempore
2278 3767 2498 3832 bonum,
2554 3780 2736 3835 postea
2787 3784 2915 3823 vero
2945 3768 3170 3827 horrore
3203 3774 3416 3844 plenutu
3439 3793 3453 3841 ;
3478 3777 3615 3833 lacte

2001 3861 2068 3912 ali
2100 3869 2154 3914 et
2198 3861 2263 3914 ad
2294 3876 2583 3914 mammam
2625 3864 2916 3932 confugere
2938 3863 3093 3919 initio
3120 3865 3249 3921 utile
3276 3877 3358 3922 est
3385 3878 3440 3923 et
3465 3871 3614 3924 salu-

2004 3960 2154 4012 tare,
2211 3961 2397 4021 postea
2446 3967 2575 4007 vero
2630 3954 2994 4021 perniciosum
3041 3963 3098 4010 et
3136 3958 3376 4013 noxium.
3426 3960 3617 4016 Viden'

2001 4041 2274 4107 quomodo
2315 4041 2518 4095 eaedem
2563 4057 2650 4096 res
2684 4045 2980 4098 secundum
3012 4056 3255 4116 tempora
3287 4049 3441 4104 bona:
3471 4054 3612 4115 sint.

2002 4141 2057 4186 et
2084 4142 2270 4202 postea
2303 4149 2407 4186 non
2432 4133 2567 4187 tales
2608 4135 2937 4204 appareant?
2960 4135 3096 4190 Nam
3137 4141 3344 4207 puerile
3394 4143 3614 4212 pallium

2003 4232 2218 4292 gestare
2250 4239 2417 4293 puero
2443 4223 2658 4293 quidem
2699 4225 3006 4291 honestum,
3059 4230 3181 4284 viro
3227 4242 3406 4286 autem
3436 4243 3614 4302 turpe.

2009 4313 2168 4368 Visne
2194 4315 2356 4368 etiam
2406 4331 2472 4368 ex
2503 4316 2790 4370 contrariis
2818 4316 3047 4382 idipsum
3073 4319 3283 4375 discere
3308 4362 3323 4388 ,
3347 4327 3619 4392 quomodo

2008 4421 2128 4472 qua:
2158 4406 2274 4458 viro
2304 4413 2619 4474 competunt
2643 4447 2657 4465 .
2686 4397 2852 4473 puero
2883 4417 3005 4476 apta
3035 4423 3140 4461 non
3174 4411 3322 4464 sint?
3348 4413 3421 4467 Da
3453 4429 3621 4482 puero

2006 4495 2224 4562 pallium
2249 4494 2423 4559 virile,
2449 4493 2573 4548 hinc
2595 4495 2855 4564 plurimus
2878 4499 3312 4571 sequetur_risus,
3338 4504 3622 4573 majusque

2009 4587 2060 4637 iu
2113 4585 2412 4639 incedendo
2436 4586 2757 4654 periculum,
2792 4588 2860 4638 ita
2895 4603 3036 4656 smpe
3066 4591 3168 4644 huc
3198 4591 3325 4646 illuc
3358 4605 3619 4650 vertetur.

2010 4676 2081 4729 Da
2105 4677 2263 4730 etiam
2290 4677 2360 4729 illi
2381 4675 2560 4728 civilia
2586 4677 2794 4744 negotia
2814 4679 3110 4743 tractanda,
3129 4682 3212 4735 vel
3236 4695 3621 4752 mercaturam,

2009 4770 2093 4824 vel
2124 4769 2338 4823 serendi
2371 4767 2714 4836 metendique
2736 4779 2928 4834 artem,
2952 4782 3005 4824 et
3028 4773 3312 4828 ridiculum
3339 4776 3439 4830 hoc
3469 4778 3619 4832 \‘itiC-

2012 4863 2174 4915 hitur.
2207 4862 2272 4915 Et
2301 4876 2397 4915 cur
2429 4861 2542 4915 hinc
2573 4861 2734 4916 dico?
2762 4862 2896 4916 Nam
2928 4864 3127 4930 czedes,
3157 4882 3316 4936 quam
3347 4869 3624 4927 inventum

2009 4967 2129 5007 esse
2148 4951 2344 5006 diaboli
2365 4953 2415 5004 in
2433 4951 2679 5005 confesso
2696 4952 2833 5021 apud
2842 4966 3034 5007 omnes
3047 4962 3152 5021 est,
3167 4949 3472 5026 opportuno
3493 4970 3629 5015 tem-

2015 5059 2143 5112 pore
2172 5042 2343 5109 facta,
2378 5042 2781 5098 interfectorem
2816 5042 3076 5099 Phineem
3105 5048 3390 5104 sacerdotii
3422 5050 3628 5106 honore

2011 5134 2285 5188 decoravit
2336 5132 2534 5204 (Num.
2590 5133 2716 5205 25).
2757 5133 2910 5200 Quod
2957 5137 3099 5189 enim
3153 5138 3330 5194 caedes
3377 5142 3447 5194 sit
3494 5157 3626 5212 Opus.

2015 5227 2208 5281 diaholi
2233 5267 2247 5286 .
2293 5227 2413 5280 audi
2456 5225 2728 5296 quomodo
2770 5226 2918 5281 dicat
2967 5228 3124 5294 ipse:
3168 5228 3267 5282 Vos
3294 5248 3450 5298 opera
3472 5235 3633 5300 patris

2016 5320 2165 5373 vestri
2183 5319 2333 5372 vultis
2357 5321 2523 5385 facere
2544 5318 2664 5371 :ille
2691 5320 2948 5372 homicida
2967 5329 3072 5372 erat
3098 5338 3130 5372 α
3158 5322 3408 5392 principio
3435 5321 3630 5391 (Joau.

2019 5414 2070 5464 8.
2095 5411 2183 5463 41.
2213 5410 2282 5463 44
2305 5413 2345 5475 ).
2377 5409 2482 5462 Sed
2513 5409 2776 5463 homicida
2806 5409 2905 5464 fuit
2931 5410 3092 5465 etiam
3119 5411 3371 5477 Phiuces,
3397 5410 3462 5464 Et
3479 5429 3630 5482 repit.

2092 5609 2104 5637 ¹
2143 5604 2434 5668 His-verbis
2475 5613 2638 5655 notam
2683 5608 3050 5656 arithmeticam
3095 5608 3126 5654 6
3161 5608 3444 5668 pra-fixerat
3491 5606 3627 5654 Mon-

2030 5667 2344 5731 tefalconius.
2380 5668 2492 5731 hinc
2516 5682 2776 5731 perperam
2813 5682 2989 5717 novum
3013 5667 3214 5716 ordiens
3247 5676 3626 5731 paragraphmu.

2033 5728 2142 5777 Non
2217 5728 2533 5792 tolerandum
2582 5728 2674 5779 hoc
2718 5731 2989 5790 upodosuos
3038 5747 3061 5778 a
3115 5728 3302 5792 prensi
3359 5728 3629 5779 diwrtuuu

2033 5793 2367 5839 correximus.
2404 5791 2538 5840 HntT.
