4050 6432
436 415 483 451 ζ’
509 425 539 453 ,ι

437 526 590 565 totum
640 521 708 562 est
764 511 810 562 ei
840 507 906 559 ad
957 501 1200 568 iustitiam
1256 493 1440 567 (Paul.
1493 488 1619 548 105,
1656 484 1798 553 3|),
1827 479 2014 548 inquit.

438 601 702 655 Abraham
731 613 858 652 vero
890 611 994 649 non
1019 587 1284 645 homicida
1313 585 1485 637 solum
1506 622 1520 638 ,
1571 577 1664 633 scd
1713 576 1871 628 etiam
1927 568 2014 620 ﬁlii

439 694 750 748 interfector
793 689 997 749 factus,
1050 680 1191 751 quod
1239 677 1388 746 pejus
1419 679 1562 723 erat.
1597 667 1673 721 sic
1700 662 1868 731 magis
1909 660 2020 711 Deo

441 783 654 855 placuit.
690 782 878 835 Petrus
905 792 1032 830 vero
1081 769 1340 836 duplicem
1371 759 1570 816 easdem
1604 756 1722 810 fecu
1742 794 1757 817 ,
1788 759 2018 802 attamen

438 838 712 942 spirituale
756 879 867 924 erat
921 866 969 918 id
1002 860 1139 931 quod
1181 857 1372 910 factum
1403 849 1526 918 est(
1556 847 1666 899 Act.
1688 844 1778 912 5).
1809 838 1885 894 Ne
1917 840 2019 890 ita-

439 983 542 1035 que
571 962 883 1032 simpliciter
913 971 999 1010 res
1030 950 1416 1009 examinemus,
1469 941 1560 996 sed
1612 941 1770 992 etlam
1814 942 2022 998 tempus

449 1069 503 1111 et
532 1068 744 1108 causam
773 1060 827 1104 et
848 1047 1172 1101 voluntatem
1201 1046 1253 1092 et
1277 1046 1623 1106 personarum
1649 1021 2022 1085 differentiam,

438 1158 490 1200 ct
523 1147 608 1199 illa
656 1142 834 1197 omnia
874 1153 993 1208 qua:
1037 1149 1140 1187 una
1183 1133 1509 1186 concurrunt
1553 1127 1798 1175 accurate
1839 1111 2024 1181 explo-

443 1252 620 1290 tentus
675 1252 688 1288 :
747 1204 921 1299 neque
989 1225 1130 1282 enim
1193 1228 1364 1290 potest
1413 1216 1612 1268 veritas
1662 1209 1767 1263 alio
1839 1204 2023 1271 attingi

441 1324 1106 1388 tomlo:studcamnsqne,
1158 1316 1202 1368 si
1247 1312 1468 1365 velimus
1521 1316 1742 1374 regnum
1791 1297 2022 1365 assequi.

442 1610 640 1653 tantmn
666 1605 902 1650 veterum
937 1587 1339 1660 perveniamus,
1368 1589 1517 1634 extra
1541 1575 1722 1630 limina
1749 1571 2025 1625 stabimus.

444 1690 703 1743 Nisicnim
726 1681 1048 1738 abundaverit
1069 1675 1270 1750 justitia
1300 1680 1459 1725 vestra
1491 1669 1606 1736 plus
1648 1679 1798 1731 quam
1843 1659 2031 1713 scriba-

444 1799 550 1833 rum
581 1789 626 1832 et
653 1777 1052 1834 lerisreorum,
1079 1783 1175 1820 non
1201 1761 1449 1817 iutrabitis
1479 1759 1528 1811 in
1559 1770 1770 1826 regnum
1789 1751 2030 1805 caelorum

445 1871 654 1942 (Matth.
766 1865 891 1934 9.0).
927 1865 1172 1915 Attamen
1205 1862 1322 1925 post
1348 1845 1818 1906 comminationem
1850 1840 2032 1907 hujus-

446 1932 589 2016 inodi
621 1932 992 2027 quidam-sunt
1019 1950 1106 2018 qui
1139 1962 1242 2001 non
1275 1943 1433 1998 modo
1458 1937 1718 2010 justitiam
1753 1932 1893 1986 illam
1925 1943 2032 1981 non

445 2059 722 2122 superant,
766 2046 858 2102 sed
911 2046 1065 2110 longe
1122 2047 1242 2108 pest
1287 2036 1430 2088 illam
1484 2029 1876 2094 relinquuntur.
1919 2018 2030 2073 Non

446 2108 605 2198 modo
633 2141 772 2194 enitn
817 2108 1115 2204 juramcnta
1167 2143 1272 2181 non
1300 2124 1523 2193 fugiunt.
1568 2116 1661 2172 sed
1693 2113 1852 2168 etiam
1886 2108 2031 2177 peje-

448 2245 602 2298 rant;
628 2249 730 2286 non
763 2228 919 2283 modo
965 2220 1289 2292 impudicum
1321 2221 1595 2282 aspectum
1620 2222 1725 2260 non
1757 2202 2032 2263 devitant,

447 2326 540 2379 sed
565 2325 723 2376 etiam
759 2320 808 2371 in
856 2317 1027 2384 ipsmn
1061 2321 1265 2378 turpem
1292 2315 1467 2359 actum
1501 2303 1803 2369 proruunt,
1832 2292 2037 2359 aliaque

446 2414 624 2467 omnia
670 2407 932 2480 prohibita
956 2405 1173 2470 impune
1221 2396 1643 2452 audentzunum
1687 2393 1889 2438 tantum
1944 2394 2039 2434 ex~

447 2471 751 2575 spec-tonics
777 2495 1018 2565 supplicii
1047 2492 1187 2547 diem
1208 2531 1223 2553 ,
1248 2485 1460 2557 quando
1492 2495 1587 2551 pro
1611 2476 1902 2534 sceleribus
1930 2471 2040 2525 suis

449 2609 724 2654 extremas
751 2593 952 2646 dabunt
994 2597 1177 2655 ptenas
1209 2598 1223 2633 :
1256 2577 1396 2648 quod
1439 2588 1604 2632 unum
1639 2567 1925 2636 repositum
1959 2571 2040 2616 est

452 2696 514 2745 iis
535 2691 620 2759 qui
644 2690 693 2741 in
719 2681 948 2752 nequitia
969 2679 1127 2730 vitam
1149 2673 1368 2727 obeunt.
1399 2667 1472 2720 De
1498 2664 1601 2716 illis
1625 2661 1818 2729 quippe
1840 2655 2037 2723 despe-

452 2755 670 2835 randum
697 2785 800 2839 est,
831 2783 883 2828 et
913 2769 1040 2824 nihil
1069 2764 1211 2819 aliud
1242 2755 1688 2829 exspectandum,
1730 2763 1891 2819 quam
1916 2760 2044 2813 sup-

451 2872 685 2942 plicium.
708 2865 806 2933 Qui
832 2861 976 2917 enim
998 2858 1084 2911 hic
1103 2855 1276 2908 adlmc
1302 2853 1610 2916 supersunt,
1645 2840 1799 2896 facile
1822 2842 2044 2906 possunt

455 2974 508 3017 ct
530 2970 783 3033 pugnare,
815 2962 869 3007 et
899 2951 1134 3010 vincere,
1166 2954 1218 2998 et
1254 2937 1520 2995 coronari.

523 3018 575 3103 ἦ.
603 3018 824 3101 ῘῙονηΙίε
845 3038 1129 3096 exhortatio
1171 3034 1233 3087 de
1256 3027 1538 3097 ableganda
1575 3018 1930 3076 consuetudine
1953 3019 2046 3091 ju-

453 3141 620 3197 randi.
650 3137 828 3189 Pram'
845 3127 1217 3186 consuetudinis
1243 3117 1563 3177 climinandw
1585 3108 1934 3167 modus.—Ne
1952 3109 2048 3161 ita-

457 3248 556 3304 que
570 3227 838 3289 concidas,
855 3224 924 3276 mi
944 3224 1123 3284 homo,
1140 3230 1310 3285 neque
1328 3213 1519 3265 bonam
1551 3207 1691 3260 illam
1717 3203 2044 3256 alacritatem

1474 3302 1479 3304 _
1775 3287 1785 3298 .
1816 3285 1913 3304 7.__,
1939 3293 2023 3304 ____

456 3285 684 3370 :itnittas.
732 3310 910 3379 Neque
935 3304 1076 3358 enim
1099 3312 1325 3354 onerosa
1364 3302 1488 3347 sunt
1525 3306 1586 3344 ea
1619 3305 1736 3358 qu:e
1770 3285 2044 3354 jnbentur.

456 3401 606 3464 Quis,
653 3373 854 3463 qum-so,
886 3391 1035 3444 labor
1063 3388 1112 3439 in
1138 3382 1349 3437 vitando
1372 3373 1709 3446 juramento?
1738 3385 1862 3423 num
1891 3383 2049 3435 pecu-

461 3493 666 3545 uiarum
701 3489 936 3552 impensa
967 3478 1090 3533 est?
1119 3492 1242 3530 nunt
1272 3471 1434 3528 sudor
1454 3477 1508 3523 et
1539 3463 1819 3520 aerumna?
1848 3459 2054 3515 Sufficit

460 3594 662 3638 tantum
694 3579 854 3640 velle,
885 3583 940 3629 et
967 3581 1135 3626 totum
1165 3567 1353 3621 factum
1377 3571 1476 3617 est.
1507 3560 1563 3614 Si
1606 3571 1733 3610 vero
1762 3563 2051 3609 consuetu-

460 3679 638 3729 dinem
679 3670 812 3726 mihi
846 3665 1087 3736 objicias,
1117 3661 1187 3715 ob
1229 3659 1330 3711 hoc
1358 3657 1528 3723 ipsum
1571 3649 1803 3704 maxime
1829 3645 1950 3700 dico
1978 3643 2054 3697 fa-

461 3768 614 3822 cilem
663 3776 783 3817 esse
813 3753 1271 3815 emendationem.
1301 3746 1433 3799 Nam
1476 3741 1520 3796 si
1549 3743 1600 3794 in
1645 3739 1800 3791 aliam
1832 3745 1884 3788 te
1923 3748 2053 3786 cou-

463 3853 793 3910 snetudinem
839 3841 1148 3900 transferas,
1191 3838 1303 3906 jam
1328 3843 1495 3887 totum
1528 3826 1818 3898 perfecisti.
1870 3821 2051 3892 Cogita

466 3949 605 4002 enim
638 3941 834 3997 multos
861 3934 998 4007 apud
1019 3931 1240 4001 gentiles
1263 3940 1404 3988 esse,
1427 3922 1516 3990 qui
1541 3918 1678 3972 balbi
1705 3931 1824 3971 cum
1852 3920 2051 3977 essent,

468 4040 634 4094 multo
662 4032 836 4087 studio
867 4024 1218 4081 olfeudentem
1245 4018 1476 4085 linguam
1506 4016 1889 4068 correxerunt;
1922 4004 2054 4056 alios

469 4133 556 4202 qui
594 4144 714 4183 cum
767 4125 1017 4177 lunneros
1049 4116 1353 4183 frequenter
1382 4116 1437 4160 et
1466 4104 1771 4156 indecenter
1797 4098 2057 4166 agitarent

473 4186 855 4283 movercnlque
881 4252 894 4268 ,
924 4206 1163 4277 apposito
1193 4199 1371 4271 gladio
1390 4236 1405 4259 ,
1433 4193 1626 4247 dehinc
1653 4190 1720 4242 ab
1769 4189 1868 4239 hoc
1894 4186 2056 4239 absti-

473 4318 719 4368 nuerunt.
743 4306 876 4374 Quia
911 4300 1051 4356 enim
1083 4287 1370 4360 Scripturis
1397 4300 1503 4339 non
1531 4277 1910 4347 obtemperatis
1935 4316 1948 4337 ,
1993 4275 2061 4326 ab

474 4412 812 4458 externorum
844 4387 1101 4456 exemplis
1125 4397 1220 4437 vos
1244 4379 1533 4433 admonere
1557 4386 1739 4440 Cogor.
1766 4367 1876 4422 Hoc
1897 4365 2056 4420 etiam

478 4495 616 4548 Deus
641 4487 839 4545 ludatis
867 4480 1091 4536 faciebat
1120 4476 1202 4528 bis
1222 4470 1397 4526 verbis
1425 4487 1436 4521 :
1466 4466 1610 4519 Abite
1649 4464 1702 4514 in
1730 4461 1921 4514 insulas
1942 4458 2059 4511 (Ibe-

480 4587 607 4646 tiim,
636 4591 682 4634 et
709 4579 759 4631 in
801 4574 960 4629 (Seddr
982 4568 1157 4622 mittite
1179 4580 1196 4617 :
1217 4551 1270 4616 iet
1300 4561 1471 4613 discite
1495 4558 1537 4610 si
1569 4551 1868 4607 mutaverint
1894 4558 2060 4618 gentes

481 4639 606 4730 deos
625 4687 742 4725 suos
773 4685 790 4722 :
817 4677 860 4720 et
888 4663 983 4731 ipsi
1009 4676 1105 4713 non
1150 4665 1267 4708 sunt
1313 4651 1382 4704 dii
1412 4647 1560 4718 (Jer.
1587 4645 1642 4699 ἓ.
1672 4642 1760 4697 10.
1790 4642 1847 4694 Η
1878 4640 1917 4708 ).
1950 4639 2061 4690 lmo

483 4729 545 4820 ad
575 4729 1121 4819 irrationabiliasatpe
1149 4745 1343 4806 mittit,
1379 4739 1563 4794 dicens
1595 4753 1609 4791 :
1652 4733 1789 4786 Vade
1839 4730 1907 4784 ad
1951 4729 2061 4798 for-

486 4857 687 4913 micam,
716 4850 875 4918 piger,
904 4853 951 4897 et
989 4837 1230 4894 (circulare
1269 4834 1375 4886 vias
1404 4830 1534 4899 ejus,
1564 4835 1609 4878 et
1651 4822 1774 4876 vade
1812 4820 1878 4873 ad
1916 4833 2062 4884 apem

483 4909 877 5012 (Provif'ie'li).
931 4933 1041 4985 Iloc
1089 4929 1264 4995 itaque
1290 4930 1344 4975 et
1391 4932 1490 4988 ego
1518 4928 1659 4969 nunc
1702 4911 1850 4964 vobis
1896 4909 2059 4962 dico:

483 5029 830 5087 Considerate
869 5022 1172 5078 Cra‘corum
1220 5007 1584 5083 phiIOSOphos,
1628 5012 1682 5059 et
1731 5013 1851 5055 tunc
1884 4998 2062 5052 scietis

486 5132 684 5196 quanto
723 5119 823 5171 sint
855 5113 996 5182 digiti
1026 5106 1288 5177 supplicio
1317 5103 1350 5156 ii
1373 5101 1460 5170 qui
1492 5097 1698 5151 divinas
1724 5093 1866 5162 leges
1893 5100 2061 5143 trans-

488 5181 799 5281 grediuntur
829 5224 841 5259 :
874 5218 991 5258 cum
1036 5200 1109 5254 illi
1164 5211 1258 5266 pro
1287 5192 1514 5246 humana
1546 5187 1646 5240 hac
1685 5184 1958 5237 honestate
1985 5181 2062 5233 la-

490 5307 650 5359 bores
674 5301 980 5353 innumeros
1004 5287 1340 5359 pertulerint,
1373 5296 1467 5335 vos
1493 5294 1619 5332 vero
1641 5291 1709 5329 ne
1731 5287 1824 5342 pro
1845 5271 2069 5324 caelesti-

494 5395 592 5447 bus
616 5390 827 5460 quidem
847 5383 1001 5438 bonis
1019 5383 1034 5413 ¹
1058 5392 1235 5448 parem
1251 5373 1504 5429 exhibere
1525 5365 1851 5436 diligentiam
1873 5359 2064 5413 velitis.

494 5484 548 5539 Si
604 5493 761 5550 porro
808 5483 926 5545 post
988 5471 1099 5524 ba-c
1138 5466 1372 5527 dixeris,
1425 5475 1582 5530 posse
1630 5450 2067 5510 consuetudinem

492 5572 807 5639 intercipere
836 5569 993 5622 etiam
1021 5563 1139 5616 illos
1163 5560 1252 5624 qui
1296 5554 1580 5610 admodum
1631 5548 1730 5603 sibi
1770 5553 1986 5606 cavent,
2020 5541 2068 5594 id

496 5667 651 5722 etiam
682 5677 778 5731 ego
807 5659 1007 5715 fateor;
1039 5669 1200 5706 unum
1224 5649 1274 5702 id
1308 5647 1498 5716 adjicio
1529 5663 1538 5697 :
1566 5653 1621 5696 ut
1651 5640 1805 5694 facile
1829 5631 2074 5701 intercipi

567 5839 579 5868 ¹
618 5834 730 5892 Alii,
753 5845 808 5881 nc
829 5847 920 5895 pro
943 5830 1073 5884 cretis
1094 5825 1299 5888 quidem.

453 403 483 430 "
509 403 539 440 '-
1180 386 1232 440 S.
1274 377 1550 436 JUANNIS
1587 361 2057 428 CIIIHSUSlUMI
2101 355 2414 410 AllUlllEl‘.
2460 343 2995 406 CONSTANTINOP.

3612 339 3713 391 :l'i't

2127 479 2277 540 potos
2303 509 2316 530 ,
2355 467 2421 518 ita
2465 463 2617 517 facile
2643 468 2795 528 potes
2827 466 2877 510 te
2903 451 3214 511 emendare.
3255 449 3308 505 Si
3352 449 3495 503 enim
3526 447 3719 500 multos

2129 562 2221 613 tibi
2245 559 2387 612 domi
2410 553 2658 610 custodes
2689 559 2913 612 statuas,
2947 560 3162 600 servum
3185 542 3449 601 videlicet,
3476 555 3718 596 uxorem,

2127 653 2376 714 amicum,
2409 650 2475 703 ab
2504 644 2750 700 omnibus
2785 643 2966 711 pulsus
2998 649 3157 708 atque
3205 637 3465 708 agitatus,
3513 632 3665 685 facile
3693 647 3720 681 a

2131 759 2294 813 prava
2347 736 2728 794 (τιιιιειιριιιιιίιιθ
2758 732 3005 786 absistcs.
3055 730 3110 782 Si
3143 743 3238 796 per
3283 725 3466 780 decem
3512 722 3628 776 dies
3654 721 3724 773 ita

2127 832 2333 904 agendo
2382 841 2726 898 perseveres,
2777 837 2878 874 non
2934 820 3036 873 erit
3089 818 3428 870 diuturniore
3482 822 3726 878 tempore

2130 939 2296 993 opus;
2321 921 2412 975 sed
2447 919 2536 971 tibi
2567 931 2651 969 res
2694 915 2744 966 in
2793 923 2905 964 Iulo
2937 910 3104 980 posita
3136 908 3237 962 erit
3263 947 3276 970 ,
3321 902 3728 958 COﬂSllelldllltS

2132 1014 2345 1082 οιιιὶιιὶζιέ
2370 1010 2617 1064 firmitate
2637 1006 2745 1072 jam
2772 1002 2975 1055 radices
3008 1000 3275 1052 mittente.
3304 995 3434 1048 Cum
3465 1007 3592 1062 ergo
3615 1005 3730 1044 eos-

2135 1105 2277 1172 peris
2305 1103 2353 1155 id
2385 1099 2675 1167 corrigere,
2709 1093 2916 1147 etiamsi
2950 1089 3114 1144 semel
3144 1095 3233 1140 aut
3255 1087 3335 1140 bis
3353 1085 3524 1153 legem
3557 1094 3729 1135 trans-

2138 1194 2417 1264 grediaris,
2449 1188 2656 1245 etiamsi
2691 1196 2771 1239 ter
2797 1184 3131 1252 vigesiesque
3151 1220 3164 1240 ,
3195 1193 3261 1232 ne
3307 1175 3564 1243 desperes
3597 1192 3609 1227 :
3635 1173 3729 1226 sed

2136 1302 2370 1354 resurgo,
2417 1281 2767 1347 eamdemque
2793 1291 2975 1331 curam
3003 1272 3233 1340 suscipe,
3269 1270 3530 1340 planeque
3559 1280 3722 1333 supe-

2136 1379 2295 1434 rabis.
2331 1377 2509 1445 Neque
2535 1374 2675 1428 enim
2707 1373 2822 1425 leve
2842 1370 3038 1422 malum
3059 1376 3135 1419 est
3161 1363 3474 1434 perjurium.
3497 1359 3551 1414 Si
3584 1359 3729 1413 enim

2131 1473 2311 1540 jorare
2339 1485 2366 1522 a
2411 1468 2552 1520 mala
2582 1475 2685 1525 est,
2717 1463 2958 1532 pcjerare
2987 1467 3188 1526 quanto
3214 1453 3475 1523 supplicio
3500 1451 3602 1506 erit
3631 1449 3731 1503 ob-

2137 1561 2387 1617 noxium?
2416 1559 2539 1613 Hinc
2567 1557 2704 1611 dicta
2739 1549 3027 1606 laudastis?
3054 1547 3158 1603 Sed
3183 1545 3479 1616 plausibus,
3503 1541 3733 1595 tmnnltu

2136 1666 2188 1709 et
2215 1655 2391 1707 SOIlilll
2419 1665 2524 1703 non
2553 1661 2688 1715 opus
2718 1653 2797 1697 est
2843 1640 2994 1694 mihi.
3029 1638 3201 1693 Unum
3256 1635 3376 1688 volo
3414 1643 3644 1694 tantum,
3678 1640 3736 1683 nt
3790 1622 3792 1624 ’

2137 1761 2259 1798 cum
2285 1742 2462 1810 quiete
2492 1749 2546 1792 et
2569 1734 2743 1805 sagaci
2769 1731 3064 1786 attentione
3093 1742 3210 1795 qua:
3240 1726 3488 1778 dicuntur
3515 1722 3736 1775 audien-

2141 1844 2250 1897 tes,
2301 1832 2438 1885 dicta
2472 1823 2861 1895 exsequamini.
2910 1819 3021 1873 lloc
3067 1816 3193 1870 mihi
3226 1815 3442 1884 plausus
3479 1822 3535 1866 et
3563 1811 3736 1865 laudis

2140 1928 2258 1981 loco
2281 1932 2380 1976 est.
2405 1921 2459 1976 Si
2487 1933 2614 1974 vero
2635 1931 2697 1971 ea
2724 1930 2842 1984 quae
2860 1912 3110 1965 dicuntur
3130 1908 3338 1972 audias,
3363 1914 3418 1960 et
3443 1919 3549 1959 non
3573 1903 3738 1957 facias

2140 2034 2197 2069 ea
2231 2031 2348 2084 qua:
2377 2012 2578 2074 laudas,
2613 2008 2784 2076 majus
2813 2005 2914 2058 erit
2958 2001 3297 2069 supplicium,
3345 1996 3553 2065 gravior
3575 2008 3735 2047 accu-

2140 2110 2276 2163 satio
2300 2149 2314 2168 ,
2345 2106 2601 2170 uobisque
2629 2100 2797 2170 pudor
2824 2107 2877 2151 et
2907 2095 3103 2149 irrisio.
3141 2091 3256 2145 Non
3299 2091 3438 2141 enim
3470 2090 3736 2140 theatrum

2140 2212 2264 2255 sunt
2294 2199 2444 2259 lucc,
2471 2210 2576 2249 non
2614 2189 2883 2260 tragtedos
2935 2199 3076 2240 nunc
3132 2183 3405 2250 spectatis,
3461 2188 3518 2231 ut
3563 2178 3737 2231 solum

2144 2289 2424 2362 plaudatis.
2469 2281 2826 2352 Magisterium
2853 2286 2935 2331 est
2962 2275 3049 2329 hic
3074 2270 3367 2341 spirituale.
3396 2267 3734 2336 Quap:‘0pl-'I‘

2144 2397 2310 2436 unum
2337 2378 2571 2433 studium
2599 2383 2701 2435 est,
2731 2380 2786 2424 ut
2811 2383 2928 2438 quze
2949 2367 3200 2419 dicuntur
3220 2375 3382 2429 opere
3401 2356 3738 2424 complealis,

2147 2481 2201 2527 et
2256 2467 2622 2525 obedientiam
2671 2462 2836 2532 gestis
2884 2453 3336 2512 commonstretis.
3399 2449 3547 2503 Tunc
3597 2448 3742 2501 enim

2147 2565 2322 2618 omnia
2349 2555 2622 2625 assequuti
2642 2555 2843 2608 erimus
2873 2565 2888 2600 :
2928 2558 2982 2600 at
3008 2561 3147 2599 nunc
3175 2558 3311 2613 pene
3338 2541 3630 2608 desperare.
3649 2553 3741 2591 co-

2145 2671 2259 2725 gor.
2290 2652 2420 2707 Nam
2443 2659 2495 2704 et
2522 2646 2765 2717 privatim
2795 2657 2890 2698 eos
2913 2681 2926 2703 ,
2959 2640 3047 2708 qui
3080 2651 3166 2690 me
3187 2639 3580 2696 convenerunt,
3628 2628 3743 2681 ha-c

2149 2759 2369 2801 monere
2400 2756 2504 2794 non
2549 2735 2776 2796 cessavi,
2807 2741 2862 2786 et
2892 2730 3040 2784 \obis
3079 2728 3131 2779 in
3162 2738 3444 2779 connnunc
3468 2721 3741 2788 loquutus,

2151 2837 2282 2891 nihil
2313 2847 2488 2888 tamen
2519 2829 2643 2882 hinc
2682 2826 2883 2880 fructus
2913 2823 3170 2874 hactenus
3203 2822 3511 2884 perceptum
3539 2811 3694 2863 video
3728 2826 3740 2859 :

2153 2928 2247 2983 sed
2270 2941 2364 2980 vos
2391 2922 2575 2993 primis
2589 2917 2763 2972 adhuc
2779 2911 3062 2968 clementis
3087 2908 3355 2962 merentes
3375 2917 3537 2958 cerno
3561 2918 3577 2957 :
3599 2901 3744 2971 quod

2152 3031 2283 3071 sane
2311 3011 2600 3067 maximum
2655 3012 2834 3075 potest
2884 2999 3096 3055 docenti
3145 2995 3413 3050 fastidium
3463 3005 3744 3061 generare.

2155 3107 2287 3161 Vide
2307 3105 2466 3174 igitur
2485 3112 2536 3155 et
2552 3098 2773 3154 Paulum
2799 3093 2850 3147 id
2875 3092 3099 3145 moleste
3123 3088 3403 3148 ferentem,
3426 3083 3567 3153 quod
3595 3081 3747 3136 audi-

2155 3213 2296 3257 tores
2323 3196 2488 3249 multo
2508 3201 2750 3260 tempore
2777 3188 2827 3240 in
2853 3185 3030 3254 priore
3051 3179 3345 3248 disciplina:
3373 3175 3536 3245 gradu
3561 3188 3745 3227 mane-

2155 3300 2292 3346 rent.
2329 3287 2464 3341 Num
2490 3299 2600 3337 cum
2623 3277 2895 3339 deberetis,
2925 3273 3119 3342 inquit,
3151 3268 3378 3339 magistri
3412 3282 3518 3320 esse
3543 3273 3748 3336 prapter

2157 3393 2380 3448 tempus,
2428 3389 2629 3429 rursum
2674 3367 2910 3437 indigetis
2939 3375 2993 3417 ut
3015 3363 3294 3417 doreamini
3319 3361 3359 3416 ‘,
3382 3373 3613 3426 quianam
3642 3358 3747 3410 ele-

2158 3445 2324 3525 menta
2339 3469 2438 3521 sint
2457 3459 2693 3536 principii
2717 3455 2962 3510 sermonis
2987 3452 3080 3504 Dei
3103 3448 3289 3518 (Hebr.
3319 3448 3371 3502 5.
3402 3447 3517 3515 12).
3541 3445 3666 3500 Ideo
3687 3456 3743 3500 et

2159 3581 2258 3618 nos
2275 3565 2514 3631 lugemus
2530 3550 2913 3624 etplangimus.
2942 3545 3020 3599 Ac
3041 3544 3084 3597 si
3110 3550 3517 3612 perseverantes
3547 3552 3642 3591 vos
3665 3538 3745 3590 vi-

2159 3659 2312 3721 dero,
2335 3668 2428 3706 vos
2445 3647 2659 3704 demum
2675 3653 2948 3697 sacrorum
2974 3635 3213 3689 liminum
3237 3631 3378 3685 aditu
3404 3629 3738 3692 interdicam,

2163 3761 2260 3801 nec
2309 3759 2412 3796 non
2457 3733 2859 3807 participatione
2896 3724 3273 3782 immortalium
3331 3720 3749 3791 mysteriorum,

2161 3831 2605 3908 quemadmodum
2631 3825 3004 3884 fornicatores,
3034 3816 3328 3878 adulteros,
3357 3823 3409 3865 et
3441 3825 3533 3866 eos
3561 3814 3652 3879 qui
3680 3811 3748 3863 de

2160 3926 2394 3983 cmdibus
2417 3928 2752 3974 accusantur.
2796 3911 2983 3966 Melius
3007 3920 3235 3975 namque
3264 3914 3344 3958 est
3375 3918 3497 3956 cum
3544 3901 3751 3956 duobus

2161 4020 2244 4072 vel
2277 4015 2445 4070 tribus
2485 4012 2627 4077 leges
2679 4004 2768 4058 Dei
2814 3995 3222 4056 observantibus
3243 4001 3528 4048 consuetas
3557 3992 3752 4044 afferre

2164 4122 2371 4180 preces,
2420 4116 2576 4171 quam
2615 4107 2810 4150 coetum
2855 4102 3180 4158 congregare
3211 4083 3611 4153 improborum,
3659 4079 3751 4150 qui

2164 4211 2386 4256 caeteros
2413 4195 2779 4258 corrumpunt.
2821 4183 2898 4238 Ne
2922 4181 3042 4250 quis
3062 4179 3232 4241 dives,
3259 4192 3326 4230 ne
3355 4175 3475 4245 quis
3499 4189 3530 4228 e
3555 4175 3752 4243 primo-

2167 4292 2312 4346 ribus
2336 4289 2566 4346 infletur,
2596 4281 2675 4333 vel
2709 4272 2990 4345 supercilia
3016 4268 3244 4323 attollat.
3272 4267 3396 4319 llzcc
3417 4265 3593 4318 omnia
3625 4263 3755 4318 mihi

2167 4381 2338 4436 fabula
2369 4387 2511 4439 sunt,
2545 4371 2729 4425 umbra
2757 4377 2812 4422 et
2839 4363 3130 4419 somnium.
3155 4357 3344 4413 Nullus
3370 4357 3514 4411 enim
3540 4371 3752 4416 eorum,

2166 4474 2250 4542 qui
2286 4484 2424 4524 nunc
2450 4460 2812 4534 epuleutiores
2833 4464 2977 4517 sunt,
3000 4451 3129 4506 mihi
3155 4461 3279 4502 tunc
3304 4447 3745 4516 patrocinabitur,

2167 4579 2284 4617 cum
2314 4562 2602 4614 accusabor
2631 4564 2685 4608 et
2706 4552 2940 4604 rationes
2965 4545 3094 4598 dare
3118 4556 3298 4611 cogar,
3331 4538 3472 4609 quod
3502 4555 3605 4592 non
3633 4553 3756 4593 cum

2168 4657 2345 4711 debita
2374 4648 2706 4706 vehementia
2736 4645 2880 4713 leges
2903 4639 2995 4694 Dei
3025 4633 3428 4691 vindicaverim.
3455 4632 3566 4686 Hoc
3589 4633 3755 4699 enim,

2170 4749 2270 4802 hoc
2299 4757 2444 4800 certe
2466 4738 2836 4796 admirandum
2867 4732 3014 4786 illum
3046 4743 3228 4782 senem
3256 4768 3270 4792 ,
3301 4724 3418 4780 Heli
3449 4724 3590 4788 dico,
3633 4739 3757 4794 per-

2168 4840 2324 4903 didit,
2351 4837 2449 4891 etsi
2479 4824 3002 4902 irreprebensibilem
3028 4821 3252 4875 duxerat
3278 4819 3442 4870 vitam
3473 4835 3484 4871 :
3521 4825 3756 4870 attamen

2169 4934 2314 5004 mnia,
2344 4944 2464 4983 cum
2493 4924 2829 4980 conculcatus
2873 4914 2968 4969 Dei
2997 4913 3142 4980 leges
3164 4908 3390 4971 videret,
3419 4908 3472 4962 id
3500 4907 3756 4976 neglexit,

2170 4996 2292 5079 dum
2322 5022 2442 5076 filiis
2464 5016 2679 5089 punitus
2710 5019 2813 5072 est,
2861 5016 2914 5061 et
2951 5017 3112 5074 grave
3140 5000 3460 5069 supplicium
3489 4999 3670 5051 subiit.
3702 4996 3756 5051 SI

2171 5127 2346 5174 autem
2375 5112 2463 5166 ubi
2498 5116 2640 5163 tanta
2677 5111 2881 5158 natura:
2925 5095 3169 5168 tyrannis
3195 5099 3349 5156 erat,
3399 5093 3473 5154 is,
3515 5089 3601 5158 qui
3652 5104 3758 5141 non

2172 5207 2346 5279 debita
2397 5199 2680 5257 severitate
2715 5207 2836 5248 cum
2868 5189 2990 5242 ﬁliis
3030 5186 3141 5239 suis
3184 5192 3266 5238 est
3291 5195 3440 5245 usus,
3473 5180 3544 5234 ita
3569 5193 3760 5248 grach

2171 5271 2548 5365 dedit‘pcenas,
2579 5303 2680 5359 qua
2710 5299 2808 5339 nos
2833 5281 2986 5336 venia
3029 5275 3347 5331 donabimur
3372 5273 3439 5326 ab
3467 5271 3554 5325 illa
3582 5283 3760 5342 tyran-

2174 5392 2296 5448 nide
2325 5385 2550 5448 liberati,
2581 5380 2669 5450 qui
2713 5387 2888 5432 tamen
2917 5372 3092 5426 omnia
3121 5367 3428 5423 adulatione
3457 5367 3751 5432 corrumpi-

2175 5481 2328 5538 inus?
2354 5479 2432 5534 Ne
2470 5477 2646 5543 itaque
2675 5481 2729 5525 et
2775 5481 2874 5522 nos
2897 5476 2951 5520 et
2972 5478 3068 5516 vos
3094 5464 3236 5531 ipsos
3265 5459 3519 5528 perdatis,
3550 5458 3755 5509 Oltlt'ttl-

2176 5582 2356 5646 perate
2374 5613 2388 5635 ,
2416 5567 2643 5624 obsecro
2671 5603 2684 5626 ,
2716 5569 2775 5615 ut
2799 5561 3107 5613 innumeros
3137 5551 3288 5604 vobis
3313 5551 3682 5617 exploratores
3711 5559 3759 5599 et

2177 5666 2468 5723 tnonitores
2511 5657 2912 5714 constituentes,
2965 5664 2993 5700 a
3018 5648 3441 5715 juramcntorum
3473 5650 3762 5693 consuetu-

2244 5798 2261 5826 ι
2301 5790 2412 5850 Alit,
2438 5795 2632 5834 rursum
2656 5775 2880 5840 indigetis
2904 5780 3132 5833 tcotporc,
3152 5774 3200 5817 nt
3225 5762 3508 5816 (lorctnninz'.
