4050 6442
276 449 417 506 tIine
463 446 786 507 Iibct'cntiui,
831 455 890 498 ut
935 445 1062 500 hinc
1112 451 1420 515 pergentes,
1471 443 1632 498 aliam
1673 457 1890 511 quoque

278 543 686 595 virtutemcum
709 537 963 593 facilitate
990 550 1179 608 magna
1225 535 1529 606 impleatis,
1588 543 1645 589 et
1693 532 1888 588 tuturis

279 631 539 686 I'rttatnini
571 628 727 682 bonis
755 645 770 681 :
794 643 916 697 qua:
969 643 1070 684 nos
1098 640 1289 682 omnes
1328 627 1543 697 assequi
1574 627 1850 696 contingat
1869 667 1887 692 ,

287 761 3511 790 Μ

1416 324 1486 379 ΙΝ
1521 320 1929 380 MAT'I'IIA‘JUM
1969 320 2198 376 IIUMIL.
2245 321 2430 377 XVIII.

3525 325 3627 376 inti

1997 439 2171 504 pratia
2200 451 2253 494 et
2281 438 2656 496 misericordia
2686 439 2896 496 Domini
2925 442 3092 510 nostri
3119 440 3248 498 Jestt
3277 442 3498 509 Clit-isti,
3535 452 3622 505 cui

1997 530 2171 601 gloria
2193 537 2250 587 et
2276 531 2562 600 imperium
2587 545 2730 586 nunc
2750 540 2805 586 ct
2833 545 3083 602 semper,
3115 543 3170 589 et
3203 533 3259 589 in
3283 535 3484 591 sarcula
3521 555 3627 596 sm-

1997 622 2264 678 culorum.
2304 624 2498 678 Amen.

1648 827 2000 892 HOMILIA
2042 826 2281 890 XVIII.

275 988 409 1042 Car.
438 984 493 1042 5.
537 1001 589 1039 v.
613 984 702 1042 38.
747 984 975 1040 Audistis
1011 982 1135 1056 quia
1178 981 1369 1034 dictum
1407 990 1480 1034 est
1503 995 1522 1032 :
1548 976 1766 1032 Oculum
1792 990 1886 1046 pro

348 1076 500 1132 oculo
516 1118 532 1143 ,
555 1086 606 1130 et
631 1075 831 1132 dentem
859 1091 953 1145 pro
977 1073 1150 1128 dente.
1182 1072 1270 1128 39.
1312 1068 1429 1141 Ego
1461 1079 1634 1123 autem
1658 1069 1775 1122 dico
1795 1081 1886 1119 vo-

346 1169 458 1230 bis.
501 1184 604 1222 non
644 1167 879 1223 resistere
926 1165 1063 1220 inalo
1087 1179 1106 1218 :
1125 1164 1215 1220 sed
1235 1165 1278 1218 si
1304 1163 1419 1235 quis
1444 1159 1745 1230 percusserit
1767 1160 1884 1213 tein

347 1259 615 1314 dexteram
651 1259 918 1313 taxillam
935 1297 953 1321 ,
985 1256 1156 1327 prebo
1175 1256 1227 1309 ei
1245 1264 1293 1309 et
1320 1255 1560 1310 alterum.
1582 1254 1674 1308 ω.
1703 1251 1770 1307 Et
1795 1267 1886 1305 vo-

346 1351 476 1406 lenti
513 1360 680 1406 tecum
716 1350 772 1404 ia
801 1349 1004 1419 judicio
1027 1346 1363 1413 contendere,
1401 1355 1450 1401 et
1490 1345 1715 1400 tunicam
1742 1354 1883 1398 tamn

341 1441 558 1506 tollere,
581 1441 782 1495 dimitte
808 1440 856 1495 ei
880 1450 931 1495 et
957 1437 1193 1509 pallium.

347 1535 400 1589 Ι.
446 1532 849 1603 Quidsigttiﬁcet
869 1530 1050 1585 oculus
1066 1529 1424 1585 scondaliaans
1442 1569 1460 1594 ,
1479 1543 1630 1598 quem
1652 1525 1880 1582 Clu-istas

271 1627 417 1693 jubet
442 1626 573 1679 erui.
615 1622 721 1679 Cur
743 1631 998 1692 praecepta
1023 1621 1149 1692 legis
1175 1621 1355 1675 veteris
1387 1636 1492 1676 non
1531 1620 1606 1674 ita
1641 1617 1881 1673 sublimia

273 1725 459 1770 essent.
484 1745 557 1757 --
584 1713 748 1770 Vides
782 1729 906 1771 eum
938 1729 1046 1769 non
1094 1713 1164 1769 de
1210 1712 1371 1769 oculo
1421 1711 1598 1783 priora
1638 1711 1875 1775 dixisse,

270 1822 395 1861 cum
439 1806 655 1876 juberet
696 1807 915 1860 oculum
970 1820 1166 1860 eruere
1212 1805 1303 1876 qui
1355 1804 1512 1860 nobis
1553 1801 1878 1859 ullendiculo

272 1909 438 1961 esset,
469 1898 566 1952 sed
586 1898 655 1954 de
677 1913 745 1952 eo
765 1898 854 1968 qui
883 1913 980 1968 per
997 1896 1289 1951 amicitiam
1327 1906 1426 1950 nos
1454 1894 1709 1959 laederet,
1741 1903 1796 1949 et
1823 1894 1876 1947 in

274 1989 531 2058 perniciei
575 1987 886 2044 barathrum
926 1985 1258 2058 conjiceret?
1291 1985 1421 2040 Nam
1465 1983 1557 2055 qui
1610 1992 1754 2039 tanta
1788 1982 1877 2038 hic

275 2080 572 2153 hyperbole
597 2081 786 2143 utitur,
818 2095 992 2150 neque
1030 2079 1274 2143 alterius,
1321 2079 1410 2148 qui
1461 2077 1616 2134 nobis
1655 2076 1873 2132 oculum

267 2173 533 2238 emisset,
582 2173 803 2228 oculum
840 2187 1035 2229 eruere
1089 2171 1362 2242 permitti,
1411 2169 1686 2240 quomodo
1713 2183 1874 2226 suum

266 2279 463 2320 eruere
507 2265 626 2335 lege
665 2247 976 2320 sanxisset?
1007 2263 1166 2332 Quod
1195 2264 1242 2320 si
1271 2264 1392 2335 quis
1417 2274 1655 2320 veterem
1691 2262 1864 2318 redar-

268 2367 397 2429 gttat
427 2357 639 2429 legem,
687 2373 809 2429 quae
845 2357 1033 2430 jnbeat
1073 2374 1134 2414 se
1157 2358 1230 2414 ita
1259 2357 1442 2413 ulcisci
1463 2398 1479 2423 ,
1513 2357 1558 2412 is
1581 2354 1872 2412 admodum

266 2450 398 2507 mihi
442 2449 660 2506 videtur
711 2450 1066 2521 sapientiam,
1108 2466 1230 2520 qua:
1276 2449 1634 2521 legislaturem
1677 2447 1870 2512 decet,

268 2541 520 2610 ignorare
543 2582 562 2608 ,
597 2556 830 2598 necnotr
856 2550 1160 2610 temporum
1200 2542 1466 2596 rationem
1499 2551 1554 2596 et
1585 2539 1870 2612 indulgeu-

269 2633 358 2688 tia».
384 2633 698 2690 utilitatem.
731 2632 788 2689 Si
822 2633 1148 2705 cogitaveris
1187 2635 1332 2691 enim
1353 2677 1370 2702 ,
1420 2636 1640 2706 quinam
1687 2644 1872 2690 essent

264 2725 300 2780 ii
327 2725 421 2796 qui
449 2725 574 2780 talia
600 2723 886 2792 audirent,
911 2725 1184 2796 quomodo
1209 2725 1383 2781 alit-eti
1403 2767 1418 2790 ,
1441 2734 1495 2781 et
1520 2723 1740 2796 quando
1775 2726 1873 2779 has

265 2817 418 2888 leges
447 2817 777 2886 acceperint,
817 2815 1140 2888 legislatoris
1158 2817 1476 2886 sapientiam
1505 2817 1731 2870 multum
1759 2816 1844 2869 lau

263 2909 448 2975 dabis,
499 2908 814 2980 videbisque
859 2923 1023 2964 unum
1063 2918 1120 2964 ct
1155 2909 1404 2964 eumdem
1448 2924 1571 2965 esse
1609 2908 1700 2979 qui
1754 2907 1866 2962 Itane

265 3010 324 3058 et
367 3001 459 3056 illa
499 3001 783 3066 statuerit,
832 3011 890 3056 et
934 2999 1091 3054 valde
1119 2999 1323 3055 utiliter
1351 3010 1614 3069 utraque,
1647 3013 1711 3053 ac
1739 3014 1862 3054 con-

261 3093 477 3164 gruenti
523 3102 770 3163 tempore
807 3091 1106 3162 scripserit.
1137 3090 1273 3146 Nam
1295 3091 1341 3147 si
1371 3093 1440 3146 ah
1467 3092 1622 3147 initio
1653 3091 1768 3146 tunc
1791 3091 1868 3147 sic

261 3185 370 3240 alta
400 3193 456 3240 et
482 3183 732 3240 sublimia
765 3193 1036 3254 pnecepta
1081 3184 1386 3252 intulisset,
1429 3199 1605 3254 neque
1633 3183 1749 3240 hare
1774 3199 1868 3239 ne-

260 3291 368 3347 que
392 3276 485 3331 illa
513 3275 878 3347 recepissent;
914 3275 1028 3347 jam
1055 3290 1187 3331 vero
1211 3290 1336 3330 cum
1366 3285 1676 3346 opportuno
1715 3284 1861 3329 utra-

262 3387 368 3441 que
409 3379 660 3441 tempore
703 3367 992 3432 statuerit,
1040 3380 1137 3442 per
1177 3375 1404 3436 utraque
1457 3375 1626 3421 totum
1659 3365 1866 3420 orbem

264 3461 530 3519 correxit.
569 3459 823 3530 Alioquin
863 3468 1047 3514 autem
1093 3457 1210 3514 haec
1235 3457 1430 3526 jussit,
1465 3473 1572 3512 non
1597 3466 1659 3512 ut
1681 3466 1870 3512 mutuo

267 3555 424 3609 nobis
470 3551 664 3608 oculos
703 3564 995 3617 eruamus,
1024 3550 1120 3605 sed
1151 3562 1208 3605 ut
1235 3551 1414 3620 potius
1435 3563 1630 3605 manus
1656 3558 1870 3605 nostras

260 3647 658 3702 contineamus.
685 3643 820 3699 Nam
845 3641 1210 3714 rependendae
1237 3636 1370 3698 vicis
1395 3642 1746 3698 comminatio
1768 3643 1869 3696 im-

265 3749 446 3810 petum
491 3735 790 3793 interemi-.1:
820 3734 1032 3808 injuriae
1057 3735 1324 3790 coercuit.
1356 3735 1533 3804 Atque
1563 3735 1636 3788 ita
1663 3733 1867 3788 sensim

261 3831 489 3888 inultam
535 3829 859 3886 disseminat
907 3827 1301 3899 philosophiam
1346 3847 1361 3885 :
1412 3827 1630 3897 quando
1681 3829 1866 3883 laesum

261 3938 448 3994 parem
493 3922 792 3991 mpendere
836 3921 1010 3976 vicem
1054 3920 1252 3990 jubet;
1303 3935 1629 3991 quamquam
1660 3920 1868 3990 majore

261 4016 456 4084 dignus
487 4024 605 4070 erat
645 4013 910 4083 supplicio
948 4013 994 4068 is
1036 4030 1066 4068 a
1105 4027 1214 4084 quo
1254 4012 1508 4082 iniquitas
1561 4011 1866 4080 hujusmodi

261 4107 498 4178 cepisset
521 4104 802 4160 exordium
832 4121 847 4159 :
875 4103 1008 4158 iliud
1034 4104 1180 4159 enim
1212 4103 1483 4172 aequitatis
1515 4103 1653 4156 ratio
1679 4109 1867 4170 postu-

265 4197 433 4252 labat.
463 4195 571 4252 Sed
602 4196 726 4266 quia
751 4194 1139 4266 benignitatem
1177 4193 1392 4249 volebat
1421 4191 1633 4262 iustitia
1663 4201 1872 4262 tempe-

265 4306 387 4346 rare
407 4330 423 4355 ,
457 4304 617 4351 cuin,
662 4289 754 4359 qui
785 4288 1020 4359 iniquius
1048 4303 1107 4344 se
1129 4296 1372 4358 gesserat
1393 4327 1407 4350 .
1436 4287 1664 4352 minori,
1706 4301 1868 4356 quam

267 4380 598 4440 merebatur.
627 4377 854 4440 damnat
877 4379 1143 4447 supplicio
1161 4420 1177 4444 ,
1214 4377 1416 4433 docens
1441 4387 1500 4432 ut
1527 4378 1582 4432 in
1613 4377 1870 4449 patiendo

271 4488 519 4545 magnam
541 4485 823 4528 servemus
847 4470 1298 4528 moderationem.
1320 4469 1454 4526 Cum
1480 4485 1613 4541 ergo
1633 4472 1868 4540 priorem

270 4566 441 4636 legem
475 4563 820 4634 protulisset,
853 4562 1108 4633 illamque
1147 4570 1314 4617 totam
1352 4561 1599 4632 legisset,
1636 4561 1870 4616 ostendit

275 4667 458 4727 postea
505 4671 612 4710 non
654 4654 877 4711 fratrem
902 4669 1024 4708 esse
1063 4654 1152 4723 qui
1194 4653 1318 4707 talia
1366 4653 1731 4722 perpetravit,
1772 4651 1870 4706 sed

279 4748 596 4816 malignum,
623 4745 851 4816 ideoque
875 4743 1151 4814 subjunxit
1175 4759 1189 4798 :
1220 4743 1332 4813 Ego
1351 4753 1523 4797 autem
1551 4743 1667 4796 dico
1693 4742 1832 4798 vobis
1852 4784 1868 4809 ,

279 4856 378 4891 non
410 4837 644 4892 resistere
678 4836 837 4891 malo.
877 4833 997 4890 Non
1041 4833 1174 4890 dixit
1196 4876 1210 4897 ,
1242 4833 1358 4889 Non
1393 4835 1646 4890 resistere
1677 4833 1826 4888 fratri
1855 4852 1867 4887 :

280 4930 395 4995 sed,
429 4926 574 4982 Helo
596 4969 612 4993 ,
641 4926 936 4983 ostendens
964 4926 1055 4980 illo
1081 4925 1370 4994 instigante
1391 4924 1515 4978 talia
1547 4925 1868 4994 perpetrari,

281 5032 439 5093 atque
463 5021 540 5076 sic
572 5031 818 5091 magnam
841 5021 934 5074 ira:
963 5028 1165 5088 partem
1189 5019 1451 5072 adversus
1470 5034 1592 5073 cum
1618 5019 1706 5087 qui
1734 5018 1872 5085 inju-

283 5118 413 5171 tiam
463 5112 642 5169 intulit
681 5118 1000 5178 conceptam
1037 5109 1233 5164 sedans
1280 5118 1334 5163 et
1377 5109 1692 5174 suecitiens,
1751 5125 1873 5162 cunt

283 5224 499 5266 causam
531 5208 586 5262 in
614 5205 843 5261 alterum
873 5201 1145 5257 transfert.
1173 5201 1310 5269 Quid
1338 5202 1536 5271 igitur?
1564 5215 1742 5254 annon
1774 5201 1872 5254 dc-

281 5303 502 5363 betnus,
551 5297 791 5367 inquies,
837 5294 1088 5350 resistere
1127 5292 1304 5347 malo?
1348 5293 1601 5355 Dehetis,
1640 5294 1733 5347 sed
1768 5309 1874 5346 noti

284 5395 385 5449 hoc
412 5393 575 5448 modo
599 5410 615 5449 :
636 5403 821 5446 verum
847 5396 906 5442 ut
929 5391 1042 5458 ipse
1072 5387 1327 5457 prmcepit
1351 5404 1364 5440 :
1394 5396 1451 5439 ut
1474 5384 1682 5441 scilicet
1705 5387 1871 5456 parati

283 5491 449 5543 simus
480 5485 548 5540 ad
590 5482 924 5553 recipiendas
955 5482 1208 5550 injurias;
1234 5481 1313 5535 sic
1349 5481 1494 5535 enim
1527 5481 1676 5533 illum
1719 5495 1878 5548 supc-

285 5581 444 5636 rabis.
468 5578 657 5645 Neque
695 5577 841 5630 enim
871 5577 991 5644 igne
1017 5573 1153 5644 ignis
1189 5573 1570 5642 exstinguitur,
1596 5573 1688 5627 sed
1718 5589 1876 5642 aqua.

283 5673 348 5728 L’t
373 5680 552 5727 autem
576 5669 772 5728 discas,
798 5667 958 5721 etiam
991 5667 1044 5720 in
1074 5667 1240 5721 veteri
1267 5668 1385 5734 lege
1401 5680 1524 5721 cum
1553 5667 1642 5734 qui
1671 5674 1881 5735 patere-

281 5774 363 5819 tur
418 5766 644 5827 vicissc,
675 5767 1097 5826 corotuttumquc
1142 5758 1337 5824 fuisse,
1383 5757 1433 5812 id
1473 5758 1878 5828 diligcutcrcx-

2002 972 2152 1043 plora
2171 1013 2185 1036 ,
2215 981 2271 1027 et
2295 972 2505 1028 videbis
2529 987 2652 1025 cum
2685 971 2846 1042 longe
2872 969 3151 1027 anteferri.
3182 970 3317 1026 Nam
3341 971 3434 1042 qui
3469 971 3565 1042 prii
3591 987 3616 1024 r

1997 1079 2192 1120 iustius
2233 1064 2448 1137 iniquas
2486 1065 2706 1131 intulit,
2752 1064 2890 1120 duos
2918 1065 3036 1134 ipse
3063 1063 3489 1122 oculos-eruisse
3513 1064 3614 1120 de-

2000 1155 2381 1226 prehenditur,
2407 1166 2462 1212 et
2483 1156 2717 1226 proximi
2743 1155 2828 1212 sui
2855 1166 2912 1212 et
2933 1172 3113 1212 suum.
3143 1155 3380 1228 Ideoque
3396 1155 3524 1226 jure
3544 1154 3616 1212 ab

1993 1249 2247 1306 omnibus
2285 1249 2415 1305 odio
2452 1248 2705 1318 habetur,
2734 1261 2794 1306 et
2819 1249 2966 1305 mille
2990 1249 3466 1307 criminationibus
3504 1251 3612 1306 im-

1995 1340 2219 1409 petitur.
2249 1339 2354 1408 Qui
2374 1355 2507 1396 vero
2537 1341 2700 1397 laesus
2740 1351 2860 1416 est,
2907 1349 3269 1414 praeterquam
3303 1340 3447 1413 quod
3491 1341 3609 1412 pari

1993 1446 2154 1501 paena
2187 1431 2515 1499 vindicatur,
2567 1430 2704 1488 nihil
2745 1431 2874 1487 mali
2910 1431 3111 1506 intulit.
3144 1432 3378 1506 Ideoque
3404 1433 3609 1489 multos

1991 1494 2159 1577 habet
2200 1536 2297 1576 seu
2339 1494 2820 1580 commiseratione
2863 1494 3136 1592 dolentes,
3167 1494 3354 1594 utpote
3386 1539 3558 1594 purus
3584 1567 3600 1592 ,

1987 1613 2204 1670 etiamsi
2243 1613 2376 1670 ultio
2410 1612 2550 1672 facta
2585 1615 2768 1672 fuerit.
2811 1616 3106 1672 Calamitas
3137 1632 3234 1688 par
3253 1626 3336 1672 est
3359 1617 3413 1672 in
3437 1617 3604 1672 utris~

1987 1720 2095 1774 quc
2119 1746 2133 1768 ,
2185 1705 2358 1776 gloria
2398 1720 2531 1761 vero
2573 1721 2680 1762 non
2728 1721 2824 1778 par
2861 1705 3003 1776 apud
3047 1705 3217 1762 Deum
3248 1715 3302 1763 et
3329 1705 3602 1763 homines.

1986 1799 2331 1869 Quapmpter
2369 1814 2548 1870 neque
2581 1799 2865 1856 calamitas
2890 1800 3149 1871 deinceps
3177 1815 3276 1871 par
3301 1796 3406 1856 est.
3442 1801 3601 1856 Prin-

1984 1891 2128 1962 t-ipio
2170 1892 2353 1963 itaque
2379 1891 2550 1956 dixit,
2583 1892 2685 1960 Qui
2710 1893 2952 1948 irascitur
2973 1893 3127 1966 fratri
3151 1909 3248 1950 suo
3277 1895 3389 1949 sine
3408 1909 3598 1960 causa,

1983 1995 2033 2039 et
2051 1984 2142 2056 qui
2163 1985 2312 2040 illum
2338 1985 2543 2054 fatuam
2573 1987 2830 2058 appellat,
2870 2003 2988 2043 reus
3029 1986 3128 2042 erit
3160 1987 3406 2058 gehennae
3430 1989 3599 2060 ignis,

1984 2077 2074 2135 hic
2101 2093 2233 2135 vero
2260 2079 2523 2150 majorem
2549 2080 2715 2136 etiam
2756 2080 2987 2153 requirit
3012 2077 3452 2152 philosophiam,
3489 2096 3597 2138 non

1986 2171 2152 2228 modo
2173 2172 2460 2244 quiescere
2486 2172 2685 2242 jubens
2709 2187 2840 2228 eum
2872 2172 2964 2245 qui
2993 2171 3121 2228 talia
3155 2187 3345 2242 passus
3371 2172 3470 2235 sit.
3503 2172 3599 2228 sed

1982 2264 2147 2320 etiam
2172 2279 2296 2320 cum
2325 2263 2570 2321 caedeute
2607 2264 2792 2321 cilicio
2828 2273 3074 2332 certare,
3125 2264 3334 2335 ipsique
3368 2266 3596 2320 alterum

1989 2357 2264 2414 maxillam
2306 2356 2574 2428 prabere.
2618 2358 2732 2414 Hoc
2775 2369 2960 2413 autem
3000 2357 3165 2421 dicit,
3215 2373 3322 2412 nou
3367 2372 3466 2427 pro
3506 2359 3599 2412 illo

1983 2450 2193 2521 injuria:
2220 2467 2424 2523 genere
2450 2461 2660 2507 tantum
2690 2453 2867 2525 legem
2910 2452 3092 2510 ferens
3113 2494 3128 2511 .
3176 2453 3270 2508 sed
3312 2452 3379 2508 ad
3432 2452 3595 2508 talem

1982 2543 2040 2599 in
2066 2545 2188 2600 aliis
2214 2545 2470 2601 omnibus
2492 2545 2837 2600 tolerantiam
2866 2559 2966 2601 nos
2995 2545 3304 2601 instituens.

2051 2634 2109 2690 2.
2145 2633 2383 2691 Christus
2407 2636 2548 2705 quod
2566 2636 2630 2691 de
2654 2635 2879 2708 colapho
2915 2637 3043 2691 dicit
3080 2637 3150 2691 ad
3185 2654 3386 2692 omnem
3409 2647 3595 2692 contu.

1980 2725 2188 2781 utetiam
2217 2725 2462 2781 extendit.
2492 2725 2747 2782 Patientia
2774 2729 2976 2783 vincere
2993 2739 3210 2798 oportet.
3234 2755 3307 2768 —-
3327 2727 3597 2797 Quemad-

1980 2816 2200 2872 modum
2224 2817 2371 2872 enim
2399 2833 2522 2872 cum
2563 2817 2728 2883 dicit,
2776 2817 2880 2885 Qui
2917 2829 3062 2873 rocat
3100 2823 3596 2892 fratremsnumfa-

1980 2917 2122 2961 tuum
2142 2947 2158 2972 ,
2187 2921 2303 2962 reus
2327 2908 2422 2961 erit
2451 2907 2696 2978 geltennc
2716 2909 2852 2981 ignis
2871 2949 2888 2975 ,
2920 2923 3027 2963 non
3055 2887 3125 2965 de
3157 2908 3266 2964 hoc
3293 2887 3400 2965 uno
3425 2887 3595 2967 verbo

1979 2997 2085 3054 hoc
2106 2997 2270 3064 dicit,
2299 2997 2397 3053 sed
2418 2997 2488 3054 de
2507 2998 2751 3068 qualibet
2769 2999 3096 3055 contumelia
3125 3015 3140 3058 :
3171 3001 3240 3054 ita
3265 3000 3353 3056 hic
3378 3017 3595 3073 quoque

1980 3089 2157 3161 legem
2202 3090 2430 3157 statuit,
2465 3107 2572 3144 non
2602 3100 2812 3147 tantum
2839 3099 2899 3147 ttt
2919 3092 3170 3162 colaphis
3195 3095 3321 3149 czcsi
3343 3134 3359 3160 ,
3395 3095 3445 3149 id
3479 3094 3591 3150 for-

1980 3182 2105 3237 titer
2133 3181 2392 3246 feramus,
2423 3181 2520 3236 sed
2548 3191 2605 3236 ut
2627 3183 2843 3252 quidvis
2872 3182 3018 3237 aliud
3047 3185 3346 3251 patientes,
3381 3201 3449 3239 ne
3481 3195 3594 3240 tur-

1979 3271 2187 3328 bemur.
2232 3272 2524 3343 Propterea
2563 3284 2618 3329 et
2654 3273 2726 3328 ibi
2758 3282 3059 3330 extremam
3085 3272 3278 3346 selegit
3308 3275 3593 3347 injuriam,

1978 3373 2033 3419 ct
2073 3363 2160 3419 hic
2199 3379 2357 3431 eam,
2402 3379 2524 3436 qua:
2566 3365 2914 3432 probrosam
2938 3368 3327 3423 contumeliosa
3359 3370 3594 3425 maxime

1978 3457 2286 3522 videbatur,
2331 3459 2566 3513 maxillae
2597 3457 3029 3528 percussionem.
3060 3457 3115 3513 ιι]
3146 3474 3278 3515 vero
3299 3461 3461 3528 jussit
3480 3501 3496 3522 ,
3536 3471 3593 3516 et

1979 3550 2334 3619 percutientis
2372 3562 2428 3606 ct
2470 3551 2710 3620 percussi
2748 3552 3013 3606 rationem
3055 3549 3279 3608 habens.
3316 3552 3451 3608 Nam
3499 3555 3616 3624 qui.

1978 3641 2174 3712 injuria
2203 3641 2457 3709 afﬁcitur,
2492 3642 2626 3696 nihil
2655 3657 2719 3699 se
2747 3657 2912 3714 grave
2948 3659 3168 3712 passum
3207 3646 3585 3713 arbitrabitur.
3651 3660 3655 3663 '

1977 3734 2056 3788 sic
2084 3731 2421 3804 philosophia
2469 3734 2827 3804 pra-munitus
2855 3755 2868 3789 :
2901 3751 3078 3806 neque
3116 3737 3262 3793 enim
3307 3748 3588 3795 contume-

1979 3825 2064 3880 lia:
2087 3840 2306 3882 sensum
2329 3827 2497 3881 ullum
2527 3825 2769 3892 habebit,
2801 3838 2861 3884 ut
2887 3829 2980 3900 qui
3013 3839 3190 3887 certet
3220 3833 3590 3902 potius—quant

1980 3919 2347 3988 percutiatur;
2380 3919 2474 3989 qui
2505 3935 2638 3975 vero
2665 3919 2916 3990 iujuriam
2961 3920 3156 3989 infert,
3187 3923 3396 3995 pudore
3425 3925 3592 3980 sntfu-

1979 4023 2074 4062 sus
2103 4025 2208 4062 non
2241 4009 2539 4064 secundum
2568 4011 2857 4081 colaphum
2894 4013 3192 4084 impinget,
3231 4016 3442 4071 etiamsi
3477 4014 3588 4070 fera

1978 4100 2169 4170 quavis
2199 4099 2433 4156 lerocior
2463 4101 2570 4166 sit;
2595 4103 2705 4155 imo
2731 4103 2895 4157 etiam
2921 4103 2990 4158 de
3022 4105 3204 4172 priore
3227 4120 3348 4160 sese
3372 4118 3594 4161 L‘Jlllllan

1979 4192 2076 4246 bit.
2121 4191 2263 4246 Nihil
2288 4192 2434 4248 enim
2463 4193 2534 4247 ita
2567 4192 2827 4250 ltedeutcs
2847 4193 3101 4261 cohibet,
3135 4207 3196 4250 ut
3216 4213 3340 4251 cum
3365 4198 3476 4252 lmsi
3509 4200 3595 4252 in-

1975 4282 2174 4353 juriam
2207 4283 2452 4339 modeste
2477 4282 2694 4350 ferunt;
2741 4301 2916 4356 neque
2959 4287 3123 4342 modo
3171 4288 3369 4344 retinet
3416 4290 3588 4360 itnpe~

1982 4387 2094 4431 tum
2118 4417 2134 4443 ,
2179 4392 2249 4432 ne
2279 4376 2503 4432 ulterius
2543 4360 2892 4447 procedatur,
2942 4378 3038 4433 sed
3080 4381 3246 4433 etiam
3295 4381 3346 4435 id
3387 4383 3586 4446 et'ticit,

1981 4475 2041 4522 ut
2064 4469 2134 4523 de
2166 4468 2308 4522 tacto
2331 4483 2392 4523 sc
2416 4468 2678 4538 pmniteat
2697 4511 2712 4535 ,
2740 4479 2793 4524 et
2819 4470 2911 4523 alii
2949 4469 3378 4528 moderationem
3409 4474 3585 4529 admi-

1978 4569 2165 4615 rantes
2185 4558 2477 4623 secedant;
2511 4559 2652 4624 imo,
2684 4573 2863 4626 uenae
2887 4562 3063 4615 solum
3090 4563 3294 4618 amiCos
3322 4581 3388 4618 cx
3420 4565 3591 4620 inimi-

1978 4657 2095 4718 eis,
2144 4654 2240 4709 sed
2290 4653 2585 4707 familiares
2632 4653 2809 4708 reddit
2848 4663 2904 4710 et
2943 4670 3167 4710 servos:
3199 4657 3358 4723 sicut,
3403 4675 3434 4713 ο
3462 4675 3592 4713 cono

1981 4760 2176 4810 verso,
2209 4744 2343 4799 ultio
2369 4754 2587 4815 sumpta
2629 4746 2902 4800 contraria
2947 4749 3128 4801 omnia
3171 4750 3340 4818 parit,
3385 4761 3593 4804 utrum-

1980 4854 2085 4909 que
2138 4837 2465 4899 dedecorat,
2519 4845 2586 4892 et.
2627 4837 2869 4908 pejoretu
2922 4837 3122 4904 efﬁcit,
3188 4840 3450 4910 tttajorcttt
3500 4844 3592 4896 ira:

1984 4929 2254 4983 ﬂammam
2285 4927 2524 4993 excitat,
2555 4943 2620 4983 ac
2652 4944 2801 4997 sazpe
2829 4929 2979 4984 caule
3025 4930 3346 4986 terminatur
3388 4933 3590 4989 malum

1984 5021 2050 5074 ad
2106 5021 2363 5075 ulteriora
2416 5033 2786 5090 progressum.
2852 5020 3054 5075 Idcirco
3116 5038 3432 5091 percussum
3484 5042 3590 5080 ttutt

1985 5112 2149 5168 modo
2166 5111 2320 5180 jubet
2353 5127 2457 5164 non
2500 5112 2700 5177 irasci,
2747 5112 2840 5166 sed
2883 5116 3045 5166 etiam
3092 5116 3447 5183 percutientis
3494 5118 3593 5170 ἰηι-

1988 5203 2138 5270 plere
2183 5201 2526 5272 cupiditatem
2581 5203 2854 5274 praecipit,
2906 5212 2962 5258 ut
3003 5221 3070 5259 ne
3097 5206 3327 5260 videaris
3356 5208 3592 5277 pl'IOI't'III

1926 5287 1930 5290 ’
1989 5294 2198 5362 plagam
2247 5293 2445 5347 invitus
2481 5294 2779 5362 accepisse.
2803 5296 2893 5349 Sic
2924 5295 3068 5348 enim
3103 5297 3470 5366 impudentem
3500 5319 3593 5370 op.

1990 5388 2301 5454 portuniore
2337 5385 2490 5454 plaga
2523 5396 2812 5454 percutere
2858 5387 3093 5455 poteris,
3143 5405 3303 5458 quam
3345 5391 3390 5443 si
3433 5407 3594 5446 tnauu

1991 5477 2357 5546 percussisses
2377 5517 2390 5539 ,
2425 5485 2481 5530 et
2509 5476 2879 5544 impudentem
2910 5489 3334 5535 inausuettorcm
3367 5481 3591 5536 efﬁcies.

1993 5563 2337 5632 Qui‘volncrit
2365 5578 2527 5621 tecum
2546 5568 2747 5638 judicio
2769 5568 3075 5625 contendere
3093 5611 3108 5635 ,
3139 5582 3184 5625 et
3210 5573 3433 5626 tunicam
3456 5588 3593 5627 tuum

1991 5659 2200 5724 tollere,
2241 5658 2439 5712 dimitte
2469 5656 2550 5711 illi
2591 5668 2638 5713 et
2686 5660 2919 5729 pallium.
2952 5658 3141 5732 Neque
3167 5663 3312 5719 enim
3343 5668 3396 5720 in
3431 5667 3595 5736 plagis

1993 5751 2396 5819 tantummodo,
2446 5749 2540 5806 sed
2581 5752 2744 5808 etiam
2777 5753 2827 5807 in
2856 5756 3099 5824 pecuniis
3130 5757 3241 5818 vult
3270 5757 3433 5814 talem
3465 5760 3595 5814 tole-
