4050 6426
1685 105 1716 144 ὁ

463 305 562 359 ΞεΠ
1233 308 1270 358 ς
1333 309 1608 364 .ltMNNiS
1644 306 2038 363 CllllYSOSTU

2168 311 2204 359 Α
2219 308 2483 366 li(2lllltIP.
2529 314 3063 373 (IONS'I'ANTINOI'.
3641 325 3745 383 'ltkil

461 422 686 475 rantiani
715 421 975 476 exhiberi.
1023 423 1147 476 Ideo
1193 438 1402 477 rursum
1441 422 1600 475 simili
1644 422 1811 475 utitur
1850 421 2044 489 hyper-

462 514 604 566 t.ole.
649 512 794 566 Sicut
833 514 974 570 enim
1013 514 1121 567 illic
1145 514 1296 582 jubet
1335 511 1584 582 patiendo
1615 513 1861 572 vincere,
1895 510 1965 562 ita
1993 519 2047 563 et

461 600 545 652 hic
574 601 624 654 iii
649 603 994 656 concedendo
1021 604 1168 672 plura
1193 643 1210 668 ,
1252 619 1410 672 quam
1451 613 1636 671 raptor
1677 602 2042 672 exspectabat.

468 691 653 744 Verum
684 692 786 747 hoc
826 709 931 748 non
969 695 1282 762 simpliciter
1321 695 1535 763 posuit,
1567 695 1661 748 sed
1691 708 1813 749 cum
1839 691 2044 746 addita-

462 791 662 834 mcnto.
707 783 821 838 Non
864 785 1004 838 enim
1052 785 1219 847 dixit,
1268 785 1340 838 Da
1377 785 1578 854 petenti
1621 785 1876 853 pallium,
1915 782 2042 848 sed,

461 871 530 926 Ei
548 876 634 939 qui
657 876 864 928 voluerit
886 885 1046 928 tecum
1057 877 1260 944 judicio
1280 878 1618 940 contendere;
1648 879 1748 930 hoc
1769 887 1888 941 est,
1919 878 1964 931 si
1995 886 2045 930 te

458 961 524 1014 ad
543 965 800 1030 judicium
829 967 1078 1030 traxerit,
1108 981 1172 1019 ac
1202 969 1409 1038 negotia
1433 969 1525 1023 tibi
1546 969 1816 1025 exhibeat.
1849 971 2046 1038 Quem-

456 1052 903 1112 admodum-vero
929 1072 1052 1112 cum
1090 1057 1347 1126 dixisset,
1387 1060 1467 1116 Ne
1504 1077 1664 1116 voces
1709 1063 1940 1128 fatuum,
1988 1072 2045 1118 et

459 1158 531 1198 ne
553 1145 804 1201 irascaris
837 1147 954 1202 sine
981 1163 1142 1205 causa
1166 1193 1182 1217 ,
1209 1151 1463 1224 deinceps
1489 1155 1638 1223 plura
1663 1154 1878 1226 exegit,
1918 1171 2042 1212 cum

454 1232 614 1302 jussit
642 1235 803 1289 etiam
831 1234 1110 1294 dexteram
1143 1243 1414 1298 maxillam
1450 1245 1695 1314 pratbere
1725 1263 1737 1298 :
1769 1246 1840 1299 ita
1868 1255 1923 1300 et
1950 1246 2042 1302 hic

457 1341 582 1378 cum
610 1327 856 1394 dixisset,
887 1331 1014 1386 Esto
1053 1336 1395 1391 consentiens
1421 1353 1538 1392 cum
1575 1339 1882 1395 adversario
1914 1352 2037 1405 tuo,

456 1431 666 1471 rursum
693 1421 905 1488 gravius
944 1437 1270 1492 prazcepium
1309 1429 1476 1482 addit.
1519 1429 1636 1484 Non
1685 1434 1829 1486 enim
1883 1434 2041 1488 modo

452 1507 605 1574 jubet
633 1509 722 1563 illa
753 1511 882 1567 dare
921 1529 1039 1583 qua:
1089 1517 1177 1573 ille
1209 1520 1319 1572 vult
1357 1521 1567 1576 auferre
1589 1564 1604 1587 ,
1654 1527 1750 1578 sed
1782 1527 2036 1594 majorem

453 1599 614 1653 etiam
655 1601 1032 1661 liberalitatem
1061 1610 1337 1666 exhibere.
1385 1612 1523 1680 Quid
1567 1617 1766 1685 igitur?
1795 1619 2034 1689 inquies,

454 1690 699 1747 iiudusne
720 1695 1040 1752 circuiturus
1073 1702 1238 1754 sum?
1267 1701 1546 1774 Nunquam
1588 1722 1832 1764 essemus
1873 1711 1999 1765 nudi
2020 1754 2035 1776 ,

453 1779 496 1832 si
517 1779 602 1834 liis
616 1785 897 1854 praeceptis
917 1786 1202 1858 diligenter
1217 1791 1736 1865 obtemperaremns;
1761 1801 1853 1855 sed
1871 1802 2041 1857 multo
2104 1795 2107 1797 ’

455 1869 694 1938 pluribus
721 1891 880 1945 quam
923 1880 1014 1932 alii
1059 1895 1248 1937 omnes
1285 1886 1522 1942 vestibus
1563 1888 1731 1944 induti
1774 1907 2037 1948 essemus.

453 1960 634 2019 Primo
672 1969 814 2022 enim
864 1986 1023 2025 nemo
1062 1974 1152 2029 tali
1204 1976 1383 2032 animo
1424 1980 1678 2048 pricditus
1725 1983 2040 2042 invaderet:

451 2053 723 2119 secundo,
773 2057 817 2111 si
870 2062 1133 2132 quispiam
1175 2079 1485 2124 occurreret
1509 2071 1579 2125 ita
1603 2072 1751 2128 ferox
1791 2085 1845 2129 et
1886 2077 2042 2131 inliu-

452 2155 666 2208 manus,
706 2155 765 2200 ut
804 2163 871 2202 eo
920 2167 1086 2222 usque
1136 2157 1482 2223 procederet,
1533 2163 1699 2216 multo
1728 2164 1910 2232 plures
1949 2182 2037 2222 re-

453 2233 758 2300 perirentur
811 2240 902 2308 qui
959 2249 1120 2297 tanta:
1170 2245 1525 2317 philosophiae
1568 2253 1746 2308 virum
1795 2271 1900 2309 non
1941 2272 2037 2311 ve-

449 2321 621 2378 stibus
636 2327 813 2388 modo.
833 2329 927 2383 sed
943 2340 998 2386 et
1016 2346 1177 2389 carne
1194 2349 1310 2402 sua,
1331 2337 1376 2392 si
1394 2337 1506 2394 fieri
1527 2355 1728 2410 posset,
1745 2347 2034 2415 aperirent.

520 2412 574 2467 5.
603 2413 660 2468 Si
689 2427 868 2472 autem
899 2424 1060 2476 etiam
1092 2437 1308 2495 propter
1339 2431 1496 2484 talem
1530 2412 1923 2505 philosophiam
1950 2456 2041 2494 nu-

451 2499 578 2554 dum
608 2503 857 2561 incedere
878 2521 1184 2579 oporteret,
1214 2531 1388 2586 neque
1419 2519 1469 2573 id
1499 2522 1659 2597 etiam
1691 2499 1848 2597 turpe
1872 2540 2038 2586 esset.

452 2589 582 2645 Nam
605 2602 660 2647 et
684 2595 851 2650 Adam
886 2600 1058 2655 nudus
1085 2612 1201 2658 erat
1227 2605 1278 2658 in
1311 2610 1558 2676 paradiso
1579 2589 1602 2677 ξ
1627 2630 1726 2670 nec
1752 2589 2038 2676 erubesce-

451 2684 542 2738 bat
567 2685 722 2751 (Gen.
753 2687 808 2742 2.
840 2689 965 2760 25);
991 2692 1152 2749 Isaias
1181 2697 1341 2752 etiam
1374 2704 1548 2758 nudus
1580 2715 1631 2757 et
1661 2707 2035 2779 discalceatus,

448 2773 756 2834 .liidteorum
785 2781 1023 2839 omnium
1054 2787 1519 2856 SplendidiSsimus
1542 2796 1829 2869 erat(Isai.
1848 2801 1936 2859 9.0.
1957 2773 2036 2874 3);

449 2867 646 2938 Josepb
689 2887 815 2926 vero
852 2890 974 2930 cum
1008 2890 1208 2935 exutus
1247 2893 1364 2947 cst,
1400 2895 1525 2940 tunc
1555 2891 1786 2946 maxime
1827 2894 2038 2953 claruit.

448 2957 636 3030 Neque
659 2964 803 3018 enim
835 2968 1035 3022 malum
1062 2981 1146 3025 est
1177 2971 1247 3026 ita
1285 2974 1471 3030 nudari
1495 3021 1509 3042 ,
1543 2980 1635 3033 sed
1665 2980 1736 3035 ita
1765 2983 1911 3039 indui
1933 3027 1946 3050 ,
1987 3000 2042 3042 ut

450 3065 592 3104 nunc
617 3066 715 3106 nos
746 3052 1016 3111 induimur
1042 3060 1374 3117 vestimentis
1398 3067 1672 3134 pretiosis.
1703 3069 1816 3126 Hoc
1840 3083 1893 3126 et
1924 3083 2034 3129 tur.

451 3153 517 3206 pc
545 3150 600 3194 et
619 3141 898 3199 ridiculum
929 3155 1029 3200 est.
1067 3147 1192 3204 Ideo
1220 3151 1340 3206 illos
1368 3154 1582 3224 quidem
1614 3157 1754 3216 Deus
1783 3161 2036 3231 laudavit;

451 3229 550 3283 hos
579 3246 706 3286 vero
736 3249 829 3303 per
855 3237 1142 3306 prophetas
1163 3252 1217 3296 et
1237 3257 1334 3313 per
1352 3249 1622 3314 apostolos
1643 3265 1786 3321 sirpe
1811 3229 2036 3311 incusat.

450 3316 526 3370 Ne
554 3318 731 3389 itaque
759 3336 1020 3396 pra-cepta
1061 3328 1410 3396 impossibilia
1440 3349 1562 3389 esse
1607 3316 1875 3406 putemus.
1913 3346 2042 3412 Quae

453 3411 634 3480 utique
661 3423 712 3467 et
745 3415 888 3468 utilia
917 3418 1070 3472 nobis
1099 3429 1252 3487 sunt,
1281 3432 1334 3477 et
1366 3428 1518 3482 valde
1547 3428 1719 3485 facilia
1742 3474 1758 3499 ,
1789 3436 1832 3488 si
1859 3438 2043 3507 vigile-

451 3515 573 3555 mus
601 3517 614 3553 t
647 3512 956 3576 tantumque
982 3509 1210 3566 alierum
1229 3513 1456 3580 lucrum,
1490 3528 1546 3573 ut
1574 3537 1679 3576 non
1717 3541 1814 3580 nos
1843 3531 2038 3594 solum,

451 3592 544 3646 sed
571 3593 731 3647 etiam
760 3611 871 3661 eos,
900 3600 989 3668 qui
1020 3615 1118 3656 nos
1136 3604 1351 3672 lil'dlml,
1383 3611 1615 3667 maxime
1632 3614 1837 3682 juvent.
1860 3592 2042 3695 Etlioc

451 3693 532 3735 cst
555 3683 604 3736 in
633 3685 711 3741 eis
732 3688 1010 3754 eximium,
1031 3695 1172 3761 quod
1203 3697 1328 3751 dum
1360 3702 1586 3756 suadent
1615 3706 1790 3773 nobis,
1822 3721 1877 3764 ut
1903 3689 2038 3768 mala

452 3775 737 3843 patiamur,
767 3781 953 3836 eadem
985 3799 1144 3852 opera
1176 3803 1270 3842 eos
1290 3830 1304 3852 ,
1335 3793 1422 3859 qui
1453 3809 1552 3849 nos
1581 3795 1814 3864 heduiit,
1845 3802 2042 3859 docent

455 3864 836 3936 philosophari.
899 3871 1030 3926 llum
1087 3877 1228 3930 enim
1273 3880 1361 3934 ille
1419 3871 1566 3950 putat
1615 3903 1864 3958 magnum
1919 3910 2040 3951 esse

451 3955 622 4009 aliena
651 3956 882 4026 auferre,
917 3969 970 4016 tu
1003 3979 1127 4018 vero
1153 3969 1389 4024 ostendis
1420 3972 1539 4042 ipsi,
1577 3977 1669 4031 tibi
1706 3980 1757 4032 iii
1789 3998 2036 4055 promptu

450 4059 570 4098 esse
603 4046 686 4100 illa
716 4051 874 4104 etiam
916 4051 1046 4109 dare
1074 4073 1193 4124 qua:
1239 4059 1348 4127 ipse
1395 4077 1500 4117 non
1540 4070 1703 4133 petit,
1732 4046 1801 4125 ct-
1816 4046 2036 4142 pronam

449 4135 778 4193 alacritatem
818 4143 935 4210 ejus
967 4146 1158 4214 inopia:
1191 4150 1690 4226 l-liilompliiamque
1727 4135 1842 4228 ejus
1887 4181 2042 4232 rapa-

448 4228 593 4282 t'ilati
621 4231 878 4299 opponis,
904 4238 1182 4291 considera
1215 4252 1463 4308 quantam
1507 4245 1592 4301 ille
1645 4252 1899 4318 percipiet
1941 4228 2038 4308 do-

448 4322 700 4388 ctrinam,
739 4340 841 4376 non
873 4340 938 4379 ex
968 4328 1164 4394 verbis,
1197 4331 1291 4384 sed
1322 4349 1388 4386 ex
1422 4338 1673 4402 operibus
1703 4344 1944 4401 eruditus
1971 4348 2037 4402 ad

450 4413 930 4482 parvipeiidendam
951 4421 1258 4488 nequitiam.
1284 4433 1338 4477 ct
1357 4427 1601 4482 virtutem
1624 4437 2034 4502 asscquendam.

447 4501 562 4556 Non
604 4505 746 4558 enim
789 4510 900 4562 vult
950 4506 1100 4565 Dcus'
1135 4523 1192 4567 ut
1229 4518 1380 4570 nobis
1408 4528 1613 4574 tantum
1660 4526 1815 4578 utiles
1845 4529 2031 4596 simus,

447 4593 542 4646 scd
564 4597 810 4651 omnibus
837 4601 1110 4668 proximis.
1133 4604 1186 4658 Si
1208 4604 1364 4674 igitur
1381 4609 1615 4675 dederis,
1640 4624 1816 4670 etnon
1835 4593 2036 4686 judicio

446 4686 821 4751 contenderis,
851 4692 992 4758 quod
1031 4694 1124 4746 tibi
1154 4696 1282 4749 utile
1321 4711 1430 4751 erat
1467 4709 1668 4754 tantum
1702 4710 1989 4773 qumsivisti
2016 4731 2031 4777 ;

447 4775 490 4827 si
522 4791 650 4831 vero
670 4779 812 4834 aliud
839 4781 980 4837 dono
1002 4785 1292 4849 addideris,
1319 4788 1465 4843 illum
1491 4791 1769 4852 meliorem
1787 4775 2032 4859 cll’cctum

447 4868 688 4924 dimittis.
715 4871 1024 4942 Hujusmodi
1056 4889 1136 4931 est
1166 4880 1263 4944 sal,
1295 4890 1351 4934 ut
1381 4884 1490 4936 vult
1519 4885 1771 4943 Dominus
1801 4892 2033 4965 discipu-

446 4959 526 5012 los
567 4976 685 5016 essc
716 4979 728 5013 :
758 4965 898 5031 quod
933 4977 987 5019 et
1025 4969 1258 5037 scipsnin
1301 4983 1516 5037 servat,
1559 4989 1611 5030 et
1652 4980 1753 5032 alia
1781 4997 2026 5054 corpora,

444 5052 758 5120 quibuscum
796 5057 1016 5109 mixtum
1044 5071 1147 5124 est,
1183 5062 1358 5116 lirmat
1385 5082 1398 5116 :
1429 5067 1547 5119 talis
1584 5079 1667 5122 est
1695 5073 1880 5128 oculus
1901 5118 1914 5141 ,
1941 5083 2029 5146 qui

445 5145 546 5197 sibi
579 5145 675 5214 ipsi
703 5147 843 5201 lucet
870 5157 924 5201 et
960 5149 1098 5203 aliis.
1133 5153 1262 5216 Quia
1293 5155 1450 5222 igitur
1473 5175 1659 5214 eorum
1685 5173 1734 5216 te
1758 5167 1870 5222 vice
1898 5186 1996 5225 oon
2016 5206 2029 5213 -

447 5235 611 5288 stituit
631 5277 645 5300 ,
682 5236 915 5291 illumina
943 5255 1064 5294 cum
1090 5283 1104 5304 ,
1132 5244 1222 5312 qui
1257 5245 1306 5298 111
1339 5250 1570 5304 tenebris
1605 5255 1788 5321 sedet,
1819 5269 1872 5312 et
1896 5262 2028 5318 doce

445 5323 628 5387 illum,
659 5341 756 5380 nec
781 5329 1006 5397 primum
1037 5333 1249 5400 quidem
1280 5339 1517 5404 rapuiSse
1545 5343 1821 5412 violenter,
1856 5365 1952 5407 nec
1979 5363 2030 5408 te

446 5414 896 5471 Ιςιιεῐςςουιιιηίηο.
914 5420 1003 5477 Sic
1031 5425 1245 5480 enimet
1267 5439 1318 5482 tu
1351 5436 1707 5491 venerabilior
1731 5440 2027 5515 clariorque

444 5506 549 5558 eris
571 5546 585 5565 ,
618 5507 662 5558 si
702 5511 952 5565 ostendas
975 5554 989 5576 ,
1018 5513 1232 5570 dedisse
1262 5528 1313 5573 te
1333 5560 1347 5584 ,
1383 5539 1484 5578 non
1523 5538 1729 5597 raptum
1758 5534 2023 5589 amisisse.

444 5595 547 5648 Fac
566 5594 723 5661 igitur
745 5615 837 5668 per
864 5609 1323 5665 mansuetudinem
1347 5624 1510 5680 tuam,
1537 5594 1596 5670 ut
1612 5619 1724 5689 ejus
1750 5635 2022 5691 peccatum

442 5685 724 5744 liberalitas
750 5700 836 5745 tua
871 5695 958 5748 sit.

2229 425 2486 489 Quantam
2531 429 2886 498 perfectionem
2930 447 3022 482 nos
3067 430 3287 485 docuerit
3328 436 3559 490 Christus
3615 437 3740 492 Per-

2153 514 2269 582 [ιιι-11
2295 515 2388 566 viri
2413 518 2652 570 terumnis
2679 520 2913 588 fortiores
2937 521 3248 574 evadunt.—
3265 523 3319 577 Si
3347 540 3470 577 vero
3498 525 3595 581 1111(
3620 543 3741 594 esse

2155 618 2403 670 magnum
2430 616 2603 673 putas,
2627 618 2899 673 exsliccta,
2918 620 2966 662 et
3001 611 3145 664 clare
3171 612 3394 676 videbis,
3425 626 3474 666 te
3507 617 3740 670 nondum

2152 691 2216 744 ad
2247 693 2626 760 perfectionem
2653 698 2883 751 venisse.
2919 698 3037 754 Non
3066 703 3206 754 enim
3233 703 3318 756 hic
3347 705 3566 774 gradum
3599 708 3740 762 sistit

2153 783 2198 836 is
2220 784 2310 852 qui
2343 785 2612 854 patientia?
2634 787 2776 858 leges
2803 789 2968 854 dedit,
2999 795 3092 846 sed
3124 795 3346 849 ulterius
3377 799 3633 864 procedit,
3668 802 3738 853 ita

2150 876 2336 930 dieens
2366 895 2379 930 :
2409 879 2498 933 41.
2533 881 2596 934 Si
2627 883 2742 952 quis
2781 893 2830 936 te
2862 887 3203 953 angariarerit
3242 889 3535 942 iiii/(iuriam
3560 909 3738 958 unum,

2149 967 2278 1020 vade
2313 985 2426 1022 cum
2467 969 2560 1024 illo
2591 981 2637 1024 et
2665 973 2786 1025 duo.
2827 974 3069 1029 Vidistin’
3095 975 3444 1046 philosophiae
3470 981 3743 1036 excellen-

2153 1057 2320 1112 tiam?
2348 1059 2475 1114 Post
2502 1060 2680 1116 datam
2713 1064 2945 1119 tunicam
2971 1077 3026 1120 ct
3057 1067 3297 1134 pallium,
3325 1072 3368 1124 si
3399 1071 3574 1127 adhuc
3598 1073 3742 1128 llllth

2149 1162 2378 1217 corpore
2406 1151 2480 1205 uti
2508 1151 2630 1207 velit
2664 1154 3000 1210 adversarius
3026 1159 3092 1212 ad
3124 1159 3362 1214 laborem
3389 1173 3440 1215 et
3470 1166 3740 1219 miseriam

2151 1237 2423 1297 ferendam
2444 1285 2459 1308 ,
2493 1259 2562 1300 ne
2591 1245 2668 1300 sic
2690 1247 2902 1316 quidem
2933 1251 3081 1304 illum
3104 1267 3359 1309 coercere
3388 1269 3620 1325 oportet,
3654 1259 3746 1314 iii--

2149 1333 2282 1402 quit.
2325 1334 2514 1389 Omnia
2561 1337 2705 1392 cnim
2747 1354 2844 1394 nos
2888 1345 3248 1399 communiter
3272 1347 3393 1400 vult
3439 1351 3739 1418 possidere,

2148 1437 2373 1491 corpora
2392 1466 2408 1490 ,
2442 1428 2695 1494 pecunias
2715 1471 2728 1492 ,
2759 1441 2815 1483 et
2834 1433 3018 1500 egenis
3047 1436 3249 1503 pariter
3273 1432 3629 1511 injuriamqne
3657 1445 3738 1496 in-

2149 1514 2443 1571 fereu'ibus
2475 1521 2509 1573 il
2531 1535 2558 1571 a
2593 1523 2831 1589 prmliere
2861 1542 2873 1575 :
2907 1523 3009 1578 hoc
3045 1527 3189 1583 enim
3231 1529 3585 1596 fortitudinis,
3614 1533 3741 1588 illud

2148 1605 2487 1677 benignitatis
2515 1619 2617 1666 est.
2654 1611 2779 1666 ltleo
2807 1613 3018 1670 dicebat
3052 1635 3065 1671 :
3098 1618 3162 1671 Si
3184 1621 3296 1686 quis
3323 1631 3369 1674 te
3397 1609 3743 1692 angariaea’it

2147 1700 2443 1753 milliarium
2473 1719 2659 1767 unum,
2691 1705 2819 1759 vade
2852 1723 2966 1760 cum
3002 1709 3092 1763 illo
3117 1721 3167 1766 et
3203 1711 3308 1766 duo
3327 1755 3342 1779 ,
3375 1715 3662 1771 sublimius
3691 1728 3745 1773 te

2149 1811 2358 1849 rursum
2393 1798 2639 1867 erigens,
2669 1810 2829 1871 atque
2856 1803 3101 1857 eamdem
3153 1806 3320 1874 ipsam
3370 1809 3744 1866 liberalitatem

2147 1888 2431 1943 ostendere
2460 1889 2680 1958 jubens.
2712 1891 2765 1946 Si
2803 1894 2948 1948 enim
2976 1895 3065 1949 illa
3087 1937 3100 1958 ,
3133 1912 3251 1966 quze
3282 1899 3335 1951 iii
3375 1900 3637 1970 principio
3663 1904 3751 1956 di-

2147 1977 2308 2031 cebat
2329 2019 2345 2044 ,
2375 1979 2458 2033 his
2485 1981 2642 2051 longe
2672 1983 2877 2038 minora
2899 2027 2911 2045 ,
2947 1995 3022 2040 tot
3051 1997 3225 2042 tamen
3257 1989 3616 2046 beatitiidiucs
3643 1984 3742 2044 liii-

2149 2067 2340 2134 beant,
2369 2072 2541 2140 cogita
2573 2085 2770 2142 quanta
2795 2089 2918 2129 sors
2950 2077 3066 2132 ha-c
3093 2080 3296 2145 majora
3329 2093 3616 2149 operantcs
3641 2099 3746 2137 ex-

2146 2170 2390 2228 spectet,
2440 2173 2602 2232 atqne
2655 2166 2814 2220 etiam
2864 2169 3050 2236 quales
3102 2169 3176 2257 i.lli
3227 2170 3309 2226 vel
3352 2183 3475 2225 ante
3521 2175 3744 2242 praomia

2145 2251 2410 2317 evadant,
2445 2255 2494 2308 in
2521 2256 2755 2310 humano
2783 2266 2837 2311 et
2872 2251 3367 2331 passibili'corpore
3399 2265 3748 2332 impossibili-

2147 2350 2309 2396 tatein
2356 2360 2568 2398 omnem
2601 2346 2937 2404 exhibentes.
2967 2349 3099 2403 Cum
3130 2351 3274 2405 enim
3316 2369 3492 2423 neque
3531 2358 3746 2410 calum-

2147 2435 2288 2492 niis.
2335 2452 2504 2503 neque
2541 2419 2761 2508 plagis,
2808 2457 2982 2510 neque
3035 2445 3378 2510 pecuniarum
3431 2447 3743 2518 direptione

2149 2525 2512 2591 murilcanlnr,
2555 2544 2723 2596 neque
2767 2532 2859 2583 ulli
2902 2533 2975 2584 rei
3018 2534 3180 2587 simili
3227 2551 3478 2605 umquam
3524 2541 3744 2601 cedant.

2148 2612 2254 2664 imo
2278 2617 2450 2680 potius
2470 2618 2721 2672 :i-riimnis
2751 2617 2997 2674 fortiores
3023 2625 3269 2691 Clallalll,
3301 2630 3579 2685 considera
3602 2648 3742 2702 qna-

2149 2703 2213 2756 lis
2240 2705 2415 2758 anima
2441 2721 2629 2761 eorum
2661 2709 2939 2766 efliciatur.
2975 2714 3265 2784 Propterea
3297 2722 3438 2790 quod
3472 2726 3523 2777 111
3547 2727 3738 2796 plagis,

2145 2794 2285 2860 quod
2315 2795 2364 2850 in
2394 2801 2630 2868 peetiuiis
2653 2801 2822 2868 jubet,
2845 2803 2948 2860 hoc
2967 2816 3016 2860 et
3043 2807 3093 2861 in
3123 2808 3220 2863 hac
3249 2827 3306 2865 re
3326 2828 3538 2883 quoque
3563 2820 3744 2876 facere

2149 2895 2420 2956 pra-cepit.
2469 2893 2605 2956 Quid
2656 2895 2865 2965 loquor,
2909 2899 3100 2968 inquit,
3149 2903 3216 2957 de
3262 2910 3621 2974 centumcliis,
3671 2913 3746 2970 ile

2151 2980 2432 3044 pecuniis?
2474 2981 2528 3035 Si
2561 2985 2720 3038 etiam
2760 2987 2882 3055 ipso
2927 3005 3154 3059 corpore
3215 3005 3306 3051 tuo
3356 3000 3428 3053 uti
3487 3002 3619 3060 velit
3673 3009 3743 3060 ad

2149 3066 2386 3121 laborem
2413 3078 2468 3123 et
2494 3071 2925 3143 delatigatiouem
2954 3121 2969 3144 ,
3004 3082 3238 3152 illudque
3279 3090 3512 3160 injuste,
3552 3109 3747 3152 rursus

2148 3162 2382 3228 vincito,
2431 3174 2486 3219 et
2528 3167 2668 3221 illius
2707 3169 2942 3240 iniquam
2991 3176 3340 3245 cupiditatem
3388 3197 3742 3256 exsuperata.

2148 3254 2439 3324 Auguriare
2468 3258 2613 3313 enim
2633 3271 2716 3314 est
2754 3262 2935 3334 inique
2957 3267 3190 3332 trahere,
3225 3279 3280 3326 et
3303 3273 3420 3329 sine
3440 3254 3549 3330 ulla
3579 3295 3742 3348 pror-

2148 3360 2241 3398 sus
2265 3349 2470 3411 ratione
2499 3352 2602 3406 vim
2635 3353 2855 3408 inferre.
2892 3361 3138 3414 Attamen
3169 3361 3237 3416 ad
3261 3363 3363 3420 hoc
3389 3368 3548 3422 etiam
3579 3386 3707 3441 para
3726 3403 3743 3414 -

2153 3449 2234 3491 tus
2258 3456 2291 3495 e
2323 3451 2400 3498 tu.
2429 3454 2484 3497 ut
2509 3447 2737 3514 amplius
2771 3451 3008 3517 patiaris,
3033 3471 3193 3524 quam
3226 3458 3318 3514 ille
3346 3464 3473 3518 Velit
3499 3468 3741 3538 exigere.

2148 3529 2236 3584 Η..
2266 3531 2463 3586 l’etcnti
2488 3547 2535 3589 te
2559 3537 2644 3601 da,
2670 3549 2716 3591 et
2736 3541 2983 3596 volentem
3012 3560 3043 3596 a
3069 3553 3375 3618 tenttttuari,
3397 3569 3462 3607 ne
3473 3529 3740 3618 averseris.

2150 3621 2274 3676 llaec
2297 3625 2502 3679 minora
2528 3623 2629 3682 illis
2645 3641 2801 3692 sunt;
2835 3634 2929 3687 sed
2959 3651 3024 3689 ne
3047 3638 3257 3704 mireris
3289 3657 3305 3696 :
3333 3644 3410 3698 sic
3435 3649 3578 3704 enim
3602 3653 3744 3708 solet

2149 3729 2362 3780 semper
2391 3714 2596 3780 facere,
2637 3722 2842 3790 magnis
2885 3738 3043 3789 parva
3085 3731 3337 3788 miscens.
3369 3733 3426 3790 Si
3469 3753 3597 3793 vero
3625 3740 3744 3799 haec

2149 3804 2351 3859 minora
2383 3808 2490 3861 sint
2520 3809 2642 3875 illis,
2672 3813 2892 3866 audiant
2923 3819 3008 3885 qui
3041 3819 3215 3876 aliena
3242 3827 3475 3894 rapiunt,
3502 3833 3596 3900 qui
3620 3848 3738 3888 me-

2147 3895 2429 3952 retricibus
2465 3915 2563 3955 sua
2605 3901 2922 3972 largiuntur,
2957 3917 3012 3961 et
3047 3909 3247 3981 duplex
3288 3917 3387 3971 sibi
3435 3895 3624 3988 parant
3658 3923 3741 3977 iii-

2145 3985 2390 4041 cendium
2418 4029 2433 4051 ,
2482 4000 2536 4044 ct
2582 4009 2676 4061 per
2723 3995 2961 4064 iniquum
3009 4000 3209 4056 aditum
3236 4045 3248 4066 ,
3281 4015 3336 4060 et
3365 3985 3458 4077 per
3494 4025 3740 4081 sumptus

2147 4080 2492 4145 perniciosos.
2523 4082 2760 4138 Mutuom
2790 4097 2968 4143 autem
3008 4091 3093 4146 hic
3129 4111 3234 4149 non
3267 4101 3564 4156 usurarium
3607 4105 3740 4161 illud

2148 4168 2324 4221 fumus
2349 4173 2636 4240 appellant,
2662 4176 2752 4230 sed
2785 4193 2936 4231 usum
2965 4181 3260 4251 simplicem
3314 4190 3451 4243 Alibi
3494 4209 3620 4248 vero
3652 4197 3735 4250 id-

2150 4257 2319 4324 ipsum
2355 4260 2614 4327 intendit,
2653 4267 2856 4333 dicens,
2898 4271 3002 4327 illis
3031 4275 3264 4332 dandum
3296 4296 3414 4335 esse
3436 4325 3449 4347 ,
3482 4302 3510 4338 a
3541 4289 3737 4356 quibus

2149 4349 2278 4401 nihil
2309 4363 2617 4421 recepturos
2648 4374 2745 4412 nos
2773 4376 3073 4428 speramus.
3103 4367 3190 4422 45.
3229 4370 3456 4426 Audistis
3495 4381 3614 4446 quia
3654 4384 3726 4434 di-

2146 4448 2282 4491 ctum
2311 4453 2384 4494 est
2406 4460 2424 4496 :
2449 4443 2639 4516 Diliges
2668 4452 2955 4518 proximum
2989 4463 3168 4519 tiiiini',
3195 4471 3241 4511 et
3270 4463 3387 4516 odio
3409 4465 3611 4524 habebis
3630 4472 3730 4524 iiii-

2145 4531 2330 4584 micum
2376 4546 2532 4588 muni.
2575 4540 2661 4592 44.
2706 4540 2818 4610 Ego
2842 4555 3009 4597 autem
3039 4549 3152 4601 dico
3181 4555 3317 4606 vobis
3341 4573 3359 4606 :
3391 4555 3596 4627 Diligite
3631 4562 3734 4616 ini-

2147 4624 2300 4675 micos
2324 4636 2525 4687 vestros,
2548 4639 2591 4680 et
2617 4645 2755 4685 orate
2782 4651 2874 4700 pro
2904 4637 3327 4694 calumnimiribus
3354 4657 3399 4696 et
3430 4665 3734 4721 persequen-

2144 4714 2273 4767 tibus
2301 4731 2426 4780 vos;
2475 4721 2747 4775 hcnmlicite
2791 4726 3200 4785 muledicenli'bas
3238 4736 3374 4789 vobis
3397 4779 3410 4800 ,
3457 4739 3732 4810 benefacite

2144 4805 2204 4858 iis
2229 4807 2314 4873 qui
2343 4827 2426 4861 vos
2465 4812 2709 4877 oderunt,
2741 4815 2834 4869 45.
2865 4827 2920 4869 ut
2964 4820 3072 4873 silis
3116 4823 3302 4880 simile:
3343 4827 3518 4885 Patris
3563 4848 3760 4904 vcstrt,.~

2141 4897 2228 4964 qui
2253 4906 2324 4949 cst
2350 4901 2398 4950 in
2427 4902 2561 4954 caelis
2585 4945 2600 4967 ,
2631 4907 2717 4974 qui
2744 4910 2899 4960 solum
2925 4927 3068 4963 suum
3096 4916 3220 4968 oriri
3247 4920 3369 4986 facit
3396 4939 3549 4989 super
3575 4927 3731 4983 bona;

2141 4998 2187 5038 et
2238 4990 2428 5052 malos,
2477 5004 2522 5044 et
2569 4996 2699 5060 pluit
2726 5016 2878 5066 super
2908 5003 3075 5068 justas
3101 5016 3147 5058 ct
3171 5007 3407 5078 injustas.
3443 5015 3572 5070 Vide
3592 5037 3727 5088 quo.

2141 5081 2299 5135 modo
2331 5084 2565 5138 ultimam
2594 5089 2854 5143 bonorum
2878 5096 3187 5151 coronidem
3217 5104 3411 5168 posuit.
3441 5107 3725 5179 l’ioptcrca

2138 5174 2281 5226 enim
2322 5173 2481 5227 docet
2504 5219 2516 5239 ,
2547 5195 2650 5230 non
2684 5184 2841 5234 modo
2869 5185 3108 5254 colaphis
3133 5192 3401 5248 medentes
3434 5196 3602 5265 ferre,
3632 5207 3726 5258 sed

2139 5263 2299 5317 etiam
2318 5265 2588 5319 dexteram
2611 5271 2877 5326 maxillam
2904 5277 3142 5343 iii-adiere
3166 5320 3180 5343 ,
3217 5299 3390 5352 neque
3421 5295 3622 5345 tantum
3644 5305 3725 5348 tu-

2139 5356 2271 5407 nime
2298 5357 2511 5422 pallium
2539 5359 2790 5426 adjicere,
2817 5365 2908 5418 sed
2944 5382 3063 5419 cum
3096 5375 3405 5440 angariaiite
3446 5379 3513 5433 ad
3560 5398 3722 5442 unum

2138 5445 2440 5500 milliarium
2488 5465 2580 5516 per
2608 5451 2713 5504 duo
2745 5455 2989 5508 milliaria
3029 5459 3311 5528 incedere,
3356 5477 3410 5520 ut
3449 5472 3594 5538 quod
3638 5476 3724 5534 his

2140 5537 2296 5607 longe
2325 5541 2497 5606 majus
2524 5552 2638 5595 erat
2675 5558 2796 5598 cum
2825 5549 2970 5602 omni
3004 5547 3254 5630 facilitate
3284 5561 3605 5628 susciperes.
3657 5569 3724 5625 lit

2135 5629 2282 5695 quid,
2309 5630 2534 5697 inquies,
2560 5633 2641 5686 his
2664 5637 2834 5705 majus
2855 5653 2934 5692 cst
2954 5641 2980 5693 τ
3012 5629 3160 5695 11111111
3182 5649 3272 5716 qui
3298 5652 3405 5702 lucc
3437 5651 3590 5710 ﬂiciat
3617 5676 3723 5715 111111

2136 5725 2405 5777 11111111ι;11111
2449 5724 2642 5782 bibere
2677 5748 2688 5780 :
2722 5731 2828 5783 imo
2858 5744 2910 5787 tt
2941 5734 3134 5805 aliquid
3174 5741 3319 5794 aliud
3365 5746 3553 5815 majus.
3604 5751 3720 5810 Non
