4050 6422
276 371 384 429 2m

275 489 420 539 enim
452 488 569 548 ait,
610 481 687 538 Ne
739 479 863 534 odio
913 474 1133 540 habeas,
1163 471 1278 537 sed,
1315 471 1488 538 Dilige
1519 487 1528 520 :
1567 481 1671 519 non
1705 463 1830 517 dixit
1856 503 1872 526 ,

274 575 352 631 Ne
375 575 542 631 laedas
564 616 580 638 ,
610 572 724 635 sed,
757 569 1078 624 Benefacito.

348 667 400 721 4.
440 665 635 719 Nouem
662 661 936 716 Christiani
980 674 1098 727 erga
1129 654 1357 708 inimicos
1382 651 1540 721 of/irii
1569 647 1776 718 gradus.
1809 674 1879 684 —

273 759 327 811 Si
357 757 479 825 quis
511 769 639 809 vero
665 753 779 807 haec
807 761 1054 806 accurate
1085 743 1468 813 exploraverit.
1501 739 1642 793 aliud
1676 737 1880 791 videbit

275 851 702 906 additamentum
722 845 804 899 his
825 845 981 912 longe
1002 839 1190 909 majus.
1219 835 1334 891 Non
1358 836 1500 890 enim
1525 834 1698 886 solum
1719 830 1878 898 jussit

273 942 500 1011 diligere
521 981 534 1002 ,
579 936 676 992 sed
706 945 760 990 et
801 949 897 1004 pro
928 933 992 986 iis
1021 945 1198 985 orare.
1237 925 1427 979 Viden'
1455 939 1592 992 quos
1620 919 1878 974 ascende-

276 1034 342 1085 rit
369 1006 590 1100 gradus,
620 1039 676 1083 et
707 1025 978 1097 quomodo
1005 1035 1102 1076 nos
1129 1022 1181 1074 in
1215 1021 1387 1089 ipsum
1422 1016 1635 1070 virtutis
1659 1006 1872 1068 culineu

272 1121 658 1177 constituerit?
688 1116 1014 1174 Consideres
1054 1114 1214 1168 velim
1245 1125 1344 1166 eos
1367 1125 1396 1162 a
1441 1106 1705 1178 principio
1743 1120 1878 1158 enu-

273 1231 512 1272 merans.
564 1214 777 1269 Primus
818 1209 1018 1280 gradus
1057 1216 1170 1270 est,
1202 1222 1309 1260 non
1354 1204 1600 1269 inptriam
1635 1200 1874 1262 inferre;

271 1309 564 1371 secundus,
589 1306 676 1360 ubi
711 1307 915 1371 incepta
943 1310 1027 1356 est
1052 1301 1269 1367 iniuria,
1301 1314 1404 1350 non
1440 1296 1583 1349 illam
1616 1294 1726 1363 pari
1760 1293 1876 1348 vice

275 1399 492 1464 ulcisci;
518 1398 724 1459 tertius,
750 1410 854 1447 non
879 1392 1141 1446 iuferreiu
1169 1389 1452 1443 laadentcm
1478 1385 1708 1456 idipsum
1734 1384 1874 1452 quod

273 1506 463 1562 passus
489 1505 549 1543 es
569 1530 585 1549 .
618 1487 711 1541 sed
740 1484 1060 1554 quiescere;
1095 1491 1316 1549 quartus
1336 1519 1352 1542 ,
1387 1495 1444 1529 se
1477 1478 1649 1546 ipsum
1679 1475 1874 1529 offerre

272 1585 338 1638 ad
387 1582 586 1635 malum
634 1577 982 1648 patiendum;
1012 1574 1230 1645 quintus
1256 1613 1270 1634 ,
1318 1571 1464 1640 plura
1507 1570 1580 1622 illi
1612 1570 1872 1637 prashere,

273 1690 433 1744 quam
464 1674 580 1741 ipse
616 1670 744 1722 velit
774 1670 862 1735 qui
893 1667 1094 1720 malum
1119 1663 1293 1717 intulit
1322 1679 1336 1726 ;
1368 1672 1551 1716 sextus
1574 1702 1588 1725 ,
1616 1677 1720 1713 non
1751 1660 1878 1713 odio

276 1764 475 1819 habere
506 1764 656 1816 illum
688 1762 776 1829 qui
810 1759 931 1813 talia
962 1757 1165 1826 egerit;
1199 1754 1479 1822 septimus,
1516 1753 1687 1819 ipsum
1715 1751 1876 1805 etiam

272 1860 530 1926 diligere;
552 1864 793 1916 octavus,
821 1851 920 1918 ipsi
945 1847 1293 1910 benefacere;
1314 1859 1502 1907 nanus,
1529 1844 1692 1896 Deum
1715 1843 1876 1896 etiam

277 1969 372 2021 pro
395 1952 514 2018 ipso
537 1949 767 2017 precari.
802 1945 1047 1998 Vidistiu‘
1077 1940 1432 2012 pltilos0plti:e
1459 1939 1673 1992 culmen
1701 1939 1723 1988 ’ἐ
1753 1936 1876 1990 Ideo

275 2046 434 2094 cliant
485 2038 824 2108 Splendidum
869 2036 956 2088 ille
1005 2035 1280 2102 prannium
1331 2029 1513 2082 habet.
1565 2028 1696 2094 Quia
1730 2028 1875 2079 enim

277 2150 527 2201 magnum
575 2138 900 2200 praet-cptum
941 2137 1054 2178 erat
1078 2167 1094 2187 ,
1125 2140 1188 2178 ac
1215 2133 1441 2177 strenua
1471 2136 1606 2188 opus
1645 2120 1879 2172 habebat

274 2226 476 2285 animo,
506 2236 804 2290 magnaque
833 2217 1133 2286 diligentia,
1159 2213 1462 2267 mercedem
1499 2211 1574 2264 ibi
1601 2211 1876 2263 constituit

275 2315 479 2376 talem,
531 2314 741 2382 qualem
794 2311 919 2363 nulli
978 2310 1235 2377 priorum.
1293 2305 1406 2359 Non
1473 2305 1614 2358 enim
1677 2313 1874 2357 terram

277 2407 363 2460 hic
392 2412 803 2467 commemorat,
855 2411 912 2454 ot
956 2417 1076 2454 cum
1122 2388 1187 2453 de
1236 2399 1452 2452 mitibus
1498 2406 1720 2465 ageret;
1772 2411 1875 2448 non

273 2497 701 2550 consolationem
756 2504 808 2546 et
865 2493 1313 2555 mi~ericordiam,
1350 2500 1404 2542 ut
1434 2504 1554 2542 cum
1589 2488 1656 2541 de
1692 2488 1877 2556 lngen:

277 2590 419 2640 tibus
450 2599 503 2640 et
529 2588 593 2638 de.
624 2585 1061 2638 misericordibus
1090 2599 1104 2644 ;
1151 2599 1255 2635 non
1280 2582 1348 2635 de
1382 2596 1548 2649 regno
1578 2581 1831 2642 caelorum
1865 2596 1878 2631 :

276 2680 370 2732 St'tl
401 2678 544 2747 quod
577 2677 813 2731 Ottmium
847 2675 1303 2729 mirabilissimum
1331 2683 1444 2726 erat
1467 2715 1480 2735 ,
1511 2672 1649 2740 qttod
1692 2675 1882 2725 fleri-ut

278 2772 370 2824 Dei
400 2771 638 2832 similes,
669 2778 924 2837 quantum
978 2775 1200 2834 possunt
1245 2765 1491 2817 homines
1527 2762 1624 2830 ipsi
1657 2777 1778 2816 esse
1802 2763 1847 2816 si

278 2862 456 2916 miles.
489 2860 556 2915 Ut
579 2861 709 2921 sitis,
743 2858 932 2926 inquit,
963 2858 1152 2911 similes
1179 2855 1355 2908 Patris
1380 2855 1529 2907 vestri
1553 2855 1640 2920 qni
1662 2855 1713 2904 in
1743 2855 1883 2906 (telis

276 2966 372 3009 est.
407 2955 488 3006 'I‘u
511 2967 639 3005 vero
659 2953 914 3004 observes
948 2949 1129 3012 velim,
1161 2948 1335 3016 ipsum
1370 2961 1542 3015 neque
1575 2945 1682 3008 hic,
1709 2959 1881 3012 neque

281 3048 333 3100 itt
366 3043 732 3113 superioribus
765 3042 980 3095 Patrem
1029 3055 1182 3093 suum
1231 3054 1462 3098 vocare;
1499 3037 1592 3090 sed
1629 3037 1735 3089 illic
1765 3037 1882 3104 qui-

279 3140 400 3190 dem
436 3137 602 3188 Deum
644 3117 700 3188 et
741 3148 919 3202 regem
969 3146 1256 3198 magnum,
1288 3143 1408 3181 cum
1455 3127 1519 3180 d2!
1556 3127 1883 3196 jurameulis

277 3233 386 3299 agit
415 3247 428 3286 ;
462 3229 549 3281 hic
582 3243 706 3278 vero
739 3225 950 3278 I’atrem
993 3223 1254 3289 ipsorum.
1289 3218 1341 3271 Id
1373 3234 1502 3271 vero
1533 3220 1642 3287 agit
1671 3217 1770 3269 hos
1799 3217 1880 3268 lo-

278 3319 476 3391 quendi
529 3317 714 3371 modos
764 3318 814 3368 in
868 3322 1232 3381 cpportununt
1286 3320 1498 3376 tempus
1571 3324 1879 3362 reservans.

283 3412 486 3466 Deinde
539 3411 589 3461 in
642 3422 925 3476 progressu
965 3402 1370 3467 sitnili;ttdinem
1423 3402 1566 3454 illam
1605 3400 1880 3455 declarat:

285 3505 384 3566 Qui
429 3500 590 3555 solent
643 3515 787 3550 suum
832 3497 956 3550 oriri
1004 3496 1123 3564 facit
1170 3511 1322 3562 super
1352 3494 1506 3545 bonos
1534 3501 1579 3544 et
1610 3494 1804 3553 malos,
1835 3505 1884 3544 et

280 3594 411 3664 pluit
440 3607 594 3659 super
615 3592 781 3660 justas
819 3597 865 3642 et
910 3588 1148 3655 injustas.
1182 3585 1389 3638 Etenim
1420 3585 1539 3637 illos
1585 3600 1688 3637 non
1722 3583 1882 3637 modo

281 3703 388 3739 non
415 3684 549 3744 odit,
585 3683 774 3751 inquit,
799 3681 892 3734 sed
915 3681 1076 3734 etiam
1106 3679 1367 3733 benelieio
1389 3678 1554 3730 allicit
1581 3693 1676 3732 eos
1706 3676 1794 3745 qui
1823 3692 1883 3731 se

281 3777 471 3840 injuria
494 3773 756 3826 afficiunt.
780 3771 1113 3840 Quamquam
1147 3769 1288 3822 nulla
1316 3769 1386 3821 sit
1408 3768 1506 3821 hac
1537 3768 1588 3820 in
1618 3784 1674 3820 re
1702 3783 1879 3836 aequa-

281 3867 422 3923 litas.
455 3880 561 3918 non
592 3878 763 3916 sonam
797 3871 1013 3929 propter
1041 3859 1282 3913 beneficii
1313 3859 1754 3927 magnitudinem,
1786 3859 1881 3913 sed

279 3959 441 4010 ctiam
472 3963 693 4024 promer
724 3953 998 4022 dignitatis
1024 3951 1392 4006 eminentiam.
1421 3949 1500 4005 Tu
1524 3951 1669 4004 enim
1691 3968 1719 4003 a
1747 3966 1877 4004 eon-

279 4064 437 4103 servo
484 4044 801 4117 despiceris,
836 4044 924 4098 ille
967 4051 1148 4096 autem
1177 4057 1207 4096 a
1237 4057 1394 4096 servo
1423 4057 1580 4110 quem
1609 4042 1881 4096 sexcentis

282 4138 558 4192 bt‘nt'Iit'iiS
600 4134 780 4188 affecit
814 4149 829 4196 ;
882 4143 935 4188 ct
990 4146 1044 4187 tu
1088 4133 1303 4202 quidem
1343 4133 1506 4186 verba
1534 4131 1724 4196 donas,
1755 4132 1880 4185 dum

281 4246 376 4301 pro
410 4230 503 4282 illo
534 4227 772 4298 precaris
793 4268 806 4291 ,
840 4226 931 4279 ille
971 4242 1098 4280 vero
1144 4241 1231 4280 res
1257 4225 1544 4279 admodmn
1576 4241 1796 4295 magnas
1827 4238 1882 4280 et

281 4323 578 4386 mirabiles,
608 4321 778 4373 SOIeIII
808 4318 1109 4373 accendens
1135 4327 1190 4373 et
1211 4333 1418 4371 annuos
1446 4319 1647 4373 imbres
1679 4333 1881 4388 suppe-

283 4417 461 4468 ditans
488 4416 526 4466 ¹.
559 4415 809 4466 Attamen
833 4411 910 4464 sic
932 4409 1172 4463 concedo
1199 4418 1250 4463 te
1266 4410 1527 4476 aequalem
1550 4426 1690 4474 esse,
1712 4427 1880 4480 quatt-

283 4520 393 4563 tum
450 4517 625 4579 potest
670 4506 852 4558 homo.
884 4503 962 4557 Ne
993 4505 1171 4572 itaque
1210 4503 1336 4555 odio
1368 4503 1563 4557 habeas
1607 4504 1878 4560 hominem

279 4603 368 4671 qni
400 4611 450 4654 te
484 4599 625 4652 malo
664 4597 846 4655 afficit.
879 4610 1001 4649 eum
1034 4595 1125 4648 tibi
1160 4602 1237 4646 tot
1263 4595 1400 4648 bona
1423 4596 1697 4658 conciiiet,
1729 4606 1783 4649 et
1813 4598 1878 4650 ad

283 4707 486 4748 tantum
536 4703 586 4746 te
632 4691 898 4744 honorem
926 4686 1121 4748 ducat;
1158 4703 1224 4740 ne
1266 4687 1555 4740 maledicas
1602 4687 1650 4740 ei
1692 4689 1780 4757 qui
1832 4698 1881 4740 te

279 4789 479 4842 damno
508 4785 671 4838 afﬁcit
698 4803 710 4834 :
735 4782 968 4851 alioquin
997 4789 1051 4834 et
1078 4779 1316 4833 laborem
1347 4780 1656 4844 sustinebis,
1688 4791 1740 4832 et
1763 4781 1881 4848 ejus

281 4880 456 4933 fructu
487 4874 820 4944 privaberis;
863 4872 1116 4926 damnum
1163 4869 1305 4924 feres
1335 4882 1384 4923 et
1420 4871 1724 4925 mercedem
1761 4888 1881 4939 per-

281 4971 412 5031 des;
445 4966 586 5034 quod
615 4975 869 5019 extrema:
900 4973 982 5018 est
1010 4963 1315 5026 dementiae,
1350 4963 1489 5030 quod
1519 4963 1616 5016 scil
1640 4972 1723 5015 cet
1755 4979 1876 5017 cum

281 5063 527 5133 graviora
552 5058 984 5120 sustinuerimus,
1009 5057 1215 5110 minora
1248 5070 1354 5107 non
1381 5056 1630 5109 feramus.
1660 5056 1723 5108 Ει
1748 5070 1881 5124 quo-

285 5155 446 5208 tuodo
471 5193 486 5214 ,
535 5151 744 5219 inquies
763 5189 778 5212 ,
820 5155 998 5216 potest
1026 5148 1127 5201 hoc
1159 5147 1312 5201 fieri?
1342 5147 1472 5200 Cum
1507 5147 1670 5201 Deum
1699 5148 1881 5202 videas

285 5246 559 5297 hominem
579 5241 778 5294 factum
808 5249 1009 5293 tantum
1042 5239 1410 5303 descendisse,
1443 5250 1493 5292 el
1529 5251 1671 5293 tanta
1706 5256 1802 5308 pro
1829 5251 1881 5296 te

282 5353 498 5406 passum
532 5350 653 5388 esse
674 5374 686 5395 ,
717 5335 1014 5401 interrogas
1041 5331 1214 5387 adhuc
1241 5341 1292 5386 et
1320 5333 1543 5398 ambigis
1567 5375 1580 5395 ,
1609 5333 1879 5400 quomodo

282 5444 570 5498 rtlsbtllltllS
625 5427 847 5493 injurias
900 5426 1173 5478 consorvis
1223 5427 1537 5478 remittere?
1568 5425 1682 5478 Non
1727 5427 1878 5479 audis

282 5523 430 5574 illum
480 5523 531 5572 itt
577 5535 737 5573 cruce
787 5519 1053 5572 dicentem
1091 5539 1101 5570 :
1141 5519 1345 5570 Dimitte
1391 5519 1491 5569 illis
1528 5537 1543 5579 ,'

280 5625 442 5667 serunt
475 5613 599 5681 quid
629 5613 821 5678 faciunt
852 5610 1000 5679 (Luc.
1029 5611 1124 5671 9.5,
1153 5609 1246 5678 54)
1272 5615 1293 5660 ‘.’
1334 5609 1442 5661 .‘ion
1478 5611 1626 5663 audis
1655 5612 1877 5664 Paulum

1601 5536 1699 5571 non
1748 5520 1879 5570 enim

343 5751 358 5780 ⁸
381 5757 528 5826 ‘t'nus
554 5749 720 5804 habet,
745 5753 787 5796 ct
804 5747 940 5808 quasi
958 5762 974 5794 ί
1007 5758 1117 5793 unm
1142 5744 1272 5795 nobis
1291 5759 1470 5796 soucns
1493 5746 1685 5796 tributa.

1427 353 1492 408 IN
1531 345 1941 406 MVI'TIIzELTM
1987 344 2213 400 ιιοιιιι.
2262 347 2446 404 XVIII.

3478 354 3586 412 270

1988 458 2254 514 dicentem
2292 479 2304 514 :
2341 461 2441 526 Qui
2477 465 2703 517 ascendit
2733 481 2937 520 sursum
2963 507 2977 530 ,
3008 478 3054 520 et
3091 470 3230 522 sedet
3267 468 3319 523 in
3351 472 3586 542 dextera,

1986 552 2275 620 interpellat
2300 570 2393 622 pro
2415 553 2555 607 nobis
2582 554 2760 622 (llam.
2791 557 2848 624 8,
2873 557 2997 626 διν
3014 557 3132 614 Non
3160 560 3308 615 vides
3331 563 3585 630 quoniam

1988 653 2106 711 post
2133 661 2350 701 crucem
2398 656 2448 701 et
2492 650 2864 703 ascensionem
2889 650 3113 713 Juda-is.
3147 656 3236 722 qui
3265 671 3324 708 se
3356 657 3586 713 interfe-

1984 744 2190 798 cerant,
2221 737 2428 792 miserit
2453 741 2746 807 apostolos,
2773 741 2863 810 qui
2889 758 3145 799 sexcenta
3173 747 3302 814 ipsis
3326 747 3588 805 afferrent

1986 828 2144 887 bona.
2177 828 2334 896 idque
2364 845 2485 884 cum
2517 832 2662 886 mille
2687 833 2755 884 ab
2784 833 2914 900 ipsis
2944 839 3151 902 passuri
3187 849 3371 894 essent
3398 843 3537 895 mala
3568 843 3591 895 τ

1984 915 2054 968 At
2081 924 2133 968 ltt
2164 916 2323 970 hesus
2350 919 2638 974 admodum
2668 937 2727 977 es
2747 922 2774 976 ἲ
2803 924 2866 978 Ει
2890 925 3016 992 quid
3051 936 3255 981 tantum
3289 944 3479 998 passus
3505 947 3586 994 es.

1985 1019 2241 1072 quantum
2282 1011 2540 1066 Dominus
2566 1022 2708 1078 tuus,
2742 1015 2970 1079 vinctus,
3003 1020 3248 1085 colaphis
3273 1038 3467 1086 GBSIIS,
3493 1024 3588 1078 fla—

1983 1100 2231 1168 gellatus,
2259 1120 2286 1152 a
2316 1104 2492 1171 servis
2513 1118 2828 1174 consputns,
2861 1121 3090 1166 mortem
3115 1127 3324 1180 passus,
3357 1129 3587 1171 mortem

1983 1193 2224 1246 omnium
2257 1197 2622 1262 turpissimam
2649 1240 2661 1257 ,
2696 1199 2856 1269 idque
2903 1212 3026 1270 post
3056 1204 3206 1260 mille
3239 1206 3386 1259 illata
3422 1199 3587 1262 bene-

1986 1281 2148 1334 Ilcia?
2176 1284 2231 1336 Si
2257 1299 2418 1352 porro
2447 1287 2670 1342 multum
2698 1290 2857 1344 la-sus
2885 1292 2989 1356 sis,
3035 1293 3157 1348 ideo
3190 1297 3426 1352 maxime
3457 1299 3589 1368 ipsis

1986 1372 2242 1428 bene-liena
2264 1377 2470 1441 confer,
2491 1389 2546 1432 ut
2572 1390 2623 1434 et
2652 1382 2741 1435 tibi
2771 1383 3188 1450 splendidiorem
3216 1397 3401 1442 nectas
3427 1405 3587 1445 coro-

1985 1482 2130 1525 nam.
2162 1478 2217 1522 et
2247 1467 2462 1522 fratrem
2485 1488 2514 1523 a
2537 1473 2855 1539 gravissimo
2881 1477 3073 1531 inorbo
3113 1478 3330 1534 liberes.
3372 1481 3502 1535 Nam
3530 1492 3586 1535 et

1985 1559 2177 1616 ntedci
2200 1603 2213 1624 ,
2263 1564 2476 1632 quando
2501 1566 2570 1619 ab
2597 1582 2741 1635 a-gro
2773 1566 2983 1622 furente
3007 1570 3245 1625 calcibus
3293 1581 3346 1625 et
3380 1571 3588 1640 injuriis

1985 1656 2339 1727 impetnntur,
2389 1669 2514 1711 tunc
2559 1662 2792 1714 maxime
2841 1661 2984 1730 ipsos
3034 1663 3382 1729 miserantur,
3425 1676 3478 1719 et
3520 1665 3589 1720 ad

1984 1752 2267 1806 sanitatem
2322 1753 2452 1820 ipsis
2496 1752 2886 1806 restituendam
2936 1748 3057 1808 sese
3102 1765 3387 1823 apparatu,
3434 1753 3586 1824 gnari

1983 1846 2363 1900 contumeliam
2394 1846 2536 1898 illam
2567 1863 2595 1898 ει
2630 1847 2879 1899 violentia
2913 1848 3082 1902 tnorbi
3113 1848 3402 1916 proﬁcisci.
3436 1850 3502 1903 Et
3531 1861 3586 1902 tu

1985 1935 2165 2019 itaque
2200 1936 2333 1990 hanc
2359 1937 2500 1990 circa
2527 1937 2864 1992 insidiatores
2890 1948 3070 1992 teneto
3094 1942 3414 1993 sententiam
3442 1984 3454 2003 ,
3487 1942 3589 1994 sic-

1985 2051 2090 2104 que
2134 2050 2258 2105 erga
2308 2034 2565 2089 Imdentcs
2595 2047 2876 2104 tegi-ras:
2919 2035 2990 2088 illi
3039 2050 3272 2104 namque
3319 2045 3445 2088 sunt
3500 2038 3589 2102 qui

1987 2142 2113 2180 vere
2136 2129 2325 2181 morbo
2348 2128 2591 2182 laborant
2618 2138 2675 2183 et
2698 2128 2801 2180 vim
2829 2127 3106 2197 patiuntur
3129 2145 3366 2182 omnem.
3397 2127 3587 2182 Libera

1988 2220 2150 2286 igitur
2177 2226 2297 2284 eum
2330 2235 2358 2271 a
2385 2219 2534 2289 gravi
2561 2220 2661 2272 isto
2685 2217 2905 2282 damno,
2932 2227 2986 2271 et
3015 2219 3080 2273 da
3109 2234 3329 2288 operam
3373 2231 3427 2271 ut
3457 2221 3589 2272 iram

1986 2310 2261 2375 remittat;
2287 2327 2316 2363 a
2339 2325 2486 2368 sazvo
2507 2310 2775 2373 daamone,
2809 2326 3002 2379 nempe
3031 2303 3232 2375 furore,
3257 2313 3427 2380 eripe.
3457 2311 3589 2365 Nam

1983 2419 2110 2457 cum
2143 2404 2508 2456 da-moniacos
2538 2404 2805 2468 videmus,
2849 2403 3244 2473 lacrymamnr,
3277 2419 3451 2474 neque
3479 2414 3589 2457 stu-

1988 2498 2178 2548 demus
2224 2495 2322 2564 ipsi
2355 2510 2383 2548 a
2416 2494 2663 2549 daunone
2705 2496 2914 2563 agitari.
2948 2495 3058 2548 lloc
3086 2496 3244 2564 igitur
3268 2512 3393 2565 erga
3426 2497 3591 2550 iratos

1989 2603 2128 2643 nunc
2144 2586 2430 2652 faciamus;
2456 2604 2577 2642 nam
2607 2591 2669 2642 iis
2691 2589 2892 2644 similes
2913 2601 3036 2643 sunt
3063 2590 3332 2654 iracundi;
3361 2589 3468 2642 imo
3491 2591 3593 2644 illis

1988 2681 2297 2734 miseriores
2347 2689 2516 2744 sunt,
2568 2682 2657 2749 qui
2711 2682 2961 2735 sensibus
3012 2682 3235 2750 integris
3291 2681 3589 2737 insaniunt.

1987 2770 2347 2838 Quamobrem
2402 2770 2615 2824 illorum
2647 2770 2879 2823 amentia
2913 2772 3122 2824 veniam
3171 2787 3275 2824 non
3325 2783 3588 2826 meretur.

2062 2864 2114 2932 5,
2156 2861 2232 2917 Ne
2273 2863 2449 2932 itaque
2469 2863 2734 2934 iacentem
2763 2864 3008 2926 invadas.
3045 2866 3151 2918 imo
3192 2869 3367 2934 potius
3418 2868 3591 2936 ipsum

1989 2957 2268 3010 miserare.
2295 2956 2428 3010 Nam
2459 2958 2502 3009 si
2535 2955 2838 3025 quempiam
2869 2957 3196 3011 videamusa
3226 2958 3330 3012 bile
3357 2953 3592 3029 cit-agita-

1991 3056 2101 3098 tom
2133 3056 2186 3099 et
2215 3047 2478 3115 vertigine
2500 3059 2738 3116 captum,
2772 3061 2836 3102 ac
2868 3062 3088 3116 pravum
3139 3050 3284 3103 illum
3310 3049 3590 3104 humorem

1990 3153 2246 3192 evomere
2285 3137 2650 3203 festinantem,
2681 3153 2899 3192 manum
2927 3138 3270 3208 porrigimns,
3299 3152 3350 3194 et
3374 3140 3451 3193 sic
3475 3143 3588 3207 agi-

1997 3235 2167 3279 tatum
2186 3235 2799 3293 sustentantus,etiamsi
2817 3234 3041 3301 pallium
3063 3235 3438 3302 inquinemtts,
3458 3238 3594 3293 nihil

1994 3332 2289 3383 curamus;
2346 3320 2440 3374 sed
2473 3323 2523 3374 id
2559 3325 2738 3376 solum
2769 3340 3050 3386 curamus.
3096 3338 3154 3379 ut
3184 3327 3334 3394 illum
3365 3347 3394 3383 a
3438 3333 3590 3399 gravi

1995 3406 2311 3476 hujosmodi
2344 3415 2595 3483 angustia
2629 3430 2911 3471 eruamus.
2953 3416 3063 3472 lloc
3089 3419 3271 3488 itaque
3294 3436 3423 3490 erga
3458 3424 3592 3477 istos

1992 3500 2154 3553 etiam
2191 3517 2438 3571 agamus,
2492 3516 2865 3562 sustentemus
2915 3521 3198 3565 vomentes
3244 3522 3298 3566 et
3330 3515 3588 3582 agitatus,

1992 3606 2169 3660 neque
2206 3595 2356 3661 prius
2383 3596 2750 3663 dimittamus,
2792 3615 2957 3668 quam
2993 3602 3136 3656 hanc
3161 3606 3588 3661 amaritudinem

1990 3700 2209 3739 omnem
2233 3688 2609 3755 deposuerint.
2673 3689 2739 3743 Et
2775 3702 2908 3746 tunc
2957 3694 3051 3747 tibi
3075 3697 3280 3763 gratias
3313 3697 3590 3753 habebunt

1991 3778 2277 3841 maximas,
2298 3795 2421 3832 cum
2446 3784 2789 3849 quieteriut:
2824 3795 2953 3838 tunc
2984 3785 3029 3838 is
3053 3787 3199 3838 clare
3220 3798 3534 3854 Cognoscet,
3560 3805 3590 3842 a

1989 3881 2194 3937 quanta
2225 3874 2375 3926 illum
2403 3877 2812 3942 perturbatione
2842 3880 3075 3932 erueris.
3118 3878 3179 3931 Et
3215 3881 3343 3947 quid
3376 3881 3498 3935 dico
3522 3881 3591 3935 ab

1990 3960 2086 4015 illo
2103 3961 2198 4015 tibi
2217 3964 2445 4030 gratiam
2465 3980 2586 4018 esse
2613 3966 2950 4020 referendam
2973 3970 2994 4019 ν
3015 3969 3143 4022 Nam
3166 3979 3217 4022 te
3244 3968 3383 4023 Dens
3406 3973 3592 4024 statim

1987 4054 2287 4116 coronabit.
2316 4064 2370 4108 et
2399 4054 2693 4107 innumeris
2727 4055 3092 4108 remunerabit
3123 4056 3299 4121 bonis,
3329 4057 3451 4125 quia
3486 4056 3591 4110 fra-

1989 4155 2125 4201 trem
2172 4156 2319 4199 luum
2350 4161 2379 4198 a
2401 4145 2546 4213 gravi
2569 4143 3013 4198 inorholiberasti
3043 4163 3056 4198 :
3097 4145 3191 4199 sed
3220 4146 3378 4199 etiam
3425 4146 3511 4201 ille
3542 4156 3592 4199 te

1988 4248 2048 4291 ut
2074 4236 2349 4292 dominum
2396 4235 2713 4297 honorabit,
2744 4242 2886 4287 tuam
2919 4237 3140 4288 omnino
3171 4237 3432 4289 reveritus
3481 4251 3594 4289 mo-

1987 4327 2343 4382 derationem.
2379 4327 2567 4380 Annon
2592 4325 2744 4378 vides
2773 4325 3042 4392 parientes
3066 4325 3339 4388 mulieres,
3369 4341 3593 4395 quomo-

1989 4420 2059 4473 do
2104 4421 2307 4473 vicinas
2335 4418 2435 4471 sibi
2461 4419 2764 4480 mordeant,
2790 4415 2844 4472 et
2868 4419 2969 4471 illa:
3002 4427 3178 4471 tamen
3213 4435 3318 4472 non
3366 4420 3590 4473 dolent?

1990 4512 2100 4567 lmo
2129 4511 2331 4570 dolent.
2361 4512 2452 4563 sed
2487 4509 2614 4563 illud
2649 4510 2858 4564 fortiter
2898 4511 3072 4564 ferunt
3094 4551 3108 4574 ,
3161 4519 3214 4562 et
3239 4510 3592 4564 commisero-

1991 4606 2431 4659 tioueducuntur
2458 4618 2579 4671 erga
2610 4603 2856 4657 dolentes
2912 4612 2965 4656 et
3013 4620 3040 4655 a
3098 4612 3250 4671 partu
3305 4603 3590 4658 dissectas.

1990 4696 2094 4748 llas
2135 4705 2189 4748 ιιι
2232 4708 2447 4762 quoque
2495 4693 2704 4746 imitare
2751 4709 2924 4761 neque
2976 4693 3050 4746 sis
3095 4693 3223 4761 ipsis
3281 4694 3592 4748 mulieribus

1988 4790 2221 4841 mollior.
2256 4787 2389 4841 Cum
2414 4787 2555 4839 enim
2601 4790 2904 4854 pepererunt
2933 4787 3188 4841 mulieres
3218 4788 3330 4839 ista:
3362 4786 3592 4857 (mulie-

1992 4881 2136 4934 ribus
2171 4882 2369 4949 quippe
2391 4888 2514 4932 sunt
2552 4879 2625 4931 illi
2655 4879 2781 4931 rixis
2842 4879 3120 4932 movendis
3167 4879 3590 4947 promptiores),

1990 4984 2114 5028 tunc
2142 4986 2191 5028 te
2225 4975 2396 5026 virmn
2449 4987 2569 5026 esse
2596 4981 2942 5041 cognoscent.
2994 4969 3145 5037 Quod
3176 4971 3218 5022 si
3248 4971 3436 5039 gravia
3481 4970 3595 5024 hate

1994 5077 2256 5138 praecepta
2295 5075 2439 5129 sunt,
2472 5066 2646 5136 cogita
2677 5066 2794 5118 idco
2823 5065 3036 5120 venisse
3064 5063 3361 5126 Christum,
3395 5075 3452 5116 ιιι
3481 5064 3595 5117 haec

1993 5159 2044 5212 in
2076 5159 2268 5212 animis
2303 5159 2504 5211 nostris
2527 5159 2808 5217 insereret,
2837 5163 2896 5207 ut
2923 5171 3019 5207 nos
3043 5164 3094 5207 et
3117 5154 3305 5208 amicis
3336 5165 3387 5208 et
3417 5154 3596 5208 inimi-

1991 5256 2068 5307 cis
2097 5254 2254 5307 utiles
2281 5252 2543 5305 efliceret.
2570 5248 2696 5304 Ideo
2721 5251 3004 5302 amborum
3052 5262 3234 5299 curam
3280 5262 3466 5312 gerere
3503 5245 3597 5314 ju-

1993 5346 2122 5406 bet;
2179 5347 2426 5406 l'ratrutn,
2460 5359 2579 5394 tum
2642 5342 2802 5404 dicit,
2859 5339 2917 5393 Si
2969 5336 3122 5402 offers
3167 5353 3349 5389 manus
3409 5347 3600 5399 tuum;

1990 5436 2357 5499 inimicorum,
2390 5450 2509 5487 cum
2544 5435 2658 5503 lege
2682 5433 2865 5486 statuit
2892 5438 2948 5482 ut
2981 5431 3121 5498 ipsos
3143 5428 3356 5497 diligas,
3394 5437 3447 5480 et
3495 5443 3597 5498 pro

1989 5528 2120 5595 ipsis
2152 5544 2292 5581 ores.
2328 5527 2512 5596 Neque
2542 5528 2630 5580 Dei
2661 5534 2863 5578 tantum
2889 5525 3138 5590 exemplo
3170 5521 3235 5574 ad
3277 5519 3381 5573 hoc
3411 5519 3597 5573 horta-

1991 5631 2097 5686 tur,
2133 5638 2312 5674 vcrum
2338 5622 2498 5674 etiam
2537 5635 2602 5674 ex
2634 5619 2904 5672 contrario
2931 5635 2941 5668 :
2978 5632 3122 5678 nam,
3151 5615 3238 5669 46.
3269 5615 3328 5668 Si
3357 5612 3599 5668 dilexeri-

1991 5718 2071 5781 ιιι,
2107 5713 2296 5784 inquit,
2328 5730 2411 5768 eos
2437 5713 2523 5781 qui
2545 5727 2626 5766 vos
2656 5711 2907 5782 diligunt,
2937 5724 3091 5777 quant
3120 5706 3400 5760 mercedem
3442 5704 3592 5757 habe-
