4050 6442
292 391 400 446 275

296 507 345 562 si
386 508 479 562 ille
520 516 571 561 te
610 507 758 577 prior
785 505 1023 569 salutet,
1055 504 1184 559 nihil
1238 504 1329 559 tibi
1374 505 1492 574 plus
1526 505 1629 560 erit
1673 498 1716 557 si
1758 504 1906 557 salu-

298 608 408 654 tem
452 598 686 660 reddas:
736 598 780 652 si
836 612 966 653 vero
1014 606 1067 650 tu
1100 597 1247 665 prior
1275 610 1530 665 preperes
1560 595 1627 649 ad
1663 595 1902 649 salutan-

300 692 455 755 dum,
482 689 678 744 fastum
724 689 847 757 ejus
886 688 1216 757 inter-cepisti
1243 728 1257 749 ,
1309 695 1365 739 et
1416 687 1620 755 largum
1663 701 1727 739 ex
1775 685 1893 753 ejus

293 782 607 851 arrogantia
652 780 879 834 fructum
936 781 1225 835 messnisti.
1267 779 1551 846 Quomodo
1593 778 1754 847 igitur
1794 791 1900 831 non

297 882 561 926 extremae
625 862 913 926 dementim
960 871 1118 925 fuerit
1148 911 1161 932 ,
1214 885 1334 923 eum
1383 885 1450 924 ex
1505 869 1665 923 nudis
1720 868 1901 924 verbis

297 972 507 1016 tantum
562 976 759 1032 capere
812 961 1042 1016 fructum
1128 962 1437 1025 valeamus,
1497 961 1703 1015 lucrum
1778 974 1901 1028 per-

291 1059 447 1115 dere.
480 1067 535 1109 et
566 1070 687 1108 cum
716 1054 866 1108 illum
889 1054 1276 1121 improbemus,
1312 1055 1361 1107 in
1395 1054 1583 1107 cadent
1615 1050 1895 1107 incidere?

291 1145 349 1200 Si
377 1148 525 1201 enim
558 1146 703 1198 illum
738 1145 860 1199 ideo
896 1144 1080 1211 culpas
1106 1144 1247 1213 quod
1278 1144 1421 1212 prior
1442 1144 1669 1197 aliorum
1700 1142 1903 1196 saluta-

297 1240 502 1291 tionem
554 1244 861 1305 exSpectet,
913 1250 1010 1289 cur
1064 1236 1290 1287 imitaris
1322 1234 1373 1287 id
1403 1234 1547 1302 quod
1582 1232 1893 1303 improbas;

295 1341 351 1383 et
380 1331 526 1401 quod
549 1332 747 1384 malum
778 1344 900 1383 esse
920 1329 1074 1388 dicis.
1118 1328 1218 1381 hoc
1246 1336 1303 1379 ut
1331 1329 1525 1379 bonum
1580 1325 1894 1379 aunnlaris?

298 1422 489 1477 \‘idcn‘
519 1422 647 1476 nihil
679 1421 893 1474 stultius
939 1436 1058 1476 esse
1082 1421 1297 1473 homine
1320 1418 1371 1473 in
1394 1417 1624 1486 nequitia
1652 1418 1899 1471 vivente?

294 1513 663 1583 Quamobrem
711 1512 940 1567 obsecro
963 1552 979 1577 ,
1012 1515 1149 1566 hanc
1191 1510 1487 1580 improbam
1516 1518 1568 1562 et
1612 1508 1892 1562 ridiculam

293 1608 742 1662 consuetudinem
790 1607 1069 1677 fugiamus.
1119 1604 1214 1659 Hic
1238 1604 1434 1673 quippe
1481 1602 1699 1656 morbus
1748 1602 1895 1657 mille

294 1701 562 1753 amicitias
589 1698 801 1761 evertit,
837 1699 1138 1768 multasque
1167 1697 1375 1765 peperit
1402 1694 1731 1749 inimicitias.
1768 1693 1893 1747 Ideo

294 1806 393 1842 nos
413 1790 807 1861 praeveniamus
824 1789 979 1842 alios.
1004 1787 1135 1841 Nam
1158 1790 1246 1856 qui
1265 1788 1518 1853 iubemur
1538 1785 1677 1840 ferre
1695 1796 1752 1839 ut
1777 1785 1891 1837 ala-

292 1887 373 1955 pis
401 1884 788 1953 percutiamur,
816 1882 916 1936 iter
944 1882 1113 1935 coacti
1141 1880 1516 1947 suscipiamus,
1542 1876 1805 1933 nudemur
1824 1876 1894 1930 ab

290 1976 544 2039 inimicis,
564 1989 667 2044 qua
695 1974 847 2028 venia
864 1973 1008 2042 digni
1034 1973 1257 2033 erimus,
1287 1972 1330 2024 si
1364 1972 1413 2023 in
1441 1969 1668 2039 simplici
1692 1970 1892 2024 saluta-

288 2071 436 2125 tione
477 2078 682 2122 tantam
704 2065 1052 2120 adhibeamus
1073 2063 1510 2119 contentionem?
1536 2064 1887 2133 DeSpieimur,

287 2164 519 2232 inquies,
537 2172 591 2214 et
604 2162 971 2229 eonspuimur,
984 2174 1103 2213 cum
1122 2158 1225 2213 hoc
1244 2159 1339 2228 ipsi
1357 2158 1719 2213 concedimus.
1742 2158 1806 2212 Et
1824 2173 1890 2212 ne

285 2266 336 2308 te
350 2254 611 2322 deSpiciat
626 2252 805 2315 homo.
830 2251 995 2304 Deum
1009 2251 1234 2304 offendis
1251 2250 1273 2301 τ
1288 2266 1353 2304 ne
1368 2260 1417 2303 te
1434 2259 1742 2304 contemnat
1759 2264 1889 2303 con-

282 2360 475 2399 servus
496 2342 699 2404 furens,
739 2343 1018 2396 Dontinum
1042 2343 1362 2407 contemnis,
1392 2342 1480 2409 qui
1506 2351 1645 2395 tanta
1680 2341 1770 2394 tibi
1805 2342 1891 2395 be-

286 2442 477 2495 m-iieia
504 2440 733 2493 t-ontnlit
748 2437 770 2489 ’ἲ
784 2437 837 2491 Si
858 2439 998 2490 enim
1013 2436 1300 2489 absurdum
1314 2445 1395 2489 est
1416 2446 1465 2488 te
1486 2437 1744 2503 aequalem
1758 2449 1887 2488 eon-

286 2572 1495 2601 mm

1466 389 1533 445 IN
1572 386 1983 446 MATTH£UM
2026 387 2254 445 noun.
2300 388 2442 445 XIX.

3525 400 3628 454 2'."

2018 513 2277 566 temnere,
2297 505 2469 558 multo
2491 504 2661 575 magis
2678 504 2971 561 absurdum
2993 518 3345 564 contemnere
3362 517 3416 565 te
3431 509 3624 575 Deum,

2013 596 2105 663 qui
2138 605 2189 647 te
2212 594 2356 649 fecit.
2390 595 2468 648 Ad
2494 595 2608 651 haec
2632 596 2946 652 consideres
2976 597 3156 665 velim,
3180 614 3304 654 cum
3334 608 3386 655 te
3416 600 3504 655 ille
3528 602 3626 657 de-

2013 688 2205 755 spicit,
2239 697 2365 743 tunc
2379 689 2642 759 majorem
2675 690 2767 745 tibi
2806 691 3114 747 mercedem
3140 692 3451 749 conciliare.
3486 693 3621 749 Pio-

2010 790 2130 851 pter
2156 780 2321 834 Deum
2354 782 2499 836 enim
2530 782 2645 836 haec
2673 783 2896 852 pateris,
2925 785 3049 854 quia
3072 785 3219 855 leges
3241 785 3358 855 ejus
3402 782 3624 841 audisti.

2014 872 2124 927 Hoc
2170 883 2351 927 autem
2376 888 2486 942 quo
2510 888 2618 930 non
2644 875 2851 931 honore
2896 875 3116 946 dignum
3163 877 3270 932 sit?
3296 879 3490 950 quibus
3515 894 3624 933 non

2008 964 2445 1019 diadematibus?
2462 964 2752 1036 Contingat
2790 966 2921 1022 mihi
2945 979 3002 1024 et
3026 970 3370 1026 contumeliis
3396 970 3538 1025 affici
3566 981 3623 1026 et

2008 1056 2284 1111 contemni
2346 1067 2568 1127 propter
2612 1058 2804 1124 Deum,
2836 1060 3017 1129 potius
3058 1077 3222 1131 quam
3267 1061 3520 1116 honorari
3553 1063 3623 1116 ab

2008 1150 2257 1204 onmilms
2288 1150 2507 1220 regibus
2558 1168 2571 1202 :
2617 1151 2748 1207 nihil
2778 1154 2945 1213 enim.
2977 1154 3111 1210 nihil
3137 1155 3322 1225 utique
3353 1154 3478 1210 huic
3518 1156 3623 1209 ho-

2009 1243 2123 1295 tmri
2155 1256 2251 1309 par
2278 1251 2381 1295 est.
2414 1242 2567 1296 llunc
2607 1243 2786 1312 itaque
2805 1254 3184 1300 cousectemur
3232 1256 3290 1300 ut
3316 1246 3404 1301 ille
3422 1245 3620 1315 jussit;

2008 1332 2379 1400 humanosque
2411 1332 2647 1387 honores
2677 1332 2826 1386 nihili
2849 1333 3131 1401 facientes,
3164 1335 3259 1390 sed
3295 1350 3477 1389 veram
3508 1334 3620 1402 phi.

2010 1425 2313 1496 losnpltiam
2342 1440 2437 1493 per
2484 1425 2662 1479 omnia
2695 1425 3048 1492 exhibentes,
3078 1428 3157 1482 sic
3192 1429 3355 1481 vitam
3400 1426 3557 1481 ordin
3582 1449 3620 1470 ε-

2006 1532 2127 1571 mus
2181 1525 2443 1569 nostram.
2493 1514 2627 1569 Nam
2668 1516 2965 1572 ctelestium
3003 1532 3325 1574 coronarum
3367 1518 3478 1588 jam
3531 1519 3617 1573 hic

2003 1608 2238 1663 fructum
2290 1607 2673 1678 percipiemus,
2715 1609 2866 1677 quasi
2897 1609 3071 1678 angeli
3128 1625 3250 1664 cum
3303 1609 3615 1663 hominibus

2003 1710 2303 1765 versantes,
2341 1709 2613 1770 tamquam
2641 1701 2900 1770 angelicas
2926 1708 3222 1769 potestates
3250 1700 3303 1752 in
3331 1709 3472 1754 terra
3505 1700 3613 1753 ciro

2003 1805 2321 1849 cumeuutes
2349 1836 2364 1861 ,
2398 1794 2547 1848 omni
2593 1794 2885 1863 cupiditate
2925 1792 3182 1860 omnique
3210 1794 3614 1862 perturbatione

2000 1886 2237 1954 exempti
2265 1902 2277 1947 ;
2303 1895 2359 1939 ct
2382 1899 2503 1938 cum
2527 1886 2613 1939 his
2634 1884 2884 1938 omnibus
2905 1882 3189 1939 ineffabilia
3214 1899 3613 1953 consequemur

2000 1976 2138 2030 bona
2171 1996 2183 2030 :
2213 1992 2332 2046 quae
2356 1978 2556 2031 utinam
2582 1992 2681 2031 nos
2704 1992 2897 2032 omnes
2926 1976 3291 2047 adipiscamur
3316 2018 3331 2038 ,
3360 1978 3528 2046 gratia
3558 1985 3615 2029 et

2001 2070 2330 2140 benignitate
2387 2069 2595 2125 Domini
2649 2068 2819 2123 nostri
2868 2068 2996 2123 Jesu
3026 2066 3251 2132 Christi,
3283 2068 3367 2123 cui
3415 2067 3605 2136 gloria,

1997 2165 2283 2233 imperium
2313 2164 2645 2238 etvadoratio
2671 2178 2794 2217 cum
2823 2160 3072 2233 principii
3109 2171 3333 2230 experte
3374 2160 3535 2215 Patre
3556 2169 3612 2213 et

1995 2268 2182 2313 sancto
2213 2258 2463 2328 bonoque
2492 2255 2717 2327 Spiritu,
2752 2269 2894 2310 nunc
2917 2263 2973 2309 et
2996 2268 3235 2324 semper,
3258 2263 3311 2308 et
3330 2252 3383 2306 in
3409 2252 3608 2307 saecula

1992 2348 2332 2404 saeculorum.
2362 2352 2551 2403 Amen.

1649 2655 1997 2716 HOMILIA
2051 2655 2227 2714 ΧΙΧ.

282 2805 409 2858 Car.
458 2804 512 2857 6.
542 2820 594 2856 ν.
631 2804 679 2857 i.
714 2803 965 2857 Attenditc
1014 2818 1077 2856 ne
1130 2804 1499 2870 eleemosynam
1543 2812 1761 2855 vestram
1805 2804 1882 2871 fa-

352 2898 503 2951 ciatis
529 2913 701 2949 rorant
729 2898 1035 2959 hominibus,
1070 2905 1121 2949 ut
1153 2896 1423 2948 videamini
1449 2893 1511 2947 ab
1538 2896 1629 2948 eis.

351 2997 373 3041 1
389 3031 400 3041 .
424 2988 567 3041 i'aita
593 2989 757 3058 gloria
779 2990 959 3056 probos
976 2989 1126 3040 etiam
1145 2985 1691 3041 invadit.-—0mnium
1716 2986 1885 3039 maxi-

284 3098 366 3134 me
397 3084 736 3150 tyranuicum
757 3081 866 3150 jam
891 3082 1131 3135 eliminat
1150 3080 1311 3135 animi
1341 3080 1584 3133 morbum
1610 3118 1624 3141 ,
1652 3078 1878 3137 rabiem,

278 3172 522 3244 inquam,
555 3172 696 3224 illam
736 3180 789 3227 et
832 3169 1064 3225 furorem
1088 3171 1229 3225 circa
1254 3185 1442 3223 vanam
1470 3168 1691 3239 gloriam
1717 3209 1731 3229 ,
1763 3184 1882 3235 qute

278 3264 532 3316 homines
575 3264 734 3315 etiam
780 3262 946 3330 probe
989 3272 1209 3329 agentes
1254 3260 1473 3314 invadit.
1531 3262 1571 3313 A
1622 3259 1882 3327 principio

275 3355 498 3425 quidem
529 3353 660 3407 nihil
688 3354 787 3407 hac
812 3354 879 3409 de
908 3369 966 3405 re
988 3353 1237 3423 loquutus
1257 3362 1357 3406 est.
1388 3351 1519 3405 Nam
1549 3352 1877 3421 superfluum

276 3449 488 3512 fuisset,
523 3446 829 3517 priusquam
862 3444 996 3498 bona
1020 3459 1181 3513 opera
1204 3444 1365 3498 edere
1385 3443 1654 3506 suaderet,
1684 3443 1880 3499 docere

277 3538 555 3609 quomodo
586 3538 671 3590 illa
704 3537 941 3591 facienda
988 3546 1043 3592 et
1082 3534 1326 3590 adeunda
1353 3544 1553 3589 essent.
1588 3535 1880 3606 Postquam

275 3642 455 3687 autem
476 3634 529 3686 in
552 3630 941 3701 philosophiam
971 3630 1193 3691 induxit,
1216 3642 1340 3684 tunc
1358 3630 1573 3683 demum
1594 3644 1737 3695 eam,
1758 3644 1879 3698 qmc

278 3725 625 3795 snbrependo
652 3724 818 3794 ipsam
849 3725 1065 3778 inlicere
1094 3723 1254 3785 solet,
1284 3733 1487 3791 pestem
1512 3721 1725 3777 auferre
1754 3721 1879 3775 niti-

278 3831 383 3875 tur.
418 3819 601 3889 Neque
628 3818 769 3872 enim
818 3828 1102 3887 utcumque
1128 3818 1360 3887 gignitur
1388 3816 1472 3870 hic
1502 3814 1751 3875 morbus,
1781 3814 1876 3870 sed

280 3924 562 3979 postquam
595 3912 758 3964 multa
787 3919 1047 3979 pra-cepta
1075 3908 1288 3977 egregie
1310 3907 1667 3975 implevimus.
1700 3904 1874 3972 Opor-

278 4003 417 4057 tebat
465 4003 626 4071 igitur
669 4003 815 4071 prius
861 4002 1106 4053 virtutem
1155 4001 1426 4061 inserere,
1476 4008 1531 4051 et
1573 4007 1697 4051 tunc
1724 3997 1873 4050 illttm

275 4095 438 4147 animi
466 4093 717 4147 aﬂ'ectum
746 4091 957 4145 auferre
977 4134 991 4155 ,
1038 4091 1125 4159 qui
1163 4091 1277 4160 ejus
1309 4090 1536 4144 fructum
1567 4088 1871 4144 labefactat.

278 4193 353 4242 Ac
384 4188 504 4241 vide
531 4186 670 4241 unde
701 4186 976 4241 exordium
1009 4196 1215 4238 sumat:
1248 4199 1276 4237 τι
1305 4182 1529 4253 jejunio,
1561 4182 1804 4237 oratione
1822 4192 1875 4240 et

276 4283 640 4351 eleemosyna.
676 4279 730 4334 In
763 4280 843 4335 his
866 4279 1009 4333 enim
1040 4278 1273 4332 maxime
1315 4286 1460 4332 recte
1490 4276 1641 4330 factis
1668 4277 1871 4331 versari

276 4376 433 4428 solet.
455 4373 588 4427 Nam
616 4372 918 4427 Phariszcus
941 4372 1064 4426 inde
1090 4372 1301 4426 inflatus
1322 4371 1535 4424 dicebat
1557 4388 1567 4422 :
1594 4369 1783 4441 Jejuno
1798 4369 1873 4423 bis

281 4476 326 4527 iu
358 4469 696 4530 hebdomade,
728 4468 947 4521 decimas
977 4467 1043 4522 do
1063 4467 1286 4520 omnium
1311 4482 1425 4535 qua:
1455 4463 1690 4534 possideo
1714 4463 1867 4533 (Luc.

280 4567 343 4618 18
361 4565 467 4629 ,12
495 4572 509 4631 )
539 4581 551 4616 :
582 4563 634 4615 in
666 4562 777 4629 ipsa
798 4561 1041 4613 oratione
1068 4574 1257 4613 vanam
1282 4557 1531 4627 captabat
1553 4554 1799 4626 gloriam,
1819 4564 1875 4610 et

278 4662 341 4710 ad
373 4655 787 4710 ostentationem
821 4653 1153 4721 precabatur.
1181 4651 1312 4719 Quia
1343 4651 1483 4704 enim
1512 4648 1692 4703 nullus
1734 4648 1872 4702 alius

281 4752 505 4811 aderat,
535 4746 873 4815 publicanum
902 4744 1171 4799 indicabat
1191 4743 1376 4798 dicens
1405 4759 1419 4795 :
1448 4740 1571 4795 Non
1601 4758 1715 4794 sum
1741 4741 1871 4795 sicut

279 4841 448 4897 ueteri
492 4839 753 4892 hominum
775 4879 789 4899 ,
838 4853 997 4905 neque
1037 4837 1167 4889 sicut
1194 4836 1276 4889 hic
1306 4835 1603 4905 publicanus
1629 4833 1789 4905 (Ibid.
1815 4850 1865 4888 υ.

280 4934 337 4987 tl
375 4934 415 4999 ).
437 4929 508 4984 Et
527 4927 647 4983 vide
672 4927 945 4998 quomodo
964 4926 1218 4985 Servator
1237 4926 1482 4996 coeperit,
1507 4941 1570 4981 ac
1589 4927 1634 4981 si
1664 4926 1732 4982 de
1759 4925 1869 4981 fera

276 5029 452 5075 astuta
494 5035 559 5072 ac
586 5020 925 5088 deprehensu
949 5020 1147 5074 dillicili
1182 5032 1383 5091 ageret,
1406 5039 1528 5092 quas
1552 5041 1655 5077 non
1676 5026 1864 5077 admo-

278 5112 405 5167 dum
421 5111 636 5180 vigilem
652 5126 843 5179 capere
857 5124 1030 5182 posset
1066 5131 1077 5163 :
1102 5130 1225 5167 nam
1239 5115 1314 5168 ait
1336 5132 1348 5166 :
1368 5116 1404 5167 .4
1419 5116 1635 5169 (tendite
1654 5131 1715 5169 ne
1730 5114 1866 5168 elec—

280 5221 553 5273 utasyuam
575 5215 928 5268 vestram,etc.
947 5205 1035 5259 Sic
1048 5206 1312 5261 etPaulus
1326 5207 1764 5278 Philippensibus
1782 5209 1865 5261 di-

282 5296 354 5347 cit
371 5312 385 5349 :
405 5294 586 5348 Videte
602 5294 1023 5365 caucs(Philipp.
1047 5297 1193 5361 3,2).
1221 5298 1372 5350 Clam
1394 5300 1536 5351 enim
1564 5298 1864 5366 ingreditur

280 5385 472 5447 fera,et
484 5388 666 5438 omnia
681 5387 798 5440 sine
810 5389 1033 5456 strepitu
1050 5390 1386 5458 iullat.atque
1399 5390 1580 5442 omnia
1594 5404 1714 5457 qute
1727 5388 1868 5442 intra

280 5480 410 5534 .tihil
428 5482 752 5534 sentientem
772 5481 1108 5535 suntaul‘ert.
1125 5482 1261 5547 Quia
1286 5484 1448 5550 igitur
1467 5483 1762 5551 plurimum
1786 5485 1875 5537 fe-

280 5574 342 5627 cit
370 5573 438 5624 de
465 5570 805 5639 eleemosyua
852 5581 1155 5621 sermonem
1180 5607 1193 5630 ,
1238 5566 1515 5636 Deumque
1554 5568 1605 5623 in
1636 5569 1869 5624 medium

282 5662 521 5725 adduxit,
556 5658 655 5726 Qui
686 5657 840 5712 solent
860 5674 1006 5711 suum
1033 5658 1155 5710 oriri
1188 5658 1310 5727 facit
1334 5674 1487 5726 super
1515 5659 1676 5712 malos
1706 5670 1750 5713 et
1777 5661 1870 5713 bo-

282 5771 388 5815 nos,
423 5762 477 5807 et
506 5748 738 5819 undique
764 5749 828 5802 ad
856 5749 905 5803 id
931 5749 1243 5803 cohortatus
1263 5765 1365 5809 εει,
1393 5758 1445 5803 et
1473 5748 1731 5803 donnrmn
1766 5751 1871 5805 lar-

280 5852 440 5916 gitatc
467 5842 789 5904 conspicuos
828 5855 946 5895 οδες
979 5841 1181 5902 suasit,
1228 5842 1441 5895 dcnuun
1472 5844 1647 5895 omnia
1692 5846 1820 5896 tollit
1851 5886 1865 5899 .

1993 2815 2115 2869 qum
2152 2799 2277 2853 huic
2305 2799 2543 2870 pulchra:
2583 2801 2718 2856 olere
2748 2804 2946 2856 nocere
2974 2809 3215 2871 possent.
3263 2800 3594 2872 QuaprOptei

1993 2893 2104 2946 ait:
2152 2892 2407 2946 Attendite
2431 2910 2493 2947 ne
2518 2894 2891 2964 clcemosynam
2933 2905 3153 2948 vestram
3191 2895 3396 2974 faciatis
3428 2911 3603 2949 comm

1995 2985 2301 3039 hominibus.
2330 2984 2463 3038 Nam
2492 2986 2580 3040 illa
2612 2988 2757 3055 prius
2785 2996 3103 3052 memorata,
3133 2987 3225 3041 Dei
3250 2994 3335 3042 est
3361 2988 3600 3043 eleemo-

1993 3092 2144 3148 syna.
2169 3076 2302 3131 Cum
2324 3092 2455 3132 vero
2474 3078 2719 3144 dixisset,
2754 3077 2835 3132 Nc
2858 3080 3063 3149 faciatis
3085 3096 3267 3140 coram
3290 3079 3599 3144 hominibus,

1992 3170 2290 3238 subiunxit,
2327 3167 2395 3224 Ut
2423 3171 2695 3223 videamini
2723 3172 2787 3222 ab
2815 3172 2909 3224 eis.
2944 3171 3011 3225 Et
3041 3171 3251 3225 videtur
3270 3172 3487 3240 quidem
3519 3171 3602 3226 id-

1992 3262 2166 3329 ipsum
2192 3262 2301 3329 jam
2329 3269 2453 3315 ante
2481 3260 2714 3315 dixisse:
2749 3260 2795 3315 si
2822 3261 2946 3331 quis
2965 3276 3096 3317 vero
3115 3262 3399 3333 diligenter
3423 3273 3603 3320 atten-

1988 3351 2101 3415 dat,
2131 3367 2237 3405 non
2266 3350 2497 3419 idipsum
2527 3360 2647 3405 est:
2679 3352 2776 3405 sed
2804 3351 2946 3406 aliud
2977 3351 3110 3418 hoc,
3144 3353 3286 3408 aliud
3316 3353 3446 3409 illud
3470 3363 3595 3410 est:

1992 3442 2325 3511 multamque
2354 3441 2575 3497 adhibet
2598 3442 2925 3506 cautionem,
2947 3442 3383 3515 ineffabilemque
3412 3447 3597 3514 provi-

1987 3533 2223 3589 dentiam
2245 3543 2406 3604 atque
2428 3535 2831 3606 indulgentiam.
2858 3536 3043 3591 Potest
3062 3536 3207 3592 enim
3230 3538 3275 3593 is
3301 3539 3390 3609 qui
3412 3554 3596 3595 coram

1989 3626 2296 3679 hominibus
2329 3625 2380 3679 id
2410 3625 2555 3691 iacit,
2577 3642 2682 3681 non
2719 3636 2775 3681 ut
2801 3627 3048 3683 videatur
3083 3628 3134 3683 id
3158 3630 3334 3685 facere
3360 3649 3373 3683 :
3402 3641 3597 3686 etrur-

1986 3734 2078 3775 sus
2095 3720 2183 3790 qui
2210 3734 2389 3774 coram
2420 3719 2470 3773 id
2500 3736 2605 3774 non
2624 3720 2768 3781 facit.
2794 3732 2851 3775 ut
2869 3721 3131 3786 videatur,
3158 3722 3357 3779 facere.
3389 3724 3593 3791 Quam-

1984 3812 2171 3869 obrem
2220 3828 2324 3867 non
2359 3812 2676 3883 simpliciter
2705 3830 2850 3878 rem,
2883 3814 2977 3869 sed
3012 3815 3340 3872 voluntatem
3391 3817 3472 3872 vel
3505 3832 3595 3887 pu~

1985 3907 2064 3960 nit
2088 3906 2176 3961 vel
2201 3916 2445 3960 coronat.
2472 3905 2584 3960 Nisi
2621 3906 2764 3960 enim
2801 3922 2863 3962 ea
2900 3906 3249 3963 adhiberetur
3276 3909 3550 3963 accuratio
3574 3952 3590 3973 ,

1984 3997 2087 4051 hoc
2131 3998 2331 4050 multos
2377 3997 2445 4049 ad
2491 3997 2893 4068 eleemosynam
2938 3999 3264 4070 erogandam
3313 4001 3594 4070 segniores

1982 4088 2326 4153 reddidisset,
2357 4088 2480 4157 quia
2503 4086 2558 4141 id
2590 4103 2695 4141 non
2726 4088 2922 4159 ubique
2942 4090 3079 4144 clam
3106 4091 3221 4145 fieri
3246 4101 3443 4160 potest.
3468 4091 3592 4145 Ideo

1982 4180 2051 4235 ab
2083 4180 2182 4236 hac
2212 4190 2262 4234 te
2286 4179 2573 4234 absolvens
2612 4181 2956 4248 necessitate,
2991 4198 3097 4237 non
3131 4182 3220 4236 fini
3245 4183 3459 4252 operis,
3492 4185 3594 4239 sed

1980 4272 2241 4325 voluntati
2273 4270 2515 4325 facientis
2540 4312 2555 4334 ,
2583 4278 2641 4325 et
2669 4285 2883 4340 pinnam
2910 4282 2965 4326 et
2987 4272 3293 4328 mercedem
3324 4275 3585 4329 decernit.

1979 4363 2058 4420 Ne
2078 4364 2227 4419 dicas
2252 4365 2417 4427 enim,
2441 4362 2578 4430 Quid
2607 4364 2831 4428 interest
2853 4379 2970 4419 mea
2994 4367 3037 4418 si
3063 4365 3198 4419 alius
3224 4365 3403 4420 videat
3425 4368 3447 4419 ?
3469 4366 3587 4423 Non

1980 4457 2082 4512 hoc
2109 4473 2313 4527 quzero,
2349 4455 2541 4525 inquit,
2571 4454 2667 4511 sed
2711 4465 2947 4511 mentem
2980 4468 3123 4511 tuam
3170 4467 3225 4511 et
3256 4458 3474 4513 modum
3505 4459 3588 4514 fa-

1978 4552 2185 4607 cienda:
2233 4550 2331 4606 rei.
2380 4550 2629 4605 Animam
2674 4551 2872 4621 quippe
2920 4551 3033 4606 vult
3078 4550 3405 4617 cfformare,
3438 4554 3590 4607 etab

1978 4645 2126 4698 onmi
2158 4643 2349 4697 morbo
2378 4642 2631 4695 liberare.
2674 4640 2960 4711 Postquam
3004 4643 3166 4713 igitur
3199 4644 3390 4709 edixit,
3425 4661 3492 4699 ne
3518 4646 3585 4697 ad

1979 4736 2396 4790 ostentationem
2428 4732 2520 4787 flat
2541 4774 2556 4797 ,
2605 4741 2662 4786 et
2687 4733 2942 4787 damnum
2972 4734 3156 4789 docuit
3180 4751 3468 4806 emergens
3494 4778 3505 4799 ,
3540 4739 3585 4790 si

1980 4838 2183 4883 temere
2204 4836 2258 4882 et
2286 4826 2680 4881 inconsiderate
2704 4826 2814 4892 fiat,
2844 4842 3029 4882 rursus
3050 4828 3351 4883 auditorum
3376 4830 3587 4885 animos

1978 4922 2176 4993 erigit,
2217 4921 2432 4976 Patrem
2461 4935 2894 4975 commemorans
2927 4930 3087 4988 atque
3128 4923 3317 4976 caelum
3340 4965 3353 4987 ,
3389 4939 3455 4975 ne
3486 4922 3585 4977 da-

1978 5029 2165 5069 mnum
2187 5013 2360 5067 solum
2386 5018 2653 5081 tangeret,
2667 5012 2760 5066 sed
2781 5013 2940 5066 etiam
2961 5012 3136 5066 Patris
3157 5014 3412 5067 memoria
3429 5029 3588 5067 coer-

1977 5116 2144 5164 ceret.
2178 5105 2300 5161 Non
2331 5105 2574 5160 habebitis
2595 5146 2609 5169 ,
2644 5104 2817 5174 inquit
2844 5145 2856 5169 ,
2890 5104 3169 5159 mercedem
3202 5104 3341 5173 apud
3374 5102 3585 5159 Patrem

1978 5210 2196 5254 vestrum
2228 5199 2315 5269 qui
2344 5200 2395 5251 in
2422 5198 2559 5252 ca'lis
2590 5204 2680 5250 est.
2707 5196 2891 5265 Neque
2919 5195 3004 5250 hic
3034 5196 3257 5265 gradum
3280 5198 3421 5251 sistit
3444 5240 3459 5262 ,
3487 5198 3583 5252 sed

1979 5293 2116 5346 ultra
2147 5291 2421 5360 procedit;
2447 5303 2802 5359 magnamque
2820 5290 2897 5343 eis
2920 5289 3079 5359 hujus
3106 5289 3217 5342 vitii
3246 5290 3585 5344 aversionem

1979 5382 2137 5436 indit.
2179 5380 2641 5449 Quemadmodum
2690 5379 2832 5434 enim
2872 5396 3031 5446 supra
3066 5379 3379 5448 publicanos
3408 5380 3585 5433 ethni-

1978 5489 2178 5543 cosquc
2208 5472 2421 5542 posuit,
2472 5481 2531 5525 ut
2580 5471 2889 5525 conditione
2930 5485 3282 5539 personarum
3329 5470 3452 5524 illos
3491 5471 3581 5539 qui

1979 5567 2094 5620 iure
2122 5567 2458 5619 imitarentur
2486 5564 2692 5633 pudore
2719 5562 2959 5618 afﬁceret
2988 5582 3000 5617 :
3032 5566 3099 5617 ita
3129 5562 3217 5617 hic
3246 5578 3459 5632 quoque
3488 5563 3582 5633 hy-

1978 5658 2212 5726 pocritas
2235 5667 2517 5711 memorat.
2548 5655 2602 5709 Ξ.
2634 5654 2760 5708 Cum
2781 5655 2926 5721 facis,
2960 5654 3150 5725 inquit,
3178 5655 3580 5723 eleemosgnmu,

1979 5749 2080 5803 noli
2114 5747 2231 5800 tuba
2258 5762 2436 5799 cauere
2465 5756 2583 5798 ante
2612 5756 2658 5798 te
2681 5786 2694 5806 ,
2742 5746 2870 5797 sicut
2914 5745 3195 5815 hypocrita:
3224 5746 3437 5813 faciunt.
3474 5746 3584 5801 Hoc

1979 5844 2099 5894 «lirit
2130 5886 2141 5898 .
2175 5858 2278 5895 non
2310 5840 2451 5910 quod
2484 5840 2553 5893 illi
2598 5840 2750 5893 tubas
2780 5840 3067 5903 haberent,
3100 5840 3191 5894 sed
3236 5849 3288 5891 ut
3324 5849 3573 5907 magumu
