4066 6450
501 395 567 418 99

512 415 591 449 ιι)-

467 508 726 563 insaniam
745 503 1012 567 ostendat,
1035 499 1136 555 hac
1158 499 1466 568 metaphora
1493 498 1612 550 illos
1631 496 1836 550 deridet
1864 504 1917 546 et
1938 502 2046 546 tra-

464 602 643 660 ducit;
692 607 851 667 atque
873 595 1048 666 probe
1089 593 1397 668 hypocritas
1443 599 1614 643 vocat.
1649 588 1812 641 Larva
1853 589 2050 654 quippe

464 692 818 760 clecmosynre
862 696 1014 741 erat:
1048 700 1199 738 mens
1237 699 1364 737 vero
1393 681 1772 734 immanitatem
1813 676 2049 730 crudeli-

465 788 733 847 talemque
778 777 1153 830 meditabatur.
1197 772 1312 827 Non
1356 771 1495 824 enim
1543 769 1595 823 id
1637 769 1864 838 agebant
1910 767 2050 836 quod

467 868 738 938 proximos
766 869 1168 922 miserarentur,
1198 861 1292 915 sed
1316 870 1371 912 ιιι
1399 861 1495 928 ipsi
1525 859 1690 929 gloria
1711 857 2048 911 fruerentur:

467 960 607 1026 quod
651 969 904 1012 extrema:
930 965 1046 1010 erat
1072 953 1432 1015 crtuielitatis,
1461 952 1566 1005 alio
1595 952 1732 1004 fame
1765 960 2049 1018 pereunte,

470 1048 724 1099 honorem
754 1056 968 1113 captare
997 1085 1008 1098 .
1044 1058 1146 1095 non
1193 1042 1308 1108 ejus
1346 1042 1536 1110 inopi-.e
1571 1041 1869 1095 consulere.
1919 1039 2051 1091 Vera

469 1153 598 1206 ergo
624 1139 962 1206 eleemosyna
990 1152 1095 1188 non
1118 1143 1197 1188 cst
1231 1135 1404 1202 largiri
1434 1142 1657 1196 tantum,
1686 1132 1778 1185 sed
1812 1142 1867 1184 ιιι
1896 1146 2055 1198 opor-

474 1238 548 1282 tet
574 1228 721 1291 dare,
752 1237 802 1282 et
831 1236 1046 1296 propter
1077 1226 1307 1293 inepiam
1335 1225 1484 1279 dare.

541 1323 594 1375 9...
643 1322 924 1376 Ostentatio
963 1337 993 1372 ιι
1033 1318 1231 1373 Christo
1266 1318 1562 1388 prohibita:
1604 1314 1920 1369 Humilitatis
1944 1317 2055 1384 fru-

469 1425 597 1466 ctus.
635 1412 794 1467 Vana:
821 1413 999 1483 gloria:
1026 1413 1284 1465 damnum.
1311 1442 1380 1454 -ι
1408 1411 1694 1478 Postquam
1737 1407 1892 1477 igitur
1929 1411 2057 1461 satis

476 1509 595 1562 illos
625 1509 854 1563 traduxit
881 1518 935 1562 et
973 1508 1207 1570 notavit,
1239 1516 1294 1558 nt
1325 1504 1618 1559 auditorem
1653 1503 1851 1572 pudore
1882 1501 2058 1554 afﬁce-

477 1610 590 1658 ret.
631 1601 739 1668 jam
781 1601 998 1667 corrigit
1041 1607 1273 1653 mentem
1316 1597 1416 1649 hoc
1455 1595 1640 1648 morbo
1685 1594 2054 1648 laborantem:

476 1706 702 1759 cumque
732 1689 1052 1743 ostendisset
1087 1688 1357 1756 quomodo
1389 1702 1492 1739 non
1523 1685 1636 1738 ﬁeri
1666 1684 1906 1747 deberet,
1938 1700 2058 1736 ror-

477 1796 568 1834 sus
608 1782 876 1850 qnomodo
919 1781 1028 1833 tieri
1071 1781 1264 1833 debeat
1291 1777 1546 1831 ostnndit.
1584 1775 1863 1841 Quomodo
1905 1773 2062 1842 igitur

483 1874 594 1926 ﬁeri
622 1873 820 1926 debet?
848 1875 900 1926 5.
934 1871 1138 1925 Nesciet
1163 1872 1368 1924 sinistra
1412 1880 1497 1921 tua
1539 1869 1660 1938 quid
1704 1869 1826 1937 facit
1858 1867 2063 1920 dextera

482 1974 587 2014 ιιιιι.
619 1963 821 2016 Rursus
853 1963 935 2017 hic
967 1978 1072 2014 non
1093 1978 1290 2041 planus
1316 1960 1612 2014 subindicat
1638 1976 1651 2018 ς
1685 1960 1776 2013 εο-ιι
1800 1959 2066 2026 hyperbo-

483 2055 582 2107 lice
612 2054 662 2107 id
698 2054 892 2122 posuit.
923 2053 1057 2107 Nam
1092 2055 1135 2106 si
1167 2053 1281 2107 ﬁeri
1313 2060 1521 2122 posset,
1552 2052 1756 2120 inquit,
1790 2059 1845 2102 ut
1874 2060 1926 2101 ιιι
1955 2050 2067 2116 ipse

485 2146 757 2213 ignorares
778 2187 792 2205 ,
827 2143 954 2198 illud
982 2144 1141 2197 etiam
1169 2143 1464 2198 curandum
1491 2151 1651 2204 esset,
1681 2141 1840 2196 etiam
1869 2141 1913 2194 si
1943 2157 2066 2207 pos-

483 2246 565 2290 set
595 2238 704 2289 ﬁeri
741 2237 880 2304 ipsas
910 2251 1097 2288 manus
1118 2235 1478 2295 ministrantes
1503 2234 1669 2286 latere
1689 2231 1928 2286 deberet.
1952 2230 2064 2284 Non

488 2336 546 2380 ιιι
588 2327 802 2394 quidam
849 2325 1069 2385 dicunt,
1101 2323 1151 2378 id
1187 2313 1363 2392 pravis
1409 2313 1782 2377 occultandam
1819 2331 2068 2389 oportere
2124 2341 2126 2343 ·

487 2417 785 2470 hominibus
811 2434 823 2468 :
856 2417 1060 2469 cmictis
1087 2416 1227 2469 enim
1250 2415 1409 2483 jussit
1438 2414 1709 2468 abscondi.
1738 2411 1938 2466 Deinde
1978 2427 2070 2465 co-

485 2509 589 2576 gita
629 2519 822 2576 quanta
869 2508 938 2560 sit
968 2521 1194 2560 merces.
1240 2506 1525 2574 Postquam
1572 2504 1712 2556 enim
1754 2501 2069 2572 supplicium

488 2602 750 2664 edixerat,
783 2600 1012 2656 ostendit
1034 2599 1155 2654 hinc
1182 2596 1572 2665 deeerpendum
1599 2597 1876 2658 honorem,
1904 2597 2074 2650 utrin-

488 2710 595 2763 que
639 2709 731 2748 cos
758 2693 1034 2761 impellens
1074 2701 1127 2745 et
1160 2691 1223 2743 ad
1249 2690 1529 2744 sublimem
1557 2703 1717 2757 agens
1746 2687 2067 2741 doctrinam.

493 2788 655 2839 Docet
676 2786 872 2854 quippe
900 2793 956 2837 nt
981 2783 1149 2838 sciant
1174 2781 1369 2850 ubique
1394 2781 1558 2835 Deum
1582 2795 1702 2834 esse
1732 2787 2070 2848 przesentem,

491 2893 682 2946 resque
712 2885 923 2930 nostras
951 2891 1054 2928 non
1084 2889 1203 2928 esse
1232 2873 1511 2941 praesentis
1540 2871 1662 2925 vitro
1694 2872 1947 2924 limitibus
1971 2872 2075 2923 cir-

489 2967 861 3033 cnmscriptas,
894 2966 985 3018 sed
1017 2962 1303 3017 terribilius
1325 2961 1447 3015 hinc
1475 2975 1571 3013 nos
1591 2969 1934 3027 excepturum
1958 2973 2077 3012 esse

496 3057 748 3117 tribunal,
770 3065 821 3110 ct
845 3055 1077 3109 rationes
1105 3053 1400 3107 reddendas
1430 3052 1541 3106 fore
1563 3062 1775 3104 actuum
1800 3049 2035 3102 omnium
2059 3066 2074 3110 ;

495 3147 720 3213 hincque
754 3145 831 3199 vel
855 3144 1086 3198 honores
1112 3143 1195 3196 vel
1213 3141 1492 3209 supplicia,
1524 3155 1587 3194 ac
1609 3154 1706 3193 nec
1732 3154 1949 3207 parvum
1979 3153 2078 3193 nec

493 3254 740 3307 magnum
767 3251 900 3304 opus
933 3236 1098 3289 latere
1133 3248 1324 3303 posse,
1359 3233 1483 3286 licet
1523 3232 1764 3285 homines
1790 3231 1956 3284 latere
1991 3229 2075 3284 vi-

493 3331 700 3383 deatur.
741 3329 863 3381 llznc
910 3327 1107 3395 quippe
1133 3324 1310 3381 omnia
1357 3323 1711 3377 subindicavit
1748 3322 1968 3375 dicens:
2017 3321 2073 3375 4.

499 3419 654 3473 Pater
684 3430 830 3482 tuus,
858 3418 943 3487 qui
971 3417 1103 3469 videt
1132 3416 1184 3468 in
1212 3414 1504 3469 abscondito
1529 3453 1543 3476 ,
1576 3412 1750 3466 reddet
1775 3412 1862 3464 tibi
1891 3413 1946 3465 in
1969 3428 2080 3464 ma-

496 3514 717 3581 nifesto:
746 3523 991 3577 magnum
1020 3517 1074 3561 et
1100 3505 1412 3559 honorabile
1444 3503 1709 3558 theatrum
1752 3504 1848 3570 ipsi
1874 3503 2078 3556 consti-

499 3613 651 3656 tuens
677 3644 690 3664 ,
719 3603 804 3653 ubi
835 3600 883 3653 id
912 3599 1051 3668 quod
1077 3589 1404 3666 concupiscit
1425 3637 1437 3656 ,
1465 3596 1512 3649 ci
1536 3594 1746 3650 abunde
1790 3595 2077 3648 admodum

496 3693 721 3744 dabitur.
773 3691 906 3755 Quid
957 3689 1074 3742 vis?
1119 3689 1352 3756 inquiet:
1402 3702 1580 3741 annon
1627 3687 1836 3754 aliquos
1881 3686 2078 3740 habere

495 3793 766 3851 gestorum
815 3781 1184 3848 Spectatores?
1211 3780 1352 3834 Ecce
1377 3778 1540 3832 babes
1569 3818 1583 3838 ,
1627 3793 1730 3829 non
1778 3778 1996 3848 angelos
2027 3787 2081 3832 et

495 3874 842 3939 ﬂl‘Cllﬂllgt‘lUS
886 3881 1087 3924 tammn
1115 3911 1128 3932 ,
1170 3870 1262 3924 sed
1305 3879 1361 3923 et
1403 3870 1767 3925 universorum
1802 3867 1965 3922 Deum
1991 3886 2005 3922 :
2034 3869 2078 3923 si

495 3967 654 4018 etiam
701 3963 943 4017 homines
995 3961 1188 4014 habere
1230 3969 1556 4027 spectatores
1598 3961 1967 4028 concupiscis,
2010 3975 2078 4015 ne

499 4055 597 4107 hoc
623 4053 834 4122 quidem
881 4051 1203 4106 desiderium
1242 4050 1409 4104 fructu
1451 4065 1674 4104 vacuum
1706 4051 1806 4104 erit
1835 4060 2077 4120 tempore

495 4158 831 4216 opportuno;
867 4146 973 4197 imo
1004 4144 1051 4196 id
1083 4144 1172 4196 tibi
1201 4158 1322 4195 cum
1350 4142 1537 4206 majori
1566 4129 1782 4196 cumulo
1812 4143 2076 4208 praestabi-

496 4249 600 4291 tur.
635 4237 782 4291 Nilne
821 4236 962 4288 enim
992 4235 1034 4286 si
1081 4244 1130 4286 te
1177 4232 1531 4284 ostentawris
1556 4276 1569 4292 ,
1599 4231 1737 4298 apud
1778 4231 1962 4285 decem
1993 4232 2076 4286 vel

495 4329 703 4396 viginti,
727 4327 809 4380 vel
841 4335 1051 4379 centum
1081 4323 1324 4376 homines
1355 4331 1558 4374 tantum
1589 4329 1860 4374 ostentare
1893 4331 1943 4374 te
1976 4337 2073 4389 po-

497 4419 658 4478 teris;
688 4418 768 4469 sin
801 4414 1016 4468 stmlcas
1046 4427 1183 4466 nunc
1213 4413 1396 4473 latere,
1418 4419 1542 4462 tunc
1574 4421 1624 4462 te
1647 4410 1760 4476 ipse
1786 4411 1924 4463 Deus
1949 4425 2078 4477 pne-

493 4508 710 4564 dicabit.
738 4515 848 4560 toto
878 4515 1138 4574 praesente
1165 4503 1310 4554 orbe.
1340 4501 1518 4570 Itaque
1559 4501 1601 4552 si
1638 4509 1912 4568 tantopere
1945 4501 2075 4554 velis

499 4599 739 4652 homines
768 4604 914 4664 gesta
942 4604 1026 4647 tua
1052 4593 1254 4654 videre,
1283 4591 1550 4644 absconde
1573 4605 1712 4644 nunc
1739 4591 1847 4655 illa,
1874 4599 1930 4643 ut
1951 4606 2071 4644 cum

495 4689 682 4754 majori
718 4687 918 4739 honore
947 4694 1038 4736 tuo
1069 4683 1154 4736 illa
1184 4695 1370 4733 omnes
1400 4689 1526 4732 tunc
1553 4680 1786 4741 videant,
1817 4680 1924 4732 Dco
1961 4681 2070 4748 ipsa

497 4777 770 4832 manifesta
805 4776 1078 4835 reddente,
1112 4774 1402 4826 extollente
1429 4811 1441 4831 ,
1475 4779 1526 4824 et
1556 4772 1692 4838 apud
1723 4788 1911 4826 omnes
1939 4788 2072 4840 prte-

493 4870 726 4924 dicaute.
756 4867 905 4921 Nunc
936 4878 1112 4919 autem
1147 4873 1197 4916 te
1241 4866 1329 4929 qui
1369 4861 1599 4914 viderint
1625 4863 1981 4926 damnabunt,
2017 4875 2072 4917 ιιι

492 4978 641 5013 vauze
666 4959 848 5028 glorize
875 4956 1121 5025 cupidum
1147 4971 1161 5012 :
1185 4969 1303 5006 cum
1328 4965 1486 5021 pOt‘t‘O
1510 4961 1560 5006 te
1586 4963 1897 5005 coronatmn
1928 4953 2069 5006 vidi}

490 5051 644 5114 bunt,
674 5065 779 5101 non
803 5047 958 5101 modo
987 5061 1090 5098 non
1116 5044 1462 5104 damnabunt,
1493 5042 1584 5095 sed
1610 5044 1769 5096 etiam
1800 5044 2070 5095 mirabun-

493 5153 576 5197 tur
602 5155 810 5195 omnes.
842 5139 975 5192 Cum
1007 5139 1182 5205 itaque
1211 5147 1265 5190 ct
1295 5150 1501 5189 merces
1548 5146 1725 5204 parata
1756 5137 1818 5187 :it
1848 5177 1860 5194 .
1895 5146 1947 5189 et
1973 5137 2067 5188 ad-

489 5233 754 5289 tniratioui
794 5233 1000 5285 iuturus
1024 5229 1120 5291 sis,
1150 5228 1192 5280 si
1229 5228 1441 5296 paulum
1489 5227 1743 5294 temporis
1767 5239 2064 5294 exsricctes,

488 5327 656 5395 cogita
680 5331 888 5392 quanta:
909 5320 1145 5396 stultitim
1162 5328 1304 5372 esset
1325 5327 1606 5385 utrumque
1627 5318 1782 5369 simul
1801 5319 2064 5377 :nuittere,

486 5417 611 5468 dum
641 5429 691 5467 et
720 5429 747 5465 a
772 5412 883 5466 Deo
904 5425 1107 5465 merces
1129 5411 1346 5479 petitur,
1369 5417 1423 5462 et
1451 5410 1557 5462 Deo
1584 5408 1794 5461 vidente
1823 5409 2066 5461 homines

491 5514 779 5558 evocantur
817 5511 1086 5570 gestorum
1132 5509 1477 5568 Spectatores.
1509 5500 1562 5552 Si
1591 5501 1729 5550 enim
1763 5514 1856 5550 nos
1883 5509 2066 5552 ostru-

491 5606 604 5648 tare
634 5593 900 5657 volumus,
934 5592 1073 5645 Patri
1097 5601 1220 5646 ante
1246 5591 1421 5644 otnnia
1452 5606 1569 5644 sese
1597 5591 1880 5644 ostendere
1910 5605 2071 5656 opor-

488 5693 563 5737 tet
589 5701 604 5745 ;
643 5685 872 5737 maxime
901 5697 1028 5737 vero
1057 5697 1175 5736 cum
1204 5691 1257 5736 et
1287 5682 1575 5736 coronandi
1619 5689 1672 5733 et
1701 5680 1949 5747 puniendi
1972 5679 2067 5732 do-

488 5775 665 5825 minus
691 5775 756 5827 sit
782 5773 956 5828 Pater.
976 5773 1130 5828 Certe
1158 5775 1360 5826 etiamsi
1387 5774 1585 5826 nullum
1614 5772 1736 5825 hinc
1755 5777 2069 5839 sequeretur

1204 385 1262 441 ε.
1306 381 1583 439 JOANNIS
1621 379 1791 434 ιῖιιιιι
1806 373 2068 431 SOSTOM

2174 375 2474 429 HlClilEP.
2517 376 3054 454 QDNSTANTINOP.

3637 379 3740 434 276

2164 495 2417 549 damnum
2439 535 2453 558 ,
2477 509 2582 546 non
2606 503 2878 562 oporteret
2900 494 3083 561 gloria:
3110 495 3358 564 cupidum
3387 537 3399 558 ,
3429 495 3531 550 hoc
3559 499 3746 554 relicto

2157 585 2366 639 theatro
2391 585 2665 637 hominum
2695 593 2948 652 expetere
2991 586 3278 638 theatrum.
3328 586 3458 654 Quis
3500 587 3644 641 enim
3675 591 3746 643 ita

2156 677 2319 730 miser
2349 685 2510 736 esset,
2543 686 2598 729 ut
2625 691 2750 730 reae
2777 675 3062 729 festinante
3079 677 3143 728 ad
3168 686 3312 730 recte
3340 676 3599 729 factorum
3629 677 3749 745 ejus

2159 769 2517 836 speetaculum
2569 765 2842 831 accedere,
2877 764 2966 819 illo
3010 765 3215 829 relicto,
3247 780 3538 835 pauperum
3587 776 3750 836 atque

2159 859 2522 914 inentlicorum
2575 859 2674 913 sibi
2725 859 3086 927 spectaculum
3131 860 3430 914 statueret?
3470 858 3592 912 Ideo
3639 873 3750 911 non

2161 954 2320 1007 modo
2347 953 2584 1022 pnccipit
2615 961 2671 1006 ut
2716 968 2814 1005 nos
2844 967 2945 1006 non
2974 961 3307 1006 ostentemns
3326 993 3340 1017 ,
3385 951 3478 1006 sed
3504 952 3662 1005 etiam
3696 961 3754 1003 ιιι

2161 1045 2328 1099 latere
2370 1045 2698 1099 Studeamus.
2737 1044 2850 1098 Non
2882 1047 3024 1099 enim
3057 1045 3259 1114 :rqnale
3287 1054 3401 1108 est,
3443 1059 3550 1098 non
3572 1060 3635 1099 se
3657 1059 3750 1098 os—

2163 1138 2398 1192 tentandi
2427 1138 2658 1192 stndium
2691 1138 2888 1192 habere
2913 1179 2928 1199 ,
2957 1148 3011 1191 et
3040 1138 3270 1192 latebras
3308 1153 3568 1205 quzerere.
3599 1139 3651 1191 Pi.
3689 1136 3756 1193 Et

2163 1244 2276 1281 cum
2311 1230 2468 1282 oratis
2491 1270 2506 1290 ,
2538 1230 2694 1281 nolite
2729 1229 2838 1294 ﬁeri
2885 1229 3012 1281 sicut
3039 1229 3316 1297 hypocrita!
3339 1270 3354 1293 ,
3387 1229 3474 1298 qui
3504 1231 3755 1281 ornantia

2164 1320 2436 1388 synagogis
2476 1330 2522 1371 et
2546 1321 2598 1370 in
2628 1320 2830 1387 angulis
2869 1321 3147 1389 platearum
3172 1329 3361 1373 stantes
3385 1337 3531 1374 orare
3553 1362 3568 1385 ,
3600 1333 3654 1373 ut
3682 1321 3756 1372 vi-

2165 1410 2379 1463 deantur
2402 1409 2463 1462 ab
2490 1411 2793 1463 hominibus.
2818 1411 2976 1464 Amen
2993 1411 3106 1463 dico
3127 1411 3284 1474 vobis,
3305 1421 3598 1479 receperunt
3625 1429 3758 1464 mer-

2165 1503 2334 1554 cedem
2361 1517 2525 1552 suam.
2560 1502 2612 1555 6.
2645 1500 2721 1553 Tu
2751 1512 2915 1554 autem
2956 1518 3070 1554 cum
3097 1502 3316 1556 oraveris
3335 1541 3350 1567 ,
3383 1504 3518 1555 intra
3546 1504 3598 1555 in
3623 1503 3758 1555 cubi-

2167 1594 2338 1647 culum
2369 1603 2509 1647 tuum
2536 1635 2549 1657 ,
2583 1604 2630 1647 et
2655 1595 2830 1647 clauso
2862 1596 3011 1658 ostio,
3042 1610 3133 1648 ora
3155 1593 3364 1647 Patrem
3399 1606 3542 1648 tuum
3567 1596 3651 1662 qui
3682 1609 3754 1648 est

2167 1688 2219 1739 in
2245 1688 2558 1742 abscondito.
2601 1688 2830 1743 Rursum
2862 1689 2958 1742 hos
2990 1688 3293 1758 hypocritas
3323 1699 3476 1745 vocat
3499 1732 3516 1756 ,
3559 1700 3612 1743 et
3636 1690 3758 1759 jure

2168 1775 2382 1846 quidem
2412 1794 2425 1828 :
2450 1779 2569 1846 quia
2597 1792 2718 1831 cum
2751 1794 2808 1832 se
2834 1779 2996 1833 Deum
3025 1793 3180 1834 orare
3210 1781 3483 1846 simulant,
3515 1781 3759 1836 homines

2170 1867 2625 1936 circumspiciunt,
2660 1884 2762 1923 non
2791 1871 3090 1938 supplicum
3121 1880 3267 1924 veste
3287 1871 3478 1936 induti,
3511 1871 3603 1926 sed
3632 1872 3762 1924 ridi-

2171 1960 2413 2013 culorum
2461 1961 2756 2015 hominum.
2800 1963 2899 2027 Qui
2944 1964 3087 2018 enitn
3131 1964 3196 2017 ad
3243 1967 3651 2035 supplicandum
3703 1985 3762 2022 se

2173 2061 2437 2121 prmparat
2458 2094 2472 2116 ,
2500 2053 2750 2107 omnibus
2771 2054 2994 2120 relictis,
3028 2056 3172 2110 illum
3203 2057 3436 2112 intuetur
3463 2074 3649 2123 unum,
3672 2060 3763 2127 qui

2175 2154 2350 2212 potest
2374 2145 2635 2213 postulata
2667 2147 2815 2200 dare.
2847 2147 2997 2215 Quod
3029 2148 3071 2202 si
3104 2148 3196 2200 illo
3224 2149 3430 2212 relicto,
3464 2150 3764 2205 circumeas

2177 2248 2364 2289 errans
2387 2277 2403 2300 ,
2435 2246 2488 2288 et
2517 2236 2749 2304 undique
2797 2239 3229 2308 circumspiciens
3251 2281 3266 2301 ,
3310 2240 3487 2294 vacuis
3517 2242 3765 2295 manibus

2166 2328 2450 2383 abscedes.
2485 2329 2594 2381 Hoc
2619 2333 2762 2387 enim
2803 2341 2856 2384 tu
2894 2332 3126 2386 voluisti.
3155 2333 3277 2388 Ideo
3310 2347 3416 2386 non
3448 2332 3597 2398 dixit,
3628 2333 3761 2386 tales

2179 2418 2423 2476 homines
2459 2423 2754 2475 mercedem
2790 2441 2892 2477 non
2937 2439 3250 2493 accepturos
3287 2442 3443 2487 esse,
3468 2427 3564 2480 sed
3612 2443 3766 2482 rece-

2181 2522 2355 2589 pisse;
2381 2521 2430 2574 id
2453 2530 2535 2575 est
2558 2563 2571 2580 ,
2604 2522 2861 2590 recipient
2885 2523 3096 2591 quidem
3121 2564 3132 2585 ,
3162 2524 3253 2578 sird
3283 2541 3314 2578 a
3337 2525 3529 2593 quibus
3553 2525 3767 2581 deside-

2180 2622 2318 2664 rant.
2359 2610 2474 2666 Non
2501 2613 2642 2666 enim
2679 2613 2778 2667 hoc
2817 2614 2954 2667 licus
2995 2615 3222 2674 volebat,
3252 2614 3345 2669 sed
3372 2607 3619 2684 cupiebat
3655 2618 3768 2685 ipse

2178 2719 2330 2757 suam
2355 2705 2594 2772 prmbere
2624 2707 2944 2760 mercedem.
2980 2707 3060 2784 Illi,
3088 2723 3216 2761 vero
3244 2709 3544 2763 mercedem
3581 2710 3647 2762 ab
3675 2709 3771 2761 ho-

2183 2795 2416 2850 minibus
2446 2808 2752 2864 quaerentes
2775 2837 2790 2860 ,
2821 2814 2924 2850 non
2958 2798 3024 2850 ab
3067 2799 3156 2851 illo
3186 2810 3455 2853 merentur
3482 2802 3728 2869 accipere
3754 2846 3768 2862 .

2185 2898 2403 2957 propter
2433 2903 2589 2957 quem
2612 2889 2744 2943 nihil
2773 2889 3030 2944 fecerunt.
3050 2891 3129 2945 Tu
3156 2908 3281 2946 vero
3302 2893 3433 2947 mihi
3459 2894 3772 2948 consideres

2184 2981 2338 3034 velim
2370 2980 2460 3036 Dei
2504 2981 2882 3052 benignitatem
2905 3026 2919 3048 ,
2952 2990 3207 3052 quoniam
3234 2991 3297 3042 de
3324 2987 3514 3054 quibus
3545 3003 3572 3041 a
3617 2988 3774 3043 nobis

2186 3082 2400 3140 rogatur
2427 3073 2580 3127 bonis
2605 3115 2619 3137 ,
2649 3075 2949 3130 mercedem
2978 3091 3036 3129 se
3065 3077 3311 3130 daturum
3355 3079 3651 3146 pollicetur.
3684 3079 3775 3132 Vi-

2186 3171 2436 3229 tuperaos
2483 3163 2642 3232 igitur
2680 3165 2837 3226 illos,
2880 3167 2968 3235 qui
3015 3184 3117 3220 non
3166 3177 3222 3221 ut
3265 3167 3416 3222 decet
3463 3168 3562 3223 hoc
3592 3169 3776 3224 ofﬁcio

2184 3265 2424 3318 utuntur,
2456 3266 2566 3312 tum
2592 3273 2620 3311 a
2654 3257 2790 3326 loco,
2819 3269 2926 3313 tum
2957 3261 3025 3313 ab
3054 3261 3266 3326 affectu,
3296 3279 3416 3317 cum
3447 3263 3776 3319 ostendisset

2184 3349 2303 3402 illos
2331 3349 2615 3403 admodum
2645 3351 2896 3406 ridiculos
2925 3368 3063 3409 esse.
3087 3355 3344 3424 optimum
3374 3357 3632 3412 orationis
3662 3373 3778 3412 mo-

2185 3439 2310 3494 dum
2352 3440 2588 3502 inducit,
2623 3453 2676 3495 et
2721 3459 2905 3496 rursus
2953 3445 3255 3499 mercedem
3288 3446 3509 3510 tribuit,
3534 3448 3721 3503 dicens
3761 3469 3772 3502 :

2185 3532 2334 3587 Intra
2359 3537 2412 3588 in
2441 3535 2726 3588 cubiculum
2754 3547 2913 3587 tutan.

2255 3628 2307 3681 3.
2337 3629 2514 3693 Qualis
2536 3631 2818 3698 requiratur
2836 3631 2886 3682 in
2909 3631 3134 3682 oratione
3155 3630 3431 3685 humilitas.
3461 3632 3636 3685 Oratio
3657 3649 3774 3687 cum

2184 3720 2455 3772 voluntatis
2485 3719 2651 3771 studio
2680 3720 2969 3772 emittenda.
3006 3719 3272 3774 Prae-antis
3301 3739 3402 3775 non
3432 3739 3529 3777 v02:
3554 3724 3776 3793 requiri-

2186 3821 2286 3864 tur.
2315 3841 2383 3850 —
2408 3811 2540 3877 Quid
2572 3811 2746 3880 igitur.
2784 3813 2970 3882 inquit,
3002 3815 3052 3866 in
3084 3814 3308 3868 ecclesia
3339 3830 3442 3869 non
3474 3817 3778 3870 omndum?

2181 3902 2321 3958 Sane
2345 3903 2556 3972 quidem
2598 3907 2856 3958 orandum
2877 3947 2890 3964 ,
2924 3905 3015 3959 sed
3047 3922 3166 3960 cont
3199 3908 3464 3962 voluntate
3497 3909 3603 3962 tali.
3638 3909 3774 3964 Nam

2184 3997 2324 4053 Deus
2348 3997 2540 4066 ubique
2564 4013 2683 4052 cum
2715 3999 2802 4062 sit,
2829 4009 3098 4068 gestorum
3126 4015 3344 4069 scopum
3370 4003 3609 4070 requirit.
3634 4002 3778 4057 Alio-

2181 4089 2308 4156 quin
2338 4089 2392 4142 si
2413 4090 2464 4141 iu
2493 4088 2796 4143 cubiculum
2835 4090 3102 4156 ingressus
3133 4090 3204 4143 sis
3227 4130 3242 4154 ,
3271 4092 3595 4160 januamqne
3621 4093 3739 4148 clau
3758 4125 3778 4135 -

2182 4180 2276 4232 das
2298 4219 2314 4242 ,
2344 4179 2502 4246 idque
2536 4180 2599 4230 ad
2631 4181 3038 4234 ostentationem
3082 4183 3273 4246 facias,
3309 4184 3435 4236 nihil
3469 4185 3558 4238 tibi
3592 4187 3778 4251 januis

2185 4284 2318 4337 opus
2348 4278 2450 4322 est.
2485 4269 2612 4323 Vide
2644 4271 2799 4340 igitur
2838 4280 2891 4324 et
2929 4272 3012 4324 hic
3050 4287 3208 4340 quam
3239 4284 3540 4327 accuratam
3575 4276 3774 4330 distin-

2181 4362 2412 4415 ctionem
2442 4361 2677 4431 posuerit
2702 4361 2905 4426 ἀίει-ηε,
2940 4361 3006 4415 Ut
3029 4374 3306 4431 appareant
3331 4365 3634 4420 hominibus.
3666 4366 3774 4420 lta-

2180 4470 2286 4524 que
2331 4456 2536 4509 etiamsi
2573 4455 2764 4523 jaouas
2804 4455 3094 4516 clauseris.
3142 4455 3192 4509 id
3238 4465 3288 4510 te
3329 4457 3442 4512 vult
3482 4470 3772 4528 antequam

2181 4547 2398 4602 claudas
2427 4557 2570 4602 recte
2597 4546 2771 4602 facere
2795 4588 2809 4610 .
2840 4563 3032 4617 nempe
3059 4558 3114 4602 ut
3140 4550 3300 4604 etiam
3330 4552 3522 4605 mentis
3551 4563 3654 4606 tua:
3681 4555 3772 4620 ja-

2183 4655 2316 4695 nuas
2342 4640 2572 4693 claudas.
2607 4640 2738 4693 Nam
2771 4656 2902 4692 vana
2943 4640 3109 4709 gloria
3152 4656 3364 4708 semper
3393 4656 3612 4696 vacuum
3644 4659 3772 4699 esse

2179 4731 2436 4798 optimum
2461 4741 2574 4794 est;
2606 4732 2836 4785 maxime
2865 4748 2992 4786 vero
3021 4733 3071 4784 in
3099 4733 3358 4786 oratione.
3390 4731 3445 4788 Si
3471 4737 3612 4788 enim
3643 4737 3772 4790 abs-

2179 4838 2282 4891 que
2320 4822 2420 4876 hoc
2459 4823 2583 4876 vitio
2624 4833 2802 4878 mente
2843 4839 3115 4886 erramus,
3148 4833 3201 4877 et
3229 4824 3651 4891 circumlerimur
3676 4845 3690 4892 ;
3716 4830 3768 4883 si

2178 4929 2298 4967 cum
2329 4915 2427 4966 hoc
2458 4918 2640 4968 morbo
2672 4914 3050 4984 ingrediantur,
3079 4914 3415 4984 quandouam
3445 4931 3507 4970 ea
3535 4933 3652 4987 qum
3677 4908 3764 4971 di-

2178 5006 2347 5057 cimus
2389 5005 2703 5061 audiemus?
2739 5007 2820 5060 sio
2868 5023 2963 5058 nos
3002 5008 3089 5075 qui
3130 5008 3487 5076 supplicamus
3517 5019 3571 5061 et
3598 5008 3765 5064 obse-

2177 5113 2388 5151 c:aoios
2409 5139 2424 5161 ,
2456 5116 2556 5151 non
2585 5101 2828 5153 audimus
2849 5141 2863 5164 ,
2892 5099 3156 5168 quomodo
3187 5101 3346 5153 Deum
3381 5110 3435 5154 ut
3459 5100 3640 5154 audiat
3667 5116 3762 5158 ro—

2175 5193 2398 5253 gamus?
2425 5195 2669 5245 Attamen
2701 5193 2912 5260 quidam
2953 5204 3074 5246 sunt
3108 5193 3194 5262 qui
3237 5203 3356 5262 post
3399 5203 3474 5246 tot
3510 5202 3763 5265 tenuique

2178 5297 2436 5351 pra-cepta
2468 5289 2534 5340 ita
2568 5287 2786 5353 turpiter
2807 5285 2858 5338 in
2882 5286 3121 5339 oratione
3147 5299 3205 5340 se
3229 5296 3441 5355 gerunt,
3469 5296 3526 5339 ut
3548 5289 3754 5345 etiamsi

2175 5389 2399 5440 Corpore
2429 5375 2616 5430 occulti
2649 5376 2750 5427 sint
2775 5417 2791 5441 ,
2825 5391 2952 5429 voce
2993 5377 3236 5430 onmibus
3265 5392 3325 5431 se
3361 5378 3552 5431 faciant
3582 5381 3745 5431 mani-

2178 5462 2336 5534 [ustus
2356 5507 2368 5523 .
2399 5467 2693 5520 s.-urriliter
2721 5467 3012 5521 clamantes
3036 5508 3050 5530 ,
3082 5478 3132 5520 et
3163 5467 3343 5520 habitu
3375 5485 3606 5539 voceque
3635 5485 3758 5524 sese

2177 5553 2426 5607 ridiculos
2466 5557 2796 5612 exhibentes.
2836 5566 3030 5613 Annon
3070 5560 3217 5614 vides
3251 5561 3409 5615 etiam
3443 5563 3493 5614 in
3527 5565 3640 5616 l'oro
3662 5605 3676 5626 ,
3707 5561 3754 5618 si

2173 5652 2293 5719 quis
2322 5646 2388 5698 ita
2419 5661 2477 5701 se
2506 5660 2676 5716 gerat,
2706 5661 2757 5704 et
2781 5667 2899 5704 cum
2926 5652 3158 5707 clamore
3183 5654 3462 5721 supplicet,
3487 5665 3756 5722 quomodo

2177 5746 2318 5798 illum
2344 5755 2500 5798 etiam
2531 5760 2686 5813 quem
2729 5753 2876 5813 rogat
2906 5754 3149 5799 :nnoveat
3175 5761 3186 5807 ;
3219 5746 3261 5798 si
3293 5755 3466 5800 autem
3495 5747 3671 5812 quich
3700 5758 3754 5802 et
