4066 6424
162 399 253 453 377-
1301 381 1370 437 lN
1410 378 1819 437 MATTHEUM
1862 377 2093 434 l|0.\lll..
2138 377 2281 432 XIX.

155 528 264 565 eum
294 508 512 565 decenti
563 505 783 568 habitu,
817 511 930 556 tum
970 500 1201 555 maxime
1237 496 1475 552 inflectat
1510 511 1631 552 enm
1663 497 1752 565 qui

154 605 367 676 gratiam
401 599 658 656 conferre
694 594 910 666 potest?
938 591 1017 648 Ne
1057 593 1236 660 itaque
1265 588 1448 643 habitu
1476 588 1718 657 corporis
1742 630 1755 652 ,

155 713 316 769 neque
345 695 498 749 vocis
528 693 804 754 clamore,
837 687 929 742 sed
961 686 1253 740 voluntatis
1283 682 1460 737 studio
1489 681 1761 736 orationes

154 793 497 850 omittamus;
537 799 714 854 neque
761 797 883 837 cum
931 778 1161 848 strepitu
1203 786 1257 832 ct
1302 777 1480 830 sonitu
1506 815 1521 838 ,
1569 774 1651 826 vel
1693 773 1759 825 ad

154 882 605 946 ostentationem,
637 893 708 932 ne
745 874 1020 946 proximos
1063 871 1218 926 nobis
1256 869 1588 938 expellamus
1612 908 1626 932 ,
1665 864 1758 918 sed

150 991 265 1029 cum
310 972 584 1027 modestia
625 968 808 1029 omni,
839 964 999 1018 animi
1040 962 1393 1025 contritione,
1425 969 1480 1014 et
1508 958 1760 1027 lacrymis

151 1065 516 1119 interioribus.
548 1059 654 1117 Sed
684 1058 836 1114 doles
865 1056 1078 1121 animo,
1115 1068 1213 1108 nec
1246 1061 1396 1121 potes
1426 1065 1532 1104 non
1561 1050 1760 1102 clama-

151 1161 240 1214 re?
283 1159 399 1214 lmo
435 1157 674 1212 maxime
699 1151 926 1207 dolentis
957 1157 1040 1204 est
1069 1149 1147 1202 sic
1171 1160 1327 1201 orare
1346 1187 1360 1209 ,
1391 1153 1447 1199 et
1473 1144 1761 1198 obsecrare

151 1262 205 1305 ut
245 1251 378 1305 divi.
429 1249 564 1304 Nam
606 1257 661 1301 et
702 1244 912 1314 Moyses
948 1240 1195 1303 dolebat,
1230 1239 1412 1306 sicque
1454 1234 1674 1298 orabat,
1707 1240 1762 1286 ct

151 1342 472 1398 audiebatur
497 1357 510 1393 :
541 1337 771 1405 ideoque
800 1333 936 1389 dixit
979 1332 1051 1386 illi
1101 1331 1238 1384 Deus
1267 1345 1284 1380 ι
1315 1326 1451 1393 Quid
1477 1327 1668 1380 clamas
1695 1324 1760 1376 ad

152 1454 224 1489 me
265 1433 468 1502 (Exod.
506 1432 596 1487 14.
630 1427 768 1502 15)ἳ
810 1430 961 1482 Anna
989 1438 1202 1493 quoque
1237 1435 1472 1485 rursum,
1505 1433 1624 1473 cum
1657 1433 1758 1470 vox

153 1545 253 1582 non
283 1525 589 1587 audiretur,
622 1519 800 1576 omnia
828 1533 946 1588 qua:
971 1516 1138 1569 voluit
1167 1513 1491 1581 impetravit,
1519 1511 1639 1579 quia
1667 1523 1761 1561 eor

152 1618 263 1685 ejus
307 1615 580 1670 clamabat
623 1612 702 1686 (Ι.
729 1609 854 1681 Reg.
888 1607 965 1679 l).
994 1607 1129 1661 Abel
1155 1619 1284 1658 vero
1314 1618 1420 1656 non
1447 1603 1609 1656 silens
1641 1614 1760 1653 mo-

152 1711 250 1772 do,
281 1707 381 1763 sed
425 1707 591 1761 etiam
633 1702 871 1758 moriens
917 1698 1266 1769 precabatur,
1299 1706 1352 1750 et
1397 1692 1613 1763 sanguis
1644 1691 1762 1760 ejus

153 1803 270 1855 tuba
297 1798 588 1855 clariorem
627 1793 906 1851 emittebat
942 1807 1151 1847 vocem.
1195 1788 1489 1860 lngemisce
1521 1787 1679 1856 igitur
1707 1795 1763 1841 et

153 1903 205 1947 tu
229 1893 486 1949 similiter
515 1899 573 1944 ut
603 1889 695 1943 ille
727 1895 943 1942 sanctus
972 1901 984 1935 :
1017 1883 1068 1938 id
1099 1898 1205 1937 non
1240 1879 1494 1950 impedio.
1527 1877 1722 1933 Scinde
1743 1919 1757 1943 ,

149 1996 207 2040 ut
230 1985 499 2056 propheta
534 1982 728 2051 jussit,
761 1994 854 2032 cor
885 1987 1035 2031 tuum
1059 2016 1074 2040 ,
1105 1983 1159 2028 et
1187 1988 1294 2027 non
1322 1971 1638 2026 vestimenta
1674 1980 1762 2022 tua

150 2077 312 2150 (Joel
339 2077 398 2131 2.
433 2077 504 2132 l3
537 2077 576 2144 ).
609 2075 685 2128 De
726 2069 1002 2141 profundis
1047 2067 1232 2120 invoca
1278 2065 1483 2128 Deum;
1525 2077 1649 2116 nam
1689 2060 1764 2113 ait

150 2172 236 2226 ille
258 2212 274 2235 ,
305 2167 389 2222 De
415 2163 690 2240 profundis
718 2160 932 2216 clamavi
957 2159 1026 2212 ad
1056 2169 1135 2224 te,
1170 2154 1388 2210 Domine
1417 2155 1435 2225 ζ
1455 2152 1602 2207 Psal.
1636 2150 1759 2205 129.

151 2265 203 2332 1)
235 2281 248 2316 :
279 2278 346 2318 ex
391 2260 585 2316 intimo
614 2257 794 2313 cordis
823 2254 898 2309 tui
932 2267 1121 2308 vocem
1165 2248 1373 2304 attrahe
1396 2290 1411 2313 ,
1446 2246 1530 2301 fac
1558 2245 1760 2300 oratio-

149 2369 268 2410 nem
303 2363 454 2407 tuam
487 2365 606 2406 esse
647 2346 982 2418 mysterium.
1022 2343 1138 2398 Non
1174 2341 1324 2395 vides
1356 2341 1406 2392 in
1437 2339 1571 2393 aulis
1603 2337 1762 2407 regiis

150 2448 442 2502 tumultum
467 2457 684 2500 omnem
711 2438 977 2496 eliminari
998 2479 1010 2502 ,
1046 2445 1098 2491 et
1126 2434 1353 2490 multum
1379 2431 1611 2500 undique
1640 2445 1762 2484 esse

149 2539 464 2598 silentium?
500 2539 566 2593 Et
606 2547 659 2591 tu
702 2536 878 2604 itaque
916 2531 1067 2602 quasi
1109 2532 1161 2584 in
1207 2526 1409 2593 regiam
1457 2523 1762 2593 ingrediens

150 2649 251 2689 non
281 2643 582 2693 terrenam,
612 2629 704 2682 sed
734 2629 784 2680 in
812 2625 978 2678 multo
1008 2621 1405 2684 terribiliorem,
1441 2632 1634 2685 nempe
1659 2630 1763 2669 CIB-

151 2726 363 2788 lestem,
398 2735 651 2790 magnam
684 2717 876 2772 exhibe
908 2713 1246 2767 modestiam.
1280 2710 1412 2764 Nam
1441 2720 1494 2763 ct
1520 2723 1640 2762 cum
1667 2722 1766 2760 an-

148 2816 280 2887 gelis
314 2814 554 2868 choreas
597 2812 744 2879 agis,
788 2816 840 2861 et
877 2803 1321 2874 archangelorum
1362 2817 1419 2855 es
1460 2801 1638 2854 socius
1662 2839 1677 2863 ,
1708 2805 1765 2853 et

149 2924 267 2963 cum
299 2905 594 2975 Seraphim
622 2903 770 2958 canis
795 2902 832 2952 ι.
864 2897 1064 2954 Omnes
1107 2910 1266 2965 porro
1308 2895 1393 2947 isti
1432 2903 1606 2948 cmtus
1644 2904 1763 2944 ma-

146 3015 309 3070 gnum
340 2996 611 3052 exhibent
639 2994 882 3048 ordinem
905 3032 920 3056 ,
952 3004 1073 3044 cum
1106 2988 1331 3041 horrore
1363 2987 1530 3040 multo
1571 2984 1761 3054 mysti-

147 3111 266 3149 cum
302 3093 439 3147 illud
471 3089 640 3144 melos
669 3095 724 3140 et
751 3098 932 3139 sacros
965 3083 1194 3152 hymnos
1219 3087 1472 3133 canentes
1504 3077 1614 3146 regi
1647 3076 1764 3130 uni-

148 3198 436 3241 versorum
469 3181 600 3235 Deo.
633 3178 728 3232 llis
759 3177 934 3244 itaque
968 3181 1019 3227 te
1042 3172 1345 3225 admisceas
1376 3171 1426 3222 in
1458 3168 1724 3236 precando
1745 3211 1759 3235 ,

148 3278 553 3348 mysticumque
593 3271 829 3339 ipsorum
865 3275 1110 3320 ornatum
1148 3264 1376 3317 imitare.
1405 3259 1590 3330 Neque
1617 3261 1762 3313 enim

150 3368 468 3426 hominibus
499 3363 770 3434 precaris;
801 3359 892 3414 sed
927 3359 1036 3412 Deo
1065 3356 1261 3426 ubique
1292 3355 1540 3424 prmsenti
1560 3394 1574 3418 ,
1606 3362 1762 3405 ante-

150 3477 308 3533 quam
356 3473 553 3514 vocem
605 3454 864 3510 emittas'
907 3449 1182 3512 audienti,
1228 3448 1316 3518 qui
1374 3447 1520 3500 novit
1566 3461 1761 3499 arcana

151 3557 373 3612 mentis.
407 3547 463 3607 Si
495 3551 574 3606 sic
600 3548 844 3604 oraveris
867 3587 879 3607 ,
908 3545 1130 3599 multam
1175 3542 1401 3611 recipies
1432 3540 1759 3594 mercedem.

153 3649 331 3712 Pater,
361 3643 559 3715 inquit,
592 3652 726 3704 tuus,
758 3641 843 3709 qui
877 3638 1010 3692 videt
1040 3638 1094 3689 in
1127 3634 1442 3698 abscondito,
1473 3633 1647 3685 reddet
1676 3631 1766 3685 tibi

149 3744 204 3796 in
240 3740 539 3809 manifesto.
573 3735 688 3789 Non
720 3733 810 3794 ait,
851 3730 1077 3785 Donabit
1108 3728 1225 3788 tibi,
1258 3726 1374 3790 sed,
1410 3724 1625 3779 Reddet.
1659 3725 1764 3780 De-

152 3834 387 3888 bitorem
426 3845 487 3884 se
525 3828 726 3900 quippe
757 3824 850 3878 tibi
890 3823 1201 3886 constituit,
1229 3829 1389 3889 teque
1434 3833 1629 3888 magno
1669 3834 1766 3887 pro

153 3924 256 3980 hoc
281 3925 451 3980 etiam
483 3921 694 3975 honore
723 3917 960 3971 donavit.
999 3913 1130 3980 Quia
1161 3915 1300 3966 enim
1342 3913 1455 3981 ipse
1486 3911 1766 3965 invisibilis

153 4025 254 4084 est,
285 4015 412 4070 ideo
436 4011 549 4066 vult
577 4008 876 4064 orationem
902 4017 1043 4059 tuam
1068 4003 1372 4072 hujusmodi
1396 4017 1535 4056 esse.
1565 4001 1766 4054 Deinde

156 4109 322 4164 verba
350 4107 469 4175 ipsa
495 4100 757 4158 orationis
799 4097 980 4153 refert.
1013 4097 1064 4150 7.
1105 4095 1352 4160 Uranlt’s,
1384 4096 1582 4162 inquit,
1613 4094 1768 4146 nolite

154 4200 379 4255 multum
406 4195 565 4267 loqui,
595 4193 723 4248 sicut
753 4190 936 4244 ethnici
964 4187 1178 4258 faciunt.
1208 4185 1341 4241 Nam
1372 4201 1491 4238 cum
1524 4184 1590 4238 dc
1622 4183 1766 4237 elec-

154 4305 387 4362 mosyna
417 4284 772 4357 loquebatur,
803 4297 950 4337 vanze
990 4279 1174 4350 gloria:
1213 4285 1415 4347 pestem
1448 4287 1652 4330 tantum
1682 4291 1768 4328 sc-

156 4385 362 4446 movit,
395 4379 638 4447 nihilque
667 4374 894 4442 amplius
925 4371 1120 4443 adjecit
1144 4415 1157 4433 ε
1189 4386 1361 4438 nequc:-
1391 4369 1525 4424 divit
1546 4412 1559 4432 ,
1592 4371 1766 4424 unde-

156 4491 280 4532 nam
310 4475 716 4541 eieemosynam
757 4467 935 4522 facere
975 4473 1287 4531 oporteret;
1322 4462 1467 4516 verbi
1509 4477 1668 4516 cauSn
1702 4478 1765 4516 ex

154 4569 315 4640 iustis
343 4562 642 4622 laboribus.
673 4574 779 4613 non
806 4573 869 4613 es
908 4557 1114 4626 rapina,
1147 4556 1230 4610 vel
1259 4572 1320 4610 cr:
1354 4556 1602 4608 avaritia.
1635 4552 1767 4607 illud

158 4675 395 4730 namque
416 4657 469 4712 in
490 4653 744 4710 confesso
768 4647 907 4722 apud
930 4664 1118 4702 omnes
1144 4655 1276 4700 erat.
1308 4646 1566 4714 Superius
1589 4655 1767 4697 autum

158 4753 287 4809 illud
310 4753 420 4820 jam
449 4750 861 4817 expurgaverat,
890 4754 1010 4795 enm
1033 4737 1335 4794 esurientes
1357 4738 1618 4805 justitiam
1645 4737 1772 4790 hea-

160 4855 243 4901 tos
271 4841 609 4914 praedicavit.
643 4835 799 4890 Circa
828 4833 1125 4888 orationem
1152 4845 1282 4883 vero
1312 4827 1509 4900 aliquid
1542 4828 1770 4899 amplius

163 4935 382 5006 adjicit,
407 4928 802 4998 multiloquium
831 4939 953 4980 esse
979 4921 1251 4975 vitandum
1282 4939 1294 4972 :
1321 4935 1380 4973 ac
1413 4923 1770 4990 quemadmo-

163 5028 294 5082 dum
323 5024 395 5080 ibi
429 5022 760 5093 hypocritas,
785 5019 852 5070 ita
878 5027 928 5068 ct
954 5015 1040 5068 hic
1066 5011 1310 5066 ethnicos
1341 5011 1546 5079 irridet,
1577 5011 1772 5082 ubique

164 5133 229 5173 ex
281 5125 636 5186 personarum
684 5108 884 5162 vilitate
923 5106 1220 5159 auditorem
1266 5104 1467 5172 pudore
1506 5103 1770 5159 afficiens.

165 5212 300 5280 Quia
322 5210 469 5266 enim
495 5215 553 5260 ut
581 5203 869 5272 plurimum
902 5199 1002 5252 hoc
1030 5199 1266 5252 maxime
1301 5197 1507 5251 mordet
1529 5206 1580 5250 et
1603 5197 1770 5265 angit,

166 5320 287 5359 cum
313 5302 436 5374 quis
497 5294 728 5365 abjectis
786 5291 1091 5348 hominibus
1116 5300 1477 5359 comparatur,
1504 5291 1627 5346 hinc
1653 5292 1773 5345 illos

166 5395 422 5459 abducit,
462 5387 857 5456 multiloquium
899 5386 987 5440 hic
1023 5385 1222 5438 futilcm
1262 5383 1639 5453 loquacitatem
1676 5400 1774 5437 vo-

168 5504 295 5542 rans
317 5503 332 5550 ;
357 5495 415 5538 ut
441 5497 564 5537 eum
595 5495 702 5534 non
729 5486 1088 5532 consentanea
1111 5490 1140 5528 a
1166 5475 1274 5529 Deo
1303 5476 1552 5543 petimus,
1584 5489 1776 5545 nempe

172 5578 467 5650 potentiam
497 5582 552 5628 et
591 5571 836 5642 gloriam,
867 5568 1145 5622 victoriam
1179 5567 1245 5620 de
1277 5566 1525 5631 inimicis,
1560 5565 1777 5619 divitia-

174 5685 286 5726 rum
319 5668 598 5723 facultates
617 5705 631 5730 ,
660 5663 983 5731 domumque
1011 5674 1073 5714 ea
1101 5674 1220 5728 qua:
1252 5658 1381 5712 nihil
1413 5658 1565 5713 nobis
1594 5657 1775 5729 profu-

233 5832 252 5860 ¹
288 5827 402 5886 Alii,
424 5824 669 5878 caudam:
694 5817 946 5886 semp/tim
967 5817 1103 5870 canis
1109 5830 1260 5890 :Lnon
1281 5813 1430 5868 male.

238 5894 258 5923 ¹
291 5891 512 5951 Quidam,
537 5894 792 5949 antequam
824 5895 1018 5948 precem
1036 5887 1241 5932 emittas.

3373 380 3480 436 278

1877 504 1990 546 tura
2037 501 2179 546 sunt.
2231 491 2340 545 Scit
2389 492 2542 556 enim,
2589 492 2789 560 inquit,
2832 491 3012 562 quibus
3055 507 3182 560 opus
3229 493 3477 548 habeatis.

1939 587 1992 639 4.
2029 584 2090 638 In
2121 585 2352 638 oratione
2381 585 2825 652 perseuerandum.
2863 583 2990 651 Qua:
3017 585 3081 639 sit
3107 586 3353 640 orationis
3379 587 3484 640 uti-

1870 676 2000 728 lims.
2047 676 2346 745 Adeptionis
2386 676 2570 729 divina:
2605 675 2822 745 (ructus.
2861 706 2932 715 —
2977 675 3106 730 Post
3145 675 3260 731 huic
3299 686 3478 732 autem

1869 766 2080 821 videtur
2126 768 2255 820 malti
2304 768 2494 836 longas
2543 768 2816 822 orationes
2868 775 3085 829 vetare;
3135 767 3322 837 longas
3372 786 3480 825 non

1867 866 2111 925 tempore
2136 899 2149 920 ,
2184 857 2278 912 scd
2319 857 2656 914 multitudine
2701 869 2753 912 et
2797 859 3127 928 longitudine
3166 861 3479 916 verborum.

1867 951 2326 1005 Perseverandum
2366 951 2510 1005 enim
2539 963 2620 1005 e5t
2650 950 2838 1005 eadem
2873 952 2983 1020 ipsa
3033 952 3265 1020 petendo
3297 972 3309 1007 :
3345 952 3483 1006 Ora-

1866 1044 2012 1109 tioni,
2043 1045 2232 1115 inquit,
2256 1046 2502 1098 instantes
2529 1043 2706 1114 (Rom.
2739 1044 2826 1099 12.
2863 1045 2973 1115 12).
3009 1045 3072 1099 Et
3100 1046 3214 1117 ipse
3235 1045 3483 1100 Christus

1867 1136 2116 1206 exemplo
2159 1138 2333 1191 viduae
2359 1179 2373 1201 ,
2417 1154 2534 1207 qum
2586 1137 3071 1192 immisericordem
3111 1148 3165 1193 ct
3207 1139 3480 1207 crudelem

1868 1229 2163 1298 principem
2197 1230 2457 1283 orationis
2490 1230 2739 1282 instantia
2772 1229 2920 1283 ﬂexit
2946 1228 3096 1298 (Luc.
3132 1229 3218 1300 l8)
3245 1248 3258 1294 ;
3292 1245 3482 1285 exem-

1868 1323 2062 1392 ploque
2091 1323 2247 1376 amici
2280 1323 2426 1376 illius
2450 1323 2538 1392 qui
2566 1322 2884 1390 intempesta
2915 1331 3071 1376 nocte
3093 1323 3257 1388 venit,
3284 1332 3336 1376 et
3358 1321 3485 1376 dor-

1868 1415 2122 1468 mientem
2160 1430 2187 1466 a
2222 1413 2360 1467 lecto
2402 1413 2710 1475 suscitavit,
2747 1427 2853 1465 non
2885 1427 2950 1465 ex
2981 1412 3255 1473 amicitia,
3289 1411 3382 1466 sed
3415 1428 3482 1466 ex

1868 1505 2266 1574 perseverantia
2297 1503 2443 1573 (Luc.
2480 1505 2570 1573 ll)
2598 1521 2612 1559 :
2639 1501 2769 1556 nihil
2795 1502 2939 1556 aliud
2971 1501 3290 1571 praescribit,
3319 1518 3480 1572 quam

1867 1611 2056 1650 omnes
2083 1596 2180 1666 ipsi
2210 1596 2519 1666 supplicare
2548 1593 2765 1649 assidue
2795 1603 3068 1663 oportere,
3099 1607 3204 1646 non
3235 1607 3331 1662 per
3360 1608 3482 1646 ora-

1869 1688 2068 1742 tionem
2121 1687 2267 1741 mille
2313 1686 2557 1741 versibus
2606 1693 2979 1748 constantem,
3023 1683 3116 1738 sed
3168 1684 3483 1752 simpliciter

1867 1796 1981 1835 rem
2009 1779 2205 1835 cll’crre
2227 1780 2402 1849 jubet.
2433 1779 2563 1834 lllud
2595 1780 2738 1833 enim
2767 1777 3127 1831 subindicavit
3151 1777 3235 1831 his
3258 1778 3439 1832 verbis
3463 1786 3482 1829 :‘

1873 1872 2067 1926 Putant
2098 1874 2232 1926 enim
2270 1873 2408 1942 quod
2443 1873 2496 1926 in
2535 1870 2858 1940 multiloqnio
2893 1886 2988 1923 suo
3029 1868 3391 1924 exaudiantnr.
3425 1873 3482 1924 8.

1871 1964 1953 2019 Ne
1980 1966 2171 2020 similes
2198 1976 2353 2019 estote
2377 1967 2498 2020 illis.
2532 1964 2644 2019 Scit
2669 1965 2802 2018 enim
2835 1963 2994 2017 Pater
3021 1975 3179 2019 vester
3201 1963 3326 2034 quid
3347 1966 3484 2018 vobis

1868 2074 1996 2128 opus
2021 2059 2106 2123 sit,
2139 2069 2409 2126 antequam
2432 2059 2494 2111 ab
2523 2058 2610 2111 illo
2647 2058 2852 2127 petatis.
2886 2045 2953 2110 Et
2978 2057 3022 2109 si
3052 2057 3220 2122 novit,
3251 2058 3481 2126 inquies,

1868 2150 2059 2219 quibus
2087 2166 2220 2220 Opus
2247 2151 2533 2216 habemus,
2561 2165 2658 2205 cur
2684 2158 2897 2220 oportet
2922 2163 3081 2202 orare
3100 2148 3123 2201 ?
3141 2148 3256 2203 Non
3282 2157 3338 2204 ut
3359 2165 3482 2203 eum

1869 2243 2063 2298 doceas
2087 2288 2101 2310 ,
2134 2244 2226 2298 sed
2259 2255 2316 2297 ut
2347 2245 2587 2298 inﬂectas
2613 2262 2628 2309 ;
2659 2252 2717 2297 ut
2747 2242 3156 2312 supplicationis
3183 2241 3482 2313 frequentia

1871 2333 1944 2387 illi
1982 2335 2256 2389 familiaris
2295 2336 2489 2389 evadas
2515 2375 2530 2398 ,
2563 2344 2622 2388 ut
2662 2333 2966 2388 humilieris
2991 2374 3006 2398 ,
3039 2340 3098 2386 ut
3137 2342 3482 2402 peccatorum

1871 2439 2081 2480 tuorum
2110 2426 2432 2481 recorderis.
2467 2427 2520 2480 9.
2554 2425 2642 2480 Sic
2672 2427 2827 2496 igitur
2857 2435 3016 2488 orate,
3051 2425 3124 2479 ait
3156 2444 3167 2478 :
3204 2423 3358 2480 Pater
3385 2442 3483 2479 no-

1869 2531 1971 2572 ster
1990 2520 2076 2589 qui
2098 2536 2148 2572 es
2176 2520 2227 2571 in
2249 2518 2408 2580 ca'lis,
2442 2519 2785 2586 smtctiﬁcetur
2823 2534 3005 2571 nomen
3046 2529 3186 2571 tuum
3220 2515 3317 2588 (tl).
3349 2517 3486 2573 Vide

1871 2611 2143 2682 quomodo
2171 2612 2350 2666 Statim
2380 2611 2680 2666 auditorem
2711 2611 2881 2666 erexit
2907 2651 2921 2673 ,
2949 2621 3003 2665 et
3034 2625 3193 2663 ontne
3237 2609 3485 2664 beneficii

1869 2721 2040 2774 genus
2063 2706 2114 2757 in
2140 2704 2418 2773 prooemiis
2443 2703 2779 2757 memoravit.
2807 2702 2939 2756 Nam
2963 2702 3052 2770 qui
3080 2701 3288 2754 Patrem
3317 2700 3484 2756 Deum

1869 2795 2199 2864 appellavit,
2242 2803 2294 2848 ct
2335 2804 2677 2862 peccatorum
2715 2793 3090 2847 remissionem
3114 2833 3128 2856 ,
3158 2800 3212 2845 et
3238 2791 3483 2860 supplicii

1871 2887 2274 2957 abrogationent
2304 2926 2317 2948 ,
2348 2895 2403 2939 et
2440 2885 2699 2954 justitiam
2728 2925 2742 2950 ,
2778 2894 2832 2939 et
2875 2885 3355 2948 sanctificationcm
3384 2925 3397 2945 ,
3431 2895 3488 2938 et

1871 2980 2322 3047 redemptionem,
2356 2986 2406 3031 et
2442 2977 2675 3029 ﬁliorum
2708 2975 3077 3044 adoptionem,
3111 2985 3165 3027 et
3207 2974 3482 3028 heredita-

1873 3085 1998 3135 tem,
2031 3083 2084 3126 et
2125 3071 2512 3125 fratcrt'titatem
2542 3085 2663 3123 cum
2697 3069 3002 3138 Unigcnito,
3037 3079 3085 3122 ct
3119 3070 3350 3136 Spiritus
3382 3068 3485 3122 do-

1872 3181 1960 3231 na,
1991 3165 2090 3218 hac
2115 3180 2218 3217 una
2244 3163 2681 3217 denorninationc
2700 3162 2983 3216 confessus
3004 3171 3104 3214 est.
3134 3161 3314 3230 Neque
3336 3162 3484 3215 enim

1873 3258 2038 3310 Deum
2072 3255 2284 3309 Patrem
2316 3255 2434 3322 quis
2465 3253 2739 3321 appellare
2775 3263 2950 3320 p0test
2976 3295 2990 3318 ,
3024 3253 3122 3305 nisi
3157 3252 3270 3306 haec
3301 3254 3484 3307 omnia

1871 3348 2010 3400 bona
2039 3353 2422 3414 consequutus.
2452 3343 2656 3410 Duplici
2686 3342 2846 3412 igitur
2874 3342 3034 3396 modo
3061 3358 3246 3396 eorum
3273 3342 3486 3397 animos

1871 3441 2064 3508 erigit;
2097 3449 2150 3493 et
2190 3454 2254 3492 ex
2295 3436 2552 3507 dignitate
2583 3435 2698 3506 ejus
2734 3452 2893 3505 quem
2939 3437 3148 3490 Patrem
3177 3445 3398 3500 vocant,
3432 3447 3487 3490 et

1873 3548 1934 3587 ex
1967 3529 2336 3602 magnitudine
2367 3544 2576 3589 eorum,
2610 3545 2727 3598 qua:
2758 3544 3035 3597 accepere,
3077 3529 3484 3583 beneﬁciorum.

1871 3625 2004 3679 Cum
2030 3634 2211 3678 autem
2235 3623 2387 3689 dicit,
2411 3622 2478 3675 In
2504 3622 2662 3687 cwlis,
2690 3637 2794 3674 non
2826 3622 2894 3676 ibi
2925 3621 3092 3676 Deum
3125 3621 3228 3677 hoc
3255 3621 3487 3677 dicendo

1873 3714 2143 3769 concludit
2169 3757 2183 3780 ,
2215 3713 2309 3770 sed
2343 3724 2652 3784 precantem
2681 3714 2747 3766 de
2777 3724 2914 3768 terra
2946 3713 3160 3768 abducit
3186 3756 3198 3776 ,
3227 3725 3279 3768 et
3309 3714 3360 3767 in
3387 3729 3486 3769 ex-

1873 3809 2030 3863 celsis
2069 3809 2201 3862 locis
2243 3808 2596 3876 supernisque
2632 3805 2949 3860 habitaculis
2978 3806 3166 3876 afﬁgit.
3201 3806 3366 3860 Docet
3393 3821 3490 3858 au-

1875 3911 1979 3954 tem
2004 3915 2343 3954 communem
2369 3914 2464 3968 pro
2489 3898 2741 3952 fratribus
2759 3899 3056 3952 oratiooem
3079 3900 3346 3953 emitti-rc.
3367 3898 3486 3952 Non

1875 3994 2016 4045 enim
2046 3990 2171 4044 dicit
2199 4029 2214 4053 ,
2250 3991 2408 4043 Pater
2437 4007 2591 4044 meus
2612 4030 2625 4046 .
2657 3991 2746 4058 qui
2783 4006 2841 4044 es
2873 3992 2924 4043 in
2957 3991 3130 4052 uelis;
3162 3991 3254 4046 sed
3281 4034 3294 4052 ,
3333 3990 3489 4045 Pater

1875 4095 2064 4149 noster,
2092 4100 2188 4152 pro
2214 4083 2486 4136 communi
2515 4097 2744 4150 corpore
2769 4084 3190 4152 supplicationes
3211 4084 3486 4142 etnitlens,

1878 4192 1978 4232 nec
2005 4191 2256 4244 umquam
2299 4177 2512 4245 prepria
2543 4176 2824 4229 commoda
2857 4185 3141 4246 spectans,
3172 4177 3265 4231 scd
3293 4177 3490 4247 ultique

1877 4272 2128 4342 proximi.
2161 4271 2272 4326 lloc
2298 4280 2476 4325 autem
2510 4270 2673 4325 verbo
2717 4271 2882 4324 inimit
2903 4271 3023 4324 itias
3049 4270 3116 4325 de
3144 4271 3322 4325 lllL'tilO
3353 4271 3492 4326 tollit

1877 4376 1931 4420 et
1956 4364 2315 4434 arrogantiam
2356 4362 2630 4430 reprimit,
2663 4361 3031 4432 invidiamque
3058 4362 3301 4417 eliminat
3326 4379 3340 4427 ;
3368 4378 3487 4416 ma-

1881 4471 2013 4510 trem
2039 4471 2168 4511 vero
2189 4455 2428 4510 omnium
2456 4455 2718 4508 bonorum
2744 4455 3026 4508 caritatem
3052 4454 3274 4522 inducit,
3301 4455 3489 4509 Imma-

1879 4561 2179 4616 narumque
2221 4558 2400 4599 rerum
2445 4545 2862 4613 inmqnalitatem
2895 4546 3146 4614 expellit,
3181 4559 3231 4600 et
3266 4547 3490 4602 multam

1881 4641 2021 4710 regis
2047 4655 2168 4692 eum
2201 4651 2432 4706 paupere
2475 4636 2695 4690 honeris
2722 4636 3081 4705 aequalitatem
3117 4637 3386 4704 ostendit;
3419 4639 3492 4692 si-

1879 4735 2093 4802 quidem
2145 4731 2196 4783 in
2249 4728 2499 4783 maximis
2553 4740 2607 4783 et
2652 4728 2877 4782 omnino
2924 4730 3247 4784 necessariis
3300 4744 3492 4786 attines

1881 4822 2259 4878 communione
2299 4821 2471 4890 juncti
2509 4834 2712 4875 sumus.
2745 4819 2882 4884 Quid
2911 4819 3053 4874 enim
3089 4824 3396 4876 nocnmenti
3425 4838 3494 4878 ex

1881 4928 2094 4971 terrena
2123 4914 2442 4986 cognatione
2464 4955 2477 4977 ,
2510 4928 2632 4968 cum
2661 4913 2956 4968 secundum
2983 4927 3272 4982 supernam
3302 4930 3493 4970 natura

1945 5074 2019 5184 (3
2053 5080 2161 5123 Haec
2183 5072 2354 5130 verba,
2390 5076 2537 5119 Pater
2553 5074 2794 5118 noster....
2824 5075 2978 5127 tuum,
3005 5068 3136 5120 tituli
3163 5084 3304 5122 more.
3324 5075 3495 5134 jacent

2025 5135 2257 5184 itionibus
2281 5131 2572 5184 Commelini
2609 5137 2663 5180 et
2689 5130 2889 5184 litorei“.
2917 5134 3030 5184 quia
3069 5131 3119 5182 in
3147 5136 3326 5184 Latinis
3349 5136 3495 5184 Editis

1885 5138 1930 5185 in
1955 5130 2257 5184 Editionihns
2281 5131 2572 5184 Commelini
2609 5137 2663 5180 et
2689 5130 2889 5188 azorelli,
2917 5134 3030 5194 quia
3069 5131 3119 5182 in
3147 5130 3496 5186 Latinis'Editis

1884 5197 2078 5247 bomilia
2106 5197 2229 5254 haec,
2249 5195 2434 5257 quieto
2455 5193 2632 5257 amcis
2659 5193 2995 5257 Manttsrriptis
3015 5207 3111 5242 una
3141 5198 3276 5246 serie
3298 5197 3496 5256 ponitur

1884 5267 1984 5308 uta
2007 5254 2350 5319 Chrysostoino
2373 5256 2538 5321 habita
2564 5254 2670 5312 fuit,
2692 5255 2742 5303 in
2762 5256 2886 5321 duas
2898 5254 3051 5304 divisa
3074 5256 3186 5321 t'uit.
3201 5254 3354 5307 Latini
3383 5272 3496 5321 por-

1883 5335 1957 5379 ro,
1983 5327 2037 5368 ut
2061 5317 2276 5376 videtur,
2309 5331 2408 5380 quo
2432 5320 2484 5367 in
2516 5329 2660 5380 unam
2690 5317 2971 5365 Orationem
3007 5319 3298 5367 Dominicam
3333 5317 3496 5370 utimi—

1885 5377 1997 5432 liam
2022 5377 2349 5444 Clirysostomi
2370 5380 2629 5444 haberent,
2649 5377 2773 5427 hanc
2792 5380 2990 5444 induas
3011 5391 3184 5444 partes,
3201 5381 3494 5440 diviserunt,

1885 5457 2090 5507 quarum
2117 5440 2365 5507 postrema
2398 5441 2639 5490 orationis
2671 5441 2930 5490 Dominicm
2956 5440 3495 5507 explicationentcomo

1885 5503 2132 5566 plectitur,
2162 5510 2215 5550 et.
2239 5504 2363 5550 hanc
2389 5511 2685 5566 postremam
2712 5510 2901 5561 partem
2931 5503 3180 5551 ltomtliam
3206 5504 3496 5564 vigesimum

1885 5564 2268 5628 inscripserunt;
2288 5564 2559 5613 secundum
2582 5576 2731 5625 quem
2753 5574 3321 5628 numerum,sequentes
3337 5566 3497 5615 homi-

1888 5631 2059 5677 liarum
2078 5629 2269 5675 numeri
2289 5628 2655 5675 concinnantur.
2676 5627 2760 5682 Qui
2780 5627 2970 5674 numeri
2989 5627 3104 5687 quia
3123 5641 3147 5673 a
3173 5629 3282 5687 serit
3305 5629 3499 5677 toribus

1888 5689 2210 5743 Cltrvsostomi
2230 5687 2332 5737 loca
2351 5687 2678 5736 atl‘erentibus
2695 5679 2895 5748 Semper
2911 5679 3111 5736 adhibiti
3139 5679 3357 5746 fuerunt,
3373 5701 3498 5750 post~

1889 5767 2034 5815 quam
2058 5751 2270 5815 decimae
2293 5762 2432 5815 nona:
2456 5763 2594 5799 suam
2627 5751 2810 5798 seriem
2842 5750 3167 5815 restituitntts,
3196 5752 3354 5815 posito
3377 5765 3498 5803 vi-ro

1890 5811 2211 5876 genuumque
2235 5811 2539 5876 singularum
2556 5824 2780 5876 numero,
2807 5819 3036 5876 veterem
3055 5811 3190 5863 illum
3209 5813 3498 5876 adjectmt‘s.

1893 5865 1956 5926 ἓι
1968 5876 2112 5939 ΰῐΠξ-ΙῘ
2129 5865 2271 5926 causa
2299 5865 2584 5938 :"rigesimct,
2603 5865 2665 5922 al.
2692 5865 2918 5940 ltiges-"ina
2938 5873 3118 5936 prima.
3267 5865 3286 5876 ⁷
3320 5875 3328 5883 “
