4066 6496
604 402 710 458 279

606 516 874 586 t-uujuncti
895 515 1083 582 simus,
1105 518 1160 568 et
1180 525 1338 566 nemo
1356 511 1476 581 plus
1497 509 1666 564 altero
1685 508 1952 579 quidpiam
1975 506 2186 574 habeat,

605 624 710 662 non
749 607 899 661 dives
937 618 1208 676 paupere,
1240 619 1344 657 non
1388 602 1548 659 herus
1583 615 1774 666 servo,
1805 616 1912 656 non
1941 601 2195 671 princeps

603 696 851 761 subdito,
883 711 988 752 non
1019 712 1112 752 rex
1155 696 1356 760 milite,
1399 709 1502 748 non
1544 693 1893 764 philosophus
1927 694 2188 760 barbaro,

604 805 705 846 nec
749 787 964 859 sapiens
1009 787 1211 844 idiota?
1249 786 1507 842 Omnibus
1536 785 1732 855 quippe
1767 797 1928 839 unam
1972 783 2191 856 largitus

597 892 685 936 est
711 882 1039 938 nobilitatem
1063 882 1101 944 ⁸,
1132 895 1253 935 cum
1283 879 1522 970 omnium
1551 877 1796 940 similiter
1830 877 1987 933 Pater
2011 877 2188 933 vocari

600 973 850 1043 dignatus
877 973 966 1027 sit.
1000 967 1299 1040 Postquam
1324 970 1483 1040 igitur
1522 968 1660 1024 hanc
1699 967 2030 1024 nobilitatem
2068 983 2186 1024 nte-

599 1063 868 1129 moravit,
912 1077 1118 1118 necnon
1166 1077 1456 1131 supernum
1495 1061 1734 1127 donum,
1787 1060 2005 1115 honoris
2049 1059 2190 1114 inter

596 1156 790 1212 fratres
814 1153 1126 1226 paritatcta,
1155 1162 1314 1224 atque
1339 1154 1645 1218 caritatem,
1679 1161 1958 1223 postquam
1980 1166 2011 1206 a
2044 1159 2182 1207 terra

596 1245 813 1301 abduxit
838 1253 892 1302 et
915 1245 1048 1300 cmlo
1069 1243 1259 1313 al‘lixit,
1282 1245 1556 1299 videamus
1576 1241 1700 1313 quid
1724 1241 1977 1320 deinceps
1997 1253 2185 1314 petere

593 1337 775 1407 jnbeat
805 1354 819 1390 :
853 1351 974 1391 nam
1019 1336 1123 1391 hoc
1155 1351 1367 1406 quoque
1404 1335 1602 1391 dictqu
1642 1335 1819 1391 omnis
1848 1335 2057 1392 virtutis
2080 1335 2182 1392 do.

593 1427 820 1481 etrinam
841 1427 1078 1482 inserere
1099 1428 1259 1481 valet.
1274 1425 1406 1481 Nam
1427 1427 1516 1496 qui
1534 1426 1742 1482 Patrem
1759 1427 1970 1482 vocavit
1987 1425 2178 1494 Deum,

591 1527 646 1571 ct
685 1517 896 1572 Patrem
925 1532 1261 1573 communem
1285 1556 1301 1581 ,
1335 1515 1458 1586 jure
1493 1516 1648 1572 talem
1689 1517 1940 1574 exhibeat
1977 1519 2136 1574 vitam
2161 1562 2174 1585 ,

594 1623 696 1678 qua
735 1608 835 1664 hac
875 1609 1192 1665 nobilitale'
1235 1609 1482 1679 indignus
1532 1623 1636 1664 non
1678 1609 1951 1673 videatur,
1990 1619 2048 1666 et
2086 1627 2181 1682 par

589 1699 734 1753 dono
769 1699 1001 1755 studium
1036 1709 1278 1771 'prznstet.
1311 1699 1504 1754 Verum
1541 1699 1646 1755 hoc
1682 1714 1786 1756 non
1816 1708 1901 1757 sat
1936 1701 2012 1756 illi
2039 1700 2174 1769 fuit;

590 1791 684 1844 sed
713 1790 857 1845 aliud
886 1790 1033 1846 addit
1057 1793 1125 1847 ita
1149 1793 1371 1860 loquens
1397 1811 1410 1847 :
1435 1791 1792 1859 Sanctiﬁcetur
1810 1809 1990 1848 nomen
2011 1801 2174 1848 tuum.

590 1882 755 1952 Digna
778 1884 1013 1954 precatio
1036 1883 1152 1954 ejus
1177 1886 1263 1954 qui
1296 1885 1459 1938 Deum
1489 1894 1640 1940 vocat
1660 1884 1871 1941 Patrem
1895 1885 1938 1950 ³,
1965 1893 2017 1940 ιιι
2043 1885 2176 1941 nihil

591 1984 734 2043 petat
764 1984 889 2030 ante
917 1975 1090 2031 Patris
1116 1976 1338 2046 gloriam
1365 2019 1378 2041 ,
1407 1976 1503 2032 sed
1545 1977 1721 2032 omnia
1754 1987 2037 2048 postponat
2061 1978 2177 2048 ejus

587 2066 852 2122 laudibus.
881 2066 1015 2122 Illud
1041 2068 1204 2129 enim.
1235 2067 1615 2137 Sancti/ictum,
1645 2067 1747 2123 hoc
1772 2067 1870 2124 sibi
1903 2069 2035 2133 vult,
2062 2069 2177 2140 glu-

507 2231 510 2234 .
585 2157 844 2214 rilicetur.
875 2155 986 2215 Sibi
1021 2174 1248 2229 namque
1284 2161 1556 2230 prapriam
1596 2159 1751 2214 habet
1790 2158 2014 2229 gloriam
2057 2161 2172 2230 ple-

583 2266 730 2316 nam,
755 2250 832 2306 sic
858 2266 1071 2320 semper
1097 2259 1419 2305 niatteutem.
1449 2249 1702 2305 Orantem
1728 2265 1855 2305 vero
1875 2250 2028 2320 jubet
2051 2266 2172 2320 pre-

581 2343 689 2395 cari
714 2381 730 2405 ,
763 2349 819 2394 ut
847 2357 938 2411 per
969 2342 1128 2418 vitam
1157 2353 1396 2396 nostram
1438 2342 1766 2411 glorilicetur
1798 2360 1810 2397 :
1837 2342 1978 2412 quod
2009 2343 2168 2397 etiam

579 2449 739 2502 supra
767 2433 979 2488 dicebat
1011 2450 1025 2488 :
1054 2433 1239 2488 Luceat
1269 2435 1359 2489 luat
1380 2445 1541 2490 vestra
1567 2450 1738 2492 coram
1767 2435 2082 2501 hominibus,
2116 2447 2170 2490 ut

576 2526 778 2578 rideant
802 2541 954 2594 opera
982 2527 1110 2587 bona
1138 2533 1317 2592 vestra,
1341 2535 1388 2578 et
1412 2523 1696 2596 gloriﬁcent
1725 2523 1932 2579 Patrem
1953 2537 2171 2581 oestrum

574 2615 663 2681 qui
685 2615 738 2668 in
767 2616 906 2670 ca'lis
929 2625 1002 2669 est
1029 2615 1238 2684 (Matth.
1269 2615 1323 2670 5.
1357 2615 1443 2682 16)
1494 2613 1625 2668 Nam
1654 2613 1936 2685 Seraphini
1961 2615 2166 2686 glorifi-

573 2718 757 2761 cantes
790 2707 974 2773 Deum,
1005 2706 1083 2761 sic
1117 2703 1364 2761 dicebant
1393 2721 1406 2758 :
1436 2703 1677 2771 Sanctus,
1707 2715 1932 2772 sanctus,
1961 2716 2165 2763 sanctus

571 2797 722 2853 tlsai.
755 2800 808 2851 6.
839 2797 916 2866 5).
948 2797 1126 2866 Itaque
1157 2795 1305 2858 illud,
1337 2795 1719 2863 Sancti/iretur,
1753 2795 1803 2850 id
1827 2804 1929 2861 est,
1960 2797 2163 2867 glorill-

569 2898 737 2942 cetur.
762 2887 983 2958 Largire
1012 2886 1164 2940 nobis
1185 2927 1200 2952 ,
1231 2886 1433 2955 inquit,
1464 2896 1518 2939 ut
1546 2887 1617 2939 ita
1646 2901 1775 2956 pure
1805 2888 2076 2953 vivamus,
2104 2896 2164 2942 ut

569 2993 664 3048 per
689 2995 784 3033 nos
813 2987 864 3032 te
891 2990 1078 3031 omnes
1106 2975 1424 3046 gloriﬁcent.
1457 2975 1510 3031 ld
1537 2977 1677 3046 quod
1709 2992 1892 3033 rursus
1919 2977 2161 3047 philoso-

569 3067 706 3136 ιιΙιίξιι
730 3077 811 3122 est
835 3067 1106 3136 perfecte,
1129 3067 1292 3122 vitam
1319 3068 1390 3122 ita
1415 3067 2020 3136 irreprehensibilcm'iu
2047 3084 2163 3124 om-

566 3159 725 3211 nibus
749 3157 1041 3221 exhibere,
1078 3166 1134 3210 ut
1173 3156 1414 3212 videntes
1454 3159 1648 3227 singuli
1694 3159 1922 3214 Domino
1951 3174 2048 3229 pro
2077 3159 2162 3216 his

566 3249 777 3305 laudem
799 3247 1056 3304 referant.
1087 3248 1172 3304 10.
1201 3248 1446 3302 Adveniet
1468 3265 1678 3320 regnum
1705 3259 1865 3305 tuum.
1891 3250 2004 3305 Hoc
2027 3267 2156 3322 quo-

564 3358 667 3412 que
705 3343 840 3412 grati
874 3340 1131 3412 probique
1160 3341 1251 3394 lilii
1280 3341 1480 3396 dictum
1522 3352 1604 3397 est
1627 3383 1642 3408 ,
1675 3342 1765 3412 qui
1804 3357 1911 3398 non
1956 3344 2158 3400 Intereat

563 3433 720 3488 rebus
747 3431 849 3486 sub
873 3441 1147 3502 aspectum
1172 3431 1505 3498 cadentibus,
1532 3447 1706 3502 neque
1733 3435 2012 3503 praesentia
2041 3451 2155 3490 ma-

561 3524 646 3594 gni
677 3523 952 3594 quidpiam
979 3537 1099 3578 esse
1131 3532 1308 3592 putet;
1338 3521 1433 3577 sed
1461 3521 1528 3577 ad
1562 3534 1764 3593 patrem
1791 3539 2006 3594 semper
2035 3535 2153 3580 teu-

560 3616 681 3679 dat,
713 3625 768 3670 et
805 3614 978 3670 futura
1015 3623 1326 3684 exspectet,
1358 3614 1500 3685 quod
1540 3630 1604 3669 ex
1647 3617 1973 3671 conscientia
2013 3616 2151 3672 bona

558 3705 750 3766 oritur.
783 3715 837 3760 et
860 3721 928 3761 ex
957 3705 1133 3760 anima
1160 3722 1187 3758 τι
1221 3705 1448 3760 terrenis
1478 3703 1637 3759 rebus
1665 3707 1934 3774 expedita.

628 3799 680 3853 5.
704 3797 985 3852 Adventum
1005 3798 1149 3868 regni
1172 3795 1269 3850 Dei
1286 3795 1538 3867 quomodo
1559 3795 1911 3850 desideraret-it
1930 3794 2146 3854 Paulus.

567 3887 738 3942 Virtus
762 3903 861 3941 non
884 3903 947 3942 ex
961 3886 1130 3941 studio
1152 3896 1322 3940 nostro
1337 3894 1555 3964 tantum,
1574 3885 1664 3938 sed
1681 3885 1829 3938 etiam
1847 3901 1911 3940 ex
1929 3902 2151 3957 superna

555 3980 722 4051 gratia
747 3979 944 4045 pendet.
968 4008 1035 4018 ——
1054 3976 1166 4033 lloc
1190 3979 1331 4032 enim
1357 3976 1556 4032 Paulus
1583 3977 1805 4046 singulis
1833 3977 2020 4034 diebus
2048 3978 2146 4034 de-

554 4068 816 4123 siderabat
836 4109 851 4133 ,
893 4068 1116 4138 ideoque
1143 4067 1354 4122 dicebat
1385 4083 1399 4119 :
1430 4064 1498 4120 Et
1528 4067 1626 4136 ipsi
1663 4068 1913 4134 primitias
1939 4069 2148 4136 spiritus

554 4165 788 4219 habentes
839 4165 1246 4232 ingemiscimus,
1303 4162 1625 4230 adoptionem
1685 4162 1902 4227 filiorum
1969 4179 2146 4233 erepte-

553 4265 780 4316 cttmtcs.
827 4254 1218 4322 redemptionem
1268 4252 1494 4321 corporis
1537 4251 1694 4304 nostri
1742 4251 1915 4321 (Hom.
1946 4250 2001 4306 8.
2028 4251 2143 4320 25).

554 4348 650 4414 Qui
696 4347 836 4401 enim
870 4344 971 4399 hoc
999 4360 1182 4399 arnore
1221 4357 1411 4412 captus
1449 4351 1561 4406 est,
1611 4357 1784 4413 neque
1825 4341 1983 4411 hujus
2023 4342 2145 4397 vitae

552 4437 707 4490 bonis
734 4435 906 4490 iuliari
936 4443 1124 4505 potest,
1156 4449 1330 4504 neque
1359 4435 1518 4488 rebus
1547 4432 1788 4487 adversis
1817 4433 1974 4503 dejiei
2005 4449 2020 4487 :
2049 4434 2146 4490 sed

553 4546 615 4583 ne
642 4531 685 4584 si
718 4529 769 4583 in
795 4530 939 4584 υςυιὶε
963 4535 1286 4589 versaretur,
1309 4526 1378 4582 ab
1407 4536 1628 4594 utraque
1657 4523 1758 4580 hac
1785 4524 2147 4595 inrequalitato

556 4620 805 4672 itmmtnis
831 4627 935 4674 esr.
962 4615 1082 4670 Fiat
1105 4617 1333 4670 voluntas
1357 4625 1440 4668 tua
1471 4616 1597 4668 sicut
1626 4617 1680 4669 in
1704 4613 1831 4670 caelo
1847 4629 1893 4668 et
1914 4618 1965 4668 in
1988 4623 2140 4670 terra.

559 4710 801 4764 Vtamur
829 4710 1084 4778 Optimam
1116 4707 1345 4760 soriem?
1371 4705 1531 4760 Jussit
1563 4706 1707 4760 enim
1737 4704 1911 4760 futura
1939 4720 2142 4761 concu-

555 4802 782 4870 piscere,
813 4808 863 4852 et
893 4797 958 4852 ad
986 4798 1123 4852 illam
1147 4796 1630 4867 peregrinationem
1658 4796 1943 4852 festinare:
1968 4796 2144 4854 donec

551 4904 730 4949 autem
764 4892 815 4946 id
841 4892 1076 4953 eveniat,
1108 4890 1192 4945 hic
1218 4888 1476 4958 degentes
1500 4904 1708 4954 curare,
1737 4901 1794 4943 ut
1824 4903 1918 4960 par
1941 4890 2140 4946 caelesti

557 4984 765 5037 vivetuli
809 4997 976 5051 genus
1001 4981 1367 5036 exhibeamus.
1400 4978 1533 5033 Nam
1558 4979 1755 5033 caelum-
1777 4981 1990 5049 quidem
2010 5022 2024 5046 ,
2054 4982 2138 5035 in-

553 5076 688 5145 quit,
721 5082 771 5126 et
796 5071 1023 5127 ea-leStia
1052 5072 1489 5140 concupiscamus
1518 5071 1872 5138 Oportetzsed
1905 5080 1959 5127 et
1981 5083 2138 5128 ante-

553 5180 712 5236 quam
762 5164 814 5218 in
860 5162 1050 5218 crclutn
1095 5162 1484 5229 concedamus,
1528 5153 1594 5219 ex
1645 5171 1783 5218 terra
1823 5164 2010 5218 caelum
2040 5179 2138 5218 nos

548 5352 550 5354 τ
617 5319 634 5349 ί
673 5314 855 5379 Morel.,
880 5327 1023 5364 unam
1047 5313 1248 5379 largitus
1261 5320 1333 5364 est
1351 5313 1698 5379 cognationem;
1721 5317 1881 5365 minus
1893 5324 2047 5366 recte.

618 5380 637 5408 ²
674 5376 833 5426 Morel.
844 5411 858 5433 ,
872 5437 875 5438 ν
890 5376 1180 5438 cognatione.

619 5439 640 5469 ³
680 5455 704 5483 ι
722 5436 1051 5511 sancti/iretur
1074 5436 1657 5511 ηοεηεηξιμνιιιηηιῃὲῃηα
1685 5438 2022 5511 precatiqejus
2054 5438 2137 5499 qui

557 5509 713 5549 neum
734 5497 933 5548 itwocut.
958 5499 1032 5548 sic
1053 5511 1227 5548 omnes
1248 5498 1368 5563 Edlti
1391 5506 1444 5547 et
1465 5497 1772 5563 maliuscripti
1797 5497 1997 5563 Codices
2014 5497 2138 5563 prte-

555 5569 634 5632 ter
659 5573 772 5632 eum
795 5573 892 5632 quo
908 5573 1028 5609 usus
1044 5568 1120 5632 est
1150 5561 1388 5632 Georgius
1398 5560 1762 5629 mpczuntiu’s.
1783 5562 1869 5632 qui
1894 5563 1963 5632 ita
1983 5560 2130 5623 legit:

551 5618 882 5684 sanctiﬁceittr
891 5633 1061 5684 nomen
1070 5627 1226 5684 tuum.
1245 5618 1605 5684 Dignariln'tjrsns
1616 5634 1672 5670 eo
1679 5623 1762 5684 qui
1774 5618 1932 5672 D'eum
1944 5618 2136 5684 Patrem

553 5635 882 5684 sancupceutr
891 5635 1061 5671 nomen
1076 5635 1226 5670 tuum.
1245 5635 1400 5683 mgna
1409 5635 1605 5731 prorsus
1616 5635 1672 5670 eo
1679 5635 1762 5684 qut
1774 5635 1932 5672 uettm
1944 5635 2130 5674 Patrem

553 5681 811 5746 appellarit
840 5683 1010 5732 oratio.
1034 5680 1213 5731 Placuit
1237 5696 1358 5744 ergo
1378 5683 1412 5732 il
1437 5683 1449 5731 i
1479 5681 1626 5732 lectio
1643 5691 1942 5746 Grzeca_,qua:
1965 5683 2130 5742 habet,

548 5744 632 5852 :21:-
657 5757 796 5852 κῧτδν
823 5757 914 5796 σὸν
930 5757 1072 5807 “estea
1088 5757 1278 5802 nlo-Sno;
1294 5759 1316 5804 vi,
1331 5757 1413 5810 ιῦχνί
1428 5783 1440 5803 ,
1467 5751 1517 5794 (δι
1538 5752 1628 5805 est,
1647 5744 1809 5807 [:I‘Oﬂll
1833 5744 1995 5803 dilltllt,
2010 5759 2132 5808 pm:-

569 5820 688 5852 ercu
724 5818 770 5852 ει.

549 5810 770 5855 iuranda.

1332 395 1391 452 S.
1431 393 1705 452 .IOANNIS
1741 392 2223 452 CIIRYSOSTOMI
2259 395 2576 452 ARCHIEP.
2611 397 3148 459 CONSTANTINOP.

3788 404 3897 460 9.80

2302 507 2479 564 facere
2513 509 2696 580 jubet,
2742 521 2798 567 et
2824 512 2878 568 in
2912 521 3054 569 terra
3085 502 3360 570 versantes
3389 527 3452 568 ac
3479 516 3524 570 si
3555 514 3610 570 in
3636 515 3768 571 cmlo
3797 515 3895 571 de-

2298 613 2547 670 geremns
2569 641 2587 670 ,
2634 601 2713 658 sic
2739 603 2919 658 omnia
2962 603 3139 660 facere
3177 613 3235 661 et
3273 605 3474 671 dicere,
3504 616 3668 678 atque
3695 606 3800 663 hac
3827 607 3896 665 de

2297 704 2456 746 caiisa
2484 691 2765 750 Dominum
2794 696 2998 765 precari
3025 706 3294 767 oportere.
3324 698 3467 756 Nihil
3494 702 3637 757 enim
3671 704 3896 774 impedit

2297 784 2604 852 quominus,
2633 787 2736 841 etsi
2781 787 2833 840 iu
2877 796 3018 843 terra
3049 787 3349 846 habitemus
3371 832 3385 857 ,
3430 793 3497 848 ad
3535 807 3896 863 supernarum

2296 870 2552 929 virtutum
2581 875 2915 931 sedulitatem
2951 892 3016 932 ac
3053 877 3382 950 diligentiam
3411 882 3772 953 attingamus:
3799 884 3902 938 sed

2297 977 2582 1032 possumus
2606 963 2694 1021 hic
2722 965 3023 1023 habitantes
3045 1012 3058 1034 ,
3089 969 3240 1040 quasi
3265 969 3376 1041 jam
3404 973 3455 1026 iu
3485 973 3620 1028 caelo
3646 987 3896 1030 essemus

2294 1057 2473 1111 omnia
2491 1057 2851 1127 facere.Quod
2869 1061 3026 1130 igitur
3051 1061 3202 1126 dicit,
3226 1062 3532 1135 huiusmodi
3556 1074 3640 1123 est
3655 1085 3669 1122 :
3683 1067 3892 1136 Quem-

2292 1147 2580 1204 admodum
2609 1148 2680 1205 ibi
2715 1151 2892 1206 omnia
2923 1146 3039 1207 sine
3081 1152 3466 1224 impedimento
3496 1157 3631 1213 liunt
3651 1198 3668 1224 ,
3715 1172 3896 1228 neque

2291 1239 2467 1308 angeli
2513 1239 2672 1296 modo
2709 1241 2959 1309 audiunt,
3007 1243 3168 1300 modo
3188 1243 3338 1315 jussa
3377 1257 3762 1314 contemnunt,
3796 1250 3894 1304 sed

2292 1328 2346 1383 in
2376 1330 2624 1386 omnibus
2649 1331 2847 1388 sedum
2870 1342 2924 1388 et
2946 1333 3338 1404 obsequuntur;
3371 1353 3495 1394 nam
3523 1341 3619 1408 ait,
3642 1339 3893 1398 Potentes

2287 1420 2485 1483 virtute,
2507 1421 2748 1490 facientes
2771 1424 2970 1480 verbum
2989 1425 3128 1480 illius
3145 1424 3315 1498 (Psal.
3339 1427 3459 1484 l02.
3478 1428 3573 1500 ΞΟ)
3595 1431 3706 1487 :sic
3723 1433 3892 1488 etiam

2289 1511 2444 1566 nobis
2467 1511 2771 1568 hominibus
2792 1513 2987 1585 largire
3007 1525 3066 1570 ut
3088 1533 3194 1572 non
3219 1533 3285 1575 ex
3307 1518 3530 1577 dimidio
3551 1521 3894 1579 voluntatem

2288 1607 2430 1654 tuam
2461 1601 2751 1668 iaciamus,
2793 1604 2887 1659 sed
2928 1605 3107 1660 omnia
3138 1615 3195 1663 ut
3218 1608 3300 1664 vis
3327 1607 3666 1680 impleamus.
3701 1611 3877 1668 Viden

2284 1691 2553 1759 quomodo
2577 1692 2825 1750 modeste
2854 1710 3012 1766 agere
3037 1695 3265 1765 doceat,
3311 1699 3602 1762 ostendam
3629 1703 3893 1758 virtutem

2286 1795 2391 1837 non
2418 1798 2482 1838 ex
2513 1792 2700 1840 nostro
2742 1785 2918 1841 studio
2949 1796 3151 1842 tantum
3172 1829 3188 1855 ,
3236 1786 3334 1846 sed
3365 1791 3525 1847 etiam
3554 1808 3620 1848 ex
3647 1808 3891 1866 superna

2285 1877 2452 1945 gratia
2482 1877 2755 1946 pendere?
2783 1877 3022 1950 Itemque
3058 1880 3221 1937 totius
3249 1883 3396 1938 orbis
3422 1885 3845 1942 sollicitudinem
3873 1929 3889 1951 ,

2284 1980 2382 2020 nos
2402 1969 2488 2036 qui
2513 1982 2731 2024 oramus
2754 1968 2994 2040 singulos
3018 1985 3210 2042 gerere
3235 1973 3494 2043 prmcipit.
3521 1973 3708 2046 Neque
3736 1978 3888 2032 enirn

2281 2055 2446 2122 dixit,
2495 2057 2613 2114 Fiat
2657 2059 2902 2115 voluntas
2933 2071 3019 2116 tua
3063 2061 3119 2117 in
3148 2077 3263 2128 me,
3307 2064 3476 2120 autin
3511 2065 3698 2131 uobis;
3747 2067 3886 2132 sed,

2283 2145 2490 2217 Ubique
2523 2158 2783 2207 terrarum
2805 2193 2820 2216 ,
2850 2159 2908 2206 ut
2950 2167 3103 2208 error
3129 2153 3390 2210 avellatur
3417 2165 3469 2210 et
3513 2156 3712 2210 veritas
3737 2156 3884 2212 iuse-

2281 2251 2460 2307 ratur,
2491 2243 2770 2314 omnisque
2799 2245 3032 2315 nequitia
3058 2245 3368 2301 eliminetur
3388 2287 3404 2314 ,
3435 2247 3605 2303 virtus
3633 2258 3854 2303 reverta
3872 2278 3888 2288 -

2280 2339 2384 2397 tur,
2414 2341 2575 2403 atque
2601 2333 2653 2387 in
2676 2333 2762 2388 illa
2783 2333 3004 2388 colenda
3028 2334 3160 2390 nihil
3183 2334 3437 2406 deinceps
3453 2336 3664 2392 dilierat
3682 2337 3884 2391 etclam

2277 2437 2306 2477 a
2339 2431 2498 2480 terra.
2537 2422 2669 2478 Nam
2712 2424 2756 2478 si
2801 2424 2929 2480 illud
2971 2425 3090 2493 ﬁat,
3137 2427 3336 2497 inquit,
3385 2427 3517 2482 nihil
3546 2443 3779 2497 superna
3811 2429 3888 2484 ab

2280 2514 2620 2571 inferioribus
2649 2515 3063 2587 discrepabunt,
3109 2519 3319 2575 etiamsi
3367 2530 3553 2574 natura
3584 2520 3841 2576 dill‘erant
3864 2564 3881 2584 ,

2277 2621 2398 2668 cum
2443 2607 2647 2662 scilicet
2673 2609 2893 2679 angelos
2922 2609 3059 2664 alios
3089 2611 3245 2666 nobis
3277 2621 3417 2666 terra
3447 2611 3744 2667 exhibebit.
3782 2613 3880 2668 11.

2273 2695 2470 2750 Panem
2499 2707 2726 2752 nostrum
2752 2699 3098 2768 quotidianum
3128 2701 3196 2753 da
3221 2702 3366 2756 nobis
3391 2701 3558 2758 hodie.
3587 2701 3726 2770 Quid
3752 2713 3841 2760 est
3859 2745 3879 2769 .

2270 2784 2470 2842 Panem
2521 2791 2792 2842 ιπιούσιοντ
2835 2789 2889 2843 ld
2935 2798 3055 2853 est,
3101 2791 3491 2861 quotidianum.
3541 2793 3678 2862 Quia
3721 2796 3877 2850 enim

2267 2878 2476 2934 dxerat
2499 2921 2514 2946 ,
2544 2879 2666 2934 Fiat
2692 2881 2922 2936 voluntas
2949 2891 3035 2935 tua
3054 2925 3069 2949 ,
3113 2885 3244 2938 sicut
3287 2884 3340 2938 in
3378 2887 3505 2940 ctelo
3534 2897 3580 2940 et
3608 2889 3661 2942 in
3691 2898 3831 2944 terra
3855 2907 3878 2945 :

2271 2968 2622 3039 hominesque
2649 2971 3025 3040 alloquebatur
3052 2988 3214 3029 carne
3245 2975 3460 3032 indutos
3484 3020 3500 3044 ,
3537 2989 3592 3034 et
3621 2984 3872 3038 necessi-

2270 3060 2362 3112 tati
2392 3067 2592 3114 naturze
2616 3060 2903 3129 subjectos,
2935 3063 3026 3132 qui
3054 3079 3159 3119 non
3191 3066 3402 3135 possint
3424 3069 3670 3127 eamdem
3701 3087 3870 3143 quam

2265 3150 2436 3217 angeli
2468 3147 2946 3218 impassibilitatem
2976 3151 3208 3209 habere:
3231 3166 3492 3227 prtecepta
3522 3158 3739 3230 quidem
3763 3177 3874 3218 nos

2263 3238 2486 3308 exsequi
2522 3239 2706 3308 jubet,
2750 3241 2976 3320 perinde
2999 3253 3160 3314 atque
3199 3259 3261 3300 ea
3287 3245 3514 3317 implent
3539 3258 3593 3305 et
3620 3250 3729 3318 illi;
3763 3253 3869 3310 sed

2262 3328 2556 3387 inﬁrmitati
2585 3345 2790 3388 naturae
2818 3334 3078 3408 deinceps
3124 3350 3245 3393 sese
3285 3342 3678 3397 accommodat.
3723 3344 3866 3401 Nam

2257 3424 2588 3494 diligentiam
2609 3466 2623 3490 ,
2667 3427 2868 3497 inquit,
2907 3429 2958 3483 in
2990 3429 3113 3484 vita:
3144 3430 3388 3486 instituto
3415 3445 3598 3502 parem
3625 3447 3864 3506 expeto,

2258 3512 2352 3569 scd
2388 3530 2492 3568 nou
2531 3516 3048 3585 impassibilitatem;
3095 3533 3267 3589 neque
3309 3521 3453 3576 enim
3501 3523 3552 3578 id
3598 3526 3868 3593 permittit

2258 3614 2462 3661 natura:
2508 3607 2784 3677 tyrannis:
2810 3621 2946 3679 Opus
2981 3611 3124 3666 enim
3175 3611 3332 3667 habet
3366 3616 3676 3671 necessario
3709 3617 3860 3676 cibo.

2257 3694 2337 3750 'l'u
2364 3711 2492 3752 vero
2523 3697 2651 3753 mihi
2668 3699 2992 3755 consideres
3031 3700 3192 3756 velim
3219 3741 3235 3768 ,
3276 3703 3437 3758 etiam
3470 3704 3523 3760 in
3553 3710 3863 3777 corporali-

2257 3787 2357 3843 bus
2387 3789 2671 3858 plurimum
2699 3791 3088 3859 spiritualitatis
3130 3793 3331 3850 inesse.
3363 3795 3548 3867 Neque
3575 3800 3726 3855 enim
3754 3817 3863 3871 pro

2256 3885 2517 3954 pecuniis.
2550 3900 2722 3955 neque
2751 3901 2847 3956 pro
2870 3885 3095 3954 deliciis,
3123 3903 3296 3958 neque
3319 3905 3417 3959 pro
3440 3892 3672 3948 vestium
3696 3907 3858 3950 sum-

2253 3976 2452 4045 ptibus,
2501 3976 2584 4032 vel
2631 3991 2726 4046 pro
2768 3977 2874 4031 alio
2918 3977 3168 4049 quopiam
3209 3979 3405 4049 simili,
3456 3982 3552 4038 sed
3583 3997 3683 4054 pro
3711 3999 3858 4055 pane

2254 4075 2458 4122 tantum
2492 4067 2651 4138 jussit
2692 4069 2989 4124 orationem
3031 4071 3236 4136 emitti,
3279 4080 3334 4128 et
3377 4088 3474 4143 pro
3500 4089 3638 4145 pane
3666 4079 3857 4148 qunti.

2251 4158 2432 4222 dis-uo,
2467 4161 2537 4214 ita
2571 4172 2624 4216 ut
2654 4160 2721 4216 de
2748 4163 2986 4218 crastino
3019 4165 3231 4221 solliciti
3261 4182 3367 4222 non
3394 4169 3586 4227 simus.
3615 4171 3856 4246 Ideoque

2253 4249 2477 4313 addidit,
2508 4249 2702 4303 Panem
2725 4257 2978 4318 latebam,
3026 4255 3077 4308 id
3105 4265 3207 4322 est,
3239 4259 3630 4328 quotidianum.
3660 4263 3854 4334 Neque

2254 4337 2357 4392 hoc.
2386 4347 2669 4396 contentus
2694 4339 2795 4394 fuit
2825 4342 2989 4398 verbo
3010 4387 3026 4412 ,
3067 4345 3161 4400 sed
3191 4355 3246 4401 et
3284 4349 3424 4404 aliud
3467 4351 3714 4419 addidit,
3760 4353 3852 4409 Da

2252 4429 2393 4484 nobis
2416 4429 2583 4497 hodie,
2618 4431 2686 4486 ita
2715 4441 2770 4484 ut
2797 4446 2904 4487 non
2927 4434 3162 4491 ulteriori
3188 4436 3290 4492 diei
3319 4439 3568 4495 crastinas
3592 4455 3720 4497 cura
3745 4458 3851 4499 nos

2253 4529 2616 4592 torqueamus.
2640 4520 2808 4593 Cujus
2833 4524 2975 4579 enim
3020 4526 3125 4581 diei
3173 4529 3350 4583 nescis
3388 4545 3455 4584 an
3499 4532 3732 4603 spatium
3762 4535 3847 4589 vi-

2249 4626 2407 4667 surus
2432 4613 2538 4676 sis,
2575 4628 2670 4668 cur
2697 4613 3109 4670 sollicitudinem
3143 4615 3347 4674 babes?
3375 4618 3486 4674 lloc
3513 4620 3763 4691 pluribus
3791 4624 3847 4680 iu

2249 4703 2594 4772 sequentibus
2637 4706 2878 4774 praecipit
2912 4706 3095 4762 dicens
3129 4725 3143 4761 :
3179 4705 3355 4764 Nolite
3397 4711 3598 4766 solliciti
3635 4729 3744 4769 esse
3788 4717 3846 4771 in

2248 4796 2524 4848 crastinam
2551 4795 2763 4863 (Matth.
2784 4797 2839 4852 6.
2857 4797 2968 4868 54).
2994 4797 3113 4852 Vult
3139 4800 3278 4854 enim
3305 4816 3402 4856 nos
3428 4817 3642 4874 semper
3661 4808 3844 4863 accin~

2247 4895 2365 4940 ctus
2391 4893 2448 4940 et
2473 4887 2619 4957 quasi
2641 4891 2706 4941 ad
2731 4889 2971 4942 volatum
2998 4889 3275 4958 expeditos
3302 4906 3444 4955 esse,
3470 4902 3677 4951 tantum
3701 4911 3843 4952 con-

2247 4976 2505 5033 cedentes
2531 4987 2750 5044 natura;
2775 4989 3032 5047 quantum
3085 4982 3374 5036 necessitas
3403 4998 3431 5034 a
3462 4984 3618 5039 nobis
3651 4985 3842 5056 exigit.

2249 5066 2452 5122 Deinde
2478 5067 2598 5135 quia
2627 5069 2885 5138 contingit
2905 5108 2920 5134 ,
2966 5071 3126 5124 etiam
3158 5083 3278 5139 post
3307 5073 3576 5128 lavacrum
3608 5090 3848 5146 regente-

2247 5161 2486 5229 rationis,
2512 5169 2568 5213 ut
2593 5175 2876 5230 peccemus
2903 5179 2919 5215 :
2943 5163 3161 5218 multam
3189 5163 3275 5220 hic
3293 5180 3508 5237 quoque
3537 5167 3842 5239 benignita.

2247 5261 2351 5306 lt'ttl
2381 5251 2640 5305 exhibens
2663 5294 2678 5315 ,
2717 5253 2869 5321 jubet
2915 5269 3010 5323 pro
3055 5266 3390 5324 peccatorum
3420 5259 3742 5314 renussioue
3773 5261 3840 5314 atl

2248 5340 2646 5396 titiaericnrdcm
2681 5341 2847 5396 Deum
2877 5343 3154 5410 accedere,
3183 5355 3237 5400 ct
3265 5349 3341 5401 sic
3371 5346 3553 5403 dicere
3579 5369 3592 5403 :
3619 5348 3709 5404 12.
3738 5349 3840 5404 Di-

2244 5435 2382 5486 mitte
2421 5432 2560 5487 nobis
2586 5432 2750 5486 debita
2777 5443 2948 5488 nostra
2968 5475 2985 5502 ,
3014 5435 3141 5489 sicut
3172 5447 3218 5490 et
3245 5454 3336 5493 nos
3364 5439 3666 5495 dimittimus
3693 5443 3837 5495 debi-

2244 5524 2432 5577 toribus
2454 5525 2654 5578 nostris.
2687 5524 2931 5582 Vidistin’
2958 5529 3339 5585 misericordia:
3363 5532 3638 5588 cumulum
3655 5535 3683 5586 ?
3710 5534 3841 5590 Post

2246 5622 2323 5667 tot
2348 5614 2553 5666 sublata
2582 5616 2737 5682 mala,
2776 5626 2894 5686 post
2923 5618 3242 5674 inellabilem
3272 5621 3534 5678 donorum
3566 5626 3840 5696 magnituo

2241 5704 2441 5770 dinem,
2467 5721 2674 5760 rursum
2704 5718 2985 5777 peccantes
3015 5711 3166 5765 venia
3194 5712 3458 5784 dignatur.
3478 5715 3627 5782 Quod
3654 5730 3839 5772 autem

2250 5795 2363 5851 hzee
2390 5798 2559 5853 oratio
2584 5797 2820 5858 ﬁdelibus
2847 5811 3134 5876 competat,
3164 5803 3308 5877 leges
3337 5805 3588 5862 Ecclesia:
3617 5807 3836 5876 docent,
