4066 6430
261 362 354 416 ⁸231

253 497 352 536 rec
370 491 480 535 non
506 474 767 531 orationis
797 470 1095 527 exprdium.
1131 466 1378 523 Nondum
1410 467 1607 536 quippe
1633 463 1870 518 initiatus

258 584 366 626 non
399 579 578 641 potest
608 569 773 624 Deum
803 581 995 621 vocare
1027 564 1264 619 Patrem.
1311 562 1363 617 Si
1405 561 1585 631 itaque
1620 557 1872 612 ﬁdelibus

262 661 377 716 hzec
405 661 668 729 competit
697 657 868 712 oratio
890 699 902 721 ,
955 664 1217 724 orantque
1257 652 1526 722 supplices
1571 658 1627 704 ut
1656 657 1872 719 peccata

260 752 364 806 sibi
387 752 728 807 dimittantur
755 768 768 802 :
797 749 918 803 hinc
941 749 1113 818 palam
1139 756 1240 810 est,
1264 760 1435 814 neque
1462 751 1582 812 post
1604 742 1870 796 lavacrum

261 842 372 897 tolli
404 840 737 911 paenitentia:
771 840 999 894 lucrum;
1041 837 1151 891 Nisi
1198 837 1340 889 enim
1374 835 1475 887 hoc
1502 833 1872 887 demonstrare

260 935 453 997 vellet,
504 947 610 987 non
659 947 788 985 sane
817 930 1089 985 docuisset
1119 942 1294 981 orare.
1341 925 1440 993 Qui
1487 938 1616 978 vero
1654 931 1871 993 peccata

261 1033 560 1088 memorat,
607 1023 864 1092 jubetque
905 1036 1090 1076 eorum
1137 1019 1509 1074 remissionem
1554 1027 1756 1086 petere,
1805 1030 1868 1068 ac

257 1119 418 1174 docet
453 1116 727 1188 quomodo
759 1117 895 1169 hanc
925 1113 1294 1168 remissionem
1327 1125 1748 1180 consequamur,
1785 1108 1864 1162 l'a-

258 1211 528 1280 cilemque
555 1209 620 1262 ad
651 1208 797 1262 illam
827 1216 974 1275 parat
1004 1206 1164 1267 viam,
1197 1203 1282 1257 hic
1309 1213 1364 1256 ut
1389 1203 1559 1270 palam
1591 1210 1693 1264 est,
1723 1199 1867 1271 quod

261 1301 472 1355 noverit
496 1310 546 1354 et
575 1298 765 1353 doceat
798 1311 952 1367 posse
981 1311 1078 1350 nos
1103 1295 1264 1349 etiam
1295 1303 1415 1361 post
1444 1294 1713 1347 lavacrum
1746 1307 1874 1361 pec-

259 1403 377 1445 cata
410 1391 666 1453 abluere,
700 1389 836 1442 hanc
866 1385 1270 1458 supplicationis
1315 1385 1483 1454 legem
1517 1383 1764 1444 induxit;
1800 1383 1873 1436 ita

262 1494 319 1535 ut
348 1482 475 1536 dum
507 1488 724 1549 peccata
754 1487 1050 1544 memorat,
1098 1491 1197 1531 nos
1232 1476 1298 1530 ad
1332 1475 1574 1529 modeste
1603 1474 1873 1545 agendum

263 1575 479 1630 inducat
506 1593 520 1640 ;
553 1574 678 1628 dum
711 1589 840 1629 vero
865 1573 1015 1642 jubet
1045 1571 1164 1625 aliis
1191 1570 1468 1625 remittere
1492 1610 1506 1634 ,
1541 1584 1754 1624 onmem
1789 1571 1872 1622 in-

260 1671 523 1739 juriarum
576 1670 889 1721 memoriam
935 1682 963 1719 a
997 1665 1150 1719 nobis
1195 1662 1470 1725 eliminet;
1518 1662 1645 1716 dtnn
1693 1672 1872 1716 autem

264 1776 363 1830 pro
402 1761 486 1814 his
515 1759 764 1812 omnibus
805 1773 862 1812 se
906 1757 1059 1811 nobis
1090 1755 1300 1810 veniam
1341 1768 1720 1808 concessurum
1753 1767 1876 1807 esse

263 1852 573 1922 pollicetur,
606 1851 741 1905 bona
774 1865 872 1903 nos
915 1864 1009 1918 spe
1038 1847 1219 1902 lulciat
1241 1889 1253 1912 ,
1286 1862 1347 1900 ac
1379 1846 1517 1901 circa
1547 1844 1872 1900 ineﬁ'abilem

265 1943 362 1998 Dei
392 1942 816 1997 miscricordiam
850 1957 947 1994 nos
975 1939 1342 2009 philosophari
1371 1937 1585 1992 doceat.

337 2035 389 2089 ϐ.
426 2034 494 2089 Ut
532 2034 646 2087 aliis
675 2033 973 2086 dimittimus
995 2073 1009 2096 ,
1040 2032 1111 2084 sic
1156 2029 1430 2082 dimittitur
1469 2029 1631 2083 nobis.
1665 2059 1731 2067 —-
1764 2027 1877 2081 Hoc

262 2137 446 2183 autem
498 2126 727 2180 maxime
771 2122 1165 2178 observandum
1209 2130 1328 2186 cst,
1359 2136 1479 2176 eum
1505 2163 1516 2184 ,
1541 2135 1660 2174 cum
1698 2119 1748 2173 in
1782 2135 1875 2171 su-

268 2217 527 2286 pradictis
579 2215 803 2286 singulis
855 2228 1068 2267 onmem
1134 2212 1382 2266 virtutem
1442 2221 1871 2274 ccunuemoret,

267 2310 319 2362 in
355 2309 454 2362 hac
485 2309 646 2361 etiam
694 2307 1007 2376 injuriarum
1051 2305 1480 2360 recordationem
1515 2303 1872 2372 complecti‘;

268 2415 392 2454 nam
425 2397 746 2452 sanctiﬁeari
781 2414 876 2463 per
906 2413 1004 2451 nos
1032 2411 1226 2450 nomen
1260 2396 1376 2465 ejus
1403 2395 1467 2448 ad
1504 2395 1796 2462 perfectura
1826 2403 1878 2448 et

264 2491 732 2547 accuratiSsinunn
763 2491 884 2544 vita:
915 2490 1214 2543 institutum
1247 2487 1514 2558 pertinet;
1550 2496 1604 2540 et
1634 2487 1880 2539 volunta-

270 2591 376 2641 νειιί
408 2583 526 2652 ejus
574 2582 684 2635 Iicl‘i
734 2580 963 2650 idipsum
1011 2595 1198 2634 rursus
1228 2578 1521 2648 signiﬁcat;
1566 2585 1620 2631 et
1667 2577 1878 2630 Patrem

268 2692 432 2744 posse
466 2676 630 2730 Deum
665 2689 855 2729 vocare
887 2672 1168 2742 inculpatae
1199 2673 1318 2726 vitae
1347 2670 1731 2725 demonstratio
1758 2678 1876 2734 est;

269 2772 322 2825 in
357 2770 552 2841 quibus
582 2769 832 2823 omnibus
860 2767 962 2821 hoc
989 2765 1496 2835 comprehenditur,
1542 2763 1684 2833 quod
1716 2777 1879 2831 opor-

273 2871 384 2916 teat
413 2862 548 2915 iram
574 2860 643 2914 de
683 2860 891 2928 injuriis
930 2867 1242 2926 conceptam
1286 2860 1590 2920 remittere;
1645 2865 1880 2910 attamen

271 2954 355 3008 his
381 2962 668 3008 contentus
696 2967 802 3004 nou
829 2951 956 3014 fuit;
992 2949 1082 3004 sed
1110 2947 1400 3003 Osteudere
1423 2948 1608 3002 volens
1629 2955 1881 3015 quantam

274 3045 372 3099 hac
411 3043 478 3098 de
519 3060 575 3097 re
616 3053 766 3111 gerat
809 3040 1257 3103 sollicitudinem,
1311 3038 1540 3108 idipsum
1584 3037 1885 3105 Specialitcr

271 3135 499 3204 repetit;
548 3148 610 3186 ac
658 3143 775 3201 post
805 3133 1101 3186 orationem
1137 3130 1338 3183 nullmn
1372 3129 1516 3180 aliud
1550 3142 1707 3196 quam
1742 3126 1882 3180 istud

271 3234 542 3280 memorat
571 3234 896 3294 prtcceptum
920 3265 932 3287 ,
981 3223 1057 3276 sic
1097 3221 1279 3275 dicens
1305 3239 1316 3274 :
1344 3220 1403 3273 Si
1430 3221 1561 3272 enim
1593 3217 1885 3269 dimiseritis

275 3318 569 3374 honiinibus
601 3326 807 3384 peccata
838 3331 1032 3377 conon,
1066 3313 1279 3366 dimittet
1308 3311 1443 3364 vobis
1471 3321 1517 3363 et
1549 3309 1703 3362 Pater
1731 3319 1888 3361 vester

273 3412 490 3466 caelestis
519 3409 734 3477 (Matth.
765 3408 819 3462 6.
851 3405 959 3478 II).
989 3405 1168 3476 Itaque
1195 3423 1224 3458 a
1259 3404 1413 3458 nobis
1437 3403 1756 3472 principium
1785 3409 1884 3464 est,

273 3513 330 3558 et
354 3501 616 3572 judicium
659 3500 725 3554 de
771 3498 925 3578 nobis
970 3490 1249 3552 ferendum
1298 3497 1348 3549 iu
1391 3503 1575 3549 nostra
1610 3495 1770 3548 situm
1803 3502 1889 3546 est

278 3603 570 3664 potestate.
598 3592 730 3646 Nam
762 3607 829 3647 ne
857 3591 939 3644 vel
970 3606 1033 3644 ex
1065 3588 1296 3657 stnpidis
1319 3585 1582 3656 quispiam
1615 3585 1780 3654 possit
1805 3584 1889 3638 vel

278 3691 332 3744 in
364 3701 526 3758 parva
558 3685 639 3740 vel
670 3684 720 3738 in
749 3699 936 3752 magna
973 3699 1028 3737 re
1058 3681 1318 3752 conqueri
1349 3679 1475 3733 dum
1501 3677 1791 3747 judicatur,
1817 3687 1888 3738 tc,

282 3794 461 3840 reum,
495 3775 686 3830 calculi
720 3773 922 3828 ferendi
955 3772 1233 3826 dominmn
1266 3769 1417 3833 facit;
1451 3778 1504 3823 et
1530 3768 1890 3837 Quemadmo-

284 3871 438 3933 dum,
472 3869 666 3937 inquit,
701 3875 754 3920 ιιι
785 3865 851 3919 de
883 3874 934 3918 te
967 3866 1080 3934 ipso
1121 3861 1480 3931 judicavcris,
1512 3875 1612 3928 ego
1637 3859 1706 3913 de
1735 3870 1781 3912 te
1810 3859 1895 3927 ju-

282 3963 502 4018 dicabo.
551 3959 605 4016 Si
646 3973 910 4013 conservo
938 3956 1239 4018 dimiseris,
1289 3969 1316 4006 a
1361 3969 1446 4008 me
1478 3967 1658 4022 parem
1693 3950 1894 4005 referes

284 4056 538 4126 gratiam,
567 4067 889 4122 quamquam
917 4065 1003 4104 res
1033 4065 1137 4102 non
1171 4046 1315 4115 paris
1338 4045 1404 4098 sit
1435 4042 1782 4098 conditionis.
1814 4043 1891 4094 'I'u

286 4147 432 4200 enim
462 4145 602 4214 quod
633 4143 949 4198 remissione
975 4154 1155 4208 egeas,
1185 4135 1435 4194 remittis,
1456 4134 1596 4188 Deus
1622 4149 1747 4187 vero
1773 4148 1898 4188 cum

290 4237 443 4294 nullo
493 4251 628 4306 opus
677 4234 904 4297 habeat;
956 4241 1008 4284 tu
1058 4243 1358 4290 conservo,
1409 4227 1551 4281 Deus
1601 4241 1795 4286 servo;
1848 4238 1900 4280 tu

291 4339 670 4387 sescentorum
705 4342 827 4382 reus
861 4334 1234 4396 peccatorum,
1275 4323 1414 4375 Deus
1460 4337 1590 4375 vero
1635 4324 1902 4391 impecca~

293 4423 416 4478 bilis
444 4436 567 4476 cum
612 4420 700 4474 sit.
745 4421 991 4474 Attamen
1039 4418 1116 4470 sic
1157 4417 1245 4470 ille
1289 4415 1713 4470 misericordiam
1751 4430 1901 4469 suam

291 4515 549 4571 ostendit.
581 4513 713 4567 Nam
743 4527 864 4567 cum
899 4521 1078 4580 posset
1110 4510 1225 4563 sine
1258 4508 1357 4561 hac
1390 4511 1559 4578 posita
1591 4508 1902 4563 conditione

295 4608 476 4664 omnia
521 4605 615 4660 tibi
658 4612 875 4674 peccata
919 4601 1259 4662 condonare;
1312 4604 1425 4656 vult
1471 4612 1647 4656 tamen
1700 4611 1748 4656 te
1783 4602 1906 4657 inde

297 4699 461 4755 ctiam
494 4697 814 4752 benelicium
851 4695 1094 4763 accipere
1115 4735 1129 4758 ,
1175 4693 1324 4748 mille
1357 4694 1448 4748 tibi
1494 4695 1730 4764 undique
1758 4711 1906 4748 man-

300 4788 604 4845 suetudinis
631 4796 685 4840 et
717 4783 1065 4840 humanitatis
1096 4783 1412 4837 occasiones
1455 4785 1767 4838 ministraus
1791 4827 1804 4848 ,
1856 4795 1909 4838 et

301 4879 443 4953 quod
474 4881 526 4932 in
551 4887 602 4932 te
630 4877 921 4932 belluinum
943 4885 1025 4930 est
1049 4874 1357 4938 eliminans,
1383 4874 1514 4929 iram
1538 4875 1905 4944 exstingueus,

299 4987 348 5029 et
383 4971 619 5041 undique
654 4978 705 5024 te
749 4969 990 5024 membro
1035 4979 1123 5022 tuo
1157 4965 1549 5037 conglutinans.
1598 4967 1736 5032 Quid
1782 4985 1910 5036 ergo

304 5066 487 5120 dicere
517 5062 728 5133 possis?
759 5077 825 5114 an
856 5070 907 5114 te
940 5061 1062 5113 mali
1089 5059 1360 5130 quidpiam
1387 5073 1414 5111 a
1440 5059 1684 5129 proximo
1715 5058 1909 5127 injuste

305 5171 523 5228 passum
551 5153 712 5211 esse?
743 5152 863 5207 llaec
881 5154 1079 5222 quippe
1103 5161 1228 5205 sunt
1254 5160 1466 5220 peccata
1490 5165 1504 5214 ;
1531 5164 1650 5202 nam
1680 5149 1721 5201 si
1743 5150 1905 5218 justc.

382 5387 397 5414 ι
434 5379 634 5443 quidam
656 5384 762 5427 Mss.
803 5376 931 5426 hunc
957 5377 1115 5425 locum
1139 5378 1206 5425 sic
1253 5375 1434 5423 habent
1468 5380 1632 5422 Graece
1668 5387 1679 5422 :
1722 5383 1808 5423 ast
1851 5387 1920 5434 μά.

321 5470 429 5495 ατη-τι
538 5457 790 5504 παρατηρῆσαι
816 5477 827 5496 ,
849 5451 960 5489 τηετὸ
987 5453 1082 5488 ὶστεν
1107 5449 1163 5487 ὅτι
1181 5449 1259 5486 καθ’
1284 5449 1437 5486 διας-ην
1460 5453 1530 5484 τῶν
1560 5448 1744 5498 demumst
1768 5447 1920 5495 ὁλοκλή-

319 5533 379 5569 re:
421 5516 667 5569 μνῃιονιὺσᾳς
687 5518 770 5569 ’τῇς
800 5513 930 5569 ἄξῃ-τῆς
948 5543 957 5557 ,
993 5515 1104 5560 ταὺτῃ
1139 5512 1197 5549 καὶ
1228 5511 1272 5569 sb
1305 5513 1529 5558 μνησικαιιῐν
1562 5509 1764 5568 maiust.
1810 5506 1925 5554 Quae

321 5559 388 5617 'sii-
424 5559 647 5614 witverti
670 5559 878 5622 debeu‘i,
916 5565 1054 5623 juxta
1087 5559 1345 5621 Georgium
1379 5559 1748 5623 ltrapeztmtium
1777 5567 1919 5623 :__Ilor.

322 5636 482 5679 autem
513 5624 728 5688 maxime
746 5618 1104 5688 obserrimdunt
1118 5618 1470 5688 εδιέηζιοῃίαηι
1491 5618 1696 5688 singulis
1717 5619 1922 5688 quibus-

321 5704 411 5751 que
433 5685 681 5740 sententiis
703 5687 1043 5748 perfectionem
1061 5681 1544 5739 rirtntis’includens,
1562 5681 1706 5730 etiam
1727 5681 1778 5730 in
1798 5695 1924 5735 pra:-

334 5753 833 5823 redentibnsninjnriq
872 5769 954 5806 nos
977 5754 1276 5823 prohibuerit
1317 5753 1589 5823 recordari.
1620 5753 1816 5823 Boisiu‘s
1841 5756 1922 5823 le-

331 5817 556 5878 gendum
580 5817 696 5867 Vidit
727 5817 776 5865 in
800 5817 984 5878 Grtrco,
1010 5820 1087 5866 xzi
1113 5821 1166 5867 τὸ
1212 5820 1274 5879 μή
1299 5817 1606 5879 μνησικακεῖ-ι
1654 5819 1918 5880 περιέὶαῦι.

1416 349 1477 402 IN
1521 340 1924 403 .\I.\TTII:I£U.VI
1971 342 2201 399 IlOllIL.
2250 345 2386 402 XIX.

3492 345 3599 404 98’!

1989 475 2264 530 peceatum
2309 465 2514 518 nullum
2549 474 2648 518 est.
2684 464 2748 516 At
2784 473 2833 516 tu
2869 463 3052 518 taliutn
3096 479 3221 518 vere
3253 473 3596 532 peccatorum

1983 555 2196 608 veniam
2229 556 2609 624 impetraturus
2636 555 2865 619 accedis,
2901 555 3010 608 imo
3034 564 3088 610 et
3116 555 3281 609 multo
3308 554 3592 624 majorum.

1983 647 2049 699 Et
2085 659 2210 701 ante
2242 649 2451 702 veniam
2478 693 2489 708 ,
2537 665 2640 702 non
2687 649 2963 704 minimam
2996 659 3364 718 consequutus
3391 662 3452 702 es
3478 663 3601 718 gra-

1984 738 2147 800 tiam;
2190 739 2411 793 edoctus
2456 749 2507 793 te
2557 741 2846 794 humanam
2898 739 3097 795 habere
3142 741 3415 808 animam,
3449 749 3502 794 ct
3532 741 3598 793 ad

1982 845 2198 882 onlnem
2256 831 2726 885 mansuetudinem
2775 831 3071 886 institutus.
3130 831 3258 885 Post
3307 831 3422 885 inre
3471 846 3606 884 γει-ο

1983 937 2176 990 magna
2209 922 2370 976 etiam
2415 923 2507 976 tibi
2553 937 2760 977 merces
2806 923 2916 978 illic
2967 922 3244 978 recondita
3274 924 3411 988 erit,
3455 922 3606 992 quod

1985 1012 2148 1065 nullre
2175 1027 2200 1063 a
2233 1021 2282 1066 te
2316 1022 2658 1081 peccatorum
2690 1014 2927 1068 rationes
2959 1014 3321 1083 postulentur.
3348 1012 3466 1082 Quo
3499 1015 3601 1083 igi-

1983 1113 2070 1156 tur
2097 1104 2240 1174 digni
2272 1106 2538 1184 supplicio
2570 1108 2771 1160 erimus
2792 1148 2806 1168 ,
2842 1107 2884 1160 si
2919 1107 3009 1160 tali
3041 1118 3259 1176 accepta
3289 1115 3557 1176 potestate
3585 1150 3599 1169 .

1983 1196 2210 1250 salutem
2246 1205 2483 1252 nostram
2519 1198 2850 1268 prodamus?
2880 1199 3153 1269 quomodo
3181 1207 3360 1252 autem
3394 1199 3443 1252 in
3478 1198 3606 1251 aliis

1986 1305 2084 1341 nos
2116 1290 2358 1344 exaudiri
2389 1306 2662 1361 rogamus,
2701 1307 2821 1346 cmn
2857 1292 3114 1357 nolimus,
3147 1292 3274 1346 dum
3308 1306 3476 1362 penes
3501 1306 3602 1345 nos

1983 1391 2086 1439 est.
2119 1383 2272 1435 nobis
2303 1383 2431 1450 ipsis
2460 1384 2727 1452 parcere?
2756 1384 2837 1438 I3.
2877 1381 2943 1436 Et
2964 1400 3024 1437 ne
3049 1400 3140 1438 nos
3167 1383 3380 1436 inducas
3407 1383 3460 1436 in
3491 1392 3601 1436 ten-

1986 1477 2248 1540 tationem,
2281 1476 2370 1530 sed
2397 1476 2552 1530 libera
2580 1493 2670 1531 nos
2701 1494 2730 1528 a
2760 1477 2915 1530 nmlo.
2946 1477 3080 1543 Quia
3103 1486 3241 1530 (nam
3264 1486 3337 1531 est
3363 1493 3597 1546 regnum,

1985 1579 2028 1620 et
2059 1571 2302 1636 potentia,
2331 1579 2377 1622 et
2407 1569 2571 1638 gloria
2603 1570 2654 1621 in
2682 1573 2891 1632 uetula,
2929 1586 3099 1622 amen.
3133 1569 3227 1622 llic
3252 1569 3363 1638 jam
3393 1581 3491 1622 nos
3519 1569 3600 1621 vi-

1985 1657 2187 1711 litatem
2238 1668 2474 1712 nostram
2507 1659 2653 1713 clare
2683 1658 2877 1719 doci-t,
2929 1670 2980 1712 et
3016 1669 3282 1712 tumorem
3315 1658 3557 1728 reprimit
3586 1673 3605 1709 ι

1986 1747 2210 1802 hortans
2249 1757 2302 1800 ut
2339 1750 2634 1805 certamina
2669 1750 2961 1818 fugiamus,
2994 1750 3087 1806 sed
3120 1766 3185 1804 ne
3214 1752 3266 1804 in
3298 1765 3359 1804 ea
3393 1751 3599 1805 insilia-

1986 1857 2127 1895 mus.
2163 1841 2235 1896 Ita
2265 1844 2408 1897 enim
2454 1855 2508 1898 et
2546 1844 2701 1898 nobis
2749 1844 2969 1920 victoria
3017 1844 3353 1912 Splendidior
3380 1843 3512 1904 erit,
3546 1851 3602 1898 ct

1987 1934 2185 1988 diaboli
2216 1935 2398 1991 clades
2441 1938 2611 2006 magis
2643 1937 2924 1992 ridebitur.
2959 1937 3091 1991 Cum
3127 1936 3390 1992 trahimur
3412 1935 3554 1991 enim
3583 1978 3598 1999 ,

1987 2028 2195 2082 fortiter
2226 2027 2476 2083 standum
2521 2038 2638 2095 est;
2693 2045 2797 2084 non
2850 2040 3067 2084 \ocatos
3115 2039 3292 2085 autem
3323 2029 3602 2102 quiescere

1985 2129 2217 2189 oportet,
2244 2136 2306 2176 ac
2329 2130 2539 2191 tempus
2562 2123 2914 2177 certaminum
2940 2132 3274 2193 exspectare,
3299 2132 3429 2178 utet
3451 2140 3602 2176 vana:

1986 2213 2171 2280 glori-.e
2203 2222 2456 2282 expertes
2488 2224 2538 2269 et
2573 2224 2822 2269 strenuos
2853 2230 2952 2269 nos
2986 2216 3362 2271 exhibeamus.
3404 2214 3600 2268 Malum

1987 2313 2166 2356 autem
2199 2303 2286 2358 hic
2316 2304 2588 2359 diabolum
2616 2317 2792 2370 vocat,
2842 2306 3040 2376 jubens
3089 2324 3184 2361 nos
3213 2322 3337 2361 cum
3368 2307 3458 2360 illo
3487 2307 3602 2360 bel-

1989 2397 2096 2449 lum
2165 2397 2499 2466 inexpiabile
2552 2413 2778 2467 gerere,
2837 2408 2890 2452 ct
2937 2398 3232 2453 ostendens
3277 2399 3449 2466 ipsum
3497 2414 3609 2452 nun-

1988 2500 2173 2543 natura
2204 2489 2364 2545 talem
2392 2504 2530 2544 esse.
2563 2490 2760 2544 Malitia
2793 2491 2935 2546 enim
2959 2506 3066 2545 non
3093 2507 3155 2545 ex
3186 2501 3396 2556 natura,
3422 2491 3514 2545 sed
3538 2508 3603 2545 cx

1988 2584 2264 2639 voluntate
2309 2585 2562 2654 gignitur.
2613 2584 2704 2639 llic
2748 2595 2928 2640 autem
2973 2585 3240 2654 pt'mcipuc
3272 2584 3350 2639 sic
3385 2594 3608 2639 vocatur

1989 2677 2060 2732 ob
2111 2677 2382 2745 ingentem
2434 2677 2652 2730 malitiae
2699 2676 3125 2746 magnitudinem
3160 2693 3171 2728 :
3201 2683 3254 2730 et
3298 2675 3420 2744 quia
3471 2673 3610 2728 nihil

1991 2770 2151 2824 lwsus
2181 2784 2208 2822 a
2243 2769 2398 2822 nobis
2438 2768 2763 2838 inexpiabile
2809 2779 2997 2824 contra
3048 2783 3147 2824 nos
3199 2769 3393 2824 bellmn
3436 2767 3607 2837 gerit.

1992 2863 2112 2916 ideo
2141 2878 2246 2914 non
2279 2862 2434 2928 dixit,
2468 2862 2659 2916 Libera
2691 2876 2788 2915 nos
2819 2877 2848 2914 a
2883 2861 3072 2928 malis,
3109 2861 3202 2916 sed
3226 2904 3238 2926 ,
3274 2861 3311 2913 Α
3346 2860 3482 2914 malo
3507 2904 3521 2925 ,
3553 2869 3612 2912 ut

1992 2973 2090 3010 nos
2118 2966 2330 3010 moneat
2357 2971 2423 3010 ne
2449 2964 2637 3010 contra
2660 2956 2965 3024 proximum
2996 2971 3182 3010 amaro
3206 2955 3387 3008 animo
3416 2954 3610 3015 simus.

1993 3049 2203 3103 etiamsi
2251 3047 2390 3100 male
2419 3047 2686 3115 patiamur
2717 3045 2783 3099 ab
2815 3047 2920 3100 illis
2941 3090 2953 3111 ,
3004 3047 3097 3100 sed
3130 3047 3196 3101 ab
3244 3045 3346 3100 illis
3387 3043 3515 3114 ipsis
3543 3043 3611 3096 ad

1993 3139 2267 3193 diabolum
2296 3137 2722 3193 transferendam
2752 3138 3088 3193 inimicitiam
3117 3153 3258 3203 esse,
3286 3147 3468 3207 utpote
3498 3154 3612 3189 ma-

1995 3229 2168 3282 lorum
2202 3229 2442 3281 omnium
2473 3244 2716 3282 causam.
2766 3230 2972 3284 Inimici
3008 3231 3185 3300 itaque
3212 3245 3611 3284 Commemora-

1995 3319 2139 3372 tione
2156 3318 2219 3370 ad
2241 3328 2516 3371 certamen
2544 3334 2644 3373 nos
2664 3336 2993 3389 prmparans,
3017 3329 3070 3374 et
3093 3321 3373 3389 segnitiem
3397 3335 3613 3374 omnem

1996 3425 2024 3462 a
2061 3408 2215 3462 nobis
2245 3409 2594 3475 exscindens,
2632 3427 2817 3465 rursus
2845 3410 3091 3466 ﬁduciam
3124 3412 3314 3481 ingerit
3341 3422 3395 3467 et
3423 3427 3616 3466 sensus

1997 3501 2174 3570 erigit,
2194 3500 2395 3570 Regem
2424 3515 2885 3562 commemorans,
2913 3504 3012 3557 Sub
3039 3520 3146 3574 quo
3174 3505 3226 3557 in
3251 3506 3364 3558 acie
3386 3513 3614 3564 stamus.

2001 3601 2055 3646 et
2099 3593 2396 3646 ostendens
2451 3595 2625 3664 ipsum
2687 3610 2808 3647 esse
2858 3597 3098 3650 omnium
3157 3597 3614 3664 potentissimum.

2001 3681 2167 3735 Tuum
2211 3694 2281 3735 est
2309 3725 2324 3744 ,
2362 3685 2565 3755 inquit,
2613 3703 2856 3758 regnum,
2901 3698 2946 3741 rt
2980 3688 3204 3756 potentia
3226 3730 3239 3752 ,
3275 3699 3317 3739 et
3348 3687 3532 3758 gloria.
3562 3688 3618 3741 Si

2001 3789 2130 3844 ergo
2155 3774 2297 3830 illius
2319 3787 2402 3830 est
2424 3794 2670 3847 regnum,
2694 3794 2853 3833 neruo
2882 3779 3150 3834 timendus
3181 3789 3283 3842 est,
3309 3796 3430 3835 cmn
3458 3796 3620 3835 nemo

2003 3869 2073 3921 sit
2101 3868 2190 3938 qui
2219 3870 2485 3924 obsistere
2519 3871 2706 3938 possit,
2739 3882 2793 3925 et
2821 3871 2908 3940 qui
2943 3880 3127 3926 contra
3158 3872 3303 3925 illum
3334 3873 3619 3942 imperium

2008 3967 2210 4014 teneat.
2241 3960 2376 4015 Cum
2408 3963 2551 4016 enim
2582 3963 2745 4017 dicit:
2795 3964 2958 4016 Tuum
3005 3975 3080 4017 est
3122 3981 3354 4034 regnum,
3385 3965 3623 4020 ostendit

2007 4055 2170 4105 etiam
2198 4068 2317 4106 eum
2345 4093 2359 4115 ,
2394 4055 2480 4121 qui
2517 4068 2615 4105 nos
2667 4054 2974 4123 impugnat,
3015 4056 3122 4122 ipsi
3154 4056 3425 4110 subditmu
3458 4072 3580 4112 esse
3604 4099 3621 4122 ,

2010 4144 2220 4197 etiamsi
2269 4155 2455 4196 contra
2489 4153 2634 4197 stare
2682 4143 2929 4198 videatur
2953 4188 2966 4209 ,
3024 4146 3132 4200 Deo
3172 4147 3384 4203 interim
3419 4149 3469 4201 id
3505 4166 3625 4218 pcr-

2013 4236 2280 4288 mittcnte.
2309 4234 2440 4288 Nam
2473 4243 2527 4289 et
2563 4235 2674 4303 ipse
2705 4250 2770 4290 ex
2802 4251 3080 4290 servorum
3112 4252 3340 4291 numero
3366 4249 3469 4304 est,
3499 4241 3627 4294 licet

2016 4327 2291 4380 inlatnium
2345 4335 2399 4381 et
2449 4329 2836 4395 reproborum;
2894 4343 2992 4382 nec
3048 4330 3191 4384 ausit
3241 4345 3624 4386 conservorum

2015 4419 2318 4488 quempiam
2353 4418 2629 4483 invadere,
2663 4419 2765 4472 nisi
2795 4421 2942 4488 prius
2970 4419 3203 4490 desuper
3227 4425 3496 4492 acceperit
3524 4441 3624 4496 po-

2018 4519 2286 4568 testatem.
2325 4511 2526 4580 Ecquid
2557 4510 2679 4565 (lico
2705 4512 3135 4566 conservorum?
3178 4511 3256 4567 Ne
3288 4529 3479 4583 porcos
3506 4521 3628 4586 qui-

2017 4601 2138 4653 dem
2172 4617 2336 4655 ausus
2365 4611 2446 4655 est
2479 4601 2752 4665 invadere,
2787 4602 2960 4658 donec
2994 4605 3106 4672 ipse
3141 4608 3417 4674 permisit;
3454 4623 3629 4678 neque

2017 4694 2198 4746 ovium
2224 4693 2488 4761 bOumque
2509 4709 2717 4763 greges,
2743 4695 2916 4748 donec
2939 4695 3206 4750 licentiam
3231 4708 3283 4752 ct
3307 4709 3627 4767 potestatem

2019 4786 2334 4854 accepisset.
2372 4785 2554 4856 Itaque
2584 4787 2792 4842 etiamsi
2827 4787 2981 4857 longe
3013 4788 3279 4844 inﬁrmior
3308 4806 3479 4856 esses,
3509 4793 3630 4862 jure

2017 4876 2330 4932 consideres
2379 4889 2526 4931 tanto
2567 4879 2865 4947 imperante
2897 4895 3054 4949 rege.
3088 4882 3177 4949 qui
3226 4891 3403 4950 potest
3449 4899 3545 4952 per
3580 4895 3632 4939 te

2019 4968 2272 5036 praeclara
2295 4969 2446 5022 facile
2479 4986 2642 5038 opera
2675 4970 2854 5023 edere.
2877 4970 2941 5022 Et
2964 4972 3128 5041 gloria
3151 4973 3201 5025 in
3227 4974 3431 5038 swcula,
3459 4991 3630 5029 amen.

2090 5069 2142 5120 7.
2197 5061 2400 5133 Qihmta
2441 5065 2492 5115 in
2546 5063 2647 5116 Deo
2697 5064 3046 5135 benefaciendi
3085 5075 3325 5134 potestas.
3372 5069 3632 5134 Quantum

2019 5162 2202 5214 oblivio
2233 5158 2543 5222 iniuriarum
2573 5157 2775 5209 Christo
2805 5157 2869 5208 sit
2900 5157 3063 5209 cordi.
3100 5158 3221 5212 Non
3249 5163 3415 5230 gratia
3440 5165 3631 5229 solum,

2021 5255 2109 5309 sed
2138 5254 2286 5307 etiam
2325 5250 2561 5318 operibus
2620 5248 2753 5315 ﬁlios
2809 5246 2902 5300 Dei
2942 5265 3048 5302 esse
3091 5261 3309 5318 oportet.
3360 5252 3499 5308 Deus
3543 5272 3635 5310 nos

2022 5349 2136 5417 plus
2165 5362 2315 5416 quam
2347 5351 2491 5412 pater
2522 5353 2566 5394 et
2609 5351 2766 5393 mater
2797 5341 3176 5411 diligit.-—Non
3207 5345 3346 5397 enim
3379 5355 3428 5399 te
3460 5357 3563 5414 poti
3586 5358 3634 5402 st

2023 5440 2195 5494 solum
2220 5439 2288 5491 ab
2312 5434 2686 5505 ingruentibus
2706 5433 2858 5486 malis
2881 5449 3092 5495 eruere,
3124 5434 3217 5488 sed
3242 5436 3402 5488 etiam
3430 5438 3635 5506 glorio-

2022 5548 2138 5586 sum
2169 5528 2615 5598 splcmiidnmque
2646 5525 2891 5580 reddere.
2939 5525 3088 5579 Sicut
3120 5526 3260 5580 enim
3307 5528 3475 5580 virtus
3519 5529 3636 5597 ejus

2023 5637 2244 5692 magna,
2284 5621 2354 5673 ita
2386 5629 2467 5673 est
2498 5618 2666 5688 gloria
2698 5617 2816 5686 ejus
2861 5615 3144 5670 ineﬁ‘abilis
3180 5634 3190 5667 :
3226 5625 3278 5670 et
3312 5617 3424 5671 lucc
3451 5622 3631 5673 omnia

2027 5719 2280 5784 perpetua
2313 5720 2475 5775 sunt,
2521 5710 2746 5779 ﬁnisque
2788 5724 2974 5763 eorum
3021 5709 3198 5762 nullus
3240 5721 3338 5763 cst.
3391 5709 3636 5765 Vidistin'

2029 5803 2300 5878 quomodo
2328 5801 2565 5872 undique
2597 5799 2851 5856 athletam
2885 5799 3113 5866 iuuuxit,
3151 5800 3356 5870 ipsique
3385 5800 3633 5857 ﬁduciam
