4066 6504
419 340 525 397 235

422 458 652 514 indidit?
679 457 909 524 Deinde,
936 465 994 511 ut
1017 456 1127 526 jam
1157 456 1263 512 dixi
1288 499 1300 523 ,
1337 465 1392 510 ut
1424 454 1671 510 ostendat
1701 471 1758 509 se
1789 454 2010 518 injuria-

423 567 538 605 rum
584 550 1009 606 recordationem
1036 548 1267 604 maxime
1291 549 1523 602 aversari
1553 556 1606 602 et
1632 547 1754 601 odio
1781 545 1977 600 habere
1998 587 2012 606 .

414 643 656 711 itemque
703 640 825 695 huic
865 641 1166 710 oppositam
1213 639 1461 692 virtutem
1503 637 1734 692 maxime
1777 635 2012 688 omnium

424 745 696 802 acceptam
724 732 922 787 habere
946 774 960 799 ,
999 739 1119 802 post
1158 732 1454 786 orationem
1486 743 1667 783 rursus
1693 728 1794 781 hoc
1818 728 2014 781 bonum

427 839 558 894 opus
585 825 938 890 memoravit,
971 833 1023 878 et
1051 839 1078 875 a
1108 823 1380 892 proposito
1417 821 1694 890 supplicio,
1727 830 1779 874 et
1820 835 1848 872 a
1889 834 2019 889 cou-

425 915 609 969 stituto
640 916 858 984 praemio
885 913 1180 967 auditorem
1227 912 1483 966 inducens
1509 911 1573 965 ad
1614 910 2013 982 obsequendum

426 1004 549 1058 huic
577 1013 858 1076 prtecepto.
888 1003 1020 1059 Nam
1045 1004 1119 1058 ait
1148 1022 1161 1057 :
1195 1003 1278 1058 Μ.
1311 1003 1370 1058 Si
1393 1003 1679 1056 diudseritis
1709 1003 2010 1064 hominibus.

426 1099 574 1151 etiam
607 1096 763 1151 Pater
789 1107 948 1152 vester
973 1098 1181 1151 cwlestis
1211 1097 1422 1150 dimittet
1449 1097 1614 1159 vobis;
1647 1095 1735 1150 15.
1767 1097 1810 1148 si
1851 1106 2016 1148 autem

427 1206 526 1242 non
554 1189 878 1254 remittet-itis,
907 1204 1064 1258 neque
1090 1189 1196 1256 ipse
1232 1186 1367 1240 vobis
1397 1189 1631 1239 remittet.
1671 1185 1794 1240 Ideo
1834 1200 2014 1239 rursus

426 1279 586 1333 (αξιοι
616 1287 669 1334 et
698 1279 908 1333 Patrem
940 1289 1346 1342 commemorat,
1380 1287 1435 1331 ut
1455 1295 1518 1331 ex
1553 1278 1654 1332 hoc
1679 1292 1888 1346 quoque
1915 1291 2010 1329 au-

424 1371 651 1424 ditorem
683 1369 884 1439 pudore
910 1368 1127 1433 afﬁciat,
1162 1369 1206 1423 si
1239 1370 1368 1424 tanti
1404 1370 1573 1423 Patris
1605 1368 1744 1421 filius
1773 1382 1893 1421 cum
1924 1366 2011 1431 sit,

425 1462 570 1515 ferus
595 1460 817 1522 evadat,
849 1470 902 1514 et
928 1459 993 1513 ad
1023 1461 1213 1514 crclum
1253 1471 1489 1526 vocatus,
1535 1469 1802 1512 terrenum
1843 1472 2015 1511 saecu-

427 1551 702 1621 laremque
727 1567 939 1605 sensum
970 1550 1177 1605 habeat.
1208 1549 1322 1603 Non
1345 1550 1484 1604 enim
1508 1550 1675 1617 gratia
1704 1549 1897 1612 solum,
1923 1547 2014 1600 sed

427 1646 588 1698 etiam
614 1643 862 1714 operibus
890 1642 1027 1696 filios
1053 1643 1144 1696 Dei
1168 1656 1285 1696 esse
1314 1651 1544 1709 oportet.
1576 1640 1715 1694 Nihil
1745 1649 1917 1693 autem
1942 1639 2019 1692 sic

430 1737 542 1791 Deo
571 1737 795 1791 similem
826 1737 986 1791 efficit
1020 1746 1072 1787 ut
1100 1735 1344 1804 malignis
1372 1745 1530 1803 atque
1558 1732 1872 1787 [ardentibus
1899 1745 2018 1786 esse

427 1828 773 1897 placabilem;
803 1825 1250 1895 quemadmodum
1278 1836 1329 1879 et
1368 1833 1491 1880 ante
1516 1823 1695 1878 docuit
1719 1865 1732 1888 ,
1779 1837 1896 1876 cum
1941 1821 2020 1875 di-

429 1927 578 1971 ceret
623 1919 792 1987 ipsum
822 1918 991 1970 solem
1020 1932 1172 1970 suum
1204 1917 1329 1970 oriri
1361 1917 1534 1970 facere
1565 1930 1724 1984 super
1753 1914 1922 1968 malos
1967 1920 2022 1967 et

429 2008 618 2063 bonos.
650 2009 936 2075 Propterea
971 2023 1063 2074 per
1094 2009 1298 2077 singula
1329 2006 1487 2060 verba
1518 2017 1832 2060 communes
1869 2003 2019 2071 jubet

433 2101 607 2154 facere
635 2100 933 2162 orationes,
972 2098 1124 2152 I’utcr
1153 2110 1320 2152 noster
1349 2099 1554 2161 dicens,
1587 2109 1658 2159 ct,
1695 2095 1815 2147 Fiat
1845 2094 2022 2147 volun-

430 2203 508 2246 tas
538 2202 643 2257 tua,
671 2193 795 2244 sicut
825 2192 877 2242 in
903 2192 1047 2252 60:10,
1083 2202 1129 2242 et
1158 2189 1207 2241 iu
1236 2198 1403 2254 terra;
1431 2197 1500 2250 et,
1536 2187 1722 2238 Panem
1751 2185 1816 2237 da
1844 2182 2018 2244 nobis;

432 2291 485 2336 et
507 2323 520 2345 ,
551 2281 762 2334 Dimitte
791 2279 930 2335 nobis
959 2281 1123 2333 debita
1150 2290 1357 2341 nostra;
1389 2287 1441 2332 et
1462 2321 1474 2342 ,
1513 2277 1592 2330 Nc
1621 2293 1709 2329 nos
1740 2276 1949 2328 inducas
1969 2275 2024 2328 in

432 2373 795 2436 tentatioucm;
831 2381 918 2436 et,
955 2371 1135 2424 Libera
1167 2387 1255 2424 nos
1288 2387 1304 2421 :
1335 2370 1520 2438 plurali
1552 2384 1651 2421 nos
1682 2383 1890 2436 semper
1922 2384 2019 2420 tu:-

432 2481 585 2520 mero
615 2467 685 2518 uti
709 2465 905 2534 jubcns
929 2506 941 2528 ,
974 2478 1030 2517 ut
1061 2479 1127 2518 ne
1158 2464 1436 2529 veSIigium
1464 2463 1677 2530 quidem
1709 2464 1801 2514 ira:
1840 2460 2027 2514 advero

437 2573 526 2611 sus
556 2557 853 2625 proximum
885 2556 1234 2609 retineamus.
1272 2553 1480 2620 Quanto
1513 2554 1689 2622 itaque
1719 2551 1861 2620 digni
1898 2566 2028 2619 sup-

438 2649 596 2716 plicio
629 2647 820 2700 fuerint
868 2647 902 2699 ii
945 2646 1033 2714 qui
1079 2630 1195 2714 post
1235 2644 1349 2697 haec
1374 2645 1551 2696 omnia
1600 2658 1704 2695 non
1743 2642 1900 2694 modo
1927 2641 2024 2709 ipsi

440 2754 544 2790 non
576 2738 882 2801 remittunt,
911 2738 1004 2791 sed
1033 2738 1192 2791 etiam
1226 2736 1388 2790 Deum
1418 2734 1484 2787 ad
1523 2733 1832 2788 vindictam,
1855 2733 2029 2785 inimi-

438 2843 620 2882 corum
653 2829 931 2890 invocant.
978 2837 1032 2882 et
1073 2827 1222 2896 quasi
1268 2842 1331 2879 cx
1371 2826 1635 2879 diametro
1680 2823 1814 2877 hanc
1859 2824 2025 2890 legem

442 2919 922 2988 transgrediuntur,
964 2927 1019 2972 et
1058 2919 1158 2972 hoc
1188 2932 1309 2972 eum
1343 2917 1430 2970 ille
1469 2916 1599 2969 nihil
1641 2929 1746 2968 non
1791 2912 1950 2967 faciat
1978 2922 2032 2966 et

440 3021 712 3076 operetur,
760 3019 814 3063 ut
859 3024 927 3064 ne
969 3009 1169 3063 mutuis
1211 3023 1310 3062 nos
1354 3008 1587 3062 dissidiis
1631 3005 2033 3076 disjungamus?

441 3104 572 3169 Quia
600 3103 740 3156 enim
761 3101 908 3156 radix
932 3101 1192 3155 bonorum
1217 3102 1455 3154 omnium
1481 3109 1563 3154 est
1585 3101 1800 3165 caritas,
1829 3114 1890 3153 ea
1916 3113 2036 3168 quae
2065 3087 2076 3101 ’

443 3195 611 3262 ipsam
655 3191 1002 3264 pcssumdant
1052 3192 1220 3255 tollit,
1264 3202 1318 3244 et
1363 3191 1596 3261 undique
1638 3206 1738 3246 nos
1782 3193 2034 3260 capulare

444 3285 643 3340 studet.
674 3285 860 3340 Nullus
887 3286 1028 3338 enim
1055 3294 1156 3348 est,
1187 3285 1365 3338 nullus
1386 3291 1553 3349 certe,
1584 3285 1696 3336 sive
1723 3292 1892 3352 pater,
1922 3284 2035 3336 sive

448 3390 641 3443 mater,
671 3378 781 3431 sive
809 3377 1012 3430 amicus
1033 3418 1046 3440 ,
1079 3377 1191 3430 sive
1216 3377 1390 3444 quivis
1417 3377 1554 3428 alius
1573 3417 1586 3440 ,
1617 3377 1705 3443 qui
1733 3390 1830 3430 nos
1858 3375 1928 3428 ita
1954 3375 2035 3429 di-

450 3469 661 3533 lexerit,
696 3466 863 3536 utqui
889 3465 1011 3522 fecit
1037 3481 1134 3521 nos
1176 3468 1334 3520 Deus.
1363 3466 1598 3535 llludque
1622 3467 1791 3535 palam
1817 3467 2036 3520 omnino

451 3569 535 3613 est
560 3567 611 3613 et
639 3573 701 3612 ex
731 3559 1001 3612 beneticiis
1030 3573 1150 3627 qua:
1177 3556 1412 3626 quotidie
1441 3555 1686 3622 confert,
1720 3567 1773 3610 et
1803 3573 1868 3611 ex
1904 3573 2038 3626 pra:-

452 3650 622 3719 ceptis
649 3665 766 3718 qua:
787 3649 1079 3703 constituit.
1106 3648 1257 3715 Quod
1280 3649 1324 3702 si
1347 3664 1614 3702 mrumnas
1645 3649 1771 3700 mihi
1796 3648 2038 3717 olijicias,

451 3742 495 3793 si
528 3741 738 3794 dolores
768 3753 1067 3809 eteteraque
1098 3739 1218 3792 vita:
1248 3740 1419 3804 mala;
1452 3739 1620 3808 cogita
1653 3739 1862 3807 quantis
1891 3739 2040 3793 illum

453 3830 690 3896 quotidie
731 3830 999 3894 otl‘endas,
1042 3844 1215 3898 neque
1256 3829 1390 3883 ultra
1435 3829 1744 3893 miraberis,
1791 3829 1835 3882 si
1881 3828 2039 3882 etiam

456 3922 608 3990 plura
642 3921 724 3974 his
754 3921 891 3974 mala
924 3929 975 3975 te
1002 3920 1294 3984 invadant;
1324 3920 1416 3974 sed
1443 3906 1491 3973 si
1523 3920 1662 3974 bono
1688 3920 1862 3989 aliquo
1902 3919 2043 3973 frua-

456 4014 564 4074 ris,
615 4022 740 4066 tunc
784 4026 912 4066 sane
955 4021 1167 4082 stupeas
1205 4025 1268 4065 ac
1298 4011 1527 4066 mireris.
1570 4011 1720 4067 Nunc
1763 4025 1922 4081 porro
1968 4013 2040 4067 ir-

457 4115 674 4158 ruentes
691 4104 1019 4158 calamitates
1039 4103 1417 4171 conspicimus.
1441 4104 1669 4158 offensas
1688 4114 1886 4166 autem,
1914 4120 2045 4171 quas

459 4197 693 4265 quotidie
721 4194 1066 4258 admittimus,
1097 4210 1201 4246 non
1230 4197 1281 4246 in
1311 4202 1542 4248 mentem
1573 4209 1825 4247 vocamus
1851 4213 1861 4245 :
1898 4195 2045 4247 ideo-

460 4302 566 4352 que
614 4286 826 4355 indigne
877 4284 1112 4339 ferimus.
1169 4284 1320 4351 Quod
1373 4283 1418 4337 si
1481 4285 1639 4338 unius
1682 4284 1784 4339 diei
1836 4295 2048 4353 peccata

464 4385 646 4430 nostra
677 4385 920 4430 accurate
947 4375 1357 4445 recogitaremus
1379 4417 1392 4439 ,
1425 4385 1547 4430 ttmc
1573 4378 1714 4430 clare
1746 4391 2046 4444 nossemus,

465 4477 785 4537 quantorum
827 4469 901 4522 rei
934 4483 1172 4521 essemus
1213 4469 1497 4520 malorum.
1527 4469 1701 4537 Atque
1743 4477 1828 4532 ut,
1874 4469 2050 4524 missis

466 4560 584 4612 aliis
614 4574 731 4627 qua:
759 4561 980 4627 quisque
1010 4569 1243 4611 vestrum
1276 4559 1534 4623 admittit,
1567 4559 1652 4612 illa
1687 4570 1899 4627 peccata
1931 4578 2050 4631 qua:

467 4651 626 4704 hodie
651 4649 786 4703 facta
815 4659 937 4703 sunt
963 4665 1290 4716 recenseam,
1308 4651 1513 4704 etiamsi
1537 4666 1642 4703 non
1677 4653 1844 4706 norim
1871 4653 1922 4706 in
1947 4668 2052 4722 quo

469 4751 704 4796 vestrum
728 4743 918 4811 singuli
949 4743 1316 4809 peccaverint:
1344 4752 1577 4796 attamen
1607 4753 1748 4799 tanta
1789 4755 1869 4800 est
1913 4745 2054 4799 deli-

472 4845 681 4890 ctorum
723 4835 896 4903 c0pia,
939 4843 997 4888 ut
1037 4835 1082 4888 is
1111 4835 1291 4900 etiam,
1330 4835 1418 4904 qui
1445 4845 1692 4891 accurate
1730 4839 1902 4891 omnia
1946 4855 2051 4893 non

474 4927 658 4990 novit,
689 4924 851 4992 possit
883 4933 1060 4979 tamen
1089 4940 1152 4979 ex
1186 4925 1248 4979 iis
1278 4925 1442 4980 multa
1467 4941 1708 4995 carpere.
1758 4928 1885 4996 Quis
1928 4945 2054 5001 ergo

474 5024 714 5069 nostrum
743 5031 846 5068 non
878 5016 1054 5084 segnis
1084 5014 1177 5070 fuit
1208 5015 1260 5069 in
1299 5016 1542 5071 orando?
1581 5019 1698 5087 quis
1726 5033 1830 5073 non
1871 5020 1920 5074 in
1961 5037 2054 5075 su-

475 5106 713 5173 perbiam
755 5105 976 5159 incidit?
1012 5107 1129 5174 quis
1171 5123 1275 5160 non
1323 5109 1374 5162 in
1414 5123 1602 5163 vanam
1648 5111 1910 5181 gloriam?
1938 5116 2056 5183 quis

476 5213 582 5251 non
615 5196 682 5250 de
709 5196 883 5249 fratris
912 5196 991 5249 sui
1025 5195 1159 5249 fama
1193 5199 1422 5253 detraxit
1444 5241 1458 5263 ,
1504 5216 1603 5255 nec
1632 5202 1825 5256 malam
1857 5219 2054 5260 concu-

478 5287 788 5355 piscentiam
836 5285 1080 5341 admisit?
1118 5288 1236 5356 quis
1280 5303 1384 5342 non
1431 5291 1710 5359 impudicis
1751 5296 1921 5349 oculis
1969 5312 2057 5350 re-

480 5377 692 5447 spexit?
720 5381 837 5447 quis
868 5380 1200 5443 non-inimici
1231 5395 1349 5433 cum
1379 5383 1538 5436 animi
1580 5395 1726 5439 motu
1751 5387 2059 5442 recordatus

477 5471 600 5523 est?
629 5471 746 5539 quis
775 5485 879 5524 non
911 5487 1002 5524 cor
1031 5485 1186 5526 suum
1214 5481 1422 5530 tumore
1447 5477 1707 5546 replevit?
1737 5478 1888 5546 Quod
1931 5481 1973 5534 si
2006 5483 2056 5536 in

481 5561 702 5615 ecclesia
734 5576 852 5615 cum
882 5564 1080 5630 simus,
1110 5564 1360 5635 brevique
1399 5575 1636 5636 tempore
1681 5579 1756 5624 tot
1799 5573 2059 5626 malorum

479 5651 556 5705 rei
586 5652 707 5705 facti
740 5667 951 5717 sumus,
984 5657 1197 5725 quinam
1225 5657 1422 5712 erimus
1443 5698 1458 5723 ,
1492 5659 1613 5713 inde
1638 5661 1879 5730 egressi?
1917 5663 1960 5716 si
2006 5664 2057 5718 in

481 5754 636 5815 portu
671 5757 746 5804 tot
775 5745 960 5799 fluctus
983 5787 998 5811 ,
1038 5762 1157 5802 cum
1187 5750 1387 5819 egressi
1427 5752 1680 5808 fuerimus
1724 5755 1773 5810 in
1812 5756 2054 5826 euripum

1152 337 1208 392 S.
1250 337 1527 393 JOANNIS
1564 335 2036 394 CHRYSOSTOMI
2080 335 2390 393 ARCHIEP.
2434 337 2964 399 CONSTANTlNOP.

3609 345 3718 402 9.3!

2129 455 2405 521 malorum,
2443 457 2492 510 in
2526 456 2695 512 forum
2724 458 2861 523 dico,
2887 468 2940 514 et
2971 459 3168 513 urbana
3201 459 3431 529 negotia,
3460 457 3719 513 domesti.

2123 563 2316 617 easque
2343 566 2518 615 curas,
2551 567 2615 603 an
2651 554 2940 620 poterimus
2970 554 3051 607 vel
3085 567 3182 607 nos
3215 553 3357 621 ipsos
3384 552 3716 622 agnoscere?

2122 641 2369 696 Attamen
2401 644 2466 695 ad
2501 652 2570 696 tot
2607 653 2853 713 tantaque
2878 645 3102 699 eluenda
3129 657 3343 713 peccata
3370 645 3721 712 compendio-

2121 748 2234 786 satn
2263 735 2412 788 nobis
2439 744 2490 788 et
2519 735 2722 789 facilem
2747 736 2900 789 nobis
2927 737 3062 791 Deus
3084 738 3222 789 viam
3251 735 3432 801 dedit,
3464 737 3720 806 omnique

2122 822 2303 876 labore
2344 839 2581 877 vacuam.
2616 825 2745 892 Quis
2787 826 2935 880 labor
2973 826 3149 889 enim,
3185 827 3430 895 injuriatu
3465 825 3719 880 inferenti

2121 915 2423 970 dimittere?
2454 917 2629 972 Labor
2657 919 2835 987 utique
2865 929 2945 973 est
2988 919 3040 974 in
3078 935 3184 973 non
3214 918 3536 974 remittendo
3559 961 3572 984 ,
3620 917 3719 972 sed

2121 1008 2400 1062 retinendo
2423 1009 2783 1074 inimicitiam;
2810 1022 2866 1063 ut
2887 1027 2917 1064 e
2939 1011 3207 1065 contrario
3230 1010 3273 1064 si
3298 1012 3372 1063 ira
3396 1010 3716 1079 deponatur,

2123 1097 2173 1150 id
2217 1113 2458 1168 magnam
2503 1100 2638 1168 parit
2679 1102 3156 1172 tranquillitatem,
3190 1114 3384 1171 resque
3427 1099 3718 1155 admodum

2120 1199 2200 1242 est
2229 1190 2423 1244 volenti
2457 1191 2642 1245 facilis.

2194 1282 2244 1335 8.
2295 1281 2502 1336 Pret-ari
2532 1295 2706 1338 contra
2737 1286 2964 1339 inimicos
2994 1302 3145 1355 quam
3175 1286 3312 1339 mala
3339 1284 3720 1355 res—Neque

2122 1375 2263 1428 enim
2291 1390 2423 1443 opus
2455 1385 2536 1428 est
2565 1377 2728 1430 maria
2763 1375 3108 1431 transfretare
3134 1419 3146 1438 .
3179 1393 3353 1444 neque
3382 1377 3594 1445 longam
3619 1391 3719 1444 pe-

2123 1465 2537 1532 regrinationem
2570 1466 2841 1534 suscipere
2867 1506 2879 1530 ,
2922 1482 3100 1534 neque
3129 1467 3388 1520 montium
3425 1466 3548 1535 juga
3581 1480 3718 1519 cou-

2123 1554 2413 1621 sccndcre,
2449 1570 2622 1625 neque
2653 1557 2904 1625 pecunias
2934 1557 3244 1626 impendere
3266 1599 3280 1624 ,
3315 1572 3484 1626 neque
3522 1569 3721 1624 corpus

2123 1660 2416 1707 macerare,
2441 1646 2534 1700 sed
2563 1647 2699 1702 velle
2727 1657 2928 1701 tantum
2961 1649 3184 1712 sufficit,
3215 1658 3268 1702 et
3293 1648 3469 1701 omnia
3503 1656 3721 1716 peccata

2124 1741 2423 1794 soi-runtur.
2454 1741 2507 1795 Si
2539 1756 2667 1796 vero
2695 1756 2799 1794 nou
2829 1742 3001 1795 solum
3035 1741 3149 1808 ipse
3188 1755 3294 1794 non
3321 1740 3590 1804 remittas,
3621 1737 3719 1792 sed

2124 1832 2283 1885 etiam
2316 1832 2479 1886 Deum
2506 1843 2689 1886 contra
2713 1833 2861 1885 iitum
2892 1832 3151 1901 preceris,
3174 1845 3333 1900 quam
3357 1840 3536 1900 postea
3565 1844 3723 1899 spem

2134 1921 2329 1975 salutis
2353 1918 2595 1982 habebis,
2613 1932 2718 1985 quo
2742 1926 2982 1985 tempore
3021 1918 3132 1972 lico
3163 1917 3437 1986 supplicos
3456 1916 3724 1985 illumque

2135 2010 2426 2081 propitiare
2440 2009 2613 2076 cupis,
2629 2018 2756 2061 tunc
2773 2007 2951 2075 ipsum
2968 2023 3323 2076 exasperatis:
3350 2007 3606 2076 supplicis
3625 2008 3721 2059 ha-

2135 2100 2244 2154 bitu
2266 2101 2393 2153 forte
2418 2113 2603 2152 vocem
2624 2099 2894 2159 emittens,
2912 2107 2965 2151 et
2995 2098 3093 2151 tela
3122 2098 3340 2166 maligni
3361 2097 3507 2150 illius
3526 2107 3717 2150 contra

2135 2194 2200 2246 tci
2212 2208 2364 2262 psum
2385 2192 2696 2258 ejaculans?
2718 2191 2840 2244 ideo
2859 2189 3059 2243 Paulus
3076 2206 3198 2242 cum
3219 2189 3283 2241 de
3298 2204 3389 2242 ora
3401 2190 3544 2242 tione
3563 2204 3719 2241 men-

2136 2288 2336 2340 tionem
2360 2288 2579 2348 faccret,
2597 2284 2730 2336 nihil
2755 2284 2925 2353 magis
2945 2281 3250 2350 requisivit,
3272 2296 3435 2348 quam
3457 2279 3591 2348 legis
3613 2279 3716 2331 hu-

2130 2397 2218 2450 jus
2232 2378 2661 2433 observationem
2686 2396 2694 2427 ι
2719 2376 2991 2435 Levantcs,
3016 2374 3207 2442 inquit,
3226 2389 3387 2440 puras
3405 2388 3587 2423 manus
3603 2370 3735 2423 sine"

2134 2475 2214 2522 ira
2228 2478 2275 2523 et
2294 2467 2718 2534 disceptatione“
2734 2507 2746 2518 .
2761 2464 3097 2529 Tiiit.9..8).Si
3114 2463 3256 2517 enim
3272 2478 3393 2516 cum
3413 2461 3718 2514 misericor-

2133 2558 2215 2611 dia
2247 2572 2378 2626 opus
2407 2555 2607 2617 habes.
2655 2571 2721 2608 ne
2768 2565 2891 2608 tunc
2923 2553 3131 2622 quidem
3165 2552 3296 2604 iram
3330 2548 3553 2602 remittis
3574 2589 3587 2612 ,
3631 2546 3727 2599 sed

2131 2647 2272 2699 ilium
2306 2647 2561 2700 memoria
2593 2647 2788 2699 retines
2815 2685 2828 2708 ,
2861 2644 2959 2697 etsi
3003 2643 3140 2695 scias
3181 2652 3228 2696 te
3273 2649 3455 2694 contra
3498 2639 3726 2705 teipsnm

2131 2737 2361 2806 gladium
2394 2737 2665 2805 impcilere
2688 2780 2700 2802 ,
2744 2734 2956 2804 quando
2989 2735 3186 2801 poteris
3228 2746 3346 2787 esse
3385 2731 3728 2790 misericors,

2134 2843 2185 2882 et
2217 2830 2315 2883 hoc
2348 2830 2544 2882 malum
2589 2828 2839 2896 nequitiae
2882 2840 3146 2880 venenum
3178 2823 3460 2879 evomere?
3488 2820 3638 2888 Quod
3683 2821 3730 2873 si

2137 2922 2370 2974 nondum
2411 2921 2754 2974 absurditatis
2795 2919 3013 2986 hujusce
3057 2915 3472 2986 magnitudinem
3512 2913 3730 2977 videas,

2139 3010 2366 3077 idipsnm
2400 3009 2535 3079 apud
2567 3009 2811 3063 homines
2841 3007 3039 3061 factum
3062 3007 3263 3075 cogita,
3293 3013 3346 3059 et
3376 3013 3499 3058 tunc
3528 3001 3734 3057 vidi-bis

2138 3101 2477 3157 contumelia:
2502 3102 2607 3154 vim
2636 3115 2898 3167 magnam.
2923 3098 2977 3153 Si
3007 3099 3148 3152 enim
3181 3106 3229 3150 te
3259 3095 3530 3149 hominem
3561 3093 3734 3146 adiret

2138 3194 2398 3262 quispiam
2430 3194 2753 3262 supplicans,
2779 3202 2833 3244 ut
2854 3191 2969 3261 ejus
2995 3189 3320 3254 miserearis,
3349 3186 3542 3243 deinde
3561 3227 3577 3252 ,
3611 3200 3734 3239 cunt

2141 3287 2285 3339 humi
2315 3293 2511 3338 stratus
2536 3285 2740 3353 jaceret
2760 3325 2774 3346 ,
2806 3283 3080 3336 inimicum
3106 3280 3341 3340 videret,
3367 3286 3422 3332 et
3451 3286 3499 3329 te
3527 3274 3735 3344 precari

2141 3380 2408 3441 desinens,
2445 3378 2588 3429 illum
2613 3386 2945 3444 percuteret,
2969 3391 3144 3427 annon
3169 3371 3292 3425 hinc
3320 3370 3576 3439 majorem
3602 3369 3736 3419 iram

2141 3467 2491 3537 conciperes?
2522 3465 2634 3520 lloc
2677 3467 2845 3535 cogita
2892 3474 2945 3519 et
2986 3465 3038 3516 in
3071 3463 3179 3516 Deo
3208 3459 3469 3514 accidere.
3505 3457 3638 3511 Nam
3682 3467 3738 3510 tu

2143 3574 2352 3629 quoque
2376 3557 2502 3612 dum
2532 3557 2641 3613 Deo
2668 3556 2935 3625 supplices
2955 3596 2970 3622 ,
3003 3553 3383 3622 supplicatione
3411 3550 3622 3604 interim
3652 3564 3739 3602 re-

2149 3651 2268 3705 licta
2291 3691 2306 3713 ,
2340 3649 2612 3703 inimicum
2640 3647 2796 3701 dictis
2822 3646 3071 3700 verberas
3092 3684 3106 3706 ,
3140 3651 3193 3695 et
3233 3640 3324 3695 Dei
3366 3640 3511 3710 leges
3545 3647 3739 3692 contu-

2147 3740 2301 3793 melia
2330 3738 2497 3793 aflicis
2519 3780 2534 3805 ,
2563 3737 2687 3792 dum
2720 3737 2866 3790 illum
2912 3736 3001 3803 qui
3048 3734 3164 3801 lege
3196 3731 3466 3800 pra-cepit,
3501 3739 3557 3782 ut
3604 3730 3740 3782 iram

2146 3830 2403 3884 adversus
2431 3842 2525 3883 eos
2550 3829 2637 3898 qui
2682 3842 2780 3882 nos
2823 3819 3014 3894 injuria
3055 3823 3329 3877 affecerint
3368 3821 3740 3890 deponamus,

2148 3922 2395 3986 invocas,
2427 3936 2688 3992 rogasque
2717 3929 2772 3974 ut
2801 3919 3081 3989 prmceptis
3120 3918 3231 3972 suis
3265 3915 3528 3971 contraria
3561 3915 3740 3968 faciat.

2147 4015 2263 4069 Non
2293 4028 2419 4084 ergo
2449 4013 2542 4068 tibi
2571 4013 2636 4067 ad
2670 4012 2953 4067 vindictam
2987 4011 3115 4063 satis
3145 4021 3247 4073 est,
3277 4009 3418 4077 quod
3445 4009 3613 4077 legem
3647 4007 3743 4062 Dei

2152 4105 2560 4173 transgrediaris
2581 4146 2596 4168 ,
2629 4103 2721 4156 sed
2750 4113 2803 4156 et
2831 4103 3000 4169 ipsum
3030 4102 3129 4155 hoc
3165 4113 3222 4154 ut
3263 4099 3421 4156 faciat
3463 4101 3698 4169 precaris
3721 4100 3746 4151 ?

2153 4192 2414 4263 Numquid
2443 4209 2628 4248 eorum
2657 4208 2774 4262 qua:
2804 4193 3053 4261 prmcepit
3082 4191 3276 4246 oblitus
3317 4192 3437 4246 est?
3483 4188 3745 4259 numquid

2152 4287 2294 4339 enim
2329 4285 2488 4339 homo
2517 4292 2600 4340 est
2625 4285 2713 4354 qui
2748 4286 2860 4337 lucc
2897 4283 3068 4337 dixit?
3102 4283 3238 4337 Deus
3274 4292 3389 4350 est,
3430 4281 3519 4351 qui
3562 4283 3745 4336 omnia

2155 4378 2331 4441 novit,
2371 4385 2424 4430 et
2452 4377 2539 4446 qui
2579 4375 2692 4429 vult
2720 4376 2863 4444 leges
2892 4389 3016 4430 suas
3057 4383 3303 4429 accurate
3342 4375 3542 4429 servari
3575 4393 3589 4428 :
3623 4383 3746 4426 tan-

2159 4478 2376 4537 tumque
2399 4467 2551 4522 abest
2577 4476 2632 4520 ut
2662 4465 2820 4520 faciat
2846 4467 2931 4520 illa
2957 4482 3076 4536 qum
3106 4465 3344 4535 postulas
3364 4507 3378 4532 ,
3411 4477 3469 4521 ut
3498 4466 3660 4519 etiam
3693 4475 3748 4520 te

2156 4562 2245 4631 qui
2277 4563 2388 4615 hrec
2414 4561 2546 4615 dicis
2573 4601 2587 4625 ,
2631 4569 2832 4613 tantum
2863 4559 2984 4630 quia
3024 4560 3159 4614 dicis
3187 4569 3487 4624 aversetur,
3515 4559 3750 4628 odioque

2160 4653 2366 4718 haheat,
2386 4660 2782 4720 extremamque
2802 4650 2898 4703 abs
2923 4660 2971 4703 te
2993 4666 3201 4718 pinnam
3227 4658 3452 4719 repetat.
3467 4648 3749 4716 Quomodo

2159 4748 2318 4816 igitur
2363 4747 2430 4800 ab
2473 4746 2560 4800 illo
2598 4745 2851 4815 consequi
2883 4745 3118 4813 postulas
3147 4759 3208 4798 ea
3247 4759 3367 4814 qua:
3395 4757 3605 4798 summo
3633 4753 3748 4796 stu-

2158 4838 2248 4892 dio
2271 4838 2436 4892 vitare
2463 4839 2574 4907 ipse
2597 4836 2876 4906 praecipit?
2899 4834 3002 4890 Sed
3030 4834 3242 4904 quidam
3273 4842 3394 4889 sunt
3423 4834 3511 4904 qui
3539 4833 3602 4886 ad
3632 4842 3749 4886 tan-

2161 4939 2266 4983 tam
2315 4930 2597 4982 amentiam
2648 4935 3056 4998 processerunt,
3106 4935 3164 4980 ttt
3210 4941 3313 4979 non
3359 4925 3518 4980 modo
3561 4935 3745 4978 contra

2161 5021 2407 5075 inimicos
2436 5029 2736 5090 precentur,
2764 5018 2858 5073 sed
2884 5018 3044 5073 etiam
3075 5017 3194 5071 filiis
3223 5018 3458 5084 ipsorum
3487 5016 3626 5070 mala
3656 5018 3755 5070 im-

2161 5125 2465 5182 precentur,
2499 5121 2658 5180 atque
2686 5112 2846 5165 etiam
2874 5111 2919 5164 si
2947 5109 3130 5164 liceret
3157 5109 3391 5177 ipsortmt
3420 5121 3608 5161 carnes
3645 5106 3748 5161 de-

2161 5217 2376 5277 gustare
2402 5205 2630 5268 vellent,
2662 5205 2766 5257 imo
2797 5212 2850 5256 et
2879 5201 3178 5271 degustent.
3221 5199 3297 5254 Ne
3341 5199 3468 5252 mihi
3508 5199 3742 5260 dixeris,

2164 5309 2213 5352 te
2241 5297 2428 5350 dentes
2457 5310 2562 5348 non
2593 5294 2832 5348 infixisse
2859 5292 2911 5347 in
2939 5307 3130 5360 corpus
3152 5291 3266 5360 ejus
3294 5291 3380 5358 qui
3415 5289 3549 5342 lgesit
3579 5307 3590 5341 :
3623 5303 3748 5343 nam

2162 5389 2332 5444 multo
2357 5387 2607 5451 ferocius,
2636 5395 2892 5456 quantum
2922 5385 2972 5436 in
3003 5394 3053 5437 te
3085 5383 3178 5436 fuit
3202 5425 3214 5443 ,
3249 5384 3300 5436 in
3329 5382 3474 5436 illttm
3507 5381 3744 5437 szcviisti.

2165 5497 2355 5550 rogans
2381 5479 2611 5547 desuper
2638 5481 2768 5532 iram
2801 5481 2850 5531 in
2884 5477 3028 5530 illum
3075 5477 3320 5542 immitti,
3366 5484 3419 5529 et
3461 5473 3747 5527 immortali

2166 5572 2298 5627 tradi
2343 5570 2636 5641 supplicio,
2682 5585 2907 5639 cumque
2972 5579 3079 5624 tota
3121 5569 3280 5623 domo
3321 5570 3505 5622 everti.
3546 5567 3750 5635 Quibus

2169 5662 2279 5716 lucc
2308 5662 2570 5718 morsibus
2616 5661 2854 5731 Sraviora
2898 5675 3002 5715 non
3050 5661 3210 5714 sunt?
3253 5660 3443 5727 quibus
3483 5659 3599 5712 telis
3643 5675 3748 5712 nou

2171 5754 2477 5811 acerbiora?
2521 5754 2635 5810 Non
2670 5756 2783 5811 lucc
2813 5763 2863 5810 te
2893 5754 3069 5810 docuit
3097 5754 3376 5816 Christus;
3419 5767 3522 5806 non
3567 5749 3644 5805 sic
3689 5764 3750 5804 os
