4066 6430
405 362 514 420 9.85

405 483 693 530 cruentare
731 474 910 544 jussit.
957 473 1091 528 Nam
1136 472 1446 544 hujusmodi
1487 474 1682 544 lingua:
1724 479 2016 529 cruentatis

408 565 649 621 humano
688 569 945 637 sanguine
991 567 1173 622 buccis
1214 577 1339 622 sunt
1368 567 1688 622 deteriores.
1731 567 2014 635 Quomodo

408 660 573 733 igitur
603 660 821 715 fratrem
849 661 1234 731 amplecteris?
1260 661 1530 729 quomodo
1555 661 1874 715 sacriﬁcium
1899 670 2014 715 tan—

407 751 542 820 ges?
561 750 831 821 quomodo
855 753 1168 821 sanguinem
1195 750 1521 805 dominicum
1550 750 1877 819 degustabis,
1903 759 2013 804 tam

407 841 585 895 dirum
615 843 796 896 animo
822 858 1085 898 venenum
1115 843 1378 898 servans?
1417 843 1640 911 Quando
1669 842 1814 898 enim
1843 843 1975 897 dicis
1995 883 2010 909 ,

411 935 669 1004 Discerpe
697 935 875 1001 illum,
909 935 1027 1006 ejus
1051 938 1266 990 domum
1299 945 1514 1002 everte,
1543 937 1721 990 omnia
1752 935 1934 1002 perde,
1960 944 2016 990 et

405 1029 570 1081 exitia
595 1028 740 1084 mille
766 1029 1080 1099 imprecaris
1100 1070 1115 1095 ,
1143 1028 1274 1082 nihil
1301 1027 1368 1083 ab
1391 1027 1658 1082 homicida
1683 1027 1890 1095 diﬂ'ers,
1914 1041 2015 1082 nec

401 1133 433 1170 a
467 1118 577 1172 fera
608 1121 867 1174 humanas
895 1134 1085 1174 carnes
1114 1129 1358 1174 vorante.

479 1209 533 1264 9.
566 1210 719 1266 Hunc
742 1213 916 1281 itaque
937 1211 1186 1266 morbum
1211 1210 1545 1282 deponamus
1569 1219 1727 1280 atque
1754 1209 2010 1275 furorem,

406 1310 464 1355 et
495 1300 960 1366 benevolentiam,
1009 1311 1067 1356 ut
1105 1302 1303 1371 jussit,
1348 1301 1698 1356 exhibeamus
1727 1315 1852 1368 erga
1894 1299 2013 1353 illos

405 1391 499 1461 qui
536 1407 634 1446 nos
665 1393 947 1458 keserunt,
993 1400 1053 1446 ut
1092 1393 1294 1447 similes
1325 1392 1492 1447 simus
1523 1391 1697 1446 Patris
1730 1392 1894 1445 nostri
1923 1391 2014 1458 qui

405 1482 462 1536 in
486 1482 634 1538 etclis
658 1492 763 1539 est.
798 1485 1135 1552 Deponemus
1164 1495 1342 1538 autem
1365 1526 1378 1548 ,
1412 1484 1454 1537 si
1501 1494 1716 1552 peccata
1749 1493 1928 1538 nostra
1959 1481 2012 1534 in

403 1576 722 1630 memoriam
755 1590 1105 1640 revocemus;
1149 1576 1192 1629 si
1225 1576 1416 1630 delicta
1447 1575 1628 1628 omnia
1662 1586 1842 1629 nostra
1887 1573 2012 1627 dilis

402 1678 594 1733 genter
623 1667 1026 1731 examinemus,
1054 1683 1174 1736 qua:
1205 1668 1375 1729 intus,
1401 1656 1526 1737 quae
1573 1665 1701 1720 foris
1727 1708 1740 1730 ,
1791 1682 1910 1734 qua:
1960 1665 2010 1718 in

403 1757 542 1822 foro,
577 1774 696 1826 qua:
723 1759 778 1811 in
804 1757 1052 1812 ecclesia.
1083 1757 1211 1810 Nam
1248 1759 1291 1811 si
1336 1773 1440 1811 non
1485 1757 1643 1811 aliant
1675 1759 1744 1810 ob
1772 1771 2008 1816 causam,

403 1846 475 1900 ob
504 1847 880 1916 negligentiam
911 1857 1126 1914 tamen,
1159 1863 1316 1917 quam
1351 1847 1436 1902 hic
1465 1848 1803 1912 exhibemus,
1833 1857 2011 1902 extre-

405 1937 510 1990 mis
535 1936 680 2006 digui
712 1952 896 1992 sumus
925 1938 1118 2007 poenis.
1152 1937 1283 1992 Nam
1314 1938 1592 2008 prophetis
1620 1938 1972 2007 psallentibus
1993 1979 2008 2002 ,

403 2030 664 2098 apostolis
710 2029 944 2101 hymnos
990 2031 1344 2094 canentibus,
1393 2031 1500 2084 Deo
1547 2031 1833 2100 iOtllIt'IIlc,
1883 2031 2012 2084 foris

403 2137 684 2190 vagamur,
718 2132 770 2177 et
799 2124 1140 2177 swcularium
1171 2139 1352 2177 rerum
1387 2123 1672 2176 tumultum
1713 2123 1764 2175 itt
1805 2138 1902 2176 nos
1932 2123 2010 2174 itt-

402 2214 684 2279 ducimus;
719 2231 891 2285 neque
919 2227 1123 2269 tantum
1153 2217 1346 2285 quietis
1372 2225 1426 2270 et
1454 2217 1650 2270 silentii
1693 2215 2010 2269 adhibemus

403 2307 471 2359 ad
501 2306 592 2360 Dei
625 2308 768 2377 leges
791 2307 1086 2362 audiendas
1112 2351 1125 2374 ,
1159 2317 1416 2378 quantum
1451 2309 1502 2361 itt
1547 2308 1772 2361 theatris
1802 2318 2010 2373 Specta-

406 2405 555 2452 tores
603 2399 891 2466 adhibent,
940 2401 1066 2454 dum
1121 2401 1478 2470 imperatoria:
1526 2402 1694 2454 literae
1741 2400 2005 2470 leguntur.

404 2489 518 2546 Illic
545 2492 685 2545 enim
717 2502 768 2546 et
795 2493 1042 2546 consules
1072 2503 1126 2547 et
1151 2492 1419 2562 pra-fecti,
1463 2501 1513 2545 et
1557 2502 1773 2546 senatus
1815 2499 1869 2545 et
1909 2505 2009 2560 po-

407 2581 564 2648 pulus
592 2591 735 2635 stant
764 2597 952 2637 omnes
982 2598 1101 2636 cum
1132 2584 1310 2652 quiete
1338 2583 1516 2636 omnia
1544 2582 1851 2645 audientes;
1881 2590 1935 2635 et
1963 2581 2009 2635 si

404 2672 526 2741 quis
554 2673 694 2726 inter
719 2673 882 2726 altum
916 2673 1045 2726 illttd
1078 2672 1348 2727 silentium
1382 2682 1602 2741 repente
1630 2672 1871 2726 insiliens
1901 2673 2009 2725 cla-

404 2763 666 2826 maverit,
717 2771 899 2830 utpote
929 2763 1016 2832 qui
1065 2762 1443 2831 Imperatorem
1492 2763 1682 2829 injuria
1727 2761 2004 2824 olfecerit,

402 2865 672 2909 extremas
705 2855 802 2908 luit
843 2869 1026 2924 poenas
1061 2871 1074 2906 :
1107 2854 1191 2909 hic
1221 2871 1347 2908 vero
1383 2855 1510 2908 dum
1540 2853 1780 2908 caelestes
1811 2853 1913 2906 illze
1942 2853 2000 2906 li-

406 2955 533 3000 terte
561 2948 831 3020 leguntur,
863 2949 1066 3001 multus
1089 2948 1323 3016 undique
1353 2948 1525 3000 oritur
1559 2947 1846 3010 tumultus,
1886 2961 2007 2999 cum

403 3042 449 3095 is
474 3047 561 3112 qui
593 3042 773 3097 literas
801 3040 968 3100 misit,
1016 3038 1173 3107 longe
1215 3038 1385 3106 major
1426 3037 1496 3089 sit
1545 3036 1869 3104 lmperatore
1895 3077 1908 3098 ,
1954 3043 2009 3089 et

405 3133 671 3189 theatrum
702 3133 1066 3188 honorabilius
1091 3151 1101 3184 :
1127 3148 1230 3185 non
1264 3131 1420 3184 modo
1450 3128 1592 3182 enim
1627 3128 1891 3193 homines,
1921 3128 2015 3183 sed

404 3238 458 3282 et
481 3227 654 3297 angeli
681 3227 926 3290 adstant;
956 3233 1008 3279 et
1033 3225 1267 3278 victorio
1294 3224 1532 3292 prtcmia,
1564 3239 1683 3290 qua:
1713 3221 1862 3276 hisee
1889 3222 2010 3276 lite-

404 3321 478 3375 ris
517 3323 848 3384 nuntiantur,
880 3320 1037 3388 Ioage
1068 3318 1268 3386 majora
1301 3317 1526 3371 terrenis
1558 3317 1662 3370 illis
1699 3315 2006 3384 triumphis.

402 3413 740 3482 Quapropter
768 3428 873 3488 non
910 3411 1154 3465 homines
1185 3411 1384 3463 tantum
1410 3450 1422 3473 ,
1455 3407 1548 3462 sed
1590 3417 1642 3461 et
1669 3408 1878 3477 angeli,
1924 3421 2010 3460 ar-

404 3506 679 3576 changeli,
727 3518 780 3561 et
820 3506 1064 3560 cmlestes
1108 3503 1326 3574 populi,
1362 3512 1415 3557 et
1444 3510 1708 3571 quotquot
1747 3503 1908 3554 etiam
1957 3502 2009 3555 in

405 3607 546 3650 terra
595 3607 754 3660 sunt,
806 3597 1024 3650 laudare
1067 3595 1322 3664 jubcntur
1368 3612 1381 3646 :
1432 3591 1753 3658 Benedicite,
1801 3592 2006 3660 inquit,

404 3687 655 3752 Domino,
700 3690 869 3740 omnia
898 3704 1050 3753 opera
1096 3688 1205 3756 ejus
1248 3685 1435 3754 (Psal.
1469 3684 1591 3738 102.
1623 3683 1746 3754 ‘22).
1795 3683 2010 3737 Etenim

408 3795 514 3831 non
543 3780 732 3848 exigua
755 3787 881 3832 sunt
905 3779 992 3831 illa
1020 3794 1138 3846 qua:
1169 3775 1312 3838 fecit,
1339 3775 1430 3830 sed
1457 3791 1669 3828 onmem
1701 3789 2007 3827 sermonem

404 3881 680 3940 superant,
709 3881 867 3940 atque
899 3879 1131 3926 mentem
1164 3869 1674 3940 intelligentiamque
1699 3868 2005 3920 humanam.

405 3963 472 4018 Ει
503 3962 618 4016 Ita>c
647 3962 884 4031 quotidie
913 3961 1202 4031 pra'dicanl
1233 3961 1509 4030 prophetat
1532 4001 1544 4022 ,
1575 3959 1788 4014 diverse
1816 3960 2008 4028 singuli

404 4055 748 4124 splendidum
779 4055 906 4109 illud
938 4065 1194 4124 tropazum
1225 4054 1584 4108 celebrantes.
1616 4053 1746 4106 Nam
1778 4053 1864 4108 hic
1890 4053 1960 4106 ait
1992 4073 2004 4106 :

404 4145 693 4200 Ascendens
723 4146 772 4198 in
804 4151 961 4198 altum
993 4146 1241 4212 captivam
1272 4145 1463 4197 duxisti
1508 4145 1880 4213 captivitatem,
1924 4160 2008 4197 ce-

408 4239 525 4306 pisti
558 4236 695 4290 dona
723 4237 776 4289 in
807 4237 1091 4290 hominibus
1120 4235 1309 4308 (Psal.
1341 4236 1428 4289 67.
1467 4235 1530 4288 19
1559 4236 1573 4304 )
1600 4252 1614 4299 ;
1638 4244 1685 4287 et
1709 4274 1722 4299 ,
1763 4233 2010 4288 Dominus

407 4330 554 4396 fortis
577 4339 624 4382 et
652 4339 827 4397 potens
854 4329 905 4381 in
939 4329 1115 4396 prwlio
1157 4326 1329 4397 (Psal.
1367 4328 1456 4381 ‘25.
1483 4328 1561 4396 8).
1588 4327 1683 4381 llic
1709 4342 1832 4380 vero
1858 4327 2005 4392 dicit,

409 4419 472 4472 Et
503 4420 711 4490 fortium
747 4419 932 4471 dividet
960 4419 1122 4488 spolia
1151 4419 1169 4487 (
1195 4417 1318 4472 lsai.
1354 4419 1443 4473 55.
1478 4417 1601 4488 12).
1642 4418 1718 4471 Ad
1746 4421 1846 4472 hoc
1866 4418 2008 4472 enim

407 4511 593 4575 venit,
627 4521 684 4564 ut
715 4510 1030 4580 praedicaret
1054 4512 1278 4578 captivis
1305 4510 1678 4565 remissionem
1703 4553 1716 4575 ,
1759 4520 1812 4564 et
1854 4510 2011 4564 emcis

409 4601 554 4654 visus
579 4601 992 4664 restitutionem,
1020 4611 1074 4654 et
1096 4601 1162 4654 de
1191 4601 1325 4655 victa
1353 4609 1522 4654 morte
1551 4601 1856 4669 triumphali
1881 4615 2012 4654 voce

403 4691 641 4761 jubilans
693 4691 909 4747 dicebat
943 4711 953 4745 :
989 4691 1086 4746 Ubi
1113 4701 1184 4746 est
1204 4732 1218 4756 ,
1266 4708 1400 4745 mors
1421 4735 1435 4758 ,
1466 4693 1674 4745 victoria
1724 4692 1855 4745 tua?
1887 4691 2008 4758 ubi,

408 4782 625 4853 inferne,
656 4784 894 4837 stimulus
920 4793 1034 4837 tuus
1061 4784 1144 4853 (l.
1173 4784 1289 4837 Cor.
1320 4785 1406 4838 15.
1433 4785 1580 4852 53)?
1612 4784 1763 4839 Alius
1794 4799 2008 4838 rursum

409 4872 728 4942 profundant
769 4889 954 4942 pacem
985 4875 1356 4945 evangelizans
1387 4875 1600 4928 dicebat
1633 4894 1642 4927 :
1677 4876 2010 4945 Coiifringent

409 4963 609 5034 gladios
638 4981 757 5018 suos
786 4965 839 5017 in
866 4974 1038 5018 aratra
1057 5007 1072 5030 ,
1104 4976 1148 5019 et
1180 4968 1381 5020 lanceas
1411 4983 1528 5020 suas
1557 4966 1608 5018 in
1640 4966 1796 5034 falces
1837 4965 1852 5030 (
1879 4964 2006 5017 lsai.

409 5058 462 5112 2.
495 5059 551 5110 ι.
595 5055 714 5112 1οεί
764 5059 817 5112 5.
850 5054 972 5127 10).
1004 5057 1069 5111 Ει
1095 5057 1181 5112 Itic
1208 5059 1422 5127 quidem
1451 5058 1747 5113 Jerusalem
1776 5059 1850 5110 sic
1879 5057 2012 5109 allo-

409 5150 590 5221 quitur
620 5166 632 5200 :
666 5147 865 5204 Laetare
895 5148 1128 5215 multum,
1165 5151 1273 5218 ﬁlia
1303 5151 1428 5206 Sion
1455 5195 1469 5217 ,
1492 5152 1611 5219 quia
1641 5167 1749 5205 ecce
1780 5166 1869 5202 rex
1898 5158 2011 5202 tuus

1513 361 1576 418 IN
1615 359 2024 418 MATTIIAEUM
2064 359 2298 417 HOMIL.
2343 361 2460 416 XX.
2503 363 2572 417 al.
2621 361 2764 418 XXI.

3627 367 3731 424 286

2130 476 2260 526 venit
2292 473 2380 527 tibi
2409 483 2729 539 mansuetus,
2775 475 2954 530 sedens
2992 493 3143 546 super
3182 478 3499 548 subjugalem
3537 491 3583 533 et
3611 483 3732 549 pul-

2123 565 2230 617 lum
2262 564 2513 618 novellum
2544 564 2807 634 (lac/lar.
2841 567 2893 622 9.
2927 567 3017 635 9).
3071 569 3222 622 Alius
3267 585 3392 623 vero
3435 572 3728 627 secundum

2122 654 2240 723 ejus
2270 656 2561 710 adventum
2596 657 2850 725 prtedicat
2881 657 2963 711 his
2994 660 3170 713 verbis
3199 677 3211 710 :
3255 659 3426 716 Veniet
3458 660 3730 727 Dominus,

2121 760 2268 812 quem
2310 761 2396 800 ros
2437 748 2698 816 quwritis,
2745 758 2794 802 et
2835 749 2946 818 quis
2989 750 3252 803 sustinebit
3297 753 3429 804 diem
3471 753 3732 824 ingressus

2120 839 2231 906 ejus
2250 838 2276 889 Ρ
2305 837 2574 892 Exsultate
2599 841 2730 892 sicut
2761 840 2904 893 vituli
2933 858 2966 894 a
2991 843 3203 896 vinculis
3226 843 3442 898 absoluti
3469 844 3722 914 (.llalaclt.

2120 928 2172 982 5.
2197 930 2245 984 l.
2267 929 2320 983 9..
2339 939 2385 985 et
2411 931 2463 986 4.
2484 931 2561 1000 2).
2595 930 2660 985 Et
2679 931 2818 986 alter
2843 949 3027 987 rursus
3046 933 3112 988 de
3139 933 3222 987 bis
3243 934 3728 1004 obstupesccnsdi-

2119 1023 2275 1078 eebat
2305 1042 2318 1076 :
2353 1023 2451 1077 Hic
2486 1034 2556 1078 est
2594 1023 2737 1078 Deus
2763 1036 2967 1089 noster;
2997 1043 3087 1080 nec
3114 1029 3432 1096 reputabitur
3459 1029 3588 1082 alter
3613 1040 3730 1082 cum

2119 1113 2210 1167 illo
2237 1113 2478 1186 (Barac/1
2511 1115 2564 1169 5.
2601 1113 2724 1186 56).
2757 1118 3004 1171 Attamen
3029 1133 3149 1172 eum
3178 1117 3293 1173 haec
3313 1129 3365 1173 et
3387 1119 3554 1172 multo
3577 1120 3729 1188 plura

2119 1207 2384 1272 dicantur,
2423 1224 2548 1264 cum
2578 1224 2671 1278 par
2712 1218 2855 1263 esset
2895 1195 3153 1273 horrere,
3201 1219 3256 1265 et
3295 1220 3483 1279 putare
3532 1225 3632 1266 nos
3675 1212 3744 1266 in‘

2123 1313 2260 1354 terra
2293 1315 2397 1355 non
2430 1315 2579 1363 esse;
2626 1301 2776 1369 quasi
2824 1302 2874 1354 in
2925 1301 3105 1354 medio
3150 1299 3267 1356 foro
3312 1302 3724 1367 tumultuamur,

2121 1393 2417 1459 turbamus,
2445 1393 2511 1447 de
2534 1394 2598 1449 iis
2620 1409 2740 1464 quat
2766 1393 2896 1448 nihil
2919 1395 2985 1448 ad
3011 1408 3110 1449 nos
3133 1404 3376 1464 spectant
3403 1395 3726 1464 garrientes,

2122 1494 2290 1539 totum
2323 1487 2643 1540 insumimus
2673 1486 2918 1540 collecta:
2947 1495 3176 1554 tempus.
3213 1485 3347 1540 Cum
3381 1486 3560 1555 itaque
3589 1498 3644 1540 et
3675 1487 3726 1539 in

2119 1578 2324 1646 exiguis
2349 1587 2404 1632 et
2433 1579 2482 1631 itt
2513 1579 2754 1648 magnis,
2787 1586 2842 1632 et
2879 1579 2930 1631 ia
2959 1578 3146 1632 auditu
3175 1587 3229 1632 et
3258 1578 3310 1632 itt
3341 1586 3485 1639 actu,
3515 1588 3569 1632 et
3598 1577 3728 1631 foris

2119 1681 2172 1724 et
2218 1672 2352 1722 intra
2398 1671 2721 1734 ecclesiam,
2766 1671 2837 1724 ita
2877 1671 3044 1724 simus
3082 1669 3326 1733 desides,
3367 1677 3566 1737 praeter
3610 1669 3726 1722 Ita-c

2119 1763 2296 1816 onmia
2327 1761 2488 1815 etiam
2519 1770 2705 1816 contra
2736 1760 2982 1815 inimicos
3027 1775 3309 1830 precemur
3339 1779 3350 1814 :
3386 1759 3530 1814 unde
3571 1773 3725 1827 Spem

2117 1857 2306 1912 salutis
2338 1856 2655 1911 habebimus
2681 1897 2694 1918 ,
2743 1870 2863 1909 cum
2897 1863 2976 1908 tot
3006 1853 3273 1923 tantisque
3302 1853 3536 1922 peccatis
3566 1853 3723 1907 addi-

2119 1960 2414 2004 tamentum
2443 1948 2586 2002 aliud
2613 1947 3011 2016 gravissimum,
3043 1961 3137 2014 par
3165 1945 3451 2014 prioribus,
3480 1945 3715 2014 iniquam

2119 2056 2310 2108 nempe
2341 2039 2481 2092 illam
2511 2039 2809 2092 orationem
2837 2035 3194 2106 adjiciamus?
3233 2037 3314 2089 Att
3349 2050 3478 2105 ergo
3521 2035 3723 2088 miran-

2116 2134 2241 2187 dum
2269 2176 2282 2196 ,
2326 2133 2370 2186 si
2397 2132 2524 2202 quid
2566 2131 2722 2185 nobis
2749 2131 2872 2185 mali
2903 2132 3324 2200 inesspectatum
3356 2128 3571 2194 accidit,
3601 2143 3724 2183 eum

2091 2218 2298 2281 contra
2333 2226 2632 2304 mirandum
2663 2236 2807 2280 esset
2835 2226 2880 2278 si
2921 2240 3026 2278 non
3066 2222 3361 2278 acciderit?
3403 2222 3535 2277 Illud
3578 2223 3724 2278 enim

2117 2333 2179 2371 ex
2209 2317 2592 2386 consequentia
2627 2331 2805 2370 rerum
2838 2325 2958 2380 est;
2993 2316 3095 2369 hoc
3121 2325 3299 2369 autem
3345 2325 3538 2384 przeter
3564 2318 3726 2370 ratio-

2117 2425 2237 2462 nem
2255 2418 2318 2462 et
2341 2409 2799 2478 exSpectationem
2824 2418 2985 2462 esset.
3005 2409 3214 2462 Etenim
3236 2421 3432 2477 praeter
3463 2411 3723 2466 rationem

2115 2511 2293 2566 esset,
2335 2501 2583 2554 inimicos
2613 2501 2712 2554 Dei
2746 2499 2999 2561 effectos,
3049 2501 3306 2573 illumque
3338 2503 3402 2556 ad
3439 2503 3570 2556 iram
3605 2521 3726 2571 pro-

2115 2604 2370 2648 vocantes
2391 2594 2504 2648 sole
2528 2592 2626 2647 frui
2646 2604 2699 2647 et
2723 2595 2919 2663 pluviis
2941 2595 3168 2664 ollis-que
3183 2595 3453 2660 omnibus,
3481 2595 3726 2649 homines

2117 2687 2448 2739 immanitate
2496 2686 2637 2738 feras
2679 2697 3038 2754 superantes,
3085 2696 3138 2740 et
3182 2687 3318 2740 alios
3360 2696 3546 2740 contra
3590 2687 3724 2739 alios

2115 2789 2355 2842 Stantes,
2403 2792 2466 2831 ac
2497 2778 2724 2845 proximi
2759 2781 2836 2833 sui
2886 2793 3066 2832 morsu
3111 2778 3290 2831 laniati
3336 2778 3592 2845 sanguine
3625 2777 3724 2830 lin-

2112 2886 2271 2941 guant
2303 2880 2690 2931 cruentantes;
2728 2882 2844 2940 post
2875 2887 3115 2925 mensam
3163 2871 3302 2926 illam
3350 2871 3678 2939 spiritualem
3707 2911 3720 2932 ,

2113 2971 2167 3017 et
2197 2973 2274 3018 tot
2319 2961 2579 3018 beneficia
2606 3005 2618 3027 ,
2650 2965 3038 3032 innumeraque
3067 2971 3354 3032 praecepta.
3393 2943 3517 3014 I'I;re
3547 2962 3725 3032 itaque

2116 3061 2442 3130 cogitantes,
2486 3058 2636 3110 vit-us
2675 3071 2987 3111 evomamus
3013 3099 3026 3121 ,
3074 3056 3345 3110 solvamus
3381 3057 3718 3119 ltiltttit‘lliaS,

2115 3164 2166 3207 et
2195 3166 2400 3221 preces,
2431 3168 2550 3219 qtl'n
2579 3162 2957 3204 consentanea:
2990 3149 3142 3203 nobis
3168 3149 3295 3215 sint,
3331 3148 3631 3214 fundamus,
3662 3163 3725 3203 ac

2117 3251 2232 3304 vice
2262 3251 2608 3304 dmntouiacae
2644 3246 2781 3300 illius
2812 3245 3038 3298 feritatis
3067 3244 3382 3313 angelorum
3415 3254 3726 3297 mansuetu.

2115 3342 2292 3396 dinem
2322 3356 2658 3396 assamamus
2689 3358 2700 3392 :
2735 3348 2787 3394 et
2825 3338 3270 3407 quantiscumque
3312 3337 3518 3405 injuriis
3557 3337 3726 3389 simus

2115 3435 2324 3504 affecti,
2375 3452 2493 3505 qua:
2541 3437 2778 3503 ipsorum
2824 3442 2950 3491 sunt
2996 3439 3174 3484 nostra
3222 3445 3343 3484 esse
3387 3430 3722 3500 cogitantes,

2117 3544 2325 3583 necnon
2369 3529 2673 3583 mercedem
2717 3526 2870 3580 nobis
2917 3540 3016 3594 pro
3064 3524 3164 3577 hoc
3195 3531 3408 3577 servato
3455 3529 3726 3592 praecepto

2117 3620 2440 3690 repositam,
2484 3619 2734 3674 sedemus
2767 3619 2934 3682 iram,
2987 3615 3178 3669 fluctus
3222 3615 3580 3684 repritnamus
3607 3653 3621 3676 ,
3671 3621 3725 3665 ut

2118 3721 2438 3782 prresentem
2483 3711 2646 3765 vitam
2689 3712 2806 3764 sine
2847 3708 3253 3779 perturbatione
3287 3705 3623 3765 emetiamur,
3673 3713 3727 3757 et

2117 3803 2242 3856 illuc
2268 3801 2613 3856 advenientes
2644 3801 2802 3853 talem
2832 3799 3175 3867 experiantur
3204 3796 3507 3859 Dominum,
3541 3797 3726 3864 quales

2117 3909 2214 3948 nos
2243 3908 2367 3963 erga
2399 3907 2691 3948 conservos
2719 3891 2996 3946 fuerimus.
3026 3888 3181 3957 Quod
3224 3891 3266 3942 si
3311 3903 3473 3958 grave
3502 3887 3631 3940 illud
3673 3900 3727 3942 et

2118 3986 2360 4040 terribile
2391 3987 2478 4049 sit,
2506 3985 2623 4038 leve
2647 3983 2876 4052 idipsutn
2899 3993 2952 4037 et
2981 3979 3338 4035 desiderabile
3366 3979 3642 4042 faciamus,
3673 3988 3728 4032 et

2115 4079 2423 4149 splendidas
2464 4077 2672 4132 fiduciae
2698 4091 2826 4146 erga
2861 4076 3008 4129 illum
3042 4084 3239 4128 nostra:
3282 4073 3474 4143 ianuas
3510 4073 3725 4140 aperia-

2117 4189 2270 4237 mus;
2317 4188 2379 4227 ac
2425 4171 2565 4242 quod
2614 4188 2719 4225 non
2755 4172 3029 4238 potuimus
3069 4167 3284 4236 assequi
3329 4166 3652 4221 abstinendo
3695 4183 3725 4219 a

2118 4265 2384 4336 peccatis,
2440 4265 2541 4318 hoc
2575 4277 2928 4332 assequamur
2969 4275 3063 4330 per
3113 4261 3582 4313 mansuetudinem
3625 4272 3726 4310 no-

2117 4370 2282 4416 stram
2313 4374 2436 4428 erga
2469 4372 2562 4412 eos
2593 4357 2681 4426 qui
2713 4358 2761 4408 in
2788 4370 2891 4408 nos
2923 4361 3310 4424 peccaverunt;
3363 4367 3534 4421 neque
3577 4352 3723 4405 enim

2115 4470 2276 4524 grave
2316 4451 2442 4506 illud
2482 4449 2566 4505 vel
2611 4449 2893 4502 molestum
2935 4457 3046 4512 eet;
3098 4462 3160 4500 ac
3197 4447 3452 4500 beneficia
3495 4444 3725 4499 inimicis

2117 4545 2313 4601 nostris
2342 4542 2704 4607 conlerentes,
2739 4541 2960 4593 multant
3002 4538 3155 4591 nobis
3183 4538 3532 4592 conciliemus
3562 4538 3723 4591 mise—

2117 4639 2423 4695 ricordiam.
2458 4638 2546 4691 Sic
2577 4637 2717 4690 enim
2762 4645 2815 4688 et
2862 4635 2912 4687 in
2945 4633 3193 4702 prmsenti
3235 4633 3343 4685 vita
3376 4631 3441 4684 ab
3470 4631 3723 4685 omnibus

2116 4731 2433 4793 amabimur,
2482 4723 2536 4781 et
2580 4742 2688 4796 pra:
2732 4725 2943 4779 carteris
2987 4723 3238 4777 omnibus
3280 4725 3418 4776 Deus
3463 4722 3575 4793 ipse
3624 4738 3724 4776 nos

2116 4824 2318 4878 amabit
2345 4833 2400 4876 et
2428 4820 2711 4877 coronabit
2759 4839 2770 4872 :
2817 4834 3023 4888 nosque
3052 4817 3246 4871 futuris
3273 4818 3521 4872 omnibus
3567 4817 3724 4871 bonis

2115 4915 2423 4986 dignabitur
2471 4931 2483 4965 :
2536 4928 2654 4982 qua:
2702 4912 2904 4964 utinam
2950 4925 3140 4963 omnes
3191 4909 3402 4978 assequi
3456 4909 3736 4976 pessima»

2116 5009 2280 5080 gratia
2311 5018 2363 5062 et
2390 5005 2720 5074 benignitate
2750 5002 2958 5058 Domini
2993 5004 3159 5057 nostri
3198 5001 3323 5057 Jesu
3355 5002 3589 5066 Christi,
3653 5013 3736 5061 (me

2116 5103 2283 5174 gloria
2310 5113 2365 5156 et
2391 5098 2674 5169 imperium
2707 5097 2756 5150 in
2786 5095 2981 5151 sarcula
3011 5096 3353 5151 saeculorum.
3401 5099 3593 5150 Amen.

428 5269 3653 5295 MM

1600 5361 1949 5422 HOMILIA
1997 5360 2146 5420 XX.
2194 5359 2279 5421 al.
2329 5356 2509 5418 XXI.

406 5499 538 5556 Car.
573 5498 627 5554 6.
661 5515 710 5551 v.
743 5500 829 5556 16.
869 5499 996 5554 Cum
1037 5510 1204 5554 autem
1246 5501 1492 5570 jejunatis
1513 5542 1527 5565 ,
1561 5502 1716 5555 nolite
1747 5501 1852 5567 ﬁeri
1882 5503 2009 5555 sicut

482 5589 761 5662 hypocrita?
805 5591 985 5644 tristes.
1037 5589 1388 5644 Exterminant
1426 5592 1559 5644 enim
1589 5591 1742 5660 facies
1769 5606 1920 5657 suas,
1956 5600 2009 5643 ut

479 5691 763 5753 appareant
793 5682 1073 5736 hominibus
1091 5683 1407 5754 jejunantcs.

490 5775 537 5828 Ι.
597 5773 691 5828 llic
737 5773 923 5830 acerbe
969 5788 1182 5843 gemere
1236 5783 1288 5830 et
1339 5773 1538 5843 ejularc
1595 5788 1691 5838 nos
1735 5775 2002 5832 convenit.

2119 5497 2235 5552 Non
2260 5497 2431 5552 solum
2455 5495 2599 5550 enim
2624 5494 2932 5567 bypoeritas
2952 5498 3242 5562 imitamur,
3265 5496 3359 5552 sed
3379 5496 3538 5550 etiam
3567 5511 3721 5563 supe-

2118 5605 2302 5646 ramus
2325 5589 2463 5644 illos.
2492 5588 2627 5644 Novi
2656 5591 2818 5652 enim,
2855 5589 2977 5644 novi
2999 5597 3144 5644 certe
3175 5590 3398 5653 multos,
3435 5603 3539 5641 non
3566 5588 3722 5640 modo

2118 5683 2205 5753 qui
2231 5683 2479 5757 jejunant
2503 5692 2555 5735 et
2585 5696 2704 5736 sese
2721 5691 2993 5738 ostentant
3014 5721 3028 5747 ,
3047 5679 3141 5737 sed
3166 5682 3322 5737 etiam
3349 5680 3439 5749 qui
3460 5695 3566 5733 non
3590 5678 3718 5747 jeju-

2117 5785 2313 5834 nantet
2337 5775 2690 5848 jejunantiunt
2719 5788 3004 5845 personam
3035 5789 3142 5846 pra:
3160 5789 3219 5830 se
3246 5773 3440 5840 fet-unt,
3474 5783 3712 5842 peccati)
