4066 6502
324 391 424 446 9.37
1054 379 1111 435 S.
1151 377 1425 434 JOANNIS
1462 371 1940 429 CllllYSOSTOMl
1977 364 2286 423 ARCIIIEI’.
2333 366 2857 423 (‘thSTAN'l‘lNOR
3501 377 3607 432 (εδδ

321 524 426 576 que
447 508 560 575 ipso
573 501 871 574 graviorem
888 496 1282 551 excusationem
1300 491 1544 546 afferunt.
1566 487 1674 540 lloc
1692 480 1917 576 facio-in-

326 573 533 666 quiunt,
559 573 624 648 ne
647 592 828 646 multis
852 585 1173 643 ol'fendiculo
1203 584 1324 636 sim.
1365 579 1498 647 Quid
1527 577 1698 631 dicis?
1731 573 1916 627 Divina

327 690 411 743 lex
438 695 522 741 est
552 700 669 754 qua:
693 684 792 735 hoc.
824 679 1080 751 prmcipit,
1124 688 1177 730 et
1206 686 1257 728 tu
1296 669 1668 727 ofleudiculum
1707 677 1917 719 memo-

328 778 448 833 ras?
478 788 532 833 et
559 778 602 830 si
635 773 904 829 custodias
931 771 1071 824 illam
1096 809 1110 831 ,
1142 764 1459 820 offendicula
1481 775 1601 817 esse
1639 773 1791 829 putas
1818 798 1833 817 ,
1873 755 1917 808 si

330 886 435 925 non
468 869 759 930 custodias,
798 861 990 918 secus?
1016 859 1205 929 ecquid
1237 860 1308 912 sit
1369 857 1453 911 his
1528 853 1746 921 ineptiis
1817 846 1914 900 de—

329 964 494 1017 terius
523 962 579 1014 ‘1?
610 963 798 1014 Annon
823 954 1035 1009 desines
1065 948 1359 1022 hypocrisis
1387 961 1506 1000 esse
1536 945 1702 1013 pejor,
1737 940 1912 1009 dupli-

329 1065 551 1120 cemque
595 1047 897 1119 hypocrisin
937 1057 1226 1112 usurpare,
1253 1055 1318 1093 ac
1367 1047 1567 1091 tantum
1595 1034 1708 1086 vitii
1758 1047 1915 1086 cacu-

331 1157 453 1196 men
480 1138 820 1208 excogitare?
849 1151 973 1189 unm
1001 1135 1114 1188 sine
1139 1133 1338 1201 pudore
1361 1129 1485 1184 dicti
1519 1126 1672 1196 hujus
1696 1124 1915 1194 empha-

330 1236 430 1291 sim
459 1233 754 1309 percipies?
773 1231 888 1286 Non
910 1230 1081 1284 solum
1110 1229 1272 1291 enim,
1303 1225 1492 1294 inquit,
1520 1220 1792 1284 simulant,
1821 1218 1914 1309 sed

332 1337 385 1380 ut
409 1326 526 1379 illos
556 1308 921 1377 vehementius
957 1327 1169 1390 pungat,
1216 1315 1565 1369 Exterminant
1602 1312 1733 1365 enim
1763 1308 1916 1381 facies

331 1436 478 1480 suae,
511 1417 562 1471 id
603 1426 706 1480 est,
730 1421 1094 1480 corrumpunt,
1130 1408 1372 1478 perdunt.
1403 1405 1460 1459 Si
1499 1415 1673 1458 autem
1705 1402 1806 1456 hoc
1833 1407 1917 1454 est

334 1512 484 1566 faciei
507 1508 906 1566 exterminatio,
935 1504 999 1557 ad
1028 1517 1220 1556 vanam
1257 1499 1480 1570 gloriam
1508 1511 1626 1551 sese
1657 1494 1913 1565 pallidum

333 1603 588 1660 exhibere
608 1643 622 1667 ,
669 1598 794 1668 quid
824 1594 1105 1649 dicendum
1135 1592 1199 1645 de
1229 1589 1562 1651 mulieribus,
1596 1601 1714 1656 qua:
1757 1585 1916 1637 facies

333 1711 456 1751 suas
483 1693 765 1763 pigmentis
794 1697 849 1743 et
869 1687 999 1741 fucis
1031 1693 1380 1753 corrumpunt
1404 1681 1468 1733 ad
1502 1679 1787 1748 perniciem
1813 1677 1914 1728 im-

334 1786 645 1854 pudicorum
668 1778 959 1852 juvenem?
991 1777 1068 1830 Illi
1111 1776 1250 1828 enim
1280 1774 1377 1827 sibi
1422 1773 1552 1840 ipsis
1582 1779 1783 1822 tantum
1817 1783 1915 1819 no-

335 1886 499 1931 cent:
530 1875 612 1928 hae
642 1888 771 1927 vero
817 1879 872 1924 et
921 1869 1021 1924 sibi
1065 1876 1120 1921 et
1149 1867 1210 1919 iis
1238 1865 1327 1934 qui
1379 1864 1519 1931 ipsas
1560 1860 1913 1929 couSpiciunt.

336 1968 670 2036 Quapropter
695 1974 749 2017 et
795 1965 931 2015 hanc
958 1971 1008 2014 et
1053 1959 1193 2012 illam
1241 1966 1442 2027 pestem
1473 1954 1693 2007 omnino
1739 1951 1918 2020 fugere

337 2075 432 2129 par
458 2068 559 2113 est.
587 2057 701 2111 Non
730 2055 898 2108 solum
939 2051 1081 2106 enim
1120 2049 1280 2119 jussit
1324 2062 1427 2100 non
1457 2059 1575 2098 sese
1624 2053 1914 2105 ostentare,

336 2149 429 2204 sed
457 2148 617 2201 etiam
649 2146 696 2199 id
725 2144 958 2205 studere,
993 2151 1050 2196 ut
1077 2143 1275 2194 lateant
1305 2155 1318 2191 :
1363 2136 1501 2207 quod
1529 2145 1582 2190 et
1609 2136 1721 2203 ipse
1765 2142 1918 2187 antea

337 2237 554 2295 fecerat.
579 2237 652 2290 De
679 2236 1011 2303 eleemosyna
1041 2245 1217 2300 porro,
1261 2243 1363 2282 non
1393 2227 1704 2296 simpliciter
1730 2227 1795 2279 ita
1826 2239 1919 2292 pn-

339 2332 437 2383 suit
464 2345 476 2392 ;
506 2327 600 2382 sed
636 2341 754 2379 cum
778 2325 999 2378 dixisset
1026 2338 1038 2373 :
1070 2321 1323 2374 Attendile
1354 2335 1414 2371 ne
1443 2319 1806 2386 elecmosynam
1839 2317 1918 2385 fa-

337 2421 482 2472 ciatis
509 2435 676 2471 coram
700 2415 982 2470 hominibus
1003 2454 1016 2477 ,
1046 2412 1274 2479 adjecit,
1312 2410 1376 2464 Ut
1407 2409 1674 2462 videamini
1716 2407 1777 2459 ab
1807 2407 1876 2459 eis
1900 2421 1919 2467 ;

337 2514 407 2566 de
453 2511 656 2579 jejunio
693 2518 868 2562 autem
918 2515 974 2560 et
1020 2504 1261 2558 oratione
1293 2502 1419 2555 nihil
1449 2501 1622 2555 simile
1661 2499 1917 2553 decrevit.

337 2602 445 2655 Cur
478 2600 601 2654 illud
624 2600 646 2651 ’ἔ
677 2598 804 2664 Quia
838 2598 1174 2664 cleemosyna
1223 2594 1387 2645 latere
1433 2593 1632 2660 nequit,
1659 2590 1919 2658 jejunium

338 2703 510 2747 autem
533 2702 584 2745 et
605 2689 773 2743 oratio
801 2686 1054 2740 occultari
1088 2693 1279 2753 potest.
1313 2683 1460 2737 Sicut
1489 2684 1662 2748 itaque
1689 2695 1806 2732 cum
1834 2679 1917 2732 di-

339 2785 432 2842 xit,
469 2781 671 2833 Nesciet
692 2779 895 2831 sinislra
937 2787 1023 2829 tua
1045 2775 1163 2845 quid
1185 2775 1306 2841 facit
1338 2774 1543 2825 dextera
1565 2782 1650 2822 tua
1672 2812 1685 2835 ,
1720 2785 1822 2823 non
1852 2770 1920 2823 de

338 2873 587 2927 manibus
613 2872 864 2938 l0quutus
899 2878 1002 2933 est,
1052 2866 1144 2919 sed
1175 2865 1435 2933 signitical
1464 2872 1711 2930 Oportere
1735 2876 1921 2914 onmes

336 2966 536 3028 celari;
567 2972 620 3018 et
649 2960 944 3030 cumjussit
974 2961 1025 3011 in
1056 2957 1355 3012 cubiculum
1399 2955 1619 3016 intrare,
1654 2968 1758 3006 non
1788 2950 1916 3004 illud

338 3056 630 3127 prmscrtim
675 3051 917 3121 prtecipit
967 3058 1022 3102 ut
1053 3049 1120 3103 ibi
1169 3062 1485 3116 precemur,
1550 3044 1644 3099 sed
1693 3043 1918 3111 idipsum

336 3149 495 3203 etiam
525 3143 871 3201 subindicavit
904 3142 1019 3194 :sic
1046 3148 1099 3194 et
1145 3138 1244 3191 hoc
1282 3139 1397 3190 loco
1436 3150 1554 3188 cum
1590 3134 1916 3203 jejunantem

337 3255 457 3295 sese
483 3252 682 3308 ungere
699 3234 877 3304 jussit,
902 3247 1006 3286 non
1028 3231 1246 3284 omnino
1269 3227 1524 3296 praacipit,
1556 3235 1612 3280 ut
1641 3239 1737 3278 nos
1767 3226 1917 3276 inun-

337 3343 542 3403 gamus,
580 3341 699 3382 nam
730 3339 916 3379 onmes
944 3323 1080 3375 hanc
1107 3318 1400 3388 transgredi
1424 3319 1592 3387 legem
1621 3316 1922 3383 deprehen—

338 3428 623 3487 di-rcmur;
653 3422 882 3475 maxime
921 3419 952 3471 ii
1001 3418 1051 3471 in
1083 3415 1265 3486 primis
1295 3414 1381 3482 qui
1422 3412 1678 3482 jejunium
1702 3424 1921 3465 scrvare

339 3517 548 3570 student
570 3555 584 3578 ,
616 3512 992 3566 monachorum
1027 3507 1234 3577 populi,
1267 3506 1353 3574 qui
1387 3515 1594 3557 montes
1636 3510 1914 3569 occupant.

339 3608 452 3663 Non
486 3596 659 3674 itaque
691 3603 791 3655 hnc
833 3601 1102 3670 prtecipit;
1152 3612 1333 3653 verum
1376 3597 1492 3666 quia
1525 3594 1661 3662 apud
1713 3603 1920 3646 veteres

341 3713 458 3753 mos
487 3697 604 3758 fuit,
636 3703 693 3748 ut
718 3708 837 3748 sese
867 3699 1126 3762 ungerent
1155 3705 1273 3742 cum
1303 3688 1354 3742 in
1402 3685 1594 3756 gaudio
1639 3693 1693 3739 et
1741 3684 1918 3737 hetitia

341 3798 700 3852 versarentur,
732 3784 874 3856 quod
903 3784 955 3836 in
1005 3781 1202 3837 Davide
1227 3789 1280 3835 et
1310 3781 1361 3833 in
1395 3779 1608 3833 Dauiele
1655 3777 1797 3832 clare
1842 3776 1922 3829 di-

341 3882 508 3935 scitur
531 3922 544 3946 ,
577 3891 772 3947 ungere
799 3889 858 3928 se
887 3881 1135 3942 Oportere
1165 3871 1317 3947 dixit,
1354 3885 1458 3923 non
1492 3879 1546 3923 ut
1574 3869 1673 3922 hoc
1701 3867 1919 3920 omnino

342 3944 618 4033 faciamus,
655 3944 755 4021 sed
790 3976 847 4018 ιιι
883 3979 1002 4017 cum
1047 3964 1188 4016 onmi
1233 3944 1410 4014 studio
1455 3971 1616 4026 atque
1645 3958 1916 4026 diligentia

344 4064 444 4117 hoc
467 4063 662 4115 bonum
691 4073 981 4112 servemus.
1010 4058 1176 4124 Atque
1204 4063 1260 4107 ut
1293 4053 1469 4107 discas
1499 4068 1611 4106 rem
1643 4053 1710 4106 ita
1740 4068 1797 4105 se
1826 4051 1920 4105 lia-

343 4154 468 4207 bcre
500 4169 511 4203 :
548 4150 637 4205 ille
666 4149 776 4215 ipse
806 4148 893 4217 qui
920 4147 1021 4202 hoc
1041 4145 1217 4198 Verbis
1238 4154 1584 4212 perceperat,
1614 4154 1666 4197 et
1696 4143 1759 4195 de
1781 4142 1920 4195 facto

341 4253 666 4311 exsequutus
695 4249 808 4300 cst;
850 4253 969 4292 cum
1003 4252 1095 4305 per
1121 4235 1465 4305 quadraginta
1493 4233 1608 4288 dies
1639 4234 1916 4302 jejunavit,

341 4331 629 4404 jejnuando
651 4330 822 4392 latuit,
845 4343 1014 4397 neque
1041 4342 1159 4383 sese
1183 4329 1350 4389 tinxit,
1377 4341 1550 4395 neque
1575 4341 1693 4380 sese
1720 4325 1917 4380 abluit:

341 4437 397 4480 et
445 4437 618 4478 tamen
662 4421 867 4476 etiamsi
902 4420 999 4473 hoc
1042 4437 1143 4473 non
1178 4419 1392 4482 iecerit,
1424 4419 1541 4471 sine
1585 4433 1718 4471 vana
1755 4418 1920 4489 gloria

346 4517 577 4569 maxime
603 4515 839 4567 ninnium
884 4521 1050 4564 totum
1077 4510 1299 4580 perfecit
1330 4529 1341 4564 :
1370 4509 1510 4578 quod
1560 4510 1720 4563 etiam
1767 4511 1922 4564 nobis

348 4608 606 4674 prie-cipit,
635 4603 928 4674 hypocritis
954 4603 1005 4655 in
1039 4601 1269 4656 medium
1297 4600 1559 4666 adductis,
1588 4609 1642 4653 et
1667 4599 1925 4655 auditoria

347 4702 445 4754 bus
488 4698 680 4767 duplici
729 4704 994 4765 prmcepto
1034 4695 1084 4749 in
1129 4695 1452 4749 contrarium
1505 4694 1777 4759 avocatis;
1818 4694 1920 4747 ali-

345 4789 471 4859 quid
501 4790 658 4843 etiam
688 4801 779 4855 per
810 4785 936 4839 illud
967 4800 1159 4838 nomen
1185 4826 1197 4847 ,
1233 4783 1626 4854 hypocritarum
1656 4784 1918 4846 videlicet,

347 4879 722 4933 subindicavit.
752 4876 932 4945 Neque
975 4875 1116 4928 enim
1148 4876 1318 4929 solum
1342 4873 1482 4943 quod
1513 4890 1597 4927 res
1625 4884 1765 4928 esset
1795 4875 1921 4928 ridi-

344 4973 482 5031 cula,
527 4984 694 5037 neque
738 4968 875 5036 quod
919 4967 1169 5020 damnum
1201 4965 1421 5019 inferret
1466 4965 1780 5030 maximum,
1829 4963 1920 5018 sed

349 5064 509 5118 etiam
540 5059 678 5131 quod
707 5057 1011 5127 hujusmodi
1058 5057 1257 5111 fallacia
1290 5064 1630 5125 temporanea
1667 5056 1921 5111 exhibea-

350 5167 434 5211 tur
463 5202 477 5214 .
519 5171 547 5208 a
577 5169 735 5223 prava
785 5152 868 5205 illa
898 5150 1322 5218 concupiscrnlia
1365 5149 1596 5203 abducit.
1639 5149 1920 5220 Hypncrita

349 5247 490 5304 enim
515 5243 710 5298 tamdiu
743 5242 934 5296 clarior
963 5248 1220 5309 apparet,
1251 5240 1498 5308 quamdiu
1532 5239 1792 5293 theatrum
1840 5255 1924 5294 sc-

349 5338 481 5391 dcrit
511 5355 522 5389 :
555 5336 660 5388 imo
684 5350 807 5386 vero
829 5347 1001 5400 neque
1029 5341 1150 5384 tunc
1175 5330 1308 5397 apud
1327 5345 1534 5383 omnes.
1559 5328 1760 5383 Norunt
1783 5331 1921 5385 cnim

355 5428 564 5495 plurimi
592 5437 944 5495 spectatorum
970 5426 1055 5491 qui
1079 5439 1198 5477 cmn
1222 5423 1327 5476 sint
1358 5424 1426 5476 illi
1456 5423 1628 5492 qualia
1651 5425 1920 5478 simulent.

352 5519 615 5572 Caeterum
643 5518 812 5570 soluto
845 5519 1070 5576 theatro,
1103 5513 1529 5568 manifestissime
1570 5516 1815 5568 omnibus
1842 5530 1926 5569 rc-

356 5615 614 5670 velautur.
648 5611 758 5665 lloc
786 5610 940 5681 igitur
966 5609 1148 5678 gloria!
1179 5607 1398 5676 cupidos
1432 5609 1533 5677 pati
1567 5608 1923 5664 necessarium

419 5774 432 5804 '
467 5770 661 5828 Quidam
688 5777 811 5816 νδςμ
853 5774 936 5822 har
956 5772 1256 5824 c.1'i‘usati0ne
1279 5775 1506 5823 n'ctcrltts.

2027 495 2247 546 prorsus
2273 492 2373 536 est.
2407 483 2518 536 luto
2561 484 2721 537 etiam
2755 485 2994 552 plurimis
3022 486 3191 553 palam
3211 497 3310 548 (ξεῖ,
3345 502 3448 541 non
3489 506 3608 545 esse

2026 575 2147 629 illos
2177 575 2224 627 id
2256 575 2394 643 quod
2439 590 2558 631 esse
2585 576 2862 641 videntur;
2897 579 2991 632 sed
3019 580 3162 633 larva
3195 581 3365 634 solum
3405 584 3601 653 obtegi.

2023 665 2187 718 Multo
2214 667 2379 735 magis
2412 677 2590 720 autem
2623 676 2801 734 postea
2829 670 3123 736 capientur,
3170 671 3383 738 quando
3430 678 3605 727 omnia

2021 757 2164 810 nulla
2192 767 2245 812 ct
2275 768 2451 825 aperta
2479 765 2655 812 erunt.
2688 759 2915 812 Aliunde
2940 769 3116 813 autem
3159 778 3366 816 rursum
3399 764 3515 818 illos
3541 766 3608 817 ab

2024 845 2311 916 liypocritis
2343 847 2577 913 abducit,
2608 863 2725 901 eum
2762 848 2996 904 ostendit
3046 866 3146 904 non
3176 869 3459 908 onerosum
3489 873 3608 911 esse

2025 948 2368 1007 pra-ceptum.
2385 937 2567 1009 Neque
2584 940 2723 993 enim
2741 940 2998 1009 jejunium
3022 944 3280 1010 extendit,
3302 962 3474 1014 neque
3496 947 3610 999 Ioa-

2023 1032 2139 1099 gius
2176 1030 2286 1085 fieri
2329 1031 2510 1100 jnhet;
2546 1031 2638 1086 sed
2685 1047 2752 1086 ne
2783 1033 2897 1101 ejus
2923 1050 3117 1088 corona
3153 1048 3332 1104 pereat
3389 1040 3606 1092 insistit.

2023 1122 2208 1192 Itaque
2236 1123 2373 1193 quod
2403 1124 2574 1177 solum
2607 1139 2891 1178 onerosum
2918 1127 3149 1192 videtur,
3176 1138 3230 1182 et
3257 1129 3481 1184 nobiSet
3513 1133 3613 1203 hy-

2024 1216 2244 1286 pocritis
2289 1231 2572 1271 Commune
2624 1226 2741 1269 est:
2777 1234 2895 1271 nam
2943 1231 2995 1270 et
3043 1219 3112 1273 illi
3159 1221 3434 1288 jejunant;
3467 1223 3608 1290 quod

2022 1320 2197 1363 autem
2232 1321 2313 1362 est
2345 1309 2672 1364 levissimum
2719 1311 2951 1381 ipsisque
2997 1314 3290 1382 proprium,
3314 1330 3379 1369 ne
3407 1316 3612 1368 scilicet

2021 1402 2326 1457 laborantes
2356 1417 2552 1455 corona
2596 1404 2883 1470 lll'th'llllll‘,
2937 1403 3061 1456 illud
3092 1413 3206 1468 est,
3247 1406 3433 1475 inquit,
3467 1405 3608 1474 quod

2016 1494 2181 1564 jnch
2213 1511 2225 1544 :
2261 1494 2529 1549 laboribus
2575 1495 2705 1548 nihil
2734 1495 2936 1548 addens
2959 1537 2973 1558 ,
3027 1496 3410 1565 mercedesque
3461 1499 3611 1551 vobis

2020 1588 2278 1656 colligens
2299 1603 2420 1642 cum
2458 1589 2717 1643 tutissima
2749 1589 2981 1650 cautela,
3031 1603 3128 1642 uec
3171 1590 3353 1642 sinens
3394 1592 3608 1643 incoro-

2023 1689 2179 1734 natos
2208 1678 2378 1743 abire,
2409 1679 2546 1732 sicut
2569 1679 2643 1733 illi
2672 1680 2889 1744 abeunt,
2929 1681 3018 1749 qui
3049 1680 3234 1734 nolunt
3275 1695 3386 1743 eos,
3435 1683 3522 1750 qui
3556 1683 3608 1734 in

2021 1770 2315 1839 Olympicis
2346 1770 2483 1824 ludis
2513 1771 2808 1834 decertant,
2835 1772 3047 1837 itnitari,
3077 1773 3187 1840 qui,
3220 1781 3366 1825 tanto
3394 1774 3605 1841 populo,

2026 1873 2100 1918 tot
2145 1863 2472 1932 principibus
2523 1864 2869 1926 sedentibus,
2921 1865 3006 1916 uni
3059 1864 3239 1917 volunt
3285 1865 3490 1930 [lacere
3520 1867 3609 1932 qui

2023 1969 2276 2007 coronam
2306 1954 2430 2021 ipsis
2463 1953 2676 2020 tribuat,
2707 1955 2830 2008 licet
2871 1955 2956 2007 ille
2996 1955 3149 2024 longe
3170 1956 3239 2007 sit
3274 1955 3522 2009 inferior:
3556 1967 3610 2009 tu

2023 2060 2149 2097 vero
2177 2060 2297 2098 Clllll
2322 2045 2454 2097 duas
2485 2044 2683 2098 habeas
2714 2045 2952 2099 victoria:
2986 2045 3085 2113 ipsi
3115 2047 3476 2100 monstranda:
3493 2062 3612 2101 cau-

2022 2151 2130 2199 sas,
2158 2148 2264 2189 tum
2300 2136 2442 2205 quod
2471 2137 2558 2191 ille
2590 2138 2806 2206 prtemia
2837 2138 3141 2204 distribuat,
3167 2149 3276 2192 tum
3305 2140 3444 2209 quod
3483 2155 3612 2209 spe-

2023 2239 2227 2283 ctantcs
2257 2244 2446 2282 onmes
2471 2229 2587 2283 sine
2629 2229 2735 2282 ulla
2767 2231 3170 2297 comparatione
3197 2243 3451 2300 superet,
3490 2233 3612 2286 aliis

2025 2329 2075 2373 te
2103 2329 2361 2385 ostentus,
2392 2321 2481 2388 qui
2504 2334 2606 2373 non
2632 2320 2790 2372 modo
2814 2320 2942 2374 nihil
2967 2321 3056 2374 tibi
3087 2321 3340 2390 prodesse
3369 2334 3606 2391 possunt,

2025 2412 2118 2465 sed
2151 2413 2237 2481 qui
2274 2423 2322 2465 te
2354 2413 2585 2466 maxime
2614 2412 2834 2466 laedunt.

2094 2502 2148 2555 2.
2201 2502 2370 2556 Virtus
2412 2504 2687 2570 aliquando
2722 2521 2890 2557 coram
2917 2505 3200 2560 hominibus
3226 2507 3606 2576 glori/imbitur.

2025 2593 2210 2648 Contra
2240 2597 2528 2647 simulatam
2557 2597 2881 2649 virtutem.-——
2904 2600 3169 2660 Attamen,
3200 2599 3389 2668 inquit,
3421 2613 3486 2652 ue
3511 2597 3613 2651 boe

2022 2702 2234 2756 quoque
2263 2687 2514 2756 impedio.
2543 2685 2674 2740 Nam
2703 2689 2745 2742 si
2795 2688 3099 2743 hominibus
3128 2698 3178 2744 te
3203 2691 3486 2744 oStendere
3519 2706 3610 2743 ve.

2027 2780 2112 2838 lis,
2144 2790 2426 2847 exspecta;
2470 2795 2592 2832 nam
2623 2780 2723 2832 hoc
2751 2796 2848 2849 ego
2878 2782 2967 2834 tibi
2998 2781 3351 2839 abundantius
3383 2793 3606 2852 pra-sta-

2025 2871 2114 2936 bo,
2146 2880 2341 2924 etcum
2373 2885 2562 2939 magno
2586 2873 2750 2924 lucro.
2776 2873 2923 2925 Nunc
2940 2874 3078 2926 enim
3107 2883 3155 2928 te
3183 2874 3285 2928 hoc
3310 2876 3376 2929 ab
3403 2891 3464 2929 ea
3495 2891 3611 2944 qua:

2025 2963 2163 3030 apud
2193 2978 2279 3016 me
2303 2972 2383 3015 est
2409 2961 2574 3031 gloiia
2600 2962 2822 3028 divellit,
2856 2966 2991 3019 sicut
3017 2965 3066 3018 id
3110 2965 3382 3035 despicere
3425 2977 3474 3022 te
3503 2985 3614 3023 me-

2025 3070 2145 3109 eum
2174 3056 2421 3122 copulat;
2475 3064 2599 3108 tunc
2643 3071 2769 3109 vero
2797 3057 3042 3111 omnibus
3073 3056 3264 3111 frueris
3293 3074 3412 3112 cum
3447 3059 3610 3112 liber-

2028 3149 2133 3203 tate
2163 3149 2328 3212 omni,
2366 3163 2465 3202 nec
2494 3163 2712 3216 parvum
2744 3157 2865 3203 ante
2893 3148 3117 3203 fructum
3165 3149 3251 3204 hic
3293 3161 3612 3221 excepturus

2022 3255 2099 3302 es,
2130 3240 2270 3309 quod
2299 3254 2487 3310 nempe
2512 3254 2722 3294 omnem
2743 3239 3025 3294 humanam
3047 3239 3269 3309 gloriam
3292 3242 3571 3297 conculces
3593 3284 3608 3307 ,

2025 3342 2078 3385 et
2106 3349 2133 3383 a
2169 3333 2315 3401 gravi
2340 3331 2425 3384 illa
2459 3331 2733 3384 hominum
2759 3332 3017 3385 servitute
3038 3331 3301 3398 libereris,
3333 3334 3472 3388 verae
3504 3335 3610 3388 vir-

2027 3424 2152 3477 tutis
2180 3425 2439 3479 exercitio
2465 3433 2745 3493 przestans.
2784 3424 2932 3478 Nune
2970 3434 3152 3479 contra
3193 3427 3236 3479 si
3267 3427 3356 3481 illo
3389 3427 3611 3481 affectus

2025 3516 2099 3570 sis
2130 3516 2288 3569 modo
2310 3556 2322 3580 ,
2356 3523 2410 3570 et
2446 3515 2490 3568 si
2523 3516 2574 3568 in
2600 3515 2812 3570 deserto
2851 3519 2956 3579 sis,
2991 3517 3133 3570 omni
3179 3532 3376 3572 vacuus
3421 3522 3612 3572 virtute

2026 3609 2132 3663 eris
2159 3650 2170 3669 ,
2205 3623 2309 3660 non
2358 3606 2560 3661 habens
2591 3617 2938 3677 spectatores.
2968 3607 3119 3674 Quod
3149 3618 3294 3663 certe
3321 3619 3401 3663 est
3431 3611 3608 3663 virtuti

2026 3713 2271 3768 magnam
2305 3697 2501 3752 inferre
2543 3695 2946 3762 contumeliam,
2970 3698 3012 3750 si
3043 3713 3148 3751 non
3173 3710 3386 3767 propter
3416 3699 3604 3768 ipsam,

2025 3792 2117 3844 sed
2147 3799 2366 3860 propter
2383 3789 2638 3854 lunarios,
2657 3791 2895 3852 aerarios,
2915 3789 3164 3859 aliudque
3191 3792 3398 3847 forense
3428 3795 3610 3862 vtilgus

2026 3882 2170 3936 illam
2200 3881 2400 3946 adeas;
2433 3891 2490 3935 ut
2514 3891 2568 3935 et
2596 3881 2845 3950 improbi,
2881 3889 2934 3935 et
2963 3881 3050 3949 qui
3080 3881 3147 3935 ab
3187 3883 3272 3936 illa
3326 3884 3477 3954 longe
3523 3885 3608 3938 di-

2024 3982 2166 4028 stant
2192 3981 2244 4026 te
2269 3972 2621 4038 admirentur,
2644 3971 2991 4040 inimicosque
3019 3972 3132 4040 ejus
3155 3987 3313 4027 vocas
3337 3975 3402 4028 ad
3430 3986 3610 4029 osten-

2027 4067 2277 4120 tationem
2307 4073 2362 4120 et
2385 4064 2746 4134 spectaculum
2780 4082 2793 4117 :
2823 4079 2886 4118 ac
2910 4065 2953 4117 si
2981 4064 3101 4134 quis
3124 4066 3311 4133 pudice
3336 4081 3492 4135 agere
3514 4083 3609 4120 ve-

2025 4158 2105 4222 lit,
2138 4171 2240 4209 uon
2297 4165 2513 4224 propter
2576 4156 2746 4223 ipsum
2801 4155 3066 4221 pudicitia:
3131 4155 3352 4220 bonmn,
3411 4157 3504 4212 sed
3556 4167 3614 4212 ut

2029 4247 2234 4317 placeat
2258 4245 2557 4314 impudicis.
2585 4246 2648 4298 Et
2670 4257 2724 4298 tu
2745 4260 2871 4314 ergo
2899 4246 3144 4298 virtutem
3191 4261 3292 4299 nun
3335 4247 3608 4316 eh-gisses,

2027 4339 2126 4393 nisi
2150 4338 2217 4392 ob
2240 4338 2444 4390 virtutis
2471 4338 2714 4391 inimicos
2740 4354 2751 4389 :
2781 4351 2900 4391 cum
2931 4346 3202 4405 oporteret
3228 4353 3346 4392 eam
3371 4340 3449 4392 vel
3489 4339 3611 4394 inde

2027 4432 2226 4494 mirari,
2259 4429 2398 4500 quod
2441 4429 2683 4483 inimicos
2713 4442 2838 4482 suos
2867 4429 3026 4482 etiam
3071 4429 3372 4485 laudatores
3398 4430 3608 4485 habeat.

2029 4523 2289 4577 Admirari
2318 4538 2444 4592 ergo
2476 4521 2619 4575 illam
2651 4530 2877 4590 oportet,
2916 4529 2971 4575 ut
3017 4537 3108 4590 par
3133 4534 3235 4588 est,
3267 4539 3371 4576 non
3395 4537 3614 4594 propter

2029 4617 2183 4677 alios,
2208 4615 2296 4668 sed
2321 4623 2543 4688 propter
2573 4614 2740 4684 ipsam
2773 4632 2786 4668 :
2818 4613 3243 4685 quandoquidem
3284 4629 3382 4669 nos
3425 4618 3610 4682 etiam,

2029 4709 2239 4780 quando
2258 4726 2359 4763 non
2385 4719 2601 4779 propter
2633 4725 2728 4763 nos
2754 4709 2918 4778 ipsos,
2951 4709 3043 4763 sed
3070 4718 3286 4778 propter
3309 4710 3443 4763 alios
3467 4727 3614 4764 ama-

2030 4818 2165 4864 mur,
2193 4803 2565 4857 contumeliam
2599 4802 2649 4856 id
2674 4816 2792 4855 esse
2817 4811 3078 4869 ponimus.
3106 4800 3216 4856 lloc
3246 4801 3414 4870 ipsum
3435 4801 3612 4872 itaque

2029 4895 2096 4949 de
2123 4896 2314 4948 virtute
2338 4895 2497 4948 etiam
2518 4903 2700 4963 reputa
2724 4909 2738 4957 ;
2769 4907 2938 4962 neque
2969 4900 3186 4963 propter
3205 4893 3347 4974 alios
3376 4908 3495 4949 eam
3521 4911 3612 4948 se-

2029 4999 2213 5054 quare,
2250 4999 2422 5055 ncque
2450 4993 2670 5054 propter
2718 4982 2960 5038 homines
3004 4983 3112 5037 Deo
3137 4983 3447 5053 obsequar-is
3472 5025 3487 5048 ,
3517 4984 3611 5038 sed

2030 5087 2246 5147 propter
2275 5078 2437 5131 Deum
2489 5077 2816 5139 hominibus;
2847 5077 2892 5130 si
2939 5092 3064 5131 vero
3086 5077 3406 5131 contrarium
3428 5076 3610 5142 facias,

2029 5171 2152 5224 licet
2175 5171 2418 5224 virtutem
2467 5168 2614 5224 adire
2648 5169 2875 5224 videaris
2899 5213 2912 5234 ,
2944 5170 3160 5238 perinde
3187 5170 3334 5224 illum
3375 5169 3427 5222 in
3480 5169 3610 5223 iram

2029 5263 2328 5328 concitasti,
2355 5278 2416 5318 ac
2444 5264 2486 5317 si
2516 5263 2635 5333 quis
2685 5262 2827 5316 illam
2879 5277 2982 5315 non
3012 5261 3180 5315 adiret
3217 5280 3226 5314 :
3262 5261 3611 5331 quemadmo-

2029 5357 2156 5412 dum
2187 5357 2327 5411 enim
2357 5356 2442 5410 ille
2464 5370 2528 5410 eo
2554 5353 2693 5423 quod
2721 5368 2824 5408 non
2853 5353 3067 5414 faceret,
3101 5351 3458 5422 inobsequens
3479 5353 3574 5406 fuit
3595 5392 3609 5417 ,

2030 5454 2107 5507 sic
2133 5461 2186 5506 et
2229 5460 2279 5503 tu
2311 5465 2374 5504 eo
2413 5448 2551 5518 quod
2585 5463 2688 5501 non
2717 5446 2815 5502 rite
2844 5444 3026 5500 facias.
3053 5445 3137 5500 l9.
3166 5444 3338 5500 Nolite
3366 5445 3608 5498 thesauri-

2029 5561 2146 5598 λανδ
2181 5544 2315 5596 vobis
2343 5545 2601 5596 thesauros
2626 5542 2677 5593 in
2714 5550 2867 5594 terra.
2890 5539 3022 5607 Quia
3051 5541 3192 5593 enim
3239 5555 3388 5593 vana:
3432 5539 3613 5608 gloria:

2032 5634 2275 5689 morbum
2307 5633 2530 5702 expulit,
2561 5640 2858 5700 opportune
2902 5631 3009 5699 jam
3051 5627 3119 5684 de
3158 5629 3456 5683 divitiarum
3485 5645 3610 5681 con-

2036 5741 2231 5799 temptu
2255 5742 2555 5784 sei-nionem
2580 5725 2794 5780 inducit.
2812 5723 2950 5780 Nihil
2973 5724 3113 5779 enim
3140 5722 3207 5778 ita
3229 5723 3293 5779 ad
3311 5723 3610 5778 divitiarum
