4066 6430
292 385 400 442 Εὶὶθ

291 512 546 555 amorem
579 495 846 555 concitat,
888 499 946 545 ut
984 492 996 521 ‘
1031 488 1218 560 gloriae
1256 484 1553 555 cupiditas.
1584 478 1710 535 ideo
1735 491 1892 532 nam-

289 604 404 659 que
435 599 729 644 servorum
761 596 990 655 greges,
1022 576 1406 634 cunuchorum
1431 571 1685 643 agmina,
1719 581 1894 639 equos

281 701 450 744 aureo
502 691 697 739 ornatu
744 678 1008 748 insignes,
1059 679 1344 744 argenteos
1392 678 1631 727 mensas,
1678 661 1890 728 aliaque

281 777 455 848 magis
481 771 707 830 ridenda
732 769 1037 838 excogitant
1059 762 1305 818 homines
1324 801 1338 823 ,
1367 773 1474 813 non
1508 766 1566 810 ut
1593 751 1892 808 necessita-

284 843 399 925 teni
416 865 695 934 expleant,
721 875 890 930 neque
910 867 966 912 ut
986 856 1256 925 voluptate
1278 850 1543 912 fruantur,
1573 843 1668 902 sed
1691 853 1749 898 ut
1771 843 1893 912 plu-

283 962 439 1018 rimis
476 971 600 1014 sese
643 961 932 1010 ostentent.
987 947 1246 1018 Superius
1294 943 1453 1013 igitur
1496 948 1700 1020 taptum
1753 936 1895 990 dixit

283 1048 694 1108 misericordem
722 1059 842 1101 esse
872 1051 1158 1113 oportere;
1184 1038 1270 1090 hic
1290 1048 1420 1089 vero
1449 1032 1606 1086 docet
1631 1037 1892 1101 quantum

283 1144 533 1202 misereri
559 1148 805 1213 oporteat
833 1136 917 1191 his
941 1133 1154 1190 verbis:
1178 1128 1354 1186 Nolite
1367 1125 1728 1181 tlteeaurizare.
1757 1120 1894 1189 Quia

283 1239 432 1295 enim
457 1252 566 1293 non
599 1210 677 1289 ita
702 1231 857 1287 facile
881 1237 999 1284 erat
1038 1225 1188 1281 initio
1216 1210 1520 1287 divitiarum
1556 1226 1895 1284 contemptus

284 1329 588 1386 doctrinam
633 1324 889 1379 inducere
936 1326 1155 1390 propter
1195 1315 1300 1370 vim
1347 1311 1557 1374 morbi,
1612 1317 1894 1376 postquam

286 1420 548 1493 paulatim
573 1415 626 1472 id
657 1415 771 1469 vitii
803 1420 1109 1468 resccuerat
1138 1419 1192 1464 et
1221 1406 1286 1461 ad
1319 1406 1619 1461 libertatem
1651 1400 1895 1454 homines

288 1516 659 1572 revocaverat,
709 1504 761 1559 id
811 1505 864 1557 in
911 1510 1147 1557 mentem
1177 1497 1482 1553 auditorum
1515 1493 1790 1554 inunittit,
1840 1499 1898 1543 ut

285 1604 397 1673 jam
435 1600 646 1656 facilius
675 1597 957 1666 accipiant.
1007 1593 1295 1661 Propterea
1328 1589 1500 1658 primo
1545 1585 1718 1650 dixit,
1754 1580 1898 1635 Beati

289 1690 643 1748 misericordes
670 1687 882 1761 (Hatth.
908 1686 960 1740 5.
987 1684 1080 1753 7);
1130 1689 1312 1752 postea
1353 1687 1528 1733 autem
1551 1720 1566 1745 ,
1617 1675 1744 1731 Esto
1772 1690 1896 1728 con-

290 1785 512 1840 sentiens
531 1780 821 1835 adversario
838 1787 923 1831 tuo
952 1774 1113 1847 (Ibid.
1138 1790 1186 1828 υ.
1207 1773 1299 1827 25.
1330 1771 1446 1842 40);
1468 1769 1682 1833 deinde,
1706 1767 1764 1823 Si
1787 1765 1899 1838 quis

291 1877 506 1932 coluerit
535 1884 697 1928 tecum
711 1870 909 1943 judicio
935 1865 1249 1929 contendere,
1276 1872 1323 1918 et
1352 1862 1576 1916 tunicam
1616 1871 1757 1913 tuam
1796 1857 1910 1911 (οι-ι’

295 1971 400 2024 lere
423 2009 436 2030 ,
470 1967 537 2020 da
563 1967 608 2019 ei
645 1973 692 2018 et
733 1962 982 2033 pallium;
1013 1958 1097 2012 hic
1138 1971 1268 2011 vero
1315 1954 1422 2008 illis
1448 1952 1697 2008 omnibus
1729 1949 1901 2019 majus

293 2059 570 2130 quidpiam
618 2055 794 2110 effert.
839 2053 948 2105 Illic
977 2050 1118 2104 enim
1151 2047 1324 2111 dixit,
1356 2045 1410 2101 Si
1454 2045 1603 2099 litem
1651 2041 1902 2097 intentari

295 2153 501 2218 videas,
532 2150 633 2205 hoc
661 2147 742 2203 lac
772 2166 788 2204 :
817 2145 1008 2202 melius
1033 2143 1177 2199 enim
1195 2150 1400 2198 estnon
1421 2140 1656 2194 retinere
1679 2147 1733 2192 et
1754 2151 1785 2190 a
1812 2135 1904 2190 lite

293 2245 551 2307 liberari,
581 2257 741 2314 quam
773 2240 1007 2296 retinere
1027 2246 1084 2293 et
1110 2236 1342 2306 litigare.
1378 2232 1474 2288 ilic
1502 2245 1629 2286 vero
1658 2243 1758 2285 nec
1807 2228 1902 2282 ad-

299 2339 624 2401 versarium,
667 2348 768 2388 nec
819 2333 910 2387 lite
962 2327 1378 2386 contendentem
1430 2339 1673 2395 ponens,
1733 2334 1906 2390 neque

296 2431 463 2486 alium
481 2426 788 2499 quempiam
811 2423 1040 2478 similem
1069 2432 1397 2482 memorans,
1421 2416 1727 2470 divitiarum
1769 2427 1905 2467 con-

300 2530 565 2592 temptem
593 2519 870 2573 dumtaxat
895 2516 1070 2577 docet,
1101 2511 1393 2566 ostendens
1421 2524 1479 2564 se
1507 2524 1613 2562 non
1647 2517 1753 2561 tum
1785 2519 1910 2574 pro-

299 2621 422 2682 pter
470 2627 567 2666 cos
618 2610 706 2679 qui
758 2624 827 2664 ex
881 2608 1107 2660 aliorum
1163 2601 1532 2658 misericordia
1577 2599 1906 2660 allevantur,

301 2719 465 2774 quam
496 2711 714 2772 prepler
754 2714 848 2754 eos
876 2698 964 2767 qui
1001 2695 1319 2765 largiuntur,
1346 2692 1443 2746 has
1475 2693 1620 2761 leges
1648 2688 1826 2743 ferre:
1855 2695 1913 2740 ut

302 2793 520 2849 etiamsi
565 2805 724 2846 nemo
775 2789 1022 2859 injuriam
1066 2784 1289 2848 inferat,
1336 2797 1496 2837 nemo
1527 2781 1594 2835 ad
1649 2780 1910 2849 judicium

303 2884 516 2946 trahat,
551 2897 670 2952 quas
716 2879 914 2935 adsunt
958 2878 1094 2932 bona
1143 2883 1587 2937 contemnamus,
1619 2869 1912 2940 egenisque

304 2976 603 3031 tradamus.
632 2972 812 3042 Neque
832 2970 922 3025 hic
948 2979 1115 3022 totum
1139 2964 1422 3021 conlertim
1446 2961 1643 3033 posuit,
1667 2960 1759 3015 sed
1786 2975 1913 3028 pau-

306 3072 457 3126 latim
494 3069 638 3124 :etsi
683 3079 809 3119 vero
838 3065 891 3117 in
919 3062 1136 3117 deserto
1181 3057 1472 3113 certamina
1507 3056 1602 3109 has
1645 3055 1788 3108 circa
1830 3065 1915 3106 rrs

308 3177 433 3216 eum
463 3160 512 3212 vi
548 3173 735 3228 magna
759 3153 1114 3217 exhibuisset,
1138 3159 1374 3210 attamen
1409 3147 1460 3204 id
1493 3159 1600 3198 non
1618 3143 1792 3206 all'crt,
1824 3155 1917 3194 ne-

307 3267 416 3323 que
447 3251 500 3305 in
533 3249 768 3304 medium
796 3244 1012 3298 adducit
1045 3258 1058 3293 :
1089 3239 1325 3295 nonduin
1371 3237 1513 3289 enim
1547 3243 1759 3301 tempus
1803 3242 1920 3284 cr.-.t

311 3346 430 3400 lucc
457 3341 725 3406 revelare;
755 3341 850 3392 sed
890 3333 1168 3390 ratiocinia
1200 3327 1445 3408 quaedam
1478 3326 1698 3387 excutit,
1727 3337 1918 3377 consu-

311 3435 473 3491 lentis
499 3435 680 3504 potius
699 3443 857 3499 quam
887 3412 1423 3497 lcgislatoris‘munus
1439 3419 1648 3472 obiens.
1676 3416 1810 3469 Cum
1842 3413 1921 3465 di-

311 3524 646 3585 xissetenim
669 3563 682 3588 ,
716 3521 889 3575 Nolite
919 3517 1264 3573 thesaurizare
1301 3515 1352 3566 in
1376 3522 1509 3564 terra
1532 3552 1548 3578 ,
1593 3508 1864 3576 .Sllbjtlflxll
1905 3524 1917 3557 :

319 3619 416 3675 Ubi
451 3632 629 3688 mgo
665 3624 712 3668 et
741 3614 874 3668 tinea
900 3610 1190 3671 demolitur,
1227 3617 1273 3659 et
1309 3604 1394 3657 ubi
1427 3607 1565 3674 fures
1600 3599 1846 3667 cﬂodiunt
1875 3607 1921 3650 et

318 3716 587 3784 furanlur.
619 3704 774 3761 Nunc
818 3701 1054 3756 ostendit
1081 3697 1279 3754 terreni
1331 3694 1569 3749 thesauri
1602 3707 1800 3746 noxam
1824 3731 1838 3754 ,
1871 3697 1925 3742 ct

315 3800 546 3854 cmlestis
578 3797 900 3860 utilitatem,
944 3802 1055 3846 tum
1084 3805 1112 3841 a
1146 3789 1298 3853 loco,
1342 3795 1451 3839 tum
1529 3783 1597 3837 ab
1673 3779 1919 3836 adversi-

323 3891 550 3946 tatibus.
630 3885 819 3956 Neque
895 3883 981 3937 hic
1022 3879 1242 3952 gradum
1271 3879 1432 3942 sistit,
1462 3874 1558 3931 sed
1587 3873 1732 3928 aliud
1765 3871 1924 3927 indu-

317 3982 391 4036 cit
429 3979 806 4042 ratiocinium;
849 3985 903 4030 et
933 3974 1148 4045 quidem
1184 3973 1355 4041 primo
1383 3971 1452 4023 ab
1478 3969 1616 4032 illis,
1665 3982 1784 4037 qua!
1817 3981 1925 4018 ma-

318 4074 461 4128 xime
500 4070 715 4136 timent,
753 4067 1046 4122 cohortans
1074 4065 1214 4118 illos.
1245 4061 1404 4129 Quid,
1436 4059 1625 4130 inquit,
1651 4057 1839 4110 times?
1863 4072 1929 4111 ne

319 4163 660 4218 insnmantur
680 4159 920 4230 pecunia:
946 4158 990 4212 si
1014 4155 1228 4211 dederis
1243 4150 1672 4223 cleemosynant?
1704 4150 1774 4203 Da
1801 4163 1932 4217 ergo

319 4257 761 4325 clcemosynam,
819 4263 872 4307 et
919 4261 1045 4304 tunc
1093 4263 1200 4302 non
1241 4232 1590 4300 absumuntur
1632 4262 1644 4296 :
1680 4241 1931 4312 quodque

324 4348 500 4416 majus
528 4353 632 4408 est,
658 4359 766 4398 non
795 4342 957 4396 modo
978 4356 1083 4395 non
1115 4339 1487 4401 absumentur,
1524 4336 1617 4390 sed
1646 4335 1806 4388 ctiam
1833 4333 1928 4388 ad-

323 4437 678 4492 ditamentum
721 4436 893 4502 majus
918 4433 1230 4500 accipient:
1277 4431 1478 4484 etenim
1522 4432 1657 4483 bena
1697 4428 1932 4481 caelestia

323 4529 667 4599 adjicientur.
707 4526 899 4581 Verum
934 4524 984 4579 id
1012 4523 1186 4578 adhuc
1234 4537 1341 4577 non
1386 4521 1536 4584 dicit,
1568 4519 1661 4574 sed
1691 4519 1792 4573 sub
1821 4519 1935 4572 ha-c

328 4621 536 4689 adjicit.

404 4712 458 4765 ὅ.
503 4707 709 4779 Duplici
739 4709 939 4762 ratione
969 4706 1198 4761 Christus
1221 4706 1286 4758 ad
1309 4705 1682 4776 cleemosynum
1704 4703 1933 4756 adducit.

335 4799 583 4856 Pecunias
598 4814 750 4868 quam
789 4799 988 4869 dific-ile
1017 4806 1301 4852 servantur.
1336 4795 1487 4860 Quod
1531 4795 1706 4849 oculus
1736 4795 1939 4862 corpori

334 4904 428 4957 est,
455 4891 508 4945 id
538 4890 711 4942 animo
741 4887 1249 4942 homini—interim
1275 4900 1402 4940 vero
1427 4885 1476 4938 id
1504 4885 1646 4954 quod
1680 4886 1798 4937 illos
1823 4897 1938 4936 nta-

334 4987 481 5038 xime
505 4980 778 5036 cohortari
818 4988 1044 5048 poterat,
1077 4979 1131 5032 in
1181 4977 1416 5032 medium
1459 4977 1694 5040 adducit,
1744 4989 1942 5042 neu-ipe

337 5075 652 5128 thesaurum
676 5071 934 5127 intactum
959 5069 1180 5133 servari,
1209 5079 1260 5123 et
1287 5070 1535 5138 utrinque
1558 5068 1676 5121 illos
1699 5066 1941 5119 attrahit.

335 5165 452 5219 Non
480 5164 624 5220 enim
649 5163 780 5217 dicit
803 5171 1030 5227 tantum,
1054 5160 1110 5214 Si
1142 5158 1540 5231 clcentosynatn
1595 5159 1904 5229 et-oguvcris
1926 5199 1940 5218 ,

339 5272 401 5308 ea
441 5265 706 5316 servatur,
765 5254 858 5309 sed
905 5253 1231 5307 contrarimn
1283 5252 1682 5305 comminatur:
1722 5248 1803 5303 Si.
1838 5263 1942 5301 non

343 5351 576 5413 dederis,
614 5348 751 5417 perit
779 5349 893 5402 tibi.
943 5348 1005 5401 Et
1055 5346 1174 5400 vide
1216 5343 1537 5399 incll'abiletn
1585 5342 1942 5413 prudentiain.

345 5441 461 5497 Non
490 5441 662 5502 dixit,
693 5441 826 5494 Aliis
852 5439 940 5492 illa
972 5438 1212 5492 dimittes
1245 5455 1257 5489 :
1287 5438 1408 5505 quia
1436 5450 1581 5504 sche
1609 5434 1739 5488 illud
1771 5434 1947 5487 itumi-

350 5539 507 5592 nibus
535 5549 699 5588 suave
734 5545 846 5599 est;
878 5544 1112 5587 attamen
1142 5532 1261 5586 illos
1288 5528 1505 5583 aliunde
1552 5537 1737 5592 terret,
1766 5539 1942 5582 Osten-

349 5628 482 5682 dens
513 5624 727 5681 divitias
761 5640 829 5678 ne
860 5625 1000 5678 illius
1027 5621 1242 5693 quidem
1265 5664 1277 5685 ,
1312 5621 1402 5691 qui
1466 5618 1702 5689 puSsidcl
1722 5662 1735 5682 ,
1789 5633 1904 5672 esse
1935 5655 1946 5681 ,

355 5719 477 5774 licet
528 5719 672 5773 enim
721 5716 958 5770 homines
1003 5716 1068 5769 iis
1122 5729 1225 5769 non
1261 5720 1524 5778 noceant,
1560 5719 1718 5766 erunt
1773 5718 1951 5763 tum-tt

433 5845 447 5874 ν
477 5839 589 5888 Sav.
615 5835 740 5883 Ben.
764 5831 872 5879 add.
903 5842 1054 5879 rauce.

1227 370 1299 426 IN
1340 361 1761 426 MATTIIrEUM
1799 355 2033 416 HOMIL.
2080 355 2197 411 XX.
2241 357 2310 410 al.
2358 353 2498 411 XXI.

3506 350 3612 405 2⁸ὶο

2000 474 2222 527 omnino
2249 473 2338 542 qni
2359 481 2608 538 noceant,
2639 473 2780 527 linea
2812 470 3020 526 scilicet
3047 479 3098 524 et
3127 482 3325 538 :erugo.
3351 468 3616 536 Qnamvls

1999 582 2142 620 enim
2165 567 2318 620 vitari
2344 565 2498 636 facile
2524 580 2685 635 posse
2735 565 2984 619 videatur
3013 563 3127 618 hare
3161 561 3446 632 pernicies,
3475 569 3615 615 atta-

2001 672 2122 712 men
2144 656 2573 727 inexpugnabilis
2593 665 2696 719 est,
2725 670 2828 711 nec
2849 653 3097 724 impediri
3132 661 3327 723 potest;
3358 660 3415 705 et
3443 665 3616 721 quau-

2003 749 2198 803 tumvis
2224 749 2429 819 cogites
2455 763 2562 804 non
2595 747 2799 818 poteris
2827 747 2929 801 hoc
2951 759 3141 801 arcere
3166 743 3444 798 damnum.
3474 742 3614 810 Quid

2001 840 2198 909 igitur?
2225 854 2488 895 anrumne
2517 855 2546 894 a
2577 840 2719 894 tinea
2751 837 3149 906 corrumpitur?
3176 834 3230 890 Si
3257 849 3364 889 non
3393 849 3422 887 a
3448 837 3638 898 tinea,

2002 951 2030 988 a
2063 934 2270 987 furibus
2291 942 2436 988 certe
2463 940 2788 1004 asportatur.
2812 931 2951 999 Quid
2977 929 3152 1000 ergo?
3180 943 3248 982 an
3275 942 3465 981 omnes
3491 940 3618 996 spo-

2003 1027 2116 1081 liati
2145 1041 2174 1078 a
2201 1024 2408 1080 furibus
2435 1025 2598 1080 sunt?
2625 1024 2680 1079 Si
2709 1038 2817 1078 non
2848 1035 3061 1088 omnes,
3108 1028 3162 1073 at
3195 1017 3430 1088 plurimi.
3463 1016 3617 1071 Ideo-

2002 1132 2105 1186 que
2129 1115 2274 1171 aliud
2300 1116 2368 1171 de
2393 1131 2499 1187 quo
2521 1117 2632 1186 jam
2654 1115 2788 1182 dixi,
2815 1113 3020 1169 inducit
3043 1111 3386 1167 ratiocinium
3404 1108 3614 1166 dicens.

2000 1208 2092 1262 2‘2.
2132 1207 2230 1263 Ubi
2257 1209 2528 1264 thesaurus
2550 1209 2792 1274 hominis,
2812 1208 2881 1261 ibi
2910 1216 2956 1261 et
2973 1223 3060 1260 eor
3083 1207 3215 1276 ejus.
3237 1204 3458 1260 Etiamsi
3483 1201 3618 1258 nihil

2004 1299 2198 1355 horum
2231 1301 2464 1367 accidat,
2494 1301 2686 1370 inquit,
2709 1314 2813 1353 non
2840 1313 3028 1369 parum
3058 1296 3292 1367 accipies
3319 1309 3618 1350 nocumen-

2006 1394 2066 1458 ti,
2096 1394 2138 1448 si
2174 1395 2405 1448 terrenis
2438 1393 2633 1448 affixus
2659 1394 2752 1456 sis,
2788 1403 2843 1446 et
2872 1406 2936 1446 ex
2961 1390 3130 1445 libero
3155 1403 3345 1445 servus
3371 1389 3617 1455 elfectus,

2002 1492 2058 1538 et
2075 1484 2116 1537 si
2140 1499 2204 1538 ex
2228 1484 2535 1538 ctelcstibus
2559 1482 2798 1548 excidas,
2819 1479 3057 1550 nihilque
3069 1495 3134 1533 ex
3153 1478 3474 1534 sublimibus
3494 1494 3622 1546 pos-

2003 1575 2080 1629 sis
2127 1576 2385 1646 cogitare,
2416 1575 2516 1630 sed
2564 1574 2825 1645 pecunias
2863 1588 3096 1644 semper,
3131 1587 3341 1635 usuras,
3387 1571 3618 1633 foenore,

2007 1667 2180 1732 lucra,
2206 1665 2869 1738 cauponariasilliberales
2899 1680 2912 1716 :
2955 1680 3063 1735 quo
3103 1663 3228 1734 quid
3261 1663 3622 1720 miserabilius

2021 1772 2458 1833 fueritlEtcnim
2492 1767 2641 1825 omni
2674 1779 2834 1822 servo
2856 1759 3112 1817 miserior
3145 1758 3249 1812 erit
3271 1755 3398 1810 talis
3432 1755 3620 1815 homo,

2019 1868 2308 1940 pessimam
2323 1863 2426 1920 sibi
2453 1858 2793 1934 tyrannidem
2809 1851 3156 1914 arcessens’,
3186 1848 3442 1917 quodque
3464 1842 3626 1898 fune-

2019 1938 2158 2016 stius
2182 1966 2285 2018 est,
2317 1953 2555 2025 prodens
2590 1948 2832 2004 hominis
2857 1944 3198 2000 nobiiitatem
3217 1949 3378 2008 atque
3399 1938 3624 1990 liberta-

2018 2061 2146 2106 tem.
2169 2045 2304 2100 Nam
2326 2052 2770 2113 quantacumque
2789 2037 2884 2091 tibi
2904 2035 3178 2094 dicantur,
3210 2029 3255 2083 si
3281 2041 3436 2082 mens
3456 2040 3623 2095 pecu-

2018 2141 2127 2196 niis
2153 2138 2308 2194 allisa
2331 2135 2516 2197 fuerit,
2536 2131 2673 2187 nihil
2694 2130 2787 2184 tibi
2812 2125 3161 2197 profuturum
3181 2119 3371 2174 audire
3389 2117 3622 2186 poteris;

2018 2233 2112 2292 sed
2127 2227 2592 2303 quemadmodum
2613 2223 2767 2277 canis
2787 2221 2840 2273 in
2867 2217 3082 2274 tumulo
3119 2215 3339 2284 ligatus,
3360 2207 3622 2279 pecunia-

2019 2343 2141 2383 rum
2161 2321 2448 2396 tyrannide
2466 2319 2687 2391 gravius
2710 2329 2873 2383 quani
2895 2320 3085 2366 catena
3111 2305 3368 2377 quapiam
3386 2299 3626 2356 constri-

2020 2427 2165 2482 ctus,
2187 2393 2379 2469 contra
2399 2410 2664 2464 adeuntes
2691 2417 2740 2458 te
2765 2417 2960 2456 omnes
2979 2396 3302 2458 oblatrabis,
3339 2393 3444 2446 hoc
3459 2405 3625 2443 unum

2017 2515 2281 2581 perpetuo
2299 2515 2440 2573 opus
2456 2511 2789 2566 exsequens,
2809 2502 2867 2548 ut
2884 2489 3130 2560 deposita
3151 2499 3443 2541 conserves
3466 2480 3589 2535 aliis
3607 2489 3624 2530 τ

2018 2574 2275 2669 qudquid
2298 2606 2540 2661 unquam
2563 2587 2822 2642 miserius
2841 2581 3054 2638 luerit?
3081 2581 3334 2634 Attamen
3362 2574 3490 2644 quia
3523 2574 3628 2626 hoc

2020 2665 2308 2746 sublimius
2325 2693 2464 2748 erat,
2488 2696 2652 2751 quam
2680 2689 2738 2733 ut
2754 2675 3268 2747 possetauditornm
3290 2681 3443 2720 mons
3461 2665 3628 2719 attin-

2018 2793 2166 2851 gere;
2187 2789 2360 2843 neque
2375 2763 2695 2850 indeprtunt
2708 2768 2975 2821 damnum
2994 2779 3025 2817 a
3043 2761 3229 2814 multis
3246 2756 3402 2811 facile
3421 2763 3632 2824 poterat

2025 2846 2276 2938 intelligi,
2317 2846 2726 2933 neque'lucrnm
2753 2875 2818 2913 ex
2847 2864 3166 2924 contemptu
3188 2859 3371 2904 ortum
3393 2846 3628 2917 percipi,

2019 2961 2116 3015 sed
2162 2935 2504 3027 philosophia
2528 2966 2667 3019 opus
2688 2957 2807 3004 erat
2832 2956 2891 2998 ut
2929 2945 3031 2997 hoc
3073 2935 3589 3009 utrumqneperspi.
3616 2935 3629 2988 ἱ

2021 3025 2212 3117 posset
2233 3063 2244 3097 :
2268 3043 2369 3095 hoc
2386 3049 2509 3110 post
2530 3040 2617 3092 illa
2657 3035 3038 3100 manilestiora
3057 3032 3242 3100 posuit
3273 3031 3465 3082 dicens
3491 3049 3501 3079 :
3530 3025 3632 3078 Ubi

2020 3114 2098 3187 est
2129 3131 2411 3183 thesaurus
2427 3125 2679 3188 hominis,
2697 3119 2770 3174 ibi
2786 3128 2862 3174 est
2877 3129 2924 3172 et
2940 3116 3180 3186 corcjus.
3202 3114 3335 3168 lllttd
3351 3115 3514 3167 etiam
3533 3127 3631 3180 po-

2024 3242 2138 3287 stca
2167 3231 2365 3286 clarius
2394 3228 2559 3284 el'lieit
2618 3241 2645 3278 a
2687 3223 3059 3295 spiritualibus
3089 3222 3154 3277 ad
3203 3222 3477 3276 sensibilia
3523 3235 3638 3274 scr-

2026 3339 2243 3380 moncm
2271 3321 2559 3376 traducens
2603 3319 2687 3372 bis
2733 3317 2914 3372 verbis
2945 3315 3075 3372 ξεῖ.
3128 3314 3362 3369 Lucerna
3412 3316 3641 3384 corporjs

2028 3417 2102 3470 tui
2131 3424 2203 3469 est
2229 3415 2411 3467 oculus
2431 3423 2566 3464 tuus.
2597 3409 2750 3477 Quod
2779 3419 2957 3463 autem
2984 3409 3134 3475 dicit,
3168 3408 3478 3479 ltujnsmodi
3509 3417 3593 3462 est
3623 3425 3638 3461 :

2028 3507 2107 3562 Ne
2136 3504 2380 3561 defodias
2429 3519 2619 3558 aurum
2651 3503 2703 3556 in
2754 3511 2919 3567 terra,
2969 3516 3068 3554 nec
3095 3499 3242 3570 quid.
3267 3500 3372 3553 iam
3423 3500 3637 3554 simile:

2030 3615 2153 3654 nam
2187 3600 2365 3664 tinem,
2384 3597 2608 3668 αξτυςίΠὶ
2632 3605 2685 3650 et
2718 3593 2925 3649 furibus
2948 3593 3064 3648 [nec
3081 3608 3398 3664 congregas.
3421 3591 3644 3646 Etiamsi

2030 3707 2160 3746 vero
2193 3690 2308 3745 lucc
2355 3688 2552 3743 damna
2583 3687 2874 3758 clfugeris,
2931 3684 2982 3739 id
3029 3693 3210 3739 tamen
3257 3699 3363 3738 non
3397 3683 3642 3752 effugies,

2032 3783 2176 3855 quod
2200 3799 2296 3839 cor
2328 3791 2477 3837 tuum
2511 3783 2562 3835 in
2606 3781 2923 3835 servitutem
2957 3777 3253 3850 redigatur,
3312 3786 3368 3832 ct
3419 3779 3648 3832 terrenis

2034 3877 2285 3948 inligatur
2314 3895 2324 3929 :
2356 3875 2456 3932 Ubi
2485 3876 2616 3930 enim
2651 3877 2802 3945 fuerit
2825 3875 3092 3927 thesaurus
3111 3883 3250 3937 tuus,
3278 3871 3347 3924 ibi
3372 3872 3466 3925 erit
3493 3881 3537 3923 et
3561 3887 3650 3922 cor

2037 3978 2197 4022 tuum.
2233 3967 2288 4022 Si
2319 3982 2479 4035 porro
2505 3966 2557 4018 in
2584 3965 2718 4019 czclo
2742 3964 3002 4032 deponas,
3038 3978 3144 4016 non
3181 3963 3324 4017 hunc
3350 3962 3512 4017 modo
3541 3964 3651 4015 fru—

2036 4071 2181 4115 ctum
2207 4060 2464 4129 percipis,
2495 4058 2638 4129 quod
2664 4057 2880 4127 pra-iniu
2907 4073 3002 4127 pro
3023 4056 3108 4110 his
3133 4067 3316 4126 parata
3350 4071 3652 4126 consequa-

2039 4154 2134 4216 ris;
2159 4168 2344 4206 verum
2375 4152 2579 4216 hicjam
2603 4149 2910 4204 mercedem
2928 4147 3152 4217 accipis,
3186 4146 3327 4216 quod
3358 4148 3450 4201 illo
3478 4157 3651 4201 tr.ms-
3704 4171 3712 4179 -

2040 4244 2182 4298 latus
2229 4244 2326 4305 sis,
2366 4241 2510 4312 quod
2557 4241 2797 4296 (ξςιτιοειίιι
2848 4240 3026 4312 sapias
3066 4249 3121 4293 et
3150 4236 3217 4295 de
3249 4238 3355 4292 illis
3388 4238 3653 4293 sollicitus

2040 4336 2116 4392 sis
2148 4357 2161 4392 :
2197 4337 2371 4405 palam
2407 4336 2547 4388 enim
2581 4342 2663 4387 est
2693 4343 2745 4386 te
2778 4329 2872 4385 illo
2901 4332 3140 4384 animum
3173 4330 3536 4396 transtulisse,
3563 4330 3652 4382 ubi

2043 4433 2354 4483 thesaurum
2373 4425 2691 4496 deposttisti.
2712 4423 2981 4479 Cmtcrum
3004 4424 3046 4479 si
3068 4425 3120 4477 in
3150 4432 3289 4478 terra
3314 4423 3652 4493 depOSttcris,

2043 4520 2311 4574 contraria
2342 4518 2664 4586 experieris.
2714 4515 2866 4584 Quod
2900 4516 2943 4569 si
2981 4513 3074 4568 tibi
3104 4514 3217 4585 jam
3247 4514 3389 4569 dicta
3426 4514 3655 4568 obscura

2044 4615 2172 4676 sint,
2206 4611 2328 4664 andi
2357 4611 2659 4680 sequentia.
2693 4607 2931 4662 Lucerna
2974 4609 3206 4677 corporis
3245 4608 3319 4660 tui
3362 4618 3432 4661 cst
3455 4610 3654 4662 oculus.

2047 4707 2109 4763 Si
2136 4706 2291 4776 igitur
2322 4703 2500 4758 oculus
2521 4712 2640 4756 tuus
2675 4702 2893 4770 simplex
2919 4701 3094 4770 fuerit,
3124 4711 3283 4754 totum
3303 4716 3488 4771 corpus
3515 4709 3659 4754 tuum

2051 4798 2278 4853 lucidum
2305 4796 2431 4857 erit;
2464 4794 2553 4849 90.
2585 4795 2630 4848 si
2659 4811 2772 4848 rere
2800 4795 2976 4848 oculus
3005 4805 3118 4847 tuus
3145 4793 3297 4864 fuerit
3321 4809 3552 4863 nequem,
3577 4803 3652 4844 to-

2051 4903 2156 4948 tum
2187 4906 2371 4960 corpus
2396 4900 2536 4941 tuum
2559 4890 2877 4942 tenebrosum
2901 4890 3015 4941 erit.
3048 4887 3108 4941 Si
3147 4903 3267 4956 ergo
3295 4888 3483 4950 lutum,
3525 4886 3656 4957 quod

2050 4984 2103 5038 in
2134 4993 2181 5036 te
2206 4991 2298 5047 cst,
2329 4980 2545 5035 tenebrae
2563 4980 2681 5042 sint,
2713 4980 2839 5048 ipsa?
2861 4979 3076 5032 tenebra:
3120 4987 3327 5048 quanta:
3363 4979 3550 5032 erunt?
3580 4981 3660 5032 Aet

2052 5076 2220 5143 magis
2277 5074 2495 5128 sensilia
2545 5085 2851 5124 sermOnctn
2912 5070 3149 5123 deducit.
3203 5068 3336 5137 Quia
3394 5069 3538 5123 enim
3597 5068 3662 5122 de

2051 5175 2236 5221 mente
2279 5164 2385 5233 jam
2441 5165 2691 5232 loquutus
2741 5171 2886 5225 crat,
2931 5173 2986 5215 ut
3036 5162 3087 5215 in
3142 5162 3456 5216 servitutem
3503 5161 3661 5215 reda-

2053 5269 2137 5312 eia
2169 5267 2222 5311 et
2251 5257 2480 5324 captiva,
2515 5255 2565 5308 id
2611 5253 2752 5324 quod
2801 5269 2830 5308 a
2871 5253 3052 5306 multis
3101 5269 3205 5307 non
3247 5251 3402 5307 facile
3456 5263 3661 5321 poterat

2056 5350 2304 5419 intelligi,
2336 5347 2400 5402 ad
2472 5359 2693 5402 externa
2741 5355 2795 5400 et
2838 5347 3008 5400 oculis
3063 5346 3301 5413 subjecta
3357 5359 3666 5398 sermonem

2060 5443 2332 5505 transfert,
2364 5439 2500 5492 ntab
2524 5438 2607 5492 his
2631 5439 2714 5492 illa
2735 5438 3035 5508 intelligere
3063 5445 3303 5508 possent.
3327 5434 3460 5492 Nam
3491 5437 3533 5489 si
3562 5451 3663 5488 non

2068 5797 2076 5803 Ι
2135 5734 2380 5808 {villosis
2399 5750 2510 5808 quae
2533 5735 2582 5786 in
2604 5740 2740 5808 hunc
2772 5742 2934 5791 locum
2961 5740 3185 5805 disputat
3213 5739 3504 5793 l-‘ridericus
3528 5744 3668 5796 Field

2064 5799 2114 5845 in
2144 5799 2561 5850 Adnotationibus
2586 5799 2708 5852 suis.
