4066 6466
465 365 534 419 2st
547 365 564 419 l

465 477 629 539 nosti.
659 473 981 546 inquit,quid
1012 466 1574 530 sitmentisdamnum,
1602 481 1632 517 a
1654 460 1928 532 corporeis
1951 459 2050 512 hoc

467 572 649 625 edisce
683 587 696 622 :
731 568 871 637 quod
904 566 1045 620 enim
1075 562 1264 617 oculus
1293 569 1378 616 est
1405 559 1637 629 corpori,
1668 555 1769 610 hoc
1793 568 1946 607 mens
1969 560 2052 605 est

465 663 680 716 animat.
715 655 1174 728 Quemadmodum
1218 653 1361 708 enim
1406 661 1691 718 numquam
1723 654 1874 714 optes
1918 659 2049 696 auro

466 753 663 815 ornari,
691 761 747 803 et
793 749 980 804 sericis
1011 747 1154 801 indui
1195 744 1463 807 vestibus,
1489 739 1755 808 simulque
1787 736 2049 792 excaecari

462 843 657 903 oculis.
691 840 784 896 sed
817 840 1005 895 horum
1035 836 1452 893 incolumitatem
1501 831 1594 885 toti
1625 829 1926 900 lmjusmodi
1955 843 2047 898 ap-

466 932 673 1001 paratui
705 928 1131 998 anteponendam
1160 925 1476 979 existimes:
1512 937 1634 975 nam
1665 922 1711 976 si
1733 921 1903 974 visum
1936 934 2048 988 per-

463 1022 583 1087 das,
601 1022 725 1075 nihil
745 1016 834 1074 tibi
849 1020 1052 1088 reliqua
1070 1020 1172 1070 vita
1189 1015 1406 1086 prodest
1434 1014 1745 1088 (sicutenim
1767 1012 2045 1066 excaecatis

462 1117 648 1182 oculis,
665 1114 984 1184 reliquorum
1013 1111 1122 1166 fere
1152 1109 1511 1164 membrorum
1532 1103 2041 1177 operatioahscedit,

461 1209 718 1262 exstincta
750 1206 869 1260 luce
900 1221 914 1257 :
946 1205 1024 1258 sic
1056 1213 1304 1272 corrupta
1337 1199 1503 1255 semel
1544 1207 1721 1252 mente
1751 1197 2045 1250 innumeris

462 1302 565 1354 vita
595 1299 748 1353 malis
766 1295 1098 1368 replebitur):
1125 1294 1569 1366 quemadmndmn
1595 1305 1724 1361 ergo
1746 1291 1797 1343 in
1819 1302 2045 1357 corpore

461 1390 563 1446 hoc
590 1404 862 1454 curamus,
887 1400 944 1442 ut
974 1387 1163 1442 oculus
1201 1386 1271 1440 sit
1315 1399 1506 1450 sanius,
1541 1383 1617 1437 sic
1642 1381 1710 1436 de
1741 1381 1931 1434 mentis
1956 1392 2044 1432 sa-

459 1483 625 1536 nitate
666 1479 978 1534 curandum.
1011 1479 1067 1532 Si
1114 1477 1251 1531 hunc
1285 1478 1614 1531 citem-ceruus
1646 1487 1765 1540 qua:
1797 1470 1918 1524 aliis
1958 1471 2041 1522 lu-

457 1587 573 1625 cem
605 1571 909 1624 ministrare
933 1568 1114 1631 debet,
1150 1566 1287 1620 unde
1309 1566 1416 1634 jam
1445 1564 1683 1633 aspicere
1711 1561 2040 1632 poterimus?

457 1665 605 1719 Sicut
628 1665 771 1719 enim
799 1663 884 1731 qui
914 1661 1115 1716 fontem
1146 1659 1351 1720 aufert,
1397 1656 1613 1710 fluvium
1653 1657 1929 1710 cxsiccat:
1964 1655 2040 1708 sic

460 1758 547 1828 qui
577 1767 807 1812 mentem
837 1757 1031 1818 obruit,
1067 1766 1253 1807 euntes
1279 1753 1396 1820 ejus
1423 1749 1473 1801 in
1507 1749 1604 1803 hac
1637 1751 1741 1802 vita
1765 1747 2037 1816 operatio-

456 1863 551 1903 nes
591 1849 912 1904 obscuravit.
949 1846 1074 1901 Ideo
1116 1845 1208 1906 ait,
1263 1843 1322 1898 Si
1365 1845 1552 1903 tanien,
1585 1843 1717 1908 quod
1759 1843 1809 1892 in
1850 1851 1896 1892 te
1942 1847 2036 1904 est,

457 1940 670 1994 tenebrat
712 1940 830 2002 sint,
877 1939 1001 2008 ipsa!
1031 1937 1246 1989 tenebrat
1269 1935 1517 2005 quantm?
1545 1933 1673 1986 Nam
1698 1946 1816 2018 eum
1842 1931 2039 2002 guber-

455 2042 612 2084 nator
642 2030 1021 2099 submergitur,
1061 2034 1114 2080 et
1153 2026 1372 2080 lucerna
1417 2023 1791 2092 exstinguitur,
1839 2029 1895 2076 et
1930 2021 2038 2075 dux

453 2125 680 2191 capitur,
711 2137 830 2192 qua:
860 2135 983 2192 spes
1013 2126 1194 2189 postea
1222 2116 1485 2171 subditis?

523 2216 573 2267 4.
617 2212 981 2283 Propugnalur
1006 2209 1291 2262 divitiarum
1317 2208 1585 2276 cupiditas.
1619 2205 1730 2270 Quo
1764 2214 1912 2276 pacto
1949 2205 2034 2258 di-

452 2306 585 2359 uitiae
629 2309 846 2375 fructum
884 2302 1104 2373 pariunt.
1131 2330 1191 2344 -—-
1227 2301 1565 2369 Quapropter
1609 2297 1786 2351 missis
1828 2296 2032 2351 insidiis

454 2410 550 2466 per
604 2397 812 2452 divitias
848 2393 1084 2457 structis,
1126 2394 1337 2466 pugnis,
1375 2391 1558 2445 litibus
1595 2391 1731 2460 (luce
1767 2387 1908 2442 enim
1947 2405 2033 2443 su-

453 2490 634 2556 perius
696 2486 1050 2539 subindicavtt
1096 2483 1282 2536 dicens
1328 2500 1342 2533 :
1394 2481 1435 2534 Τ
1438 2480 1579 2533 rodet
1625 2491 1672 2533 te
1720 2479 2038 2532 adversarius

442 2577 634 2650 iudici,
663 2587 708 2632 et
726 2576 892 2648 judex
917 2576 1142 2628 ministro
1167 2572 1378 2645 [Μαιιιι.
1412 2574 1464 2626 5.
1496 2569 1634 2643 25]),
1669 2573 1751 2624 bis
1790 2571 2036 2624 erunibus

450 2668 673 2723 sreviora
699 2666 971 2734 proferens
990 2707 1004 2730 ,
1029 2666 1108 2721 sic
1129 2665 1344 2719 abducit
1369 2680 1398 2718 a
1421 2663 1558 2717 mala
1581 2662 2030 2730 concupiscentia.

449 2758 663 2812 Etenim
695 2758 852 2827 longe
889 2756 1128 2812 deterius
1162 2765 1244 2809 est
1281 2766 1511 2810 mentem
1547 2753 1668 2807 huic
1697 2755 1882 2807 morbo
1910 2753 2034 2808 sub-

446 2846 539 2918 jici
562 2886 576 2912 ,
607 2863 762 2916 quam
788 2848 838 2899 in
864 2861 1080 2900 carcere
1098 2844 1292 2912 degere
1318 2861 1330 2896 :
1359 2853 1412 2897 ct
1435 2845 1658 2898 altermn
1691 2843 1902 2913 quidem
1928 2860 2034 2899 non

443 2934 665 3006 semper
697 2936 923 3000 accidit,
957 2936 1182 2990 alterum
1229 2948 1354 2989 vero
1389 2943 1471 2987 est
1498 2949 1710 3003 semper
1734 2950 1852 2988 eum
1877 2949 2036 3001 pecu-

446 3027 658 3083 niarum
691 3027 984 3095 cupiditate
1013 3026 1372 3094 coojunctum.
1398 3024 1757 3091 Quamobrem
1791 3026 1889 3079 hoc
1915 3035 2035 3094 post

447 3118 578 3173 illud
626 3120 809 3189 ponit,
843 3127 1024 3188 utpote
1051 3117 1265 3188 gravius
1309 3126 1361 3171 et
1407 3116 1628 3170 omnino
1669 3117 2028 3184 subsequens.

446 3213 578 3268 Nam
621 3213 795 3274 Deus,
847 3211 1035 3280 inquit,
1080 3221 1309 3265 mentem
1354 3209 1506 3262 nobis
1538 3209 1761 3274 indidit,
1791 3221 1846 3262 ut
1878 3210 2030 3278 igno-

448 3308 672 3362 rantiam
703 3306 1061 3373 dissipemus,
1112 3312 1164 3357 et
1207 3319 1384 3356 rerum
1421 3301 1677 3370 judicium
1716 3312 1916 3354 rectum
1949 3311 1997 3354 te

450 3415 670 3453 neamus
691 3441 703 3463 ,
747 3407 906 3466 atque
936 3406 1121 3451 contra
1147 3397 1325 3450 omnia
1355 3395 1578 3449 molesta
1619 3395 1880 3465 noxiaque
1929 3393 2031 3448 hoc

447 3491 594 3557 quasi
623 3490 728 3543 telo
757 3500 809 3542 et
838 3490 1037 3541 lumine
1068 3495 1308 3548 utentes,
1343 3487 1393 3538 in
1427 3494 1539 3539 tuto
1569 3501 1898 3540 maneamus.
1921 3484 2028 3539 Nos

448 3596 574 3634 vero
597 3581 793 3634 donum
825 3579 925 3634 hoc
957 3578 1231 3648 prodimus
1263 3577 1331 3631 ob
1360 3575 1600 3646 quzedam
1634 3592 2026 3645 supervacanea

447 3685 498 3726 et
533 3673 757 3726 inutilia.
801 3671 937 3738 Quid
980 3670 1120 3724 enim
1153 3685 1287 3740 opus
1319 3669 1582 3724 militibus
1619 3683 1751 3723 auro
1789 3671 2025 3733 onustis,

446 3763 658 3832 quando
689 3763 794 3816 dux
821 3762 1063 3830 captivus
1090 3769 1172 3815 est
1199 3761 1255 3812 “2
1282 3760 1424 3828 quod
1456 3761 1661 3814 lucrum
1697 3776 1763 3814 ex
1800 3761 2030 3813 ornatis-

446 3857 582 3908 sima
631 3857 747 3908 navi
773 3895 788 3920 ,
826 3854 1038 3924 quando
1072 3853 1396 3922 gubernator
1417 3853 1728 3907 submersus
1755 3851 1876 3906 est?
1903 3852 2026 3922 quid

446 3951 564 4018 plus
605 3948 800 4000 habeas
844 3961 1070 4014 corpore
1112 3956 1257 4000 recte
1300 3945 1621 4007 constituto,
1655 3947 1699 4000 si
1740 3945 1881 4001 oculi
1921 3947 2028 4000 sint

444 4041 748 4095 excmcati?
785 4022 1248 4106 Quemadmodum
1305 4038 1464 4109 igitur
1507 4039 1809 4104 medicum,
1869 4054 2027 4109 quem

447 4130 582 4186 bene
625 4131 800 4186 valere
839 4140 1071 4200 Oportet,
1116 4139 1173 4182 ut
1218 4129 1447 4182 aliorum
1493 4141 1646 4183 curet
1690 4131 1941 4195 morbos,
1984 4133 2030 4184 si

446 4228 565 4294 quis
596 4224 646 4278 in
673 4225 917 4278 morbum
938 4222 1206 4290 conjiciat,
1232 4232 1284 4275 et
1313 4221 1366 4275 in
1392 4230 1647 4290 argenteo
1671 4221 1810 4274 lecto
1834 4234 2028 4276 aureo-

446 4331 549 4385 que
577 4314 810 4369 thalamo
841 4315 1022 4384 jacere
1057 4313 1241 4380 jubeat
1259 4301 1277 4378 ,1
1320 4325 1542 4380 prorsus
1587 4312 1828 4366 inutilem
1873 4312 2031 4382 tegris

447 4406 660 4461 reddit:
694 4409 771 4459 sic
817 4410 861 4459 si
917 4415 1194 4474 postquam
1240 4416 1472 4460 mentem
1517 4405 1858 4474 corruperis,
1909 4421 2030 4475 qum

447 4498 609 4550 animi
650 4498 849 4550 morbis
890 4495 1093 4550 mederi
1134 4497 1332 4562 possit,
1365 4496 1616 4550 thesauro
1643 4497 1883 4552 assidere
1910 4512 2029 4551 eam

449 4605 716 4644 curavcns
743 4631 757 4652 ,
790 4603 894 4642 non
934 4589 1094 4643 modo
1119 4588 1246 4640 nihii
1276 4588 1413 4640 iilam
1444 4590 1635 4656 juvasti
1662 4629 1677 4651 ,
1711 4589 1805 4643 sed
1832 4593 2030 4643 :tanmo

450 4679 669 4734 aiTceisti
694 4720 706 4742 ,
755 4688 808 4732 ct
853 4682 944 4732 toti
989 4681 1181 4731 auium.-
1213 4688 1316 4731 tua:
1345 4678 1594 4732 nocaisti.
1625 4678 1865 4734 Vidistin‘
1895 4696 2031 4751 quo-

447 4770 606 4824 modo
638 4785 731 4837 per
755 4784 876 4836 (tunc
920 4769 1161 4822 homines
1187 4768 1251 4822 ad
1285 4770 1574 4838 nequitiam
1603 4771 1794 4842 ubique
1821 4773 2031 4842 cupidi-

450 4871 557 4915 tate
590 4860 855 4923 fer-untur,
889 4876 981 4926 per
1010 4860 1123 4912 lif't'f‘
1157 4859 1387 4914 maxime
1419 4862 1486 4914 ab
1513 4862 1601 4916 illa
1632 4861 1940 4926 abstrahat,
1975 4872 2030 4917 et

448 4956 512 5009 ad
548 4954 794 5006 viiiutem
842 4951 1097 5005 :cducat't
1141 4953 1276 5017 (Zur,
1327 4954 1511 5023 inquit,
1549 4955 1798 5022 pecunias
1833 4971 2031 5010 concu-

449 5047 648 5116 piscis?
698 5061 874 5099 nonne
923 5053 979 5097 ut
1025 5045 1294 5111 voluptate
1342 5044 1650 5115 deliciisque
1700 5046 1924 5102 fruaris?
1974 5047 2028 5100 id

444 5147 595 5193 certe
629 5137 720 5190 tibi
754 5151 856 5189 non
882 5135 1002 5189 inde
1035 5136 1342 5204 proveniet,
1383 5136 1475 5189 sed
1503 5139 1828 5192 contrarium
1861 5155 2028 5208 pror-

448 5246 560 5285 sus.
605 5227 1059 5296 Quemadmodum
1090 5227 1231 5281 enim
1269 5228 1439 5282 oculis
1477 5230 1678 5284 avulsis
1707 5231 1835 5284 nihil
1868 5247 2031 5286 suave

449 5337 609 5376 sensu
644 5319 982 5388 j‘Cl’ClpilmlS,
1014 5319 1081 5371 ob
1109 5317 1409 5386 hujusmodi
1438 5319 1794 5374 calamitatem
1821 5339 1833 5373 :
1864 5322 2030 5376 multo

447 5411 620 5481 magis
646 5410 698 5463 in
728 5410 920 5464 mentis
946 5411 1224 5465 eversione
1254 5422 1308 5466 et
1336 5412 1573 5467 caecitate
1600 5413 1714 5467 luce
1745 5411 2023 5483 patiemur.

447 5503 561 5570 Qua
603 5500 672 5555 de
713 5517 869 5555 causa
902 5501 1105 5557 del‘odis
1139 5503 1190 5555 in
1224 5507 1462 5558 terram?
1513 5515 1570 5559 ut
1607 5515 1721 5560 tuto
1745 5507 2030 5561 servetur?

456 5593 650 5647 Verum
695 5591 780 5645 his
815 5594 971 5647 etiam
1003 5596 1324 5648 contrarium
1369 5596 1607 5663 accidet,
1655 5597 1840 5667 inquit.
1886 5596 2030 5651 Sicut

516 5755 533 5787 ι
574 5751 683 5813 Atii,
708 5755 898 5818 (mando
919 5754 1025 5806 dua:
1048 5755 1259 5820 captivus
1280 5756 1506 5808 trahitur.

1174 353 1230 410 S.
1271 348 1551 408 JOANNIS
1577 342 2054 403 CHRYSOSTOMI
2095 341 2414 399 AliCHlEP.
2458 344 2993 403 CONSTANTJNOP.

3639 346 3746 404 999

2160 473 2300 513 enim
2350 473 2473 514 eum
2512 463 2602 530 qui
2650 471 2868 532 prepter
2899 478 3085 516 vanam
3131 462 3355 534 gloriam
3400 465 3628 535 jejunat,
3657 467 3743 521 dat

2159 553 2550 623 eleemosynam
2573 595 2587 617 ,
2630 563 2685 609 et
2735 565 3002 623 precatur,
3027 557 3092 610 ab
3121 558 3184 611 iis
3215 557 3342 626 ipsis
3370 573 3488 627 quae
3515 559 3748 616 maxime

2155 647 2330 714 cupit,
2367 663 2395 700 a
2425 663 2559 702 vana
2598 648 2764 717 gloria
2810 650 3033 703 retraxit
3077 651 3226 718 (nam
3272 667 3388 717 cur,
3421 652 3628 722 inquit,
3677 665 3744 710 tta

2155 738 2390 806 precaris
2409 779 2425 804 ,
2453 749 2507 792 et
2527 739 2624 794 das
2650 741 3085 812 eleemosynam?
3114 757 3290 796 annon
3316 744 3437 812 quia
3467 742 3746 800 hominum

2153 830 2375 898 gloriam
2419 829 2634 899 diligis?
2680 833 2786 884 noli
2834 846 2960 901 ergo
3000 831 3076 887 sic
3111 847 3302 898 orare,
3349 843 3399 886 et
3443 844 3566 888 tunc
3597 825 3743 888 illam

2152 921 2534 989 consequeris,
2577 922 2629 975 in
2675 921 2853 977 futuro
2897 939 3089 992 nempe
3125 923 3282 996 die):
3316 927 3394 980 sic
3420 937 3473 982 et
3502 929 3744 996 pecunize

2152 1013 2422 1082 cupidum,
2457 1029 2549 1082 per
2573 1029 2635 1069 ea
2662 1015 2852 1085 quibus
2879 1019 3108 1071 maxime
3130 1018 3397 1085 studebat,
3431 1035 3526 1090 per
3551 1022 3743 1078 eadem

2153 1119 2204 1164 et
2236 1109 2398 1178 cepit.
2426 1108 2562 1174 Quid
2593 1107 2694 1170 vis,
2721 1106 2893 1173 inquit
2922 1125 2934 1158 :
2965 1114 3022 1160 ut
3051 1104 3290 1173 pecunia:
3321 1105 3412 1159 tibi
3447 1117 3744 1163 serventur

2151 1209 2204 1253 et
2240 1200 2514 1265 voluptate
2550 1197 2748 1252 fruaris
2775 1195 2832 1249 '7
2865 1194 2990 1250 Haec
3029 1196 3185 1250 ambo
3221 1195 3316 1250 tibi
3353 1198 3738 1265 copiosissime

2151 1292 2421 1359 prabebo,
2455 1291 2498 1343 si
2533 1289 2640 1343 illic
2673 1289 2916 1358 deponas
2944 1303 3157 1352 aurum,
3192 1289 3279 1342 ubi
3307 1289 3533 1356 jnbebo.
3561 1293 3743 1356 Aperb

2152 1381 2255 1434 tius
2286 1391 2465 1434 autem
2498 1380 2551 1432 in
2585 1379 2938 1448 sequentibus
2969 1379 3221 1432 damnum
3254 1378 3382 1434 inde
3413 1380 3578 1434 menti
3614 1381 3737 1434 illa-

2149 1477 2260 1520 tmn
2289 1469 2543 1533 ostendit,
2575 1482 2696 1521 cum
2727 1468 3007 1535 spinarum
3041 1469 3366 1523 mentionem
3401 1468 3558 1534 fecit;
3592 1469 3737 1523 inte-

2149 1559 2246 1612 rim
2274 1575 2402 1613 vero
2435 1561 2663 1630 idipsum
2699 1559 2786 1614 hic
2816 1574 2920 1614 non
2950 1558 3316 1629 perfunctorie
3341 1561 3732 1626 sttbindicavit,

2146 1666 2267 1703 cum
2296 1652 2536 1706 ostendit
2564 1651 2975 1706 obteuebratum
3007 1666 3128 1706 esse
3157 1667 3278 1706 eum
3311 1653 3403 1721 qui
3436 1654 3579 1706 circa
3611 1654 3733 1707 hinc

2145 1741 2369 1795 fureret.
2407 1743 2484 1796 Ac
2522 1741 2975 1810 quemadmodum
3017 1742 3052 1796 ii
3093 1742 3180 1812 qui
3224 1743 3276 1797 lo
3319 1743 3557 1798 tenebris
3599 1753 3733 1798 sunt

2146 1833 2277 1886 nihil
2304 1833 2447 1886 clare
2475 1834 2672 1898 vident,
2700 1833 2794 1886 sed
2822 1833 2866 1887 si
2895 1831 3079 1888 funem
3104 1833 3355 1898 viderint,
3385 1842 3578 1903 putant
3604 1849 3734 1888 esse

2144 1934 2477 1992 serpentem,
2507 1926 2550 1977 si
2587 1933 2794 1977 montes
2827 1933 2882 1977 et
2916 1923 3101 1988 valles,
3135 1939 3334 1994 pavore
3367 1926 3676 1980 moriuntur
3710 1945 3726 1982 :

2144 2017 2222 2072 sic
2249 2024 2303 2070 et
2333 2016 2422 2070 isti
2453 2029 2573 2085 quze
2599 2015 2906 2069 videntibus
2933 2014 3288 2071 formidabilis
3321 2032 3427 2072 non
3459 2027 3604 2083 sunt,
3634 2035 3729 2073 su-

2143 2115 2325 2177 specta
2358 2107 2554 2161 habent
2583 2125 2595 2159 :
2624 2121 2745 2159 nam
2778 2114 3145 2174 paupertatem
3176 2116 3452 2172 metuunt;
3482 2107 3590 2162 imo
3616 2123 3728 2162 non

2142 2205 2512 2266 paupertatem
2551 2204 2794 2258 tantum,
2829 2195 2924 2249 sed
2961 2194 3040 2249 vel
3077 2195 3194 2250 leve
3228 2196 3517 2265 quodpiam
3553 2198 3731 2251 detri-

2141 2297 2402 2344 mentum.
2434 2286 2641 2341 Etenim
2674 2286 2720 2340 si
2753 2284 3019 2340 modicum
3053 2285 3182 2354 quid
3213 2286 3518 2349 amiserint,
3553 2289 3728 2357 magis

2138 2381 2321 2450 lugent
2365 2396 2427 2434 ac
2472 2381 2784 2434 cruciantur
2820 2393 2984 2447 quam
3031 2379 3065 2433 ii
3113 2379 3201 2447 qui
3251 2381 3558 2436 necessario
3599 2382 3729 2434 cibo

2138 2482 2318 2541 egent.
2351 2469 2494 2525 Multi
2534 2480 2685 2525 certe
2717 2484 2782 2525 ex
2820 2469 3124 2537 hujusmodi
3161 2471 3439 2533 divitibus,
3475 2471 3578 2526 tale
3613 2487 3723 2527 non

2135 2561 2373 2617 ferentes
2401 2562 2777 2627 infortunium,
2805 2562 2868 2615 ad
2897 2562 3145 2630 laqueum
3175 2574 3549 2616 occurrerunt.
3578 2561 3725 2616 Con-

2138 2654 2368 2708 tumelia:
2392 2667 2572 2709 autem
2599 2663 2652 2708 et
2680 2653 2876 2706 damna
2906 2653 2978 2706 ita
3008 2652 3113 2709 illis
3139 2653 3503 2709 intolerabilia
3530 2655 3726 2710 viden-

2140 2753 2246 2804 tur,
2283 2753 2339 2806 ut
2370 2758 2430 2798 ea
2468 2745 2532 2798 de
2566 2758 2730 2798 causa
2769 2745 2896 2798 item
2935 2743 3091 2797 multi
3125 2760 3192 2799 ex
3229 2746 3332 2803 hac
3367 2746 3476 2798 vita
3509 2745 3722 2815 abrepti

2141 2834 2357 2890 fuerint.
2384 2835 2461 2890 Ad
2484 2836 2663 2889 omnia
2687 2836 2885 2904 quippe
2912 2836 3101 2890 molles
3125 2836 3323 2889 divitia:
3347 2837 3720 2902 reddiderunt,

2142 2935 2499 2997 praeterquam
2539 2930 2604 2980 ad
2647 2928 2856 2981 illarum
2893 2929 3274 2983 ministerium.
3312 2927 3542 2994 Quando
3576 2931 3721 2985 enim

2142 3017 2244 3072 illa:
2280 3018 2423 3087 ipsos
2460 3029 2514 3071 ut
2548 3019 2648 3073 sibi
2685 3021 2921 3073 serviant
2957 3021 3305 3089 compellunt,
3347 3031 3474 3075 tunc
3508 3021 3579 3076 illi
3620 3041 3722 3076 au-

2137 3111 2322 3165 dacter
2357 3111 2594 3179 pericula
2640 3115 2827 3166 mortis
2867 3115 3096 3177 adeunt,
3138 3115 3354 3168 verbera
3377 3154 3392 3177 ,
3427 3117 3719 3183 opprobria

2135 3216 2405 3269 omneque
2438 3202 2746 3268 ignominia:
2777 3219 2966 3272 genus.
2997 3203 3148 3268 Quod
3177 3221 3309 3258 sane
3337 3218 3597 3260 extrema.-
3627 3223 3724 3276 ge-

2139 3307 2238 3344 nus
2284 3301 2366 3346 est
2397 3293 2655 3357 miserim,
2687 3294 2775 3347 ubi
2830 3295 3188 3364 pltilosOplmt-i
3233 3308 3531 3366 oporteret,
3581 3301 3721 3352 mol-

2135 3381 2368 3436 lissitnos
2404 3397 2549 3449 esse;
2605 3386 2691 3437 ubi
2749 3397 2927 3438 autem
2964 3389 3078 3454 pios
3135 3397 3187 3440 et
3235 3392 3564 3444 verecundos
3597 3406 3720 3445 esse

2133 3491 2232 3545 par
2280 3477 2453 3539 esset,
2509 3477 2577 3529 ibi
2622 3477 3114 3544 impudentissimas
3152 3491 3205 3533 et
3263 3481 3587 3536 sanissimos
3621 3499 3721 3539 ex-

2136 3569 2329 3622 hiberi.
2369 3569 2576 3622 Etenim
2632 3572 2862 3637 idipsum
2919 3572 3022 3624 illis
3076 3574 3366 3640 contingit,
3422 3585 3478 3628 ut
3521 3577 3720 3643 siquis

2132 3671 2256 3732 post
2287 3665 2424 3716 bona
2459 3663 2766 3717 indecenter
2809 3665 3091 3733 absumpta
3143 3665 3280 3720 male
3324 3668 3578 3734 patiatur.
3625 3669 3719 3724 llle

2135 3755 2386 3822 namque,
2441 3754 2678 3809 instante
2727 3765 2988 3824 tempore,
3012 3771 3120 3826 quo
3160 3763 3464 3814 necessaria
3505 3772 3585 3816 est
3619 3776 3718 3816 ex-

2131 3858 2327 3912 pensa,
2353 3861 2473 3900 cum
2517 3848 2648 3901 itlitll
2698 3849 2867 3916 possit
2913 3849 3048 3902 ultra
3079 3851 3411 3919 impendere,
3461 3853 3718 3908 intolera-

2129 3933 2258 3988 bilia
2295 3935 2501 4004 patitur
2543 3935 2704 3999 inata,
2735 3952 2856 3990 cum
2896 3936 3006 4003 jam
3037 3941 3214 3994 omnia
3266 3941 3403 3996 male
3431 3942 3713 4012 absumpta

2133 4035 2349 4088 fuerint.

2207 4126 2260 4179 5.
2301 4125 2379 4179 Ac
2416 4127 2865 4195 quemadmodum
2899 4128 2949 4182 in
2981 4142 3137 4182 scena
3169 4127 3456 4184 histriones
3488 4131 3540 4183 in
3569 4130 3724 4186 malis

2133 4217 2451 4288 quibusdam
2481 4220 2682 4275 artibus
2716 4221 2987 4286 instrueti,
3037 4222 3088 4274 in
3129 4221 3212 4275 his
3257 4223 3421 4276 multa
3459 4224 3722 4292 stupenda

2134 4325 2188 4369 et
2217 4311 2512 4378 periculosa
2555 4314 2818 4366 sustinent
2841 4357 2853 4376 ,
2888 4313 2937 4366 in
2977 4315 3096 4367 aliis
3137 4329 3265 4368 vero
3296 4316 3512 4370 utilibus
3538 4331 3725 4372 neces-

2135 4406 2395 4474 sariisque
2435 4404 2590 4460 rebus
2634 4420 2853 4474 prorsus
2886 4405 3046 4474 inepti
3091 4420 3152 4459 ac
3196 4406 3406 4461 ridiculi
3454 4416 3577 4461 sunt
3603 4425 3615 4460 :
3644 4410 3726 4465 sic

2137 4509 2191 4552 et
2221 4499 2271 4552 hi
2299 4498 2365 4553 de
2393 4498 2585 4568 quibus
2628 4501 2854 4568 (igintlls.
2913 4499 3121 4551 Eur—nim
3170 4497 3461 4554 histriones
3510 4501 3584 4554 illi
3631 4503 3724 4571 qui

2139 4576 2231 4658 per
2272 4597 2477 4644 iettsunt
2529 4588 2706 4642 fustem
2754 4589 3062 4653 ambulant,
3099 4599 3146 4642 et
3181 4598 3381 4645 tantum
3414 4592 3483 4646 ilti
3515 4593 3722 4648 fortith

2136 4681 2312 4736 dinem
2360 4680 2646 4736 esttibent:
2695 4681 2909 4749 quando
2956 4681 3228 4749 quidpiam
3284 4698 3346 4736 cx
3398 4686 3721 4740 necessariis

2137 4772 2296 4825 rebus
2328 4771 2601 4825 audaciam
2626 4771 2842 4841 requirit
2869 4785 2930 4825 ac
2955 4771 3317 4827 fortitudinem
3343 4789 3357 4826 :
3389 4788 3459 4828 ne
3482 4777 3722 4844 cogitare

2136 4865 2351 4933 quidem
2415 4863 2611 4932 aliquid
2668 4870 2909 4931 possunt.
2967 4862 3058 4917 Sic
3113 4862 3337 4925 divites,
3397 4866 3484 4934 qni
3540 4867 3721 4920 omnia

2135 4968 2351 5028 propter
2391 4957 2645 5027 pecmtias
2694 4954 2920 5017 audent,
2970 4956 3036 5010 ad
3094 4956 3572 5026 pltilosopliamlmtt
3623 4974 3725 5014 nec

2138 5069 2422 5124 maguum,
2475 5067 2572 5107 nec
2621 5065 2836 5120 parvum
2886 5050 3154 5119 quidpiam
3201 5051 3305 5118 pati
3352 5059 3591 5115 possunt.
3645 5056 3723 5107 Ae

2137 5146 2275 5200 sicut
2301 5144 2376 5199 illi
2404 5145 2657 5197 lubricam
2690 5151 2742 5196 et
2770 5142 3152 5195 infructuiismn
3191 5158 3302 5196 rem
3344 5152 3572 5197 fraetant
3597 5185 3610 5206 ,
3645 5143 3722 5198 sie

2137 5247 2190 5290 et
2222 5235 2272 5289 hi
2303 5236 2533 5305 pericula
2590 5235 2752 5288 multa
2804 5235 3105 5288 tolerantct
3151 5236 3441 5303 przreipitia
3487 5235 3678 5289 adeunt
3706 5279 3720 5298 ,

2135 5343 2254 5398 quae
2280 5343 2457 5381 omnia
2489 5327 2660 5380 inutili
2686 5327 2787 5378 line
2807 5326 3154 5390 clauduntur;
3187 5341 3249 5379 ac
3271 5325 3464 5397 duplici
3496 5327 3726 5396 caligine

2140 5419 2497 5487 involvuntur,
2529 5430 2636 5470 tum
2670 5417 2809 5487 quod
2839 5432 3024 5472 eversa
3069 5426 3248 5472 mente
3285 5418 3544 5472 cxczecati
3577 5421 3682 5473 sint
3707 5461 3723 5482 ,

2139 5510 2442 5579 tunnquod
2486 5525 2552 5566 ex
2604 5510 2775 5564 fallaci
2823 5509 3240 5564 sollicitudinum
3293 5511 3434 5566 mole
3487 5511 3722 5565 tenebris

2191 5678 2204 5707 ¹
2238 5677 2351 5726 Haec
2374 5678 2600 5726 omnibus
2622 5677 2763 5725 codd.
2794 5676 3074 5726 eoneinuut.
3112 5674 3272 5735 Vulgo
3304 5689 3313 5721 :
3355 5671 3480 5734 Quid
3507 5671 3608 5734 vis,
3633 5673 3708 5724 in-

2128 5738 2248 5803 quit,
2272 5739 2499 5801 pecunias
2519 5737 2605 5789 tibi
2626 5739 2812 5790 servari
2825 5739 2848 5790 1'
2857 5752 3011 5790 minim
3031 5743 3080 5788 ut
3097 5737 3305 5790 deliciis.
3321 5735 3478 5810 gloria
3500 5743 3546 5788 et
3565 5753 3609 5788 ι·.
3632 5738 3665 5800 τ.
3682 5735 3708 5785 3'
