4066 6430
278 355 389 415 9.93

280 473 603 535 obruantur.
645 470 979 538 Quapropter
1017 478 1085 519 ne
1140 460 1421 533 respicere
1463 456 1681 528 quidem
1735 450 1891 505 facile

284 566 537 634 possm“.
568 559 702 617 Nam
739 560 829 628 qui
878 558 930 610 in
976 552 1215 610 tenebris
1244 559 1330 606 est
1359 557 1601 613 tantum,
1630 542 1745 600 sole
1773 540 1893 595 illu-

284 666 542 715 ceseeute
562 693 576 721 ,
608 653 677 706 ab
706 653 771 706 iis
820 651 1113 713 liberatur;
1158 644 1250 717 qui
1293 657 1423 697 vero
1450 639 1625 695 oculis
1647 647 1892 691 excaeca-

287 764 375 806 tus
414 757 534 814 cm,
586 753 760 818 neque
805 746 923 800 sole
967 744 1182 798 lucente
1221 737 1402 793 videt:
1436 734 1489 790 id
1532 732 1676 802 quod
1705 738 1760 784 et
1792 725 1894 797 ipsi

287 842 589 911 patiuntur.
619 837 803 907 Neque
825 835 969 894 enim
995 832 1121 887 Sole
1144 829 1364 900 iustitia:
1393 827 1408 858 ¹
1436 824 1675 894 mlgente
1700 818 1896 911 ethor-

287 909 441 985 tante
465 928 726 992 audiunt,
763 926 962 981 divitiis
997 921 1189 977 oculos
1230 920 1468 991 ipsorum
1498 909 1893 970 claudentibus.

284 1023 642 1089 Quapropter
686 1016 957 1086 duplicem
1008 1012 1278 1068 sustinent
1327 1007 1626 1064 caccitatem
1654 1020 1668 1056 :
1698 1002 1893 1066 aliam,

285 1126 351 1168 es
387 1110 616 1179 seipsis,
658 1109 843 1170 aliam,
874 1104 1018 1176 quod
1048 1102 1303 1172 Magistro
1330 1114 1432 1154 suo
1458 1112 1565 1153 non
1591 1091 1891 1149 attendant.

287 1202 655 1258 Attendamus
703 1200 885 1267 itaque
934 1197 1223 1264 diligenter
1262 1191 1421 1246 dictis
1450 1189 1626 1251 illius,
1672 1194 1733 1239 ut
1768 1191 1896 1237 sero

288 1296 511 1349 tandem
557 1293 853 1348 videamus.
911 1288 978 1342 Et
1030 1284 1302 1356 quomodo
1339 1278 1527 1337 videre
1566 1274 1898 1349 possumus!

288 1387 346 1443 Si
376 1386 557 1440 discas
582 1381 856 1453 quomodo
904 1386 1206 1435 excaecatus
1253 1376 1349 1429 sis.
1400 1371 1683 1442 Quomodo
1738 1369 1900 1439 igitur

291 1489 599 1535 excavatus
628 1477 724 1530 es?
770 1474 811 1528 Α
865 1472 1002 1527 mata
1043 1465 1500 1537 concupiscmtia.
1551 1463 1704 1518 Sicut
1750 1461 1895 1516 enim

292 1570 566 1635 malignus
609 1564 803 1620 humor
830 1563 883 1617 in
916 1560 1173 1631 pupillam
1209 1558 1353 1612 oculi
1397 1566 1586 1626 puram
1629 1551 1898 1639 inﬂuens,

294 1663 374 1715 sic
405 1661 755 1731 pecuniarum
800 1660 953 1711 amor
993 1654 1217 1707 densam
1261 1650 1457 1704 nubem
1501 1648 1553 1701 io
1600 1655 1782 1701 mente
1808 1653 1897 1698 tua

299 1752 451 1805 fecit.
490 1749 685 1803 Verum
720 1746 856 1801 hanc
884 1744 1085 1799 nubem
1113 1742 1379 1812 dissipare
1404 1747 1458 1793 et
1485 1738 1793 1808 dirumpere
1819 1736 1898 1789 fa-

296 1843 400 1895 rite
415 1851 521 1906 est,
540 1840 583 1893 si
603 1837 806 1893 Christi
832 1836 1096 1891 doctrinae
1122 1833 1331 1888 radium
1349 1831 1683 1901 excipiamus
1704 1845 1720 1894 ς
1741 1828 1787 1883 si
1806 1842 1898 1881 au-

295 1933 513 1986 diamus
540 1930 687 1983 illum
720 1937 1028 1983 monentem
1062 1940 1126 1981 ac
1149 1924 1415 1981 diccntem
1444 1940 1458 1978 :
1485 1920 1666 1977 Nolite
1694 1923 1901 1976 timuit-'-

296 2024 466 2076 νίκαν-ε
498 2022 636 2075 bobis
662 2020 927 2074 thesauros
952 2019 1003 2072 iu
1026 2028 1185 2072 terra.
1227 2017 1294 2071 Et
1317 2016 1446 2088 quid
1490 2015 1619 2069 mihi
1661 2013 1903 2083 proderit

295 2107 599 2167 doctrinam
625 2109 833 2175 audire;
860 2124 983 2164 cum
1028 2124 1059 2162 a
1097 2107 1390 2178 cupiditate
1437 2105 1721 2162 detinear?
1760 2106 1904 2162 Sane

296 2202 519 2275 quidem
564 2200 815 2270 fretiuens
862 2200 1127 2277 doctrina:
1170 2198 1383 2253 auditus
1410 2198 1758 2269 cupiditatem
1787 2197 1903 2252 dis-

298 2296 513 2350 solvere
535 2295 751 2363 poterit.
775 2293 927 2360 Quod
969 2294 1012 2347 si
1060 2292 1310 2347 detentus
1352 2296 1698 2361 permaneas,
1726 2284 1903 2362 cogita

300 2388 418 2442 i'ent
452 2387 597 2441 illum
623 2401 731 2440 non
756 2391 879 2439 esse
914 2383 1150 2453 amplius
1180 2382 1547 2453 cupiditatem.
1585 2383 1717 2449 Qnue
1757 2382 1904 2438 enim

300 2478 572 2551 cupiditas
650 2472 957 2531 durissima:
994 2468 1241 2530 servituti
1272 2471 1393 2549 esse
1424 2473 1730 2545 subjectum
1758 2516 1773 2537 ,
1821 2483 1906 2545 ty-

301 2569 514 2625 rannidi
546 2568 852 2637 subjicere,
885 2560 941 2621 et
987 2567 1223 2637 undique
1267 2566 1514 2635 alligari,
1567 2567 1619 2621 in
1665 2566 1905 2623 tenebris

300 2660 510 2715 versari
536 2669 594 2713 et
625 2659 852 2712 tumultu
903 2659 1117 2727 plenmu
1165 2672 1323 2722 esse,
1379 2657 1589 2713 labores
1637 2657 1778 2712 ferre
1821 2657 1903 2711 in-

300 2754 634 2814 fructuosos,
661 2750 783 2804 aliis
812 2749 1066 2819 pecunias
1084 2763 1324 2811 servare,
1354 2764 1497 2817 stupe
1524 2759 1703 2804 autem
1730 2749 1908 2801 initoi-

302 2846 385 2899 cis
404 2844 431 2897 ’t
460 2844 582 2911 Qua
621 2857 750 2911 ergo
796 2841 909 2895 ba-c
953 2840 1384 2911 concupiscentia
1416 2840 1575 2910 digna
1606 2840 1770 2894 sum?
1800 2839 1910 2895 imo

303 2949 411 3005 qua
440 2946 550 2988 non
579 2931 699 3001 l’uga
728 2939 783 2987 et
804 2944 966 2985 cursu
1011 2940 1135 2984 sunt
1177 2929 1572 2999 relinquenda?
1621 2929 1752 2998 Qua:
1779 2945 1909 2983 con-

298 3028 642 3101 cupiscentia
673 3021 957 3080 thesauros
984 3025 1125 3080 inter
1151 3025 1297 3099 fures
1328 3022 1662 3079 recondere?
1688 3022 1741 3079 Si
1764 3024 1907 3079 enim

306 3121 534 3175 omnino
596 3119 852 3188 pecunias
895 3116 1265 3186 concupiscis,
1320 3116 1439 3170 illas
1466 3120 1533 3172 eo
1561 3116 1791 3171 transfer
1821 3116 1909 3170 ubi

309 3220 541 3281 possunt
593 3218 721 3263 tunc
765 3216 820 3262 et
869 3206 1095 3276 integra:
1137 3204 1382 3260 manere.
1432 3204 1592 3261 Certe
1621 3222 1742 3276 quae
1771 3221 1913 3261 nunc

308 3286 440 3356 facis
468 3313 574 3353 non
606 3307 730 3352 sunt
753 3296 1188 3373 concttpiscentis
1237 3296 1522 3365 pecunias,
1551 3298 1645 3351 sed
1678 3297 1908 3352 Servito‘a

311 3387 419 3445 tem
444 3431 458 3453 ,
491 3390 688 3443 damna
710 3427 726 3449 ,
774 3387 1023 3451 mulctas,
1067 3384 1421 3456 doloremque
1447 3392 1789 3457 perpetuum.
1831 3387 1911 3443 Tu

309 3476 462 3542 ‘veto,
516 3482 561 3535 si
591 3481 711 3549 quis
739 3480 833 3534 tibi
882 3479 1044 3535 homo
1088 3481 1261 3534 locum
1293 3482 1345 3533 in
1378 3483 1518 3534 terra
1552 3480 1912 3536 inviolabilem

314 3573 654 3639 ostenderet,
681 3572 891 3627 etiamsi
919 3581 971 3626 te
996 3573 1048 3625 in
1078 3571 1350 3626 desertum
1382 3569 1657 3638 edbceret,
1690 3576 1913 3643 promit-

313 3660 435 3721 lens
488 3664 731 3734 pecuniis
777 3661 883 3718 tuis
931 3659 1278 3719 securitatem
1326 3662 1339 3719 ὲ
1394 3682 1498 3718 nou
1543 3669 1910 3734 cunctareris;

314 3770 491 3827 neque
532 3764 848 3824 recusares,
896 3756 992 3811 sed
1033 3759 1289 3827 pecunias
1336 3757 1405 3810 ibi
1447 3773 1570 3811 cum
1601 3756 1790 3814 tidueia
1818 3758 1915 3815 de-

314 3862 546 3919 penercs
572 3865 586 3901 :
613 3845 724 3901 Deo
750 3856 953 3910 autem,
987 3863 1089 3900 non
1115 3846 1330 3901 homine
1353 3848 1402 3900 id
1432 3847 1521 3902 tibi
1548 3850 1912 3917 promittente,

316 3956 415 3994 nec
446 3940 744 4002 desertum,
772 3938 867 3992 sed
898 3938 1091 3991 czelum
1122 3949 1485 4009 proponeute,
1528 3941 1795 3994 contraria
1826 3955 1916 3995 ac-

315 4031 452 4101 cipis
480 4050 489 4079 :
516 4044 839 4099 quamquam
868 4020 1078 4083 etiamsi
1113 4028 1383 4083 tutissime
1402 4022 1620 4097 jaceaut
1643 4030 1916 4097 repositm,

320 4134 376 4176 tn
402 4135 693 4191 numquam
722 4119 1084 4177 sollicitudine
1103 4119 1300 4176 vacuus
1324 4134 1445 4175 csse
1472 4123 1665 4192 possis.
1697 4115 1919 4177 Etiamsi

324 4232 468 4291 cuius
496 4233 603 4271 uou
634 4217 848 4286 perdas,
885 4231 1185 4285 numquam
1209 4229 1239 4268 a
1257 4214 1627 4269 sollicitudine
1650 4216 1915 4285 perdendi

326 4290 661 4362 libet-aberis.
681 4306 790 4362 illic
803 4314 980 4360 autem
998 4306 1132 4360 nihil
1147 4306 1489 4375 prorsustale
1504 4307 1744 4375 patieris:
1761 4314 1927 4378 atque

327 4402 470 4462 εςυυιῑ
493 4410 569 4449 est
592 4399 788 4463 majus,
809 4403 1002 4451 aurum
1036 4412 1141 4451 non
1156 4398 1617 4460 deiodiStantuin,
1648 4399 1740 4452 sed
1763 4400 1933 4455 senii»

318 4480 439 4539 nas.
458 4482 699 4552 lilipsntn
712 4485 857 4538 cunt
876 4498 1027 4554 estet
1045 4490 1336 4543 thesaurus
1352 4500 1403 4541 et
1418 4504 1628 4554 semen;
1645 4490 1758 4543 imo
1775 4503 1908 4545 ntro

318 4585 426 4639 que
457 4573 647 4638 majus.
687 4569 885 4624 Semen
922 4570 1119 4642 quippe
1167 4590 1273 4627 non
1323 4585 1503 4629 manet
1544 4578 1783 4644 Semper,
1830 4569 1919 4634 ille

320 4674 450 4711 vero
484 4664 773 4714 thesaurus
822 4671 1003 4717 manet
1043 4661 1326 4734 perpetuo.
1371 4666 1602 4721 Itnrsum
1635 4668 1918 4723 thesaurus

317 4734 408 4807 itic
441 4769 546 4804 non
588 4754 873 4821 germinat,
918 4754 1008 4810 ille
1048 4750 1179 4811 vero
1227 4746 1560 4833 imtitortales
1590 4761 1682 4813 tibi
1712 4742 1918 4815 fructus

321 4842 483 4912 parit.
514 4842 666 4910 Quod
700 4846 744 4897 si
780 4856 990 4916 tempus
1035 4847 1165 4903 ntibi
1212 4849 1437 4917 objicias
1461 4892 1475 4913 .
1505 4861 1560 4905 et
1601 4852 1914 4908 dilationem

320 4936 563 4992 reditus:
600 4953 815 5005 possunt
847 4954 947 5008 ego
975 4939 1070 4994 tibi
1103 4938 1479 4998 demonstrare
1518 4940 1719 5014 quanta
1750 4950 1915 5003 etiam

383 5070 401 5106 ί
436 5070 566 5132 Vox,
579 5069 804 5136 justitttr,
820 5074 967 5127 deest
990 5078 1040 5127 in
1062 5078 1370 5141 quibusdam;

1332 342 1398 400 IN
1438 331 1851 397 BIATTIIIEUM
1913 330 2145 388 HOMIL.
2190 330 2308 388 XXI
2348 331 2419 387 al.
2464 328 2629 386 XXII.

3496 331 3601 387 ΞΜ

2002 448 2088 504 hic
2132 449 2406 519 accipias;
2436 457 2635 518 prarter
2676 448 2789 499 tunc
2828 455 3007 501 autem
3046 461 3114 502 ex
3151 444 3285 515 ipsis
3322 448 3609 502 iaculari-

2000 540 2101 596 bus
2127 550 2181 596 te
2209 541 2490 595 confutare
2516 540 2757 602 tentabo,
2790 551 2844 593 et
2872 524 3168 594 ostendere
3190 547 3245 593 te
3269 538 3463 593 frustra
3493 524 3609 595 hac

1999 632 2257 701 objicere.

2073 725 2128 780 6.
2169 723 2333 778 Multa
2361 724 2504 778 enim
2534 739 2585 778 m
2615 722 2870 793 prtrsenti
2893 722 2998 776 vita
3031 729 3212 793 paras,
3234 723 3434 793 quibus
3452 738 3606 779 num-

2001 833 2160 887 quam
2191 816 2416 882 frueris;
2443 825 2500 872 ct
2522 818 2567 872 si
2599 816 2721 887 quis
2751 825 2803 871 te
2834 817 2935 872 hac
2959 816 3027 873 de
3060 832 3122 873 re
3146 826 3356 889 arguat,
3386 817 3528 872 titius
3556 826 3610 871 et

2005 918 2227 980 nepotes
2254 908 2558 980 proferens,
2590 909 2853 964 idoneam
2871 908 2963 963 tibi
2989 908 3188 964 videris
3216 902 3609 977 superﬂuarum

2004 1000 2248 1056 laborum
2288 1000 2720 1056 consolationem
2763 1002 3051 1070 reperisse.
3077 1001 3212 1055 (.‘um
3253 1000 3397 1055 enim
3431 1002 3486 1056 in
3511 1015 3612 1055 cx-

2006 1105 2173 1150 tretna
2205 1100 2489 1149 senectute
2517 1092 2829 1164 splendidas
2854 1093 3125 1149 construis
3157 1092 3324 1157 aedes,
3353 1108 3473 1163 qua:
3511 1110 3612 1147 an-

2005 1198 2219 1257 tequam
2248 1186 2597 1257 perﬁciantur
2620 1201 2764 1255 saepe
2796 1176 2850 1240 tu
2879 1178 3121 1243 decedis.
3142 1186 3197 1240 et
3212 1185 3436 1240 arbores
3451 1186 3611 1253 seris,

2005 1297 2125 1352 qua:
2171 1292 2291 1351 post
2330 1280 2531 1335 multos
2572 1294 2746 1334 annos
2776 1278 3006 1334 fructum
3035 1278 3277 1333 allatura:
3304 1288 3459 1344 sunt;
3490 1294 3613 1333 cum

2008 1376 2060 1430 in
2110 1389 2243 1445 agro
2286 1373 2509 1429 arbores
2555 1373 2795 1444 plantas,
2843 1386 2963 1443 quae
2994 1381 3118 1442 post
3148 1371 3315 1427 multa
3343 1387 3612 1427 annorum

2005 1466 2272 1523 curricula
2314 1466 2549 1521 fructum
2582 1467 2789 1529 ferent;
2819 1481 2940 1520 cum
2968 1464 3168 1535 praedia
3205 1464 3342 1521 emis
3368 1476 3424 1521 et
3454 1466 3602 1523 bere.-

2006 1558 2226 1623 ditates',
2255 1570 2486 1628 quorum
2517 1556 2815 1611 dominium
2850 1555 3018 1610 inulto
3045 1565 3167 1626 post
3194 1565 3437 1626 tempore
3461 1558 3613 1610 babi-

2010 1660 2159 1705 turns
2204 1666 2287 1718 es;
2332 1650 2544 1720 alique
2595 1648 2759 1703 multa
2814 1660 2993 1719 paras,
3039 1655 3271 1719 quorum
3324 1665 3614 1720 numquam

2008 1741 2237 1797 frueris:
2263 1755 2333 1795 an
2379 1755 2476 1812 pro
2523 1750 2573 1795 te
2617 1740 2697 1795 vel
2729 1754 2831 1810 pro
2873 1739 3277 1795 successoribus
3321 1740 3435 1795 haec
3460 1740 3618 1809 agis?

2006 1835 2293 1901 Quomodo
2322 1836 2484 1905 igitur
2509 1850 2616 1889 non
2644 1841 2904 1889 extrema!
2929 1826 3223 1889 dementia:
3251 1843 3358 1900 est,
3390 1834 3476 1887 hic
3507 1850 3616 1888 non

2007 1946 2152 1999 πει-θ
2173 1930 2315 1984 ferre
2343 1928 2601 1997 temporis
2623 1926 2958 1990 dilationem,
2987 1927 3088 1982 etsi
3118 1942 3214 1996 per
3235 1925 3382 1980 illam
3405 1925 3619 1980 dilatio-

2009 2038 2132 2077 nem
2154 2038 2182 2075 a
2210 2020 2459 2076 mercede
2488 2020 2727 2074 laborum
2752 2033 2852 2075 nos
2876 2018 3169 2089 privandos
3189 2029 3313 2075 esse
3333 2028 3617 2088 exspecte-

2008 2122 2162 2175 mus;
2194 2124 2317 2166 cum
2347 2112 2418 2167 de
2443 2112 2579 2167 caelo
2608 2122 2789 2167 autem
2824 2112 3019 2183 agitur,
3053 2118 3277 2181 propter
3302 2097 3617 2164 dilaiionen:

2013 2214 2250 2274 torpere;
2280 2218 2403 2258 cum
2432 2212 2611 2258 tamen
2640 2204 2725 2258 illa
2756 2203 2946 2259 dilatio
2981 2203 3155 2273 majus
3182 2199 3275 2258 tibi
3304 2202 3511 2259 lucrum
3538 2203 3598 2257 af
3602 2234 3618 2245 α

2012 2293 2171 2363 ferat,
2203 2309 2305 2351 nec
2327 2294 2395 2349 ad
2423 2294 2563 2349 alios
2611 2302 2748 2348 bona
2797 2294 3151 2357 transmittat,
3197 2290 3294 2350 sed
3342 2294 3435 2350 tibi
3476 2293 3617 2349 dona

2013 2388 2274 2444 tradenda
2304 2387 2607 2442 custodiat?
2640 2387 2844 2441 Preter
2872 2386 2986 2441 haec
3012 2396 3195 2442 autem
3225 2402 3331 2442 non
3360 2387 3517 2456 longa
3538 2396 3620 2442 est

2014 2480 2117 2535 ista
2141 2479 2333 2534 dilatio
2356 2476 2463 2551 (a).
2493 2478 2627 2534 Nam
2659 2477 2726 2532 ad
2756 2480 2902 2535 tores
2927 2486 3015 2534 res
3044 2478 3175 2549 ipsa:
3203 2487 3363 2536 situt:
3388 2494 3487 2535 nec
3511 2479 3622 2533 sci-

2014 2582 2138 2628 mus
2162 2586 2289 2626 num
2321 2570 2459 2626 forte
2482 2572 2534 2626 in
2563 2572 2662 2626 hac
2690 2571 3036 2642 generatione
3052 2573 3232 2626 omnia
3260 2581 3440 2628 nostra
3462 2571 3623 2627 tinem

2016 2662 2259 2720 habitura
2288 2664 2416 2721 sint.
2463 2674 2519 2718 et
2556 2663 2675 2717 dies
2713 2650 2803 2717 ille
2828 2663 3141 2718 tremendus
3171 2663 3242 2718 sit
3268 2662 3622 2729 adventuros,

2017 2755 2346 2811 horrendum
2377 2754 2531 2820 illttd,
2558 2766 2612 2811 et
2640 2756 2839 2810 nullam
2872 2769 3224 2827 personarum
3251 2758 3623 2826 acceptionem

2018 2849 2223 2904 habens
2244 2847 2479 2903 tribunal
2500 2857 2847 2903 ostensurus.
2872 2835 3007 2903 Nam
3052 2843 3312 2920 pleraque
3336 2849 3489 2919 signa
3511 2848 3624 2919 jam

2018 2938 2253 3010 perfecta
2274 2949 2420 3004 sunt;
2446 2954 2508 2994 ac
2527 2939 2743 2995 demum
2761 2940 3100 3010 evangelium
3130 2932 3227 3011 per
3251 2942 3421 2997 totum
3438 2942 3626 2998 orbem

2020 3030 2367 3101 praedicatum
2391 3031 2516 3095 fuit,
2547 3046 2611 3085 ac
2636 3031 2797 3096 bello,
2828 3040 2988 3086 terra:
3010 3041 3194 3086 motus
3222 3041 3274 3087 et
3303 3031 3474 3088 fames
3497 3047 3625 3089 eve-

2020 3137 2237 3189 nerunt,
2263 3141 2365 3179 nec
2396 3133 2651 3195 magnum
2686 3124 2799 3191 jam
2830 3124 3175 3179 intervallum
3204 3134 3307 3178 est:
3337 3120 3445 3180 Sed
3475 3126 3626 3196 signa

2020 3231 2128 3271 non
2152 3215 2336 3270 vides?
2359 3214 2425 3270 Et
2447 3215 2551 3269 hoc
2581 3216 2755 3284 ipsimi
2786 3230 3039 3285 magnum
3067 3216 3281 3285 signum
3303 3224 3405 3272 est.
3443 3217 3628 3288 Neque

2018 3310 2164 3364 enim
2196 3310 2284 3381 qui
2318 3308 2432 3363 Noe
2461 3316 2702 3375 tempore
2722 3317 2877 3362 erant
2908 3310 3167 3376 prommia
3191 3310 3464 3380 generalis
3490 3310 3629 3367 inte-

2019 3401 2155 3455 ritus
2186 3399 2464 3463 viderunt;
2497 3398 2589 3452 sed
2622 3396 2838 3453 interiin
2870 3397 3140 3467 ludentes,
3161 3398 3411 3466 edentes,
3432 3417 3631 3457 uxores

2022 3492 2303 3557 ὼιδυιιιὲες
2336 3502 2705 3559 consuetaque
2745 3490 2925 3544 omnia
2954 3500 3200 3559 agentes,
3232 3492 3312 3545 sic
3337 3506 3368 3545 a
3398 3492 3629 3548 terribili

2024 3568 2113 3637 illa
2143 3576 2344 3638 ultione
2366 3580 2690 3651 deprehensi
2713 3590 2856 3635 sunt.
2882 3580 3249 3651 Similiterque
3272 3586 3323 3636 in
3353 3582 3629 3653 Sodomis,

2022 3676 2229 3731 deliciis
2275 3689 2492 3743 operam
2536 3663 2750 3731 dantes.
2799 3672 3043 3743 nihilque
3070 3688 3257 3728 eorum
3295 3690 3417 3745 qua:
3448 3691 3630 3743 postea

2025 3765 2161 3819 facta
2189 3774 2315 3819 sunt
2342 3763 2700 3832 suspicantes,
2732 3761 2802 3818 ab
2832 3762 3088 3819 immissis
3119 3762 3434 3818 fulminibus
3474 3780 3627 3819 com-

2023 3856 2166 3911 busti
2191 3866 2337 3911 suut.
2367 3856 2503 3923 Quze
2530 3854 2713 3910 omnia
2750 3856 3076 3927 cugitantes,
3119 3856 3187 3912 ad
3237 3857 3627 3927 profectionem

2024 3935 2151 4003 hinc
2178 3945 2475 4016 parandam
2498 3959 2645 4001 nosc
2681 3947 3273 4016 nvet'tatnus._l£tiamsi
3327 3949 3635 4003 connnunis

2029 4034 2117 4088 ille
2146 4013 2632 4087 consummationis
2673 4045 2779 4085 non
2823 4032 2985 4086 iustct
3013 4013 3159 4096 dies;
3202 4031 3337 4087 uniu
3370 4034 3634 4105 cujusque

2029 4124 2150 4179 linis
2176 4124 2229 4177 in
2257 4122 2436 4192 januis
2457 4130 2558 4187 est,
2593 4124 2708 4177 sive
2729 4134 2893 4178 sane:
2922 4124 3039 4177 sive
3056 4124 3276 4193 juvenis
3309 4126 3410 4189 sit;
3459 4142 3634 4199 neque

2028 4228 2154 4273 tunc
2183 4218 2358 4271 oleum
2401 4231 2583 4272 emere
2614 4214 2815 4281 licebit,
2865 4231 3040 4286 neque
3066 4226 3311 4286 petentes
3346 4221 3636 4284 impetrare

2026 4309 2260 4370 veniam,
2290 4308 2390 4363 etsi
2425 4306 2692 4362 Abraham
2724 4317 2995 4373 precetur,
3039 4308 3137 4362 etsi
3185 4307 3317 4370 Noe.
3361 4311 3462 4363 etsi
3508 4309 3637 4371 Job,

2026 4402 2125 4455 etsi
2161 4394 2366 4453 Daniel.
2420 4399 2600 4452 Donec
2649 4398 2808 4468 igitur
2858 4407 3071 4468 tempus
3099 4399 3380 4465 habemus,
3412 4402 3637 4455 multam

2029 4492 2183 4545 nobis
2213 4506 2461 4559 paremus
2490 4486 2760 4548 ﬁduciam,
2793 4490 2968 4542 oleum
2998 4480 3153 4543 nobis
3178 4484 3456 4560 copiosum
3486 4508 3640 4547 cntu-

2027 4586 2299 4651 paremus,
2330 4585 2508 4634 nuntia
2546 4580 2932 4632 transferamus
2960 4580 3011 4633 in
3034 4580 3249 4644 emittm,
3276 4592 3335 4635 nt
3362 4584 3411 4637 in
3428 4599 3635 4653 oppor-

2030 4683 2157 4727 tuno
2182 4685 2447 4739 tempore,
2468 4684 2575 4739 quo
2592 4670 2826 4723 maxime
2853 4656 2934 4724 his
2952 4686 3198 4737 egemus,
3216 4675 3467 4728 omnibus
3495 4676 3639 4730 frua-

2029 4780 2169 4829 tnur;
2198 4762 2367 4832 gratia
2401 4772 2453 4815 ct
2486 4761 2815 4831 benignitate
2846 4763 3053 4816 Domini
3088 4764 3259 4819 nostri
3302 4765 3430 4820 Jesu
3471 4765 3633 4821 Chri-

2028 4855 2116 4919 sti,
2143 4856 2228 4911 cui
2260 4834 2433 4923 gloria
2458 4864 2512 4907 ct
2538 4854 2821 4923 imperium
2853 4870 2995 4909 nunc
3018 4865 3073 4911 et
3104 4872 3343 4929 semper,
3370 4870 3426 4915 et
3454 4860 3506 4917 in
3530 4874 3635 4916 sa:-

2027 4948 2144 5003 cula
2170 4939 2516 5001 surculorum.
2546 4932 2741 4999 Amen.

2093 5086 2167 5147 (ti)
2200 5082 2478 5146 SuSpicatur
2502 5076 2871 5145 Cln'vs'ostomt'ts
2893 5082 3038 5132 linem
3064 5085 3229 5134 mundi
3254 5086 3538 5137 adventare.

680 5198 2874 5225 .__.._______________________________________

3435 5214 3631 5226 -ο

1513 5263 1861 5349 HOMILIA
1898 5288 2079 5350 xxx.
2117 5288 2203 5349 ai.
2252 5276 2463 5347 xxn.

325 5411 452 5468 Cap.
492 5416 546 5472 6.
579 5433 630 5470 ν.
664 5404 755 5473 ει.
789 5402 955 5474 Nemo
999 5422 1157 5490 potest
1195 5418 1392 5479 duobus
1422 5412 1644 5481 dominis
1684 5432 1870 5483 servire
1902 5448 1919 5483 :

392 5517 481 5559 aut
511 5507 645 5560 enim
672 5524 830 5561 mium
864 5511 980 5565 odio
1026 5512 1242 5579 habebit,
1271 5525 1319 5567 et
1343 5518 1557 5571 alterum
1587 5518 1791 5589 diliget;
1834 5533 1921 5575 aut

394 5612 556 5652 unum
586 5600 867 5661 sustinebit.
892 5614 938 5656 et
961 5604 1175 5657 alterum
1200 5615 1500 5661 contemnet.

396 5692 451 5745 1.
494 5690 699 5745 δεησὴε
724 5695 951 5760 pecunia:
977 5696 1255 5748 maximum
1281 5698 1505 5760 nmium;
1537 5716 1645 5751 eam
1675 5702 1925 5771 negligere

324 5783 613 5837 niaximum
646 5783 849 5839 bon’mn.
884 5785 1114 5842 Clu-istm”
1144 5790 1287 5842 utilia
1316 5798 1483 5859 parat,
1519 5791 1639 5846 dum
1670 5800 1925 5851 contraria

2030 5431 2179 5483 tollit.
2199 5458 2270 5468 —-
2293 5427 2454 5483 Vides
2480 5437 2539 5481 ut
2570 5428 2819 5494 paulatim
2849 5444 2877 5481 a
2907 5432 3260 5499 pra-sentibus
3290 5435 3451 5489 rebus
3472 5436 3642 5491 abdu-

2030 5531 2137 5579 cat,
2166 5535 2231 5574 ac
2259 5518 2502 5589 pluribus
2532 5519 2600 5572 de
2627 5529 2939 5589 contemptu
2981 5520 3287 5576 divitiarum
3331 5539 3638 5581 sermonem

2034 5615 2294 5677 instituat,
2343 5622 2399 5666 et
2444 5611 2781 5683 tyrannidem
2835 5613 3143 5683 cupiditatis
3182 5615 3642 5687 dejiciattNeque

2033 5706 2177 5758 enim
2206 5711 2494 5757 contentus
2526 5704 2609 5765 iis,
2642 5718 2760 5767 qua:
2789 5706 3037 5773 superius
3058 5706 3215 5773 dixit,
3240 5708 3449 5763 etiamsi
3476 5710 3637 5764 multa

2035 5810 2089 5855 et
2126 5802 2381 5871 prgeclara
2415 5798 2501 5853 illa
2533 5799 2657 5868 sint,
2688 5799 2790 5856 alia
2818 5786 3001 5870 adjicit
3029 5787 3181 5872 plura
3210 5810 3267 5859 et
3296 5804 3633 5860 terribiliora.
