4066 6446
501 332 604 388 295

489 458 624 527 Quid
655 449 799 513 etiim
825 456 888 510 iis
918 471 1035 526 qua:
1065 469 1203 509 nunc
1231 456 1480 509 dicuntur
1523 452 1829 511 terribilius.
1871 452 1914 505 si
1947 467 2076 520 pro-

489 556 607 618 pter
643 549 893 618 pecunias
920 563 948 600 a
975 546 1172 602 Christi
1196 548 1450 601 servitute
1475 543 1723 599 excidere
1746 543 2076 597 debeamus?

487 641 612 711 quid
663 639 1088 703 desiderabilins,
1122 639 1165 691 si
1199 639 1262 692 iis
1307 637 1623 704 contemptis
1671 637 1908 688 strictam
1950 651 2073 704 erga

487 747 608 784 eum
628 731 1051 786 benevolentiam
1083 740 1135 783 et
1162 730 1432 782 caritatem
1463 726 1689 780 habituri
1709 727 1906 778 simus?
1925 725 2073 792 Quod

488 826 629 879 enim
650 841 862 894 semper
884 824 1020 887 dico,
1053 823 1153 875 hoc
1182 830 1235 874 et
1261 836 1398 874 nunc
1415 820 1607 878 dicam,
1631 821 1800 888 ipsum
1820 834 1915 888 per
1932 831 2075 872 utra-

489 932 590 983 que
621 915 912 969 auditorem
943 927 1131 966 acuere
1157 911 1220 964 ad
1252 910 1652 979 obsequendum
1678 909 1855 974 dictis,
1887 917 1941 962 et
1978 922 2075 976 per

459 1017 462 1022 ‘
489 1007 633 1060 utilia
656 1017 707 1060 et
733 1020 826 1072 per
848 1004 1034 1057 noxia:
1069 1003 1518 1073 quemadmodum
1550 1001 1780 1070 optimus
1810 1000 2068 1063 medicus,

486 1110 539 1155 et
566 1100 810 1156 morbum
833 1114 894 1152 ex
923 1096 1258 1166 negligentia,
1294 1106 1344 1149 et
1366 1096 1644 1147 sanitatem
1677 1107 1743 1146 ex
1769 1091 2067 1144 obedientia

486 1202 930 1246 commonstrans.
964 1188 1096 1242 Vide
1127 1189 1300 1257 igitur,
1327 1194 1580 1254 quantum
1610 1183 1694 1237 hic
1721 1183 1922 1237 lucrum
1947 1197 2068 1234 rur-

484 1299 575 1338 sus
601 1281 863 1343 ostendat,
897 1292 948 1334 et
981 1275 1424 1348 quomodo'tttilia
1456 1283 1625 1344 paret,
1655 1274 1781 1327 dum
1804 1272 2066 1326 contraria

486 1374 639 1428 tollit.
677 1373 854 1440 Neque
881 1371 1042 1431 enim,
1073 1365 1472 1436 inquit,diviti:c
1499 1364 1617 1418 ideo
1647 1372 1847 1417 tantum
1876 1372 2067 1417 necent

484 1467 654 1529 vobis,
697 1464 836 1533 quod
867 1463 1010 1516 iures
1039 1468 1224 1516 castra
1255 1472 1344 1512 vos
1371 1457 1533 1511 armis
1563 1456 1845 1516 instruant,
1894 1466 2064 1522 ιιι-(ιιιε

481 1559 621 1630 quod
654 1567 880 1610 mentem
921 1552 1137 1607 omnino
1175 1549 1411 1606 tenebris
1437 1548 1740 1610 oilundant;
1784 1546 1876 1601 sed
1905 1547 2063 1600 etiam

479 1649 622 1716 quod
653 1665 716 1702 cx
744 1647 996 1701 servitute
1027 1645 1120 1698 Dei
1140 1642 1500 1710 vosdejicisnt
1524 1682 1538 1706 ,
1567 1639 1870 1694 inanimatis
1903 1654 2064 1707 pet-u-

483 1742 584 1793 niis
613 1754 707 1792 vos
736 1739 973 1806 captivos
1005 1735 1293 1796 tradentes,
1326 1742 1380 1786 et
1426 1733 1670 1800 utrinque
1701 1739 1978 1792 nocentes,
2010 1738 2064 1783 ct
2109 1800 2116 1808 _

479 1831 620 1900 quod
647 1847 832 1884 servos
862 1828 1090 1882 efﬁciant
1122 1843 1305 1880 eorum
1332 1825 1521 1894 quibus
1552 1825 1813 1891 hnperare
1840 1821 2062 1874 debere-

464 1941 616 1987 mus,
643 1935 695 1978 ct
717 1921 859 1992 quod
894 1937 986 1975 vos
1011 1938 1038 1973 a
1067 1922 1320 1974 servitute
1350 1919 1439 1972 Dei
1469 1917 1739 1985 dejiciant,
1780 1917 1863 1968 cui
1896 1915 2062 1967 maxi¢

479 2032 565 2071 me
604 2017 805 2069 servire
850 2028 1068 2067 necesse
1115 2011 1264 2065 vobis
1303 2019 1402 2064 est.
1434 2006 1888 2076 Quemadmodum
1918 2007 2056 2060 enim

477 2106 586 2160 illic
610 2107 767 2159 etiam
789 2104 983 2173 duplex
1015 2116 1132 2156 esse
1159 2111 1536 2153 nocatnentuttt
1558 2097 1809 2160 ostendit,
1831 2105 1892 2149 et
1919 2096 2057 2164 quod

475 2200 546 2253 ibi
574 2199 927 2268 deponantur,
961 2195 1046 2248 ubi
1075 2207 1253 2261 atrngo
1300 2190 1553 2253 corrodit,
1585 2200 1639 2244 et
1676 2188 1816 2257 quod
1847 2187 1917 2242 ibi
1949 2203 2052 2241 non

476 2292 828 2357 deponantur,
858 2287 944 2340 ubi
969 2295 1076 2338 tuta
1094 2283 1334 2337 ettstodia
1355 2299 1369 2337 :
1394 2281 1470 2335 sic
1510 2290 1564 2334 et
1607 2280 1706 2334 hoc
1734 2281 1848 2333 loco
1878 2278 2053 2346 dupli-

475 2396 591 2436 cem
623 2396 814 2434 noxam
859 2378 1112 2440 ostendit,
1156 2385 1209 2429 et
1252 2374 1391 2442 quod
1435 2390 1464 2426 a
1508 2375 1615 2427 Deo
1645 2370 1972 2433 abstraham,
2006 2381 2057 2424 et

473 2472 614 2539 quod
657 2485 919 2522 mantonze
949 2467 1249 2536 subjiciam.
1293 2465 1396 2519 Sed
1440 2479 1544 2517 non
1585 2464 1762 2516 statim
1806 2463 1854 2516 id
1887 2462 2054 2531 ponit,

472 2562 566 2614 sed
598 2561 647 2614 id
680 2561 825 2629 prius
851 2575 912 2614 ex
941 2557 1311 2612 connntmibus
1345 2565 1493 2624 parat
1519 2553 1832 2618 ratiociniis,
1870 2554 1948 2606 sic
1969 2553 2055 2605 di-

471 2667 632 2706 cens:
662 2651 824 2704 Nemo
855 2658 1014 2719 potrst
1059 2648 1252 2700 duobus
1294 2644 1511 2698 dominis
1543 2643 1725 2696 servire
1747 2658 1766 2696 :
1792 2643 1927 2697 duos
1971 2643 2058 2696 Ιιὶσε

471 2743 654 2796 dicens
685 2743 768 2811 qtti
800 2741 1064 2796 contraria
1098 2737 1424 2806 pra-cipiant.
1453 2735 1582 2788 Nam
1609 2736 1652 2788 si
1682 2735 1860 2789 id-non
1887 2744 2050 2800 esset,

471 2848 576 2886 non
606 2833 711 2886 duo
735 2831 932 2884 forent.
965 2828 1094 2882 Nam
1129 2827 1472 2882 Multitudinis
1503 2825 1808 2878 credentium
1835 2834 1939 2877 erat
1968 2841 2054 2878 cor

471 2941 627 2977 unum
655 2932 700 2976 ct
727 2923 898 2976 auium
924 2937 1026 2994 uno
1059 2919 1192 2987 (Act.
1227 2919 1281 2972 4.
1324 2919 1412 2985 52)
1435 2934 1447 2971 :
1472 2917 1594 2970 licet
1619 2915 1759 2969 enim
1788 2926 1969 2971 essent
2001 2918 2054 2970 in

473 3015 620 3078 plura
637 3028 856 3081 corpora
874 3011 1049 3072 divisi,
1067 3017 1300 3063 attamen
1315 3008 1594 3062 concordia
1613 3007 1866 3075 plurimos
1888 3019 2049 3060 unum

469 3105 752 3159 efﬁciebat.
783 3102 980 3157 Deinde
1003 3101 1088 3155 illa
1117 3100 1414 3162 cumulans,
1437 3099 1593 3152 dicit:
1618 3098 1732 3153 Non
1764 3100 1922 3171 modo
1944 3115 2046 3152 non

467 3198 682 3259 serviet,
726 3196 817 3250 sed
847 3197 1003 3250 etiam
1035 3191 1155 3246 odio
1188 3192 1399 3246 habebit
1448 3199 1500 3244 et
1544 3191 1874 3243 aversabitur
1902 3208 1915 3244 :
1948 3194 2047 3244 Aut

467 3292 597 3342 enim
624 3305 777 3340 unum
808 3288 923 3338 odio
952 3284 1166 3344 habebit,
1203 3285 1392 3354 inquit,
1418 3294 1464 3335 et
1491 3283 1704 3336 alterum
1735 3281 2047 3351 diligantur:

464 3397 620 3433 unum
651 3379 930 3441 sustinebit,
955 3387 1002 3430 et
1029 3378 1239 3428 alterunt
1267 3383 1563 3427 contemnet.
1600 3377 1674 3426 Ae
1705 3373 1912 3426 videtur
1931 3376 2046 3442 qui-

461 3471 581 3524 dem
614 3469 692 3521 bis
721 3469 942 3537 idipsnm
975 3466 1201 3529 dixisse;
1235 3463 1334 3518 sed
1354 3480 1456 3517 non
1483 3464 1599 3516 sine
1640 3475 1796 3516 causa
1827 3465 1904 3517 sic
1933 3479 2042 3517 rem

459 3561 814 3622 coacinnavit,
845 3555 936 3610 sed
982 3566 1037 3609 ut
1078 3553 1383 3609 ostenderet
1406 3550 1617 3608 facilem
1649 3567 1768 3607 esse
1797 3554 2044 3606 mutatio-

457 3667 578 3704 nem
612 3651 660 3703 in
691 3651 897 3703 melius.
921 3647 996 3702 Ne
1022 3645 1229 3701 diceres
1245 3646 1416 3707 enim,
1455 3645 1630 3699 Semel
1659 3659 1844 3697 servus
1874 3643 2044 3697 factus

455 3758 593 3806 sum,
628 3741 926 3795 divitiarum
956 3739 1236 3810 tyrannide
1267 3749 1591 3806 oppressus:
1613 3733 1848 3788 ostendit
1882 3748 2038 3802 posse

455 3834 506 3885 in
534 3831 690 3886 aliam
719 3833 954 3886 converti
1001 3840 1204 3898 partem
1242 3844 1256 3879 :
1284 3836 1336 3882 et
1365 3827 1495 3880 sicut
1529 3841 1593 3878 es
1642 3825 1737 3878 ista
1773 3825 1830 3877 in
1864 3824 2030 3885 illam.

433 3925 530 3978 'sic
566 3939 630 3978 ex
665 3925 748 3976 illa
792 3923 843 3976 in
888 3924 1040 3974 istam
1071 3921 1267 3974 venire.
1309 3918 1441 3972 Cum
1469 3932 1597 3986 ergo
1625 3916 1727 3970 hoc
1753 3916 2032 3971 indeﬁnite

449 4016 686 4078 dixisset,
718 4030 823 4081 quo
840 4013 1063 4066 auditori
1086 4009 1352 4072 suaderet,
1371 4017 1428 4062 ιιι
1452 4021 1660 4076 {equum
1686 4021 1745 4060 se
1765 4005 2024 4059 dictorum

442 4106 670 4172 judicent
704 4113 932 4172 gereret,
976 4112 1029 4156 et
1071 4119 1135 4155 ex
1179 4102 1288 4168 ipsa
1320 4111 1498 4152 rerum
1533 4105 1714 4150 natura
1764 4097 2024 4149 calculum

437 4199 627 4258 ferret,
660 4208 936 4264 postquam
957 4194 1102 4246 illum
1127 4192 1224 4245 sibi
1242 4189 1659 4244 consentientem
1683 4186 1884 4244 habuit,
1905 4196 2026 4238 tunc

436 4291 675 4356 seipsum
709 4289 936 4348 revelat;
979 4284 1250 4353 sniq‘unxit
1290 4283 1466 4336 enim:
1498 4278 1618 4332 Non
1668 4280 1869 4345 potestis
1916 4278 2022 4330 Deo

438 4381 621 4432 servire
654 4390 698 4431 et
734 4392 1003 4430 mamonae.
1058 4375 1509 4429 Exhorrescamus
1555 4371 1846 4439 cogitantes
1893 4370 2020 4438 quid

421 4471 703 4526 Christum
733 4465 910 4524 dicere
931 4468 1219 4536 coegimus,
1253 4468 1322 4519 ita
1356 4475 1412 4518 ιιι
1437 4479 1558 4518 cum
1585 4463 1691 4516 Deo
1708 4478 1895 4516 aurum
1915 4477 2015 4531 po-

436 4571 605 4616 neret.
637 4561 786 4626 Quod
833 4562 876 4614 9i
917 4559 1042 4615 Illud
1076 4557 1348 4619 horribile,
1393 4556 1549 4624 longe
1596 4554 1900 4607 horribilius
1930 4563 2012 4607 est

417 4657 534 4707 hoc
561 4654 730 4719 reipsa
762 4651 891 4713 fieri,
925 4660 978 4704 et
1008 4651 1098 4704 Dei
1129 4649 1304 4702 timori
1340 4648 1452 4701 auri
1495 4645 1828 4716 tyrannidem
1854 4655 2008 4698 ante-

430 4746 573 4799 ferri.
606 4743 740 4811 Quid
769 4742 958 4811 igitur?
987 4757 1162 4794 annon
1208 4739 1347 4808 apud
1380 4747 1588 4791 veteres
1634 4736 1858 4804 idipsutn
1893 4736 2004 4790 fieri

423 4838 628 4906 potuit?
660 4838 888 4889 Minime.
923 4833 1198 4901 Quomodo
1240 4843 1367 4900 ergo
1409 4828 1696 4890 Abraham,
1741 4831 2002 4897 quomodo

421 4931 518 4984 Joh
551 4931 746 4982 virtute
782 4928 1053 4982 ciaruerc?
1085 4927 1158 4980 Ne
1195 4927 1319 4978 mihi
1351 4924 1542 4978 divites
1591 4938 1874 4985 memores,
1907 4925 1996 4976 Sed

418 5022 614 5074 divitiis
645 5021 963 5073 servientes.
1011 5018 1140 5070 Nam
1171 5018 1271 5071 Job
1300 5019 1448 5070 dives
1489 5017 1700 5083 quidem
1734 5026 1868 5076 erat,
1904 5024 1992 5068 sed

411 5127 520 5165 non
553 5113 817 5164 serviebat
847 5126 1134 5174 ntatnona:;
1165 5110 1375 5163 divitias
1402 5107 1628 5162 habebat
1662 5116 1715 5160 et
1761 5109 1991 5164 tenebat.

412 5219 474 5258 ac
501 5204 767 5266 dotnituts,
799 5217 904 5256 non
933 5215 1118 5256 servus
1145 5210 1278 5254 erat.
1311 5200 1510 5253 Etenim
1537 5201 1673 5252 sient
1699 5200 1989 5251 alienarum

415 5295 756 5362 pecuniarum
799 5292 1155 5362 dispensator,
1200 5291 1278 5345 sic
1319 5291 1404 5344 illa
1433 5290 1607 5342 omnia
1640 5287 1987 5358 possidebat:

415 5398 519 5436 non
547 5385 702 5433 modo
721 5385 895 5438 aliena
919 5401 1020 5438 non
1044 5385 1276 5454 rapiens,
1299 5387 1391 5440 sed
1411 5389 1570 5440 etiam
1595 5404 1689 5443 sua
1715 5391 1994 5456 egentibus

406 5471 668 5540 iargiens.
688 5474 942 5542 Quodque
962 5475 1135 5544 majus
1155 5488 1229 5529 est
1255 5492 1269 5530 :
1293 5492 1390 5530 nec
1409 5477 1471 5531 de
1490 5480 1842 5546 praesentibus
1861 5496 1994 5549 gau-

417 5567 593 5626 debat,
626 5578 680 5616 ttt
715 5568 797 5616 ille
829 5566 1062 5619 declarat
1094 5568 1277 5622 dicens
1305 5586 1319 5622 :
1353 5569 1414 5622 Si
1448 5570 1655 5623 la‘latns
1686 5587 1824 5634 sum,
1853 5573 1993 5638 quod

414 5661 597 5710 multm
625 5658 749 5709 mihi
775 5667 940 5710 essent
971 5659 1167 5711 divitia:
1195 5658 1337 5727 (Job.
1365 5661 1453 5713 5|.
1477 5661 1599 5729 25);
1633 5662 1862 5731 ideoque
1889 5664 1994 5717 illis

415 5753 631 5806 antissis
661 5766 764 5804 non
797 5751 979 5806 doluit.
1009 5755 1075 5804 At
1110 5767 1213 5806 non
1246 5757 1379 5809 tales
1412 5756 1568 5808 hodie
1600 5753 1791 5811 divites
1819 5764 1945 5810 sunt
1975 5769 1991 5809 :

1199 338 1252 394 S.
1293 337 1570 394 JOANNIS
1604 330 2084 393 CIIRYSOSTOMI
2126 334 2439 392 ARCHIEP.
2479 335 3011 394 CONS'I‘ANTINUP.

3669 340 3776 397 .296

2187 450 2280 507 sed
2332 453 2556 520 captivis
2606 455 2931 524 quibuslibet
2975 455 3211 509 deterius
3258 455 3454 518 allecti,
3487 471 3771 520 mammae,

2183 546 2332 612 quasi
2365 550 2590 614 tyranno
2613 544 2822 598 cuidam
2851 548 3045 597 acerbo
3071 547 3264 598 tributa
3302 547 3615 615 pendentes.
3645 547 3772 601 Nam

2181 635 2328 704 quasi
2359 650 2536 690 arcem
2561 636 2842 705 quamdam
2893 638 3127 704 ipsorum
3170 637 3406 690 animum
3437 653 3588 690 amor
3615 654 3773 708 pecn-

2180 727 2385 780 uiarum
2418 727 2628 791 invasit,
2657 734 2712 782 et
2733 727 2978 779 mandata
3006 727 3151 780 omni
3175 729 3328 794 pictta
3353 729 3628 798 iniquitate
3651 729 3775 783 inde

2178 817 2308 887 ipsis
2335 819 2494 873 mittit
2517 820 2749 889 quotidie
2773 838 2787 875 :
2813 835 3074 889 nemoque
3095 829 3177 873 est
3197 822 3285 889 qui
3309 822 3407 890 ipsi
3432 835 3534 874 non
3562 823 3771 876 obtem-

2178 918 2347 973 peret.
2381 909 2459 965 Ne
2497 911 2670 979 itaque
2697 910 2748 964 in
2778 915 2974 964 varibm
3005 910 3412 980 pliiittSOpltCt'is.
3444 910 3773 966 Nam'sentel

2180 999 2317 1052 Deus
2339 1003 2656 1055 sententiam
2691 1002 2829 1065 tulit,
2861 1002 3104 1072 dixitque
3133 1018 3236 1054 non
3272 1016 3429 1070 posse
3461 1001 3597 1056 hanc
3625 1013 3677 1054 et
3702 1002 3770 1055 il-

2175 1091 2278 1143 lam
2301 1093 2607 1146 servitutem
2629 1108 2729 1145 una
2746 1109 3087 1146 concurrere.
3112 1090 3191 1147 Ne
3208 1092 3354 1145 dicas
3371 1102 3500 1161 ergo
3518 1101 3592 1154 tu,
3614 1101 3772 1159 posse

2173 1195 2515 1236 concurrere.
2546 1184 2674 1236 Cum
2695 1184 2837 1237 enim
2869 1183 2956 1237 ille
2986 1199 3192 1250 rapere,
3219 1182 3305 1239 hic
3324 1197 3445 1238 sese
3469 1184 3770 1251 exspoliare

2168 1267 2380 1338 iubeat;
2406 1272 2490 1325 hic
2517 1283 2721 1328 castum
2750 1289 2888 1337 esse,
2922 1275 3009 1327 ille
3031 1274 3310 1339 fornicari;
3337 1275 3421 1330 hic
3444 1274 3696 1330 inebriari
3716 1285 3768 1329 ct

2173 1376 2372 1415 mensa:
2398 1363 2602 1418 deliciis
2633 1366 2756 1428 frui,
2790 1365 2879 1418 ille
2910 1377 3146 1420 ventrem
3191 1366 3488 1432 moderari;
3542 1368 3628 1422 hic
3667 1366 3766 1422 de-

2171 1454 2376 1521 Spicere
2409 1457 2709 1524 praesentia,
2755 1459 2842 1512 ille
2887 1459 2949 1511 iis
2979 1458 3210 1518 haerere;
3243 1458 3330 1513 ille
3356 1459 3469 1526 ipse
3496 1464 3766 1516 marmora

2159 1546 2353 1601 mirari
2398 1556 2452 1602 et
2502 1557 2719 1604 ornatos
2767 1551 2996 1620 parietes
3042 1559 3200 1619 atque
3227 1549 3527 1619 laquearia;
3562 1552 3646 1605 hic
3674 1552 3764 1606 illa

2169 1636 2446 1708 despicere
2469 1651 2522 1694 et
2547 1641 2937 1711 philosophiam
2981 1643 3158 1696 colere
3196 1659 3210 1695 :
3244 1641 3512 1710 quomodo
3542 1651 3764 1712 possunt

2170 1726 2286 1782 ll:ec
2311 1731 2634 1785 convenire?

2238 1819 2290 1870 2.
2357 1820 2526 1886 Quare
2568 1822 2630 1872 de
2679 1838 2915 1873 mamona
2966 1823 3111 1886 quasi
3157 1821 3220 1874 de
3271 1823 3474 1874 domino
3530 1825 3763 1892 loquatur

2168 1908 2416 1962 Christus.
2450 1909 2649 1964 Damna
2680 1928 2742 1965 c1?
2778 1913 2966 1966 divitiis
2995 1924 3161 1980 parta.
3185 1943 3255 1953 —
3277 1913 3370 1968 llic
3400 1930 3558 1982 porro
3584 1917 3760 1970 domi-

2167 2017 2292 2053 nutu
2329 2016 2628 2056 mauzouatu
2677 2006 2900 2067 vocavit,
2946 2020 3049 2059 non
3095 2005 3234 2074 quod
3285 2016 3468 2061 natura
3513 2009 3630 2061 talis
3668 2011 3757 2071 sit,

2164 2091 2256 2144 sed
2286 2093 2353 2144 ob
2385 2108 2570 2147 eorum
2611 2095 2698 2163 qui
2743 2109 2861 2148 sese
2906 2096 2978 2148 illi
3013 2097 3292 2164 subjcccre
3333 2099 3624 2152 miseriam.
3670 2099 3759 2154 Sic

2165 2185 2322 2236 ctiam
2354 2197 2595 2239 ventrem
2625 2187 2780 2238 deum
2832 2197 3008 2253 vocat,
3055 2203 3159 2241 non
3210 2203 3237 2240 a
3281 2190 3537 2258 dignitate
3583 2191 3758 2244 domi-

2165 2278 2362 2335 nantis,
2405 2276 2499 2330 sed
2543 2296 2569 2331 ιι
2611 2279 2957 2333 servientium
3003 2282 3248 2342 miseria;
3293 2283 3432 2350 quod
3461 2284 3605 2339 onmi
3634 2300 3757 2354 διψ-

2165 2367 2320 2434 plicio
2345 2369 2500 2437 pejus
2528 2380 2628 2431 est,
2674 2381 2726 2424 et
2769 2382 2892 2424 ante
2933 2373 3252 2441 supplicium
3287 2384 3460 2442 potest
3486 2378 3756 2444 captivum

2163 2460 2366 2514 ulcisci.
2397 2461 2599 2528 Quibus
2626 2465 2767 2516 enim
2794 2463 3058 2516 damnatis
3085 2467 3396 2521 miseriores
3424 2483 3528 2520 non
3557 2468 3757 2526 fuerint

2162 2551 2218 2616 ii,
2262 2553 2348 2620 qui
2395 2551 2558 2606 Deum
2601 2551 2878 2606 dominum
2921 2553 3196 2615 trahentes,
3239 2570 3267 2607 a
3313 2565 3421 2611 tam
3467 2571 3750 2615 mansueto

2160 2642 2253 2696 illa
2293 2658 2458 2712 regno
2497 2645 2564 2698 ad
2611 2646 2981 2714 gravissimam
3026 2662 3085 2701 se
3134 2649 3470 2718 tyrannidem
3520 2654 3752 2709 transfe-

2161 2743 2284 2786 runt
2307 2734 2610 2804 subigendi,
2648 2752 2766 2788 cum
2798 2745 3002 2792 tantum
3031 2736 3154 2792 hinc
3183 2738 3561 2794 detrimentum
3588 2745 3755 2799 etiam

2159 2823 2212 2878 in
2248 2832 2386 2878 terra
2428 2826 2730 2894 accipiant?
2754 2827 2887 2882 Nam
2923 2828 3043 2881 hinc
3070 2827 3320 2882 damnum
3351 2834 3557 2899 ingens,
3606 2836 3742 2896 lites,

2159 2916 2438 2978 molestize,
2471 2919 2915 2979 cencertationes,
2948 2919 3176 2983 labores,
3208 2921 3400 2975 animze
3430 2925 3664 2989 ca-citas,
3696 2937 3746 2979 et

2156 3007 2295 3075 quod
2322 3009 2559 3061 omnium
2584 3011 2953 3076 gravissimum
2982 3020 3082 3072 est,
3114 3011 3198 3064 illa
3228 3029 3490 3068 mamonae
3515 3032 3626 3070 scrt
3645 3019 3748 3075 itus

2154 3113 2184 3151 a
2238 3101 2484 3167 supernis
2542 3100 2694 3153 bonis
2750 3114 2846 3154 nos
2901 3101 3142 3170 dejicit'.
3193 3104 3324 3157 Cum
3374 3106 3531 3175 igitur
3571 3125 3636 3163 ex
3683 3111 3746 3165 iis

2151 3192 2401 3244 omnibus
2439 3192 2757 3245 ostendisset
2811 3203 3003 3261 quanta
3051 3194 3250 3248 utilitas
3289 3212 3351 3250 ex
3402 3201 3747 3264 pecuniarum

2155 3294 2462 3349 eontemptu
2493 3285 2796 3351 proveniret
2824 3295 2876 3337 et
2903 3287 2966 3338 ad
2999 3287 3166 3355 ipsam
3196 3289 3538 3358 pecuniarum
3565 3303 3742 3349 custo-

2149 3375 2312 3438 diam,
2347 3385 2400 3427 et
2439 3377 2502 3428 ad
2549 3377 2739 3429 animm
2782 3379 3128 3444 voluptatem,
3175 3390 3227 3432 ct
3269 3381 3334 3434 ad
3390 3382 3742 3452 philosophia

2149 3470 2565 3535 possessionem,
2593 3477 2646 3520 ct
2671 3470 2734 3520 ad
2765 3470 2974 3537 pietatis
3007 3470 3244 3532 tutelam,
3275 3470 3491 3526 demum
3526 3475 3735 3540 probat,

2149 3558 2313 3624 ipsam
2345 3573 2478 3621 rem,
2510 3559 2576 3612 de
2605 3573 2708 3624 qua
2743 3561 3014 3621 admonet,
3062 3575 3218 3628 posse
3261 3563 3392 3616 lieri.
3435 3564 3555 3618 ll:ec
3593 3569 3739 3621 enim

2146 3649 2280 3716 legis
2323 3647 2561 3702 ferendic'
2597 3653 2794 3716 Optima
2853 3652 2989 3702 ratio
3043 3660 3162 3714 est,
3223 3667 3326 3706 non
3377 3654 3535 3705 nnnlo
3588 3659 3737 3712 utilia

2141 3743 2452 3810 pra-cipere,
2485 3742 2576 3794 sed
2605 3741 2763 3794 etiam
2798 3741 3066 3808 possibilia
3099 3742 3356 3807 reddere;
3402 3745 3628 3814 ideoque
3655 3751 3733 3804 sic

2140 3835 2354 3900 lno-git;
2399 3831 2488 3885 (ἐκ.
2536 3830 2708 3884 Nolite
2754 3833 2954 3884 solliciti
2999 3849 3106 3885 esse
3148 3835 3332 3886 anima:
3366 3845 3562 3898 vestra,
3608 3838 3734 3905 quid

2135 3927 2448 3979 manducetis
2512 3925 2586 3979 Ne
2617 3927 2756 3978 enim
2804 3926 3062 3985 direrent,
3092 3926 3226 3993 Quid
3269 3929 3504 3996 ergo?si
3547 3932 3728 3984 omnia

2135 4018 2494 4086 pl'ﬂjlt‘iﬂllius,
2531 4018 2795 4084 quomodo
2832 4018 3011 4069 vivere
3058 4017 3391 4085 poterimus?
3420 4020 3539 4072 huic
3576 4022 3726 4087 objeo

2131 4109 2291 4157 cttoui
2340 4118 2637 4173 opportune
2668 4107 2918 4162 occurrit.
2949 4104 3097 4159 Sient
3124 4107 3262 4160 enim
3303 4107 3347 4162 si
3387 4124 3414 4161 a
3463 4111 3723 4178 principio

2131 4197 2368 4260 dixisset,
2416 4197 2590 4249 Nolite
2626 4198 2829 4250 solliciti
2873 4214 2998 4261 esse,
3046 4199 3303 4252 molestus
3343 4215 3526 4254 sermo
3576 4204 3720 4258 visus

2129 4301 2267 4344 esset
2299 4308 2310 4342 :
2343 4293 2420 4345 sic
2451 4298 2728 4360 postquam
2757 4290 2989 4343 ostendit
3015 4291 3302 4359 perniciem
3327 4306 3394 4345 ex
3421 4306 3602 4347 amore
3625 4309 3720 4363 pe-

2124 4383 2295 4437 cunize
2352 4393 2586 4451 partam,
2637 4391 2793 4448 captu
2849 4379 3060 4435 facilem
3115 4391 3297 4448 postea
3353 4381 3716 4438 hertationem

2122 4473 2357 4527 adhibet.
2393 4471 2616 4541 Ideoque
2649 4487 2751 4524 non
2783 4471 2939 4523 modo
2969 4470 3120 4532 dixit,
3158 4469 3334 4523 Nolite
3359 4472 3563 4524 solliciti
3582 4490 3709 4539 esse,

2118 4566 2214 4620 sed
2239 4565 2413 4633 addita
2446 4580 2622 4621 causa.
2657 4564 2733 4617 sic
2763 4573 3086 4632 przeccptunt
3133 4564 3341 4616 estnlit.
3393 4564 3522 4615 (Itnn
3563 4567 3710 4620 enim

2114 4659 2356 4718 dixisset,
2393 4655 2509 4708 Non
2551 4656 2754 4722 potestis
2800 4653 2908 4706 Deo
2953 4654 3137 4705 sortire
3182 4662 3229 4704 et
3273 4669 3538 4716 intonante,
3581 4657 3708 4708 sul)-

2107 4750 2282 4819 jnuxit
2319 4765 2328 4799 :
2371 4746 2642 4815 Propterea
2674 4747 2784 4796 dico
2811 4745 2965 4803 vobis,
2999 4744 3149 4794 nolite
3175 4743 3378 4794 solliciti
3403 4759 3524 4796 esse.
3567 4743 3700 4796 Pro-

2110 4853 2299 4906 ptcrcu,
2333 4839 2531 4907 quare?
2565 4838 2786 4904 Propter
2818 4838 2999 4904 ingens
3028 4834 3303 4885 damnum.
3333 4832 3515 4901 Neque
3557 4837 3701 4888 enim

2106 4938 2154 4987 iu
2191 4933 2426 5001 pecuniis
2457 4939 2658 4981 tantum
2691 4943 2824 4980 noxa
2855 4934 2954 4986 est,
3000 4925 3094 4978 sed
3134 4925 3292 4977 etiam
3328 4925 3377 4977 in
3412 4928 3696 4996 prmcipuis

2106 5030 2252 5092 plaga
2291 5024 2560 5089 mlligitur,
2595 5022 2752 5073 etiam
2786 5035 2848 5069 ex
2877 5019 3064 5071 salutis
3099 5017 3406 5070 amissione.
3439 5017 3568 5071 Nam
3599 5035 3696 5073 vos

2098 5136 2124 5166 a
2177 5117 2283 5167 Deo
2323 5123 2585 5173 creatore,
2623 5121 2888 5173 curatore,
2935 5118 3171 5161 amatore
3215 5109 3492 5172 deticiunt.
3557 5109 3691 5162 Pro-

2101 5218 2266 5274 pterea
2293 5205 2407 5258 dico
2432 5205 2586 5268 vobis,
2633 5202 2808 5256 Nolite
2837 5203 3040 5256 solliciti
3083 5218 3205 5254 esse.
3241 5204 3502 5268 Quendam
3541 5205 3685 5257 cuitu

2097 5298 2281 5366 ingens
2320 5305 2694 5350 nocnmentum
2732 5293 2987 5355 ostendit,
3037 5304 3358 5362 praeceptum
3413 5296 3676 5349 extendit.

2094 5390 2207 5444 Non
2236 5390 2393 5444 modo
2418 5390 2559 5442 enim
2585 5389 2718 5440 bona
2748 5388 2943 5455 ejicere
2970 5387 3141 5455 jubet,
3175 5385 3268 5440 sed
3311 5387 3471 5440 etiam
3499 5387 3564 5439 de
3596 5404 3680 5442 ne-

2091 5478 2322 5537 cessario
2364 5482 2482 5535 cibo
2527 5480 2786 5534 Sollicitos
2829 5495 2946 5534 esse
2994 5489 3166 5542 vetat,
3209 5479 3390 5532 dicens
3440 5499 3452 5534 :

2088 5575 2290 5627 solliciti
2314 5589 2422 5626 esse
2449 5573 2631 5625 aninue
2661 5582 2853 5634 vestrae,
2882 5572 3004 5641 quid
3035 5570 3366 5624 manducetis.
3397 5569 3509 5623 Non
3533 5573 3677 5638 quod

3505 5478 3682 5533 Nolite

2154 5676 2279 5740 ‘_Ed.
2307 5677 2554 5735 Cantabr,
2589 5678 2728 5737 cujus
2757 5677 2920 5740 Grmra
2947 5673 3292 5740 evprcssitnuﬁ
3322 5687 3331 5718 :
3360 5679 3402 5740 t‘t
3421 5686 3466 5739 q;
3493 5686 3540 5740 ρ.
3567 5685 3669 5737 9.0.

2091 5731 2662 5848 (quiisenbitmamontei
2709 5737 2893 5789 excidt!
2929 5752 2961 5786 (ι
3001 5731 3224 5794 inperitis
3261 5733 3413 5792 lenis,
3435 5731 3500 5781 'id
3524 5731 3675 5795 θεῖαι

2091 5811 2216 5848 seret
2240 5812 2288 5848 to
2359 5813 2421 5848 et.

2089 5811 2288 5850 servitio
2314 5811 2421 5848 uer.
