4066 6434
238 389 348 449 101

241 502 423 560 anima
450 502 577 559 cibo
602 504 773 570 egeat,
796 493 1115 561 incorporea
1147 483 1289 538 enim
1311 486 1428 543 est;
1456 470 1845 533 sedcommuni

245 590 501 665 loquendi
547 564 701 646 more
756 597 886 640 usus
928 589 1033 637 est.
1091 572 1313 631 Etiamsi
1368 570 1512 625 enim
1564 564 1688 621 cibo
1737 576 1846 617 non

246 657 424 758 egeat,
454 699 561 738 non
583 687 759 752 potest
784 675 837 730 in
866 684 1095 739 corpore
1121 677 1363 727 manere,
1405 658 1508 713 nisi
1539 657 1717 727 ipsum
1744 668 1850 707 nu-

249 748 466 836 triatur.
498 748 785 842 Postquam
806 767 913 822 hoc
931 765 1086 824 dixit,
1117 773 1222 816 non
1248 753 1566 824 simpliciter
1592 748 1849 842 loquitur,

248 872 346 927 sed
375 869 463 922 hic
503 838 669 921 etiam
698 864 864 915 utitur
905 851 1233 913 ratiociniis;
1271 861 1499 919 quormn
1546 842 1650 898 alia
1686 856 1755 895 ex
1787 838 1852 892 iis

247 976 373 1030 qum
394 955 535 1027 apud
566 969 666 1009 nos
701 958 845 1013 sunt,
874 947 980 1003 alia
1005 960 1072 1000 ex
1098 941 1218 996 aliis
1243 936 1506 1005 exemplis
1544 939 1852 988 sumuntur.

254 1019 331 1107 lix
366 1019 444 1103 iis.
465 1062 583 1117 quae
608 1041 751 1115 apud
776 1055 879 1096 nos
906 1045 1031 1092 sunt
1068 1035 1148 1090 sic
1183 1033 1259 1086 ait
1281 1049 1296 1083 :
1323 1026 1513 1082 Nonne
1540 1025 1715 1117 anima
1737 1019 1854 1117 plus

250 1150 327 1197 at
366 1111 518 1209 quam
550 1111 687 1201 esca,
716 1142 765 1188 et
789 1126 1121 1199 cerpusplns
1149 1137 1301 1194 quant
1327 1114 1719 1173 vestimentum?
1752 1111 1855 1180 Qui

256 1207 417 1303 igitur
447 1226 666 1298 idquod
698 1225 882 1295 majus
896 1230 980 1277 est
1004 1218 1174 1283 dedit,
1204 1212 1477 1285 quomodo
1503 1209 1649 1303 qupd
1676 1207 1856 1303 minus

252 1296 343 1381 est
390 1338 495 1377 non
542 1296 734 1375 dabit?
770 1315 860 1385 qui
909 1325 1126 1367 carnem
1172 1322 1293 1377 quae
1330 1304 1495 1358 alitur
1531 1296 1855 1361 efformavit,

256 1413 531 1487 quomodo
556 1410 659 1481 ipsi
697 1421 874 1464 escam
900 1420 1009 1458 non
1043 1396 1339 1471 ιιι-δέδειιίιῖ
1363 1393 1489 1449 Ideo
1519 1405 1624 1445 non
1652 1387 1860 1457 simpli-

254 1479 398 1563 citas
436 1479 819 1559 dixit—:Nolite
853 1494 1060 1550 solliciti
1086 1506 1213 1553 esse,
1240 1486 1366 1558 quid
1402 1479 1739 1542 manducetis,
1768 1484 1862 1529 aut

257 1617 360 1672 quo
393 1593 718 1655 induamini;
757 1590 853 1645 sed
894 1585 1074 1649 addit,
1106 1580 1343 1650 Corpori,
1371 1584 1446 1641 et,
1476 1574 1706 1671 Anima,
1736 1569 1861 1639 quia

258 1660 331 1745 es
350 1688 482 1756 ipsis
508 1693 626 1740 erat
646 1678 890 1748 exempla
916 1683 1251 1742 sumpturus,
1284 1681 1381 1738 per
1404 1660 1861 1733 comparationem

265 1754 585 1850 procedens.
610 1771 719 1829 Sed
744 1768 982 1825 animam
1021 1761 1238 1833 quidem
1265 1757 1435 1815 serue!
1459 1754 1628 1817 dedit,
1660 1760 1716 1806 et
1744 1764 1864 1803 ma-

267 1846 359 1923 net
374 1866 469 1921 illa
485 1874 545 1926 ut
558 1863 680 1919 data
696 1873 802 1927 eSt;
817 1874 1017 1930 corpus
1030 1872 1157 1913 vero
1176 1864 1409 1926 augetur
1422 1850 1693 1924 quotidie.
1710 1846 1869 1915 Quod

266 1967 565 2028 utrumque
578 1962 637 2010 ut
654 1952 911 2017 ostendit,
930 1962 982 2005 et
996 1951 1145 2006 illius
1160 1946 1653 2009 immortalitatem,
1671 1940 1870 2011 hujus-

264 2048 594 2117 quel'luxam
611 2054 863 2100 naturam
879 2034 1613 2106 declaravit,Iuccsnbjungit
1626 2052 1639 2087 :
1651 2032 1721 2086 9.7
1735 2029 1868 2117 Quis

266 2112 430 2200 potest
454 2148 518 2186 ex
544 2132 687 2185 vobis
715 2129 937 2199 adjicere
968 2134 1176 2179 statum:
1190 2136 1298 2175 sua:
1311 2119 1534 2174 cubitum
1559 2130 1720 2169 unum
1736 2112 1763 2167 1
1794 2112 1871 2168 De

263 2227 445 2282 enim:
473 2234 676 2289 tacens,
717 2237 837 2291 qua:
865 2218 1194 2272 incrementa
1229 2229 1337 2268 non
1368 2216 1605 2282 capret,
1648 2207 1717 2263 de
1752 2219 1874 2260 cur-

267 2332 403 2390 pore
430 2324 635 2370 tantum
657 2311 913 2368 disseruit
940 2326 955 2363 :
983 2323 1048 2364 ex
1089 2321 1195 2377 quo
1218 2303 1354 2361 illud
1383 2301 1641 2366 cstendit,
1678 2313 1874 2368 nempe

264 2422 377 2466 non
396 2405 522 2461 cibo
544 2402 671 2461 illud
691 2402 894 2473 augeri,
923 2399 1021 2455 sed
1042 2398 1133 2453 Dei
1158 2394 1509 2466 providentia.
1530 2391 1686 2460 Quod
1709 2390 1873 2447 etiam

265 2515 368 2571 per
387 2499 489 2553 alia
515 2497 713 2553 Paulus
737 2497 1113 2549 dmuoustrans
1134 2490 1383 2545 dicebat:
1408 2485 1577 2558 Igitur
1603 2499 1763 2555 neque
1788 2483 1877 2554 qui

267 2592 493 2661 plantat,
539 2604 698 2659 me
737 2585 836 2657 qui.
869 2585 1023 2657 rigat,
1067 2592 1139 2637 est
1183 2579 1402 2650 aliquid,
1448 2578 1535 2632 scd
1572 2577 1659 2647 qui
1706 2575 1877 2629 incre-

268 2693 498 2746 umuem
524 2680 637 2745 dat,
663 2678 803 2735 Deus
830 2677 915 2748 (l.
948 2673 1069 2730 Cor.
1100 2674 1154 2728 5.
1180 2673 1256 2741 7).
1286 2669 1371 2725 Ab
1399 2670 1465 2724 iis
1487 2668 1650 2739 igitur
1673 2682 1794 2737 qua:
1826 2670 1883 2726 iu

270 2778 430 2835 nobis
446 2786 582 2835 sunt
600 2775 679 2831 its
693 2772 1009 2829 cohortatus
1033 2776 1156 2823 est:
1182 2764 1253 2821 ah
1274 2763 1399 2819 aliis
1420 2774 1549 2817 vero
1574 2759 1876 2829 exemplis:

267 2869 365 2925 es.
418 2850 640 2926 ιενισίω
681 2862 910 2919 volatilia
951 2860 1101 2926 εωιε,
1146 2855 1342 2926 inquit.
1375 2852 1453 2909 Ne
1482 2852 1603 2924 quis
1635 2850 1875 2917 diceret,

272 2962 407 3019 utile
454 2959 611 3014 nobis
648 2971 771 3013 esse
811 2955 857 3010 si
904 2951 1120 3008 solliciti
1153 2950 1344 3013 simus,
1375 2955 1431 3002 et
1464 2961 1492 2999 ε
1529 2942 1823 3013 majoriet.
1846 2958 1879 2996 a

272 3052 472 3113 inituri
498 3050 645 3120 ipsos
669 3046 1027 3110 dehortatur;
1053 3058 1084 3096 a
1126 3040 1318 3110 majori
1349 3052 1566 3107 nempe,
1597 3036 1666 3090 ab
1696 3034 1879 3095 anima

273 3154 330 3201 et
370 3155 634 3212 corpore;
681 3154 713 3195 a
752 3136 969 3201 minori,
996 3136 1066 3191 ab
1094 3134 1302 3189 avibus.
1339 3131 1397 3185 Si
1441 3131 1585 3186 enim
1618 3130 1779 3184 etiam
1810 3128 1881 3184 de

270 3236 436 3305 longe
452 3231 801 3292 interioribus
822 3238 1021 3284 tantam
1039 3226 1178 3298 gerit
1201 3238 1408 3285 curam,
1432 3220 1704 3293 quomodo
1730 3219 1881 3274 vobis

276 3348 386 3389 non
416 3331 653 3403 idipsum
678 3326 983 3399 praestabit;
1015 3321 1205 3391 inquit.
1235 3319 1302 3374 Et
1329 3318 1447 3372 hmc
1480 3316 1700 3387 quidem
1732 3315 1837 3368 illis
1863 3328 1878 3379 ;

272 3434 398 3481 erat
422 3426 623 3504 quippe
648 3420 802 3477 turba
838 3416 1058 3489 populi;
1092 3412 1309 3468 diabolo
1337 3418 1520 3465 autem
1545 3423 1652 3462 non
1678 3408 1757 3462 sic
1788 3421 1879 3462 re-

277 3516 517 3587 spondit,
546 3500 642 3569 sed
670 3510 976 3583 quomodo?
1007 3506 1130 3562 Non
1158 3507 1213 3559 in
1242 3504 1353 3559 solo
1380 3518 1513 3571 pane
1550 3502 1679 3555 uiuet
1707 3500 1880 3562 homo,

278 3610 371 3665 ad
409 3608 461 3662 in
488 3606 627 3661 omni
659 3604 803 3660 uerbo
827 3600 968 3672 quod
994 3597 1220 3669 procedit
1247 3596 1311 3652 de
1341 3612 1430 3650 ore
1454 3593 1553 3650 Dei
1580 3590 1799 3665 (Matth.
1827 3593 1879 3648 4.

281 3702 359 3771 4).
394 3699 492 3754 llic
516 3709 698 3753 autem
721 3694 957 3750 volatilia
982 3698 1263 3754 memorat,
1288 3688 1383 3744 sed
1410 3688 1574 3743 modo
1597 3686 1663 3741 ad
1690 3686 1887 3741 cohor-

280 3793 509 3849 tandum
539 3791 765 3859 optimo,
807 3786 898 3857 qni
939 3785 993 3838 in
1040 3781 1405 3837 admonitione
1450 3778 1740 3834 maximam
1779 3779 1885 3832 vim

282 3886 499 3939 habent.
534 3878 723 3937 Sestio
751 3886 957 3932 tantum
983 3872 1307 3943 insipientia:
1348 3870 1561 3940 quidam
1605 3869 1755 3938 impii
1792 3884 1889 3924 ve—

283 3982 499 4038 nerant,
550 3980 609 4026 ut
647 3970 953 4038 exmplum
998 3963 1480 4035 reprchmdemnt.
1524 3960 1707 4031 Neque
1744 3959 1889 4014 enim

283 4065 547 4137 opm-mit,
568 4059 903 4133 iuquiehant,
924 4073 1047 4111 eum
1064 4056 1153 4124 qui
1182 4053 1486 4108 voluntates
1509 4053 1791 4117 excitaret,
1822 4066 1889 4105 ex

286 4155 823 4213 uatunaiiumreeum
866 4147 1129 4219 exemplis
1168 4145 1221 4200 id
1246 4160 1428 4215 agere,
1454 4144 1653 4214 quippe
1688 4157 1809 4212 quae
1838 4142 1891 4197 id

289 4250 527 4306 laneam
548 4261 613 4302 ex
645 4255 855 4299 natura.

360 4343 418 4397 ὅ.
460 4340 599 4409 Quid
630 4338 789 4408 igitur
813 4334 881 4391 ad
907 4334 1025 4388 lucc
1044 4331 1329 4387 dicamus?
1356 4330 1579 4385 Etiamsi
1616 4326 1672 4383 id
1698 4344 1765 4384 ex
1794 4343 1894 4383 na-

290 4446 410 4492 tura
433 4434 564 4504 insit
592 4432 720 4497 illis,
743 4442 909 4500 posse
938 4426 992 4482 id
1016 4426 1179 4482 etiam
1210 4423 1366 4479 nobis
1405 4438 1470 4477 ex
1505 4421 1683 4477 studio
1708 4420 1897 4476 volun-

294 4531 419 4585 tatis
457 4523 739 4582 accedere.
793 4520 911 4576 Non
958 4520 1101 4575 enim
1151 4517 1307 4583 dixit,
1335 4512 1608 4585 Respicite
1652 4514 1897 4569 volatilia

295 4619 572 4693 quomodo
596 4617 797 4679 volent,
843 4612 989 4683 quod
1022 4626 1128 4665 non
1162 4617 1342 4679 potest
1380 4607 1565 4674 homo,
1610 4605 1707 4661 sed
1752 4605 1897 4675 quod

293 4714 417 4769 sine
444 4708 810 4765 sollicitudine
832 4704 1082 4757 alantur:
1109 4699 1251 4771 quod
1291 4698 1447 4753 nobis
1487 4699 1648 4755 etiam
1677 4696 1823 4761 licet,
1853 4696 1899 4751 si

296 4805 569 4859 volumus.
598 4800 767 4870 idque
810 4794 1230 4865 comprobarunt
1265 4790 1301 4845 ii
1344 4790 1432 4861 qui
1463 4790 1513 4843 id
1539 4803 1708 4857 opere
1744 4789 1900 4843 exhi-

302 4886 557 4955 buerunt.
587 4892 927 4960 Quapropter
955 4898 1169 4939 summe
1194 4881 1518 4938 admiranda
1551 4888 1640 4939 est
1665 4878 1899 4950 Legisla-

302 4987 438 5046 toris
462 4981 771 5054 prudentia,
800 4978 892 5047 qui
918 4992 1041 5031 cum
1070 4990 1143 5030 ex
1170 4972 1480 5027 [nominibus
1505 4971 1748 5041 proferre
1781 4987 1904 5039 pos-

303 5088 385 5135 set
405 5072 738 5143 exemplum,
768 5068 895 5123 etin
921 5066 1156 5121 medium
1185 5061 1454 5117 adducere
1484 5061 1714 5125 Heliam,
1757 5060 1904 5130 Moy-

302 5187 445 5235 scm,
484 5166 796 5227 Joannem,
839 5160 1081 5228 aliosque
1122 5156 1329 5211 similes
1371 5154 1463 5223 qui
1500 5153 1569 5209 de
1620 5154 1744 5208 cibo
1796 5168 1906 5207 non

305 5259 524 5319 adﬁciti
556 5257 807 5318 fuerant;
846 5263 908 5308 ut
936 5251 1058 5306 illos
1102 5249 1273 5318 magis
1318 5248 1725 5317 perstringeret,
1767 5246 1905 5302 irra-

309 5351 587 5411 tionabilia
622 5348 877 5405 animalia
918 5343 1256 5399 memoravit.
1298 5340 1370 5397 Si.
1398 5342 1542 5395 enim
1576 5341 1750 5410 justus
1789 5340 1912 5396 illos

308 5449 616 5517 allegasset.
643 5441 824 5497 dicere
848 5436 1165 5509 potuissent.
1187 5432 1435 5488 Nondum
1463 5432 1528 5486 ad
1555 5431 1771 5486 illorum
1796 5433 1911 5486 vir-

314 5549 484 5595 tutem
514 5532 848 5606 pertigimns.
898 5527 1051 5585 Nunc
1097 5533 1277 5581 autem
1326 5539 1447 5579 cum
1491 5523 1615 5579 illos
1644 5525 1832 5591 tacuit,
1849 5535 1913 5590 .et

312 5629 555 5686 volatilia
579 5626 695 5679 ctcli
720 5622 948 5686 induxit,
978 5632 1196 5673 omnem
1224 5616 1331 5669 illis
1370 5617 1706 5670 occasionem
1739 5617 1915 5671 succi-

314 5725 414 5785 dit.
456 5722 557 5775 hac
587 5719 641 5772 in
684 5733 743 5772 re
770 5723 1006 5769 veterem
1052 5710 1226 5779 legem
1267 5707 1526 5761 imitatus.
1570 5706 1704 5762 Nam
1755 5708 1920 5763 Vetus

313 5802 820 5871 Testamentumad
849 5816 1003 5873 apem
1045 5802 1228 5869 mittit,
1260 5799 1644 5867 adlot'micaui,
1691 5799 1757 5857 ad
1798 5810 1913 5858 tur-

1245 366 1309 423 ΙΝ
1348 354 1754 423 ΜΑΤΤΗΔΞΗΜ
1795 352 2024 413 1105111..
2065 348 2212 407 XXI.
2252 346 2325 406 al.
2366 343 2537 405 XXII.

3459 338 3567 397 298

1956 472 2157 531 turcm,
2187 461 2254 518 ad
2285 459 2653 516 hirundinem.
2693 457 2803 513 Nec
2832 469 3061 527 parvum
3106 452 3211 510 hoc
3238 462 3327 509 est
3364 455 3570 511 homini

1958 556 2181 614 honoris
2208 561 2606 626 argumentum,
2631 550 2851 623 quando
2875 564 2998 621 qua:
3022 548 3112 605 illa
3147 562 3215 604 ex
3254 554 3445 602 natura
3472 548 3570 602 lia-

1960 651 2109 717 bent,
2155 664 2256 704 nos
2298 660 2589 719 possumus
2627 659 2707 699 ex
2724 641 3022 698 voluntatis
3049 639 3280 699 arbitrio
3306 639 3571 694 nancisci.

1959 743 2017 800 δ.
2044 745 2205 815 igitur
2225 740 2439 796 illorum
2465 753 2586 808 qua:
2615 743 2839 807 propter
2858 748 2959 790 nos
2985 743 3165 789 creata
3196 740 3342 797 sunt,
3369 740 3575 787 tantam

1962 836 2098 906 gerit
2128 832 2548 904 providentiam,
2576 836 2780 899 quanto
2812 826 2983 898 magis
3010 824 3291 880 nostrum?
3311 825 3359 880 si
3387 838 3579 880 senm.

1961 942 2105 993 rum,
2131 935 2337 997 quanto
2360 925 2534 994 magis
2564 922 2821 977 herorum
2838 920 2863 971 Ἰ
2888 918 3013 975 Ideo
3033 917 3249 974 dicebat
3274 935 3288 972 :
3321 917 3583 989 Respicite

1962 1018 2193 1073 volatilia
2219 1032 2239 1071 :
2265 1030 2367 1071 nec
2394 1013 2622 1081 addidit,
2655 1010 2800 1084 quod
2832 1026 2939 1066 neu
2965 1018 3341 1079 cauponentur
3364 1008 3448 1063 vel
3478 1024 3583 1064 ne-

1962 1109 2278 1180 gotientnr:
2315 1107 2430 1162 haec
2470 1105 2670 1177 quippe
2707 1101 3001 1159 admodum
3050 1100 3338 1171 reprobate
3380 1109 3580 1166 erant;

1965 1203 2060 1259 sed
2095 1202 2238 1273 quod
2267 1217 2373 1256 non
2401 1209 2607 1266 serant,
2641 1204 3069 1268 nequemetant.
3099 1193 3238 1263 Quid
3270 1193 3473 1266 igitur!
3501 1195 3587 1249 in-

1966 1295 2141 1364 quies,
2156 1308 2336 1347 annon
2357 1290 2647 1347 serendum
2670 1289 2773 1344 erit
2787 1287 2942 1342 lNon
2963 1286 3120 1351 dixit,
3137 1302 3385 1340 nonresse
3400 1300 3585 1340 scren-

1968 1390 2117 1449 dnm,
2132 1386 2226 1440 sed
2247 1400 2354 1440 non
2372 1384 2659 1439 sollicitum
2674 1395 2795 1436 esse
2811 1388 3064 1449 Oportere
3082 1396 3095 1433 :
3112 1392 3288 1448 neque
3297 1377 3454 1445 dixit,
3474 1392 3583 1432 non

1970 1478 2322 1549 operandam,
2342 1476 2434 1531 sed
2452 1490 2558 1529 non
2576 1472 2982 1544 pusillaninmm
2996 1485 3141 1535 esse,
3159 1484 3334 1539 neque
3350 1483 3473 1524 sese
3486 1469 3588 1523 sol-

1973 1570 2341 1626 licitudinibus
2359 1582 2654 1623 macerare.
2669 1564 2804 1621 Nam
2819 1564 3072 1620 alimenta
3090 1577 3309 1617 sumere
3322 1562 3586 1631 praecipit,

1972 1662 2068 1719 sed
2086 1663 2296 1731 absque
2335 1658 2717 1716 sollicitudine.
2763 1656 2918 1711 Hunc
2946 1668 3109 1725 porro
3137 1668 3455 1709 sermonem
3475 1653 3588 1723 jam

1973 1756 2249 1828 praemittit
2292 1753 2479 1815 David.
2511 1754 2592 1811 sic
2625 1750 2961 1821 tenigmatiee
3006 1748 3281 1818 loquens:
3309 1748 3592 1815 Amris-tn

1973 1866 2181 1904 manum
2235 1857 2373 1900 tuam
2403 1887 2417 1905 .
2474 1856 2517 1899 et
2562 1843 2745 1914 imples
2803 1857 2955 1896 omne
3001 1840 3199 1895 animal
3245 1837 3594 1894 benedictione

1980 1938 2153 2013 (Pani.
2194 1940 2316 1993 tu.
2354 1936 2484 2006 lli):
2517 1944 2573 1990 et
2615 1948 2823 1997 rursus,
2878 1930 2982 1999 Qui
3020 1932 3109 1986 dat
3133 1931 3399 2003 fumantis
3426 1946 3592 1984 escam

1976 2032 2228 2102 ipsorum,
2246 2039 2295 2083 et
2312 2029 2468 2100 pullis
2488 2044 2755 2083 corvorum
2773 2025 3124 2080 invocantibus
3134 2041 3251 2079 eum
3268 2022 3443 2095 (Psal.
3464 2021 3593 2078 “6.

1978 2124 2060 2196 9).
2104 2123 2173 2178 Et
2198 2123 2419 2194 quinam
2450 2130 2600 2188 snnt,
2644 2120 2876 2191 inquies,
2929 2119 3022 2189 qui
3066 2133 3175 2173 non
3221 2116 3438 2171 solliciti
3475 2118 3595 2172 lue.

1979 2217 2146 2273 runt?
2171 2215 2289 2271 Non
2316 2215 2513 2270 audisti
2551 2222 2682 2285 quot
2710 2213 2853 2266 viros
2880 2210 3236 2283 protulerint?
3264 2224 3443 2263 annon
3468 2224 3595 2264 cum

1981 2310 2086 2364 illis
2107 2308 2217 2378 jam
2248 2307 2564 2363 memoratis
2610 2304 2790 2359 vidisti
2832 2301 3095 2358 .lacohum
3143 2299 3344 2355 nudum
3386 2315 3454 2354 ex
3506 2314 3600 2368 pa-

1983 2412 2134 2457 terna
2165 2402 2329 2456 domo
2362 2397 2696 2471 proiectum?
2725 2412 2832 2451 non
2856 2395 3164 2451 audiseum
3195 2402 3504 2463 precantem
3536 2406 3601 2449 ac

1982 2495 2251 2550 dicentem
2284 2511 2297 2545 :
2326 2492 2389 2548 Si
2415 2490 2613 2544 dederit
2639 2489 2765 2543 mihi
2796 2487 2937 2553 Deus
2966 2485 3252 2554 panem-ad
3280 2484 3601 2538 manducan-

1982 2586 2127 2647 dum,
2173 2594 2222 2640 et
2263 2582 2614 2638 vestimentum
2657 2596 2759 2650 quo
2804 2579 3011 2647 aperim-
3039 2576 3197 2647 (Gen.
3243 2575 3337 2631 28.
3380 2575 3515 2645 20)?
3546 2573 3603 2631 Id

1981 2676 2126 2746 quod
2158 2690 2265 2730 non
2294 2672 2538 2737 solliciti.
2581 2671 2678 2727 sed
2719 2686 2750 2726 a
2788 2671 2900 2726 Deo
2929 2679 3100 2724 totum
3126 2667 3423 2739 quaerentis
3460 2677 3602 2722 erat.

1985 2765 2102 2825 Hoc
2142 2775 2198 2821 et
2239 2762 2475 2835 apostoli
2532 2762 2761 2817 fortiter
2795 2769 3043 2831 egerunt,
3090 2758 3345 2813 omnibus
3400 2757 3608 2813 relictis

1986 2860 2137 2919 nihil,
2150 2856 2368 2914 solliciti
2402 2874 2417 2913 :
2446 2857 2526 2913 sic
2567 2855 2657 2918 illa
2688 2855 2939 2925 quinque.
2968 2851 3157 2916 millia,
3203 2849 3283 2905 sic
3309 2850 3410 2906 tria
3438 2848 3608 2906 millia

1988 2951 2267 3008 hominum
2295 2949 2395 3023 (α).
2425 2948 2482 3005 Si
2513 2946 2755 3023 vero'his
2778 2945 2997 3010 auditis,
3027 2944 3403 2998 non'snstines
3424 2941 3627 3003 adhuc.

1988 3044 2105 3101 haec
2132 3043 2269 3099 dura
2291 3042 2503 3098 vincula
2533 3040 2767 3104 solvere,
2796 3038 3012 3109 cognita
3039 3036 3234 3094 saltem
3262 3050 3412 3094 cura:
3439 3035 3606 3092 inuti-

1990 3135 2162 3200 litate,
2193 3135 2347 3189 solve
2386 3130 2809 3186 sollicitudinem
2843 3147 2857 3183 :
2888 3129 2982 3182 27.
3015 3128 3143 3193 Qui:
3167 3127 3305 3180 enim
3340 3142 3407 3181 ea:
3442 3125 3606 3195 vobis,

1990 3226 2182 3294 inquit,
2236 3225 2450 3278 sollicite
2483 3220 2717 3292 cogitans
2765 3228 2927 3290 potest
2972 3220 3199 3285 adiicere
3244 3220 3313 3271 ad
3357 3230 3612 3275 staturam

1989 3332 2136 3371 suam
2165 3313 2384 3368 cubitum
2409 3312 2609 3367 unum?
2634 3309 2771 3366 Vide
2798 3309 3071 3381 quomodo
3087 3325 3153 3365 ex
3178 3325 3245 3365 eo
3264 3311 3409 3382 quod
3432 3312 3612 3368 mani-

1993 3409 2188 3464 festum
2213 3448 2227 3473 ,
2290 3406 2341 3460 id
2395 3404 2539 3476 quod
2588 3403 2862 3459 occultum
2918 3411 3037 3458 erat
3080 3402 3289 3458 clarum
3345 3402 3610 3462 elleeerit.

1992 3496 2459 3566 Quemadmodum
2502 3494 2647 3551 enim
2688 3494 2925 3565 corpori,
2967 3494 3162 3565 inquit,
3216 3510 3287 3550 ne
3321 3494 3613 3553 minimum

1992 3590 2209 3660 quidem
2262 3597 2483 3643 statura:
2531 3586 2769 3657 adjicere
2806 3585 3052 3656 cogitans
3092 3586 3295 3656 poteris
3332 3588 3458 3643 :sic
3512 3602 3615 3647 nec

1993 3686 2246 3740 alimenta
2300 3696 2662 3753 congregare,
2723 3681 2941 3737 etiamsi
2987 3689 3041 3735 te
3096 3694 3261 3752 posse
3308 3681 3610 3740 existimes.

1996 3779 2133 3834 llinc
2176 3788 2357 3833 autem
2388 3776 2607 3846 planum
2653 3783 2758 3840 est,
2809 3788 2916 3828 non
2956 3787 3145 3828 curam
3203 3782 3467 3837 nostram,
3514 3775 3616 3832 sed

1998 3872 2095 3926 Dei
2134 3868 2531 3941 providentiam
2560 3866 2619 3922 in
2646 3866 2713 3921 iis
2734 3865 2899 3921 etiam
2924 3879 3046 3935 quae
3068 3878 3236 3936 opera
3274 3873 3459 3921 nostra
3496 3866 3617 3923 fieri

1999 3975 2271 4033 putamus,
2299 3971 2471 4015 totum
2500 3958 2767 4030 perlicere
2795 3975 2809 4011 :
2842 3957 2912 4011 ita
2943 3966 3002 4012 ut
3026 3956 3077 4010 si
3097 3970 3201 4012 nos
3228 3956 3319 4012 ille
3344 3957 3617 4027 relinque-

1999 4060 2104 4117 ret,
2135 4067 2239 4107 nec
2263 4065 2416 4117 cura,
2450 4064 2551 4105 nec
2595 4047 2938 4115 sollicitudo,
2968 4062 3071 4102 nec
3097 4046 3273 4113 labor,
3321 4062 3425 4103 nec
3465 4046 3617 4104 aliud

1999 4146 2273 4218 quidpiam
2314 4143 2492 4199 simile
2521 4154 2902 4197 successurum
2932 4148 3100 4206 esset,
3136 4140 3237 4196 sed
3278 4141 3462 4196 omnia
3494 4155 3621 4213 pes-

1999 4250 2119 4292 sum
2151 4236 2383 4291 abirent.

2071 4328 2129 4383 4.
2171 4325 2443 4393 Prwcepta
2475 4322 2569 4410 Dei
2592 4322 2795 4393 impleri
2823 4331 3058 4392 possunt.
3082 4351 3153 4364 -—
3184 4320 3269 4379 Ne
3294 4324 3474 4395 itaque
3514 4340 3622 4395 pu-

2005 4428 2183 4473 temus
2212 4426 2481 4487 praecepta
2511 4413 2720 4485 impleri
2759 4428 2867 4469 non
2898 4428 3094 4483 posse:
3120 4412 3273 4469 multi
3300 4414 3447 4472 enim
3476 4431 3623 4473 nunc

2006 4509 2169 4565 etiam
2197 4517 2347 4574 sunt,
2374 4508 2464 4576 qui
2492 4506 2583 4561 illa
2606 4514 2929 4577 sequuntur.
2961 4503 3021 4560 Si
3050 4513 3104 4560 tu
3133 4504 3237 4561 hoc
3270 4506 3511 4576 ignem,
3532 4507 3620 4563 ni-

2009 4601 2081 4655 hil
2113 4600 2332 4664 mirum,
2378 4596 2648 4668 siquidem
2680 4595 2865 4652 Helias
2892 4610 2957 4657 se
2995 4595 3172 4652 solum
3213 4611 3340 4652 esse
3364 4598 3622 4667 putabat;

2004 4692 2101 4747 sed
2127 4689 2330 4747 audivit
2351 4707 2363 4743 :
2388 4687 2590 4760 Reliqui
2615 4688 2738 4742 mihi
2752 4697 2944 4759 septem
2959 4689 3126 4743 millia
3137 4690 3371 4744 virorum
3392 4690 3470 4757 (ὅ.
3490 4689 3624 4765 Reg.

2012 4782 2098 4839 l9.
2130 4782 2239 4855 l8).
2289 4779 2445 4837 Unde
2471 4782 2693 4851 planum
2722 4790 2827 4844 est,
2857 4780 3019 4835 etiam
3050 4794 3197 4835 nunc
3219 4794 3343 4839 esse
3364 4782 3459 4851 qui
3487 4797 3625 4853 apu-

2007 4875 2254 4931 stolicam
2302 4872 2504 4930 ducant
2552 4872 2741 4939 vitam,
2791 4870 3249 4944 quemadmodum
3293 4882 3351 4932 et
3381 4884 3510 4929 tunc
3546 4882 3635 4933 ter

2011 4969 2159 5023 mille
2184 4977 2239 5023 et
2266 4968 2549 5038 quinquies
2578 4967 2726 5023 mille
2750 4966 3021 5022 homines.
3055 4964 3333 5023 Siautem
3364 4982 3475 5024 non
3511 4982 3633 5025 cre-

2012 5061 2212 5126 dimus,
2256 5073 2363 5114 non
2412 5058 2538 5131 quia
2577 5058 2775 5119 desunt
2814 5058 2908 5129 qui
2952 5067 3107 5115 recte
3143 5057 3352 5125 vivant,
3379 5057 3477 5114 sed
3504 5059 3633 5129 quia

2017 5154 2176 5239 longe
2202 5152 2271 5208 ab
2300 5152 2409 5207 illis
2436 5151 2717 5219 absumus,
2748 5151 2819 5207 ita
2847 5150 3026 5206 allecti
3054 5164 3267 5207 sumus.
3294 5150 3450 5206 Sicut
3475 5150 3522 5205 is
3541 5149 3639 5220 qui

2015 5248 2198 5303 ebrius
2231 5256 2337 5311 est,
2379 5261 2490 5301 non
2530 5244 2690 5305 facile
2717 5243 2912 5301 credat
2952 5258 3077 5300 esse
3106 5242 3384 5300 hominem
3433 5244 3526 5314 qui
3568 5258 3640 5299 ne

2019 5356 2213 5414 acutam
2242 5340 2456 5413 quidem
2486 5340 2769 5411 degustet:
2799 5339 3015 5395 etiamsi
3041 5338 3146 5395 hoc
3174 5347 3364 5395 nostro
3392 5349 3641 5409 tempore

2020 5432 2176 5490 mulli
2224 5432 2613 5488 monachorum
2656 5431 2913 5498 fuerint;
2961 5438 3018 5486 et
3058 5430 3152 5501 qui
3178 5444 3303 5487 cum
3341 5430 3643 5486 innumeris

2022 5526 2133 5581 coit
2164 5525 2497 5581 mulieribus.
2530 5540 2640 5579 non
2669 5522 2864 5581 credet
2904 5522 3063 5579 facile
3109 5536 3232 5581 esse
3276 5522 3643 5595 virginitatem

2089 5683 2520 5747 (miliaquinque
2540 5681 2695 5733 millia
2718 5686 2772 5733 et
2793 5682 2889 5747 tria
2909 5681 3062 5747 millia
3082 5680 3441 5747 hominumde
3460 5681 3646 5745 quibus

2030 5744 2402 5860 anismitur,
2429 5744 2767 5798 incmonntur
2788 5744 2884 5797 sub
2916 5744 3111 5797 initium
3150 5744 3276 5798 libri.
3298 5744 3510 5799 aeuum
3528 5756 3650 5807 apo-
