  <div class='ocr_page' id='page_1' title='image "/cluster/home/n/w/nwhite01/storage/ocr_20150623/57/ien.35556001660844/229.png"; bbox 0 0 4066 6474; ppageno 0'>
   <div class='ocr_carea' id='block_1_1' title="bbox 509 356 612 414">
    <p class='ocr_par' dir='ltr' id='par_1_1' title="bbox 509 356 612 414">
     <span class='ocr_line' id='line_1_1' title="bbox 509 356 612 414; baseline 0.039 -4"><span class='ocrx_word' id='word_1_1' title='bbox 509 356 612 414; x_wconf 71' lang='lat'><strong>299</strong></span> 
     </span>
    </p>
   </div>
   <div class='ocr_carea' id='block_1_2' title="bbox 499 467 2088 539">
    <p class='ocr_par' dir='ltr' id='par_1_2' title="bbox 499 467 2088 539">
     <span class='ocr_line' id='line_1_2' title="bbox 499 467 2088 539; baseline -0.008 -11"><span class='ocrx_word' id='word_1_2' title='bbox 499 486 722 529; x_wconf 81' lang='lat' dir='ltr'><strong>servare.</strong></span> <span class='ocrx_word' id='word_1_3' title='bbox 745 486 758 535; x_wconf 91' lang='lat'><strong>;</strong></span> <span class='ocrx_word' id='word_1_4' title='bbox 780 483 884 526; x_wconf 84' lang='lat' dir='ltr'><strong>nec</strong></span> <span class='ocrx_word' id='word_1_5' title='bbox 907 471 996 539; x_wconf 85' lang='lat' dir='ltr'><strong>qui</strong></span> <span class='ocrx_word' id='word_1_6' title='bbox 1026 469 1199 522; x_wconf 87' lang='lat' dir='ltr'><strong>aliena</strong></span> <span class='ocrx_word' id='word_1_7' title='bbox 1231 469 1387 538; x_wconf 85' lang='lat' dir='ltr'><strong>rapit,</strong></span> <span class='ocrx_word' id='word_1_8' title='bbox 1419 468 1606 522; x_wconf 89' lang='lat' dir='ltr'><strong>credet</strong></span> <span class='ocrx_word' id='word_1_9' title='bbox 1631 481 1750 520; x_wconf 85' lang='lat' dir='ltr'><strong>esse</strong></span> <span class='ocrx_word' id='word_1_10' title='bbox 1789 467 2088 534; x_wconf 88' lang='lat' dir='ltr'><strong>quempiam</strong></span> 
     </span>
    </p>
   </div>
   <div class='ocr_carea' id='block_1_3' title="bbox 503 557 2092 631">
    <p class='ocr_par' dir='ltr' id='par_1_3' title="bbox 503 557 2092 631">
     <span class='ocr_line' id='line_1_3' title="bbox 503 557 2092 631; baseline -0.007 -10"><span class='ocrx_word' id='word_1_11' title='bbox 503 563 599 628; x_wconf 70' lang='lat' dir='ltr'><strong>Qui</strong></span> <span class='ocrx_word' id='word_1_12' title='bbox 623 578 722 620; x_wconf 83' lang='lat' dir='ltr'><strong>sua</strong></span> <span class='ocrx_word' id='word_1_13' title='bbox 749 560 903 616; x_wconf 79' lang='lat' dir='ltr'><strong>facile</strong></span> <span class='ocrx_word' id='word_1_14' title='bbox 931 561 1184 630; x_wconf 72' lang='lat' dir='ltr'><strong>largiatur</strong></span> <span class='ocrx_word' id='word_1_15' title='bbox 1209 580 1220 612; x_wconf 86' lang='lat'><strong>:</strong></span> <span class='ocrx_word' id='word_1_16' title='bbox 1249 562 1323 616; x_wconf 91' lang='lat' dir='ltr'><strong>sic</strong></span> <span class='ocrx_word' id='word_1_17' title='bbox 1350 575 1523 627; x_wconf 83' lang='lat' dir='ltr'><strong>neque</strong></span> <span class='ocrx_word' id='word_1_18' title='bbox 1564 560 1597 613; x_wconf 90' lang='lat' dir='ltr'><strong>ii</strong></span> <span class='ocrx_word' id='word_1_19' title='bbox 1643 562 1728 628; x_wconf 89' lang='lat' dir='ltr'><strong>qui</strong></span> <span class='ocrx_word' id='word_1_20' title='bbox 1772 574 1829 611; x_wconf 90' lang='lat' dir='ltr'><strong>sc</strong></span> <span class='ocrx_word' id='word_1_21' title='bbox 1856 557 2092 631; x_wconf 82' lang='lat' dir='ltr'><strong>quotidie</strong></span> 
     </span>
    </p>
   </div>
   <div class='ocr_carea' id='block_1_4' title="bbox 507 647 2093 713">
    <p class='ocr_par' dir='ltr' id='par_1_4' title="bbox 507 647 2093 713">
     <span class='ocr_line' id='line_1_4' title="bbox 507 647 2093 713; baseline -0.004 -10"><span class='ocrx_word' id='word_1_22' title='bbox 507 649 652 703; x_wconf 88' lang='lat' dir='ltr'><strong>mille</strong></span> <span class='ocrx_word' id='word_1_23' title='bbox 671 649 1118 705; x_wconf 85' lang='lat' dir='ltr'><strong>sollicitudinibus</strong></span> <span class='ocrx_word' id='word_1_24' title='bbox 1143 658 1430 710; x_wconf 86' lang='lat' dir='ltr'><strong>macerant,</strong></span> <span class='ocrx_word' id='word_1_25' title='bbox 1463 647 1617 703; x_wconf 81' lang='lat' dir='ltr'><strong>facile</strong></span> <span class='ocrx_word' id='word_1_26' title='bbox 1645 648 1778 710; x_wconf 82' lang='lat' dir='ltr'><strong>hanc</strong></span> <span class='ocrx_word' id='word_1_27' title='bbox 1802 647 2093 713; x_wconf 74' lang='lat' dir='ltr'><strong>suscipiunt</strong></span> 
     </span>
    </p>
   </div>
   <div class='ocr_carea' id='block_1_5' title="bbox 510 739 2091 807">
    <p class='ocr_par' dir='ltr' id='par_1_5' title="bbox 510 739 2091 807">
     <span class='ocr_line' id='line_1_5' title="bbox 510 739 2091 807; baseline -0.001 -14"><span class='ocrx_word' id='word_1_28' title='bbox 510 739 827 797; x_wconf 74' lang='lat' dir='ltr'><strong>doctrinam.</strong></span> <span class='ocrx_word' id='word_1_29' title='bbox 861 741 1011 807; x_wconf 83' lang='lat' dir='ltr'><strong>Quod</strong></span> <span class='ocrx_word' id='word_1_30' title='bbox 1044 753 1218 796; x_wconf 85' lang='lat' dir='ltr'><strong>autem</strong></span> <span class='ocrx_word' id='word_1_31' title='bbox 1253 743 1398 793; x_wconf 91' lang='lat' dir='ltr'><strong>multi</strong></span> <span class='ocrx_word' id='word_1_32' title='bbox 1427 741 1534 793; x_wconf 89' lang='lat' dir='ltr'><strong>sint</strong></span> <span class='ocrx_word' id='word_1_33' title='bbox 1560 741 1649 805; x_wconf 92' lang='lat' dir='ltr'><strong>qui</strong></span> <span class='ocrx_word' id='word_1_34' title='bbox 1690 739 1753 792; x_wconf 88' lang='lat' dir='ltr'><strong>ad</strong></span> <span class='ocrx_word' id='word_1_35' title='bbox 1788 740 1926 792; x_wconf 88' lang='lat' dir='ltr'><strong>hanc</strong></span> <span class='ocrx_word' id='word_1_36' title='bbox 1973 755 2091 806; x_wconf 71' lang='lat' dir='ltr'><strong>per-</strong></span> 
     </span>
    </p>
   </div>
   <div class='ocr_carea' id='block_1_6' title="bbox 507 828 2091 897">
    <p class='ocr_par' dir='ltr' id='par_1_6' title="bbox 507 828 2091 897">
     <span class='ocr_line' id='line_1_6' title="bbox 507 828 2091 897; baseline 0.001 -15"><span class='ocrx_word' id='word_1_37' title='bbox 507 828 788 888; x_wconf 72' lang='lat' dir='ltr'><strong>femioncm</strong></span> <span class='ocrx_word' id='word_1_38' title='bbox 821 829 1153 893; x_wconf 77' lang='lat' dir='ltr'><strong>devenerint,</strong></span> <span class='ocrx_word' id='word_1_39' title='bbox 1187 833 1250 882; x_wconf 89' lang='lat' dir='ltr'><strong>ab</strong></span> <span class='ocrx_word' id='word_1_40' title='bbox 1282 831 1384 884; x_wconf 87' lang='lat' dir='ltr'><strong>illis</strong></span> <span class='ocrx_word' id='word_1_41' title='bbox 1415 832 1542 895; x_wconf 78' lang='lat' dir='ltr'><strong>ipsis</strong></span> <span class='ocrx_word' id='word_1_42' title='bbox 1571 831 1940 885; x_wconf 82' lang='lat' dir='ltr'><strong>demonstrare</strong></span> <span class='ocrx_word' id='word_1_43' title='bbox 1972 845 2091 897; x_wconf 85' lang='lat' dir='ltr'><strong>pos—</strong></span> 
     </span>
    </p>
   </div>
   <div class='ocr_carea' id='block_1_7' title="bbox 505 921 2089 991">
    <p class='ocr_par' dir='ltr' id='par_1_7' title="bbox 505 921 2089 991">
     <span class='ocr_line' id='line_1_7' title="bbox 505 921 2089 991; baseline -0.003 -15"><span class='ocrx_word' id='word_1_44' title='bbox 505 935 709 987; x_wconf 79' lang='lat' dir='ltr'><strong>sumus,</strong></span> <span class='ocrx_word' id='word_1_45' title='bbox 736 923 826 991; x_wconf 86' lang='lat' dir='ltr'><strong>qui</strong></span> <span class='ocrx_word' id='word_1_46' title='bbox 852 933 1006 975; x_wconf 74' lang='lat' dir='ltr'><strong>relate</strong></span> <span class='ocrx_word' id='word_1_47' title='bbox 1037 933 1213 981; x_wconf 84' lang='lat' dir='ltr'><strong>nostra</strong></span> <span class='ocrx_word' id='word_1_48' title='bbox 1249 922 1384 977; x_wconf 89' lang='lat' dir='ltr'><strong>hanc</strong></span> <span class='ocrx_word' id='word_1_49' title='bbox 1411 934 1534 976; x_wconf 89' lang='lat' dir='ltr'><strong>sunt</strong></span> <span class='ocrx_word' id='word_1_50' title='bbox 1565 921 1948 990; x_wconf 81' lang='lat' dir='ltr'><strong>philosophiam</strong></span> <span class='ocrx_word' id='word_1_51' title='bbox 1972 935 2089 987; x_wconf 79' lang='lat' dir='ltr'><strong>pro-</strong></span> 
     </span>
    </p>
   </div>
   <div class='ocr_carea' id='block_1_8' title="bbox 503 1013 2084 1074">
    <p class='ocr_par' dir='ltr' id='par_1_8' title="bbox 503 1013 2084 1074">
     <span class='ocr_line' id='line_1_8' title="bbox 503 1013 2084 1074; baseline -0.003 -6"><span class='ocrx_word' id='word_1_52' title='bbox 503 1015 650 1073; x_wconf 78' lang='lat' dir='ltr'><strong>fessi.</strong></span> <span class='ocrx_word' id='word_1_53' title='bbox 690 1013 794 1074; x_wconf 75' lang='lat' dir='ltr'><strong>Sed</strong></span> <span class='ocrx_word' id='word_1_54' title='bbox 827 1013 973 1066; x_wconf 76' lang='lat' dir='ltr'><strong>Voltis</strong></span> <span class='ocrx_word' id='word_1_55' title='bbox 1002 1015 1210 1067; x_wconf 92' lang='lat' dir='ltr'><strong>interim</strong></span> <span class='ocrx_word' id='word_1_56' title='bbox 1242 1016 1368 1067; x_wconf 82' lang='lat' dir='ltr'><strong>satis</strong></span> <span class='ocrx_word' id='word_1_57' title='bbox 1398 1016 1497 1067; x_wconf 87' lang='lat' dir='ltr'><strong>erit</strong></span> <span class='ocrx_word' id='word_1_58' title='bbox 1525 1015 1568 1068; x_wconf 90' lang='lat' dir='ltr'><strong>si</strong></span> <span class='ocrx_word' id='word_1_59' title='bbox 1597 1013 1813 1066; x_wconf 57' lang='lat' dir='ltr'><strong>diseatis</strong></span> <span class='ocrx_word' id='word_1_60' title='bbox 1835 1028 1939 1074; x_wconf 81' lang='lat' dir='ltr'><strong>non</strong></span> <span class='ocrx_word' id='word_1_61' title='bbox 1967 1028 2084 1064; x_wconf 76' lang='lat' dir='ltr'><strong>ara-</strong></span> 
     </span>
    </p>
   </div>
   <div class='ocr_carea' id='block_1_9' title="bbox 504 1102 2090 1172">
    <p class='ocr_par' dir='ltr' id='par_1_9' title="bbox 504 1102 2090 1172">
     <span class='ocr_line' id='line_1_9' title="bbox 504 1102 2090 1172; baseline -0.004 -14"><span class='ocrx_word' id='word_1_62' title='bbox 504 1105 639 1164; x_wconf 67' lang='lat' dir='ltr'><strong>ritia-</strong></span> <span class='ocrx_word' id='word_1_63' title='bbox 660 1103 888 1166; x_wconf 72' lang='lat' dir='ltr'><strong>studere,</strong></span> <span class='ocrx_word' id='word_1_64' title='bbox 923 1105 1220 1172; x_wconf 80' lang='lat' dir='ltr'><strong>bonamque</strong></span> <span class='ocrx_word' id='word_1_65' title='bbox 1247 1119 1366 1158; x_wconf 87' lang='lat' dir='ltr'><strong>esse</strong></span> <span class='ocrx_word' id='word_1_66' title='bbox 1392 1104 1815 1172; x_wconf 79' lang='lat' dir='ltr'><strong>elcemosyuam;</strong></span> <span class='ocrx_word' id='word_1_67' title='bbox 1848 1103 1890 1155; x_wconf 89' lang='lat' dir='ltr'><strong>si</strong></span> <span class='ocrx_word' id='word_1_68' title='bbox 1916 1102 2090 1155; x_wconf 82' lang='lat' dir='ltr'><strong>disca-</strong></span> 
     </span>
    </p>
   </div>
   <div class='ocr_carea' id='block_1_10' title="bbox 503 1193 2086 1264">
    <p class='ocr_par' dir='ltr' id='par_1_10' title="bbox 503 1193 2086 1264">
     <span class='ocr_line' id='line_1_10' title="bbox 503 1193 2086 1264; baseline -0.004 -14"><span class='ocrx_word' id='word_1_69' title='bbox 503 1199 572 1250; x_wconf 78' lang='lat' dir='ltr'><strong>tis</strong></span> <span class='ocrx_word' id='word_1_70' title='bbox 610 1211 675 1252; x_wconf 71' lang='lat' dir='ltr'><strong>es</strong></span> <span class='ocrx_word' id='word_1_71' title='bbox 718 1195 872 1254; x_wconf 85' lang='lat' dir='ltr'><strong>bouis</strong></span> <span class='ocrx_word' id='word_1_72' title='bbox 904 1196 1099 1248; x_wconf 78' lang='lat' dir='ltr'><strong>nostris</strong></span> <span class='ocrx_word' id='word_1_73' title='bbox 1140 1195 1465 1264; x_wconf 76' lang='lat' dir='ltr'><strong>erogandum</strong></span> <span class='ocrx_word' id='word_1_74' title='bbox 1514 1209 1652 1252; x_wconf 85' lang='lat' dir='ltr'><strong>esse.</strong></span> <span class='ocrx_word' id='word_1_75' title='bbox 1699 1193 1824 1247; x_wconf 67' lang='lat' dir='ltr'><strong>lbec</strong></span> <span class='ocrx_word' id='word_1_76' title='bbox 1869 1193 2008 1246; x_wconf 87' lang='lat' dir='ltr'><strong>enim</strong></span> <span class='ocrx_word' id='word_1_77' title='bbox 2043 1193 2086 1244; x_wconf 89' lang='lat' dir='ltr'><strong>si</strong></span> 
     </span>
    </p>
   </div>
   <div class='ocr_carea' id='block_1_11' title="bbox 499 1283 2082 1358">
    <p class='ocr_par' dir='ltr' id='par_1_11' title="bbox 499 1283 2082 1358">
     <span class='ocr_line' id='line_1_11' title="bbox 499 1283 2082 1358; baseline -0.004 -20"><span class='ocrx_word' id='word_1_78' title='bbox 499 1286 830 1356; x_wconf 78' lang='lat' dir='ltr'><strong>exsoquaris,</strong></span> <span class='ocrx_word' id='word_1_79' title='bbox 875 1285 1089 1350; x_wconf 85' lang='lat' dir='ltr'><strong>dilecte,</strong></span> <span class='ocrx_word' id='word_1_80' title='bbox 1134 1285 1241 1339; x_wconf 92' lang='lat' dir='ltr'><strong>cito</strong></span> <span class='ocrx_word' id='word_1_81' title='bbox 1285 1285 1349 1338; x_wconf 92' lang='lat' dir='ltr'><strong>ad</strong></span> <span class='ocrx_word' id='word_1_82' title='bbox 1395 1285 1478 1338; x_wconf 89' lang='lat' dir='ltr'><strong>illa</strong></span> <span class='ocrx_word' id='word_1_83' title='bbox 1519 1285 1820 1358; x_wconf 79' lang='lat' dir='ltr'><strong>pervenies.</strong></span> <span class='ocrx_word' id='word_1_84' title='bbox 1869 1283 2082 1337; x_wconf 87' lang='lat' dir='ltr'><strong>Interim</strong></span> 
     </span>
    </p>
   </div>
   <div class='ocr_carea' id='block_1_12' title="bbox 500 1374 2084 1446">
    <p class='ocr_par' dir='ltr' id='par_1_12' title="bbox 500 1374 2084 1446">
     <span class='ocr_line' id='line_1_12' title="bbox 500 1374 2084 1446; baseline -0.004 -13"><span class='ocrx_word' id='word_1_85' title='bbox 500 1391 628 1446; x_wconf 71' lang='lat' dir='ltr'><strong>ergo</strong></span> <span class='ocrx_word' id='word_1_86' title='bbox 652 1375 977 1443; x_wconf 81' lang='lat' dir='ltr'><strong>superﬂuam</strong></span> <span class='ocrx_word' id='word_1_87' title='bbox 1023 1376 1168 1429; x_wconf 83' lang='lat' dir='ltr'><strong>illam</strong></span> <span class='ocrx_word' id='word_1_88' title='bbox 1211 1390 1456 1444; x_wconf 79' lang='lat' dir='ltr'><strong>pompam</strong></span> <span class='ocrx_word' id='word_1_89' title='bbox 1497 1377 1844 1443; x_wconf 83' lang='lat' dir='ltr'><strong>deponamns,</strong></span> <span class='ocrx_word' id='word_1_90' title='bbox 1879 1374 2084 1426; x_wconf 85' lang='lat' dir='ltr'><strong>medio-</strong></span> 
     </span>
    </p>
   </div>
   <div class='ocr_carea' id='block_1_13' title="bbox 499 1463 2083 1530">
    <p class='ocr_par' dir='ltr' id='par_1_13' title="bbox 499 1463 2083 1530">
     <span class='ocr_line' id='line_1_13' title="bbox 499 1463 2083 1530; baseline -0.003 -10"><span class='ocrx_word' id='word_1_91' title='bbox 499 1466 687 1527; x_wconf 83' lang='lat' dir='ltr'><strong>critate</strong></span> <span class='ocrx_word' id='word_1_92' title='bbox 711 1465 948 1520; x_wconf 79' lang='lat' dir='ltr'><strong>ccuteuti</strong></span> <span class='ocrx_word' id='word_1_93' title='bbox 977 1466 1162 1529; x_wconf 87' lang='lat' dir='ltr'><strong>simus,</strong></span> <span class='ocrx_word' id='word_1_94' title='bbox 1194 1475 1245 1519; x_wconf 87' lang='lat' dir='ltr'><strong>et</strong></span> <span class='ocrx_word' id='word_1_95' title='bbox 1275 1466 1543 1518; x_wconf 85' lang='lat' dir='ltr'><strong>discamus</strong></span> <span class='ocrx_word' id='word_1_96' title='bbox 1585 1481 1645 1518; x_wconf 72' lang='lat' dir='ltr'><strong>ex</strong></span> <span class='ocrx_word' id='word_1_97' title='bbox 1686 1464 1843 1530; x_wconf 85' lang='lat' dir='ltr'><strong>justis</strong></span> <span class='ocrx_word' id='word_1_98' title='bbox 1887 1463 2083 1516; x_wconf 85' lang='lat' dir='ltr'><strong>labori-</strong></span> 
     </span>
    </p>
   </div>
   <div class='ocr_carea' id='block_1_14' title="bbox 503 1554 2081 1627">
    <p class='ocr_par' dir='ltr' id='par_1_14' title="bbox 503 1554 2081 1627">
     <span class='ocr_line' id='line_1_14' title="bbox 503 1554 2081 1627; baseline -0.003 -15"><span class='ocrx_word' id='word_1_99' title='bbox 503 1559 600 1612; x_wconf 83' lang='lat' dir='ltr'><strong>bus</strong></span> <span class='ocrx_word' id='word_1_100' title='bbox 637 1557 838 1619; x_wconf 82' lang='lat' dir='ltr'><strong>omnia,</strong></span> <span class='ocrx_word' id='word_1_101' title='bbox 872 1572 988 1627; x_wconf 75' lang='lat' dir='ltr'><strong>qum</strong></span> <span class='ocrx_word' id='word_1_102' title='bbox 1019 1556 1246 1610; x_wconf 87' lang='lat' dir='ltr'><strong>habituri</strong></span> <span class='ocrx_word' id='word_1_103' title='bbox 1292 1571 1497 1617; x_wconf 86' lang='lat' dir='ltr'><strong>sumus,</strong></span> <span class='ocrx_word' id='word_1_104' title='bbox 1552 1554 1873 1623; x_wconf 68' lang='lat' dir='ltr'><strong>acquirendo</strong></span> <span class='ocrx_word' id='word_1_105' title='bbox 1921 1569 2081 1608; x_wconf 87' lang='lat' dir='ltr'><strong>esse:</strong></span> 
     </span>
    </p>
   </div>
   <div class='ocr_carea' id='block_1_15' title="bbox 495 1649 2084 1720">
    <p class='ocr_par' dir='ltr' id='par_1_15' title="bbox 495 1649 2084 1720">
     <span class='ocr_line' id='line_1_15' title="bbox 495 1649 2084 1720; baseline -0.001 -16"><span class='ocrx_word' id='word_1_106' title='bbox 495 1650 924 1720; x_wconf 84' lang='lat' dir='ltr'><strong>quandoquidem</strong></span> <span class='ocrx_word' id='word_1_107' title='bbox 955 1651 1140 1704; x_wconf 89' lang='lat' dir='ltr'><strong>beatus</strong></span> <span class='ocrx_word' id='word_1_108' title='bbox 1167 1650 1420 1706; x_wconf 81' lang='lat' dir='ltr'><strong>Joannes.</strong></span> <span class='ocrx_word' id='word_1_109' title='bbox 1445 1665 1562 1704; x_wconf 90' lang='lat' dir='ltr'><strong>cmn</strong></span> <span class='ocrx_word' id='word_1_110' title='bbox 1586 1664 1680 1706; x_wconf 89' lang='lat' dir='ltr'><strong>eos</strong></span> <span class='ocrx_word' id='word_1_111' title='bbox 1699 1651 1786 1720; x_wconf 87' lang='lat' dir='ltr'><strong>qui</strong></span> <span class='ocrx_word' id='word_1_112' title='bbox 1812 1650 1862 1702; x_wconf 92' lang='lat' dir='ltr'><strong>in</strong></span> <span class='ocrx_word' id='word_1_113' title='bbox 1887 1649 2084 1702; x_wconf 85' lang='lat' dir='ltr'><strong>telonio</strong></span> 
     </span>
    </p>
   </div>
   <div class='ocr_carea' id='block_1_16' title="bbox 498 1739 2084 1810">
    <p class='ocr_par' dir='ltr' id='par_1_16' title="bbox 498 1739 2084 1810">
     <span class='ocr_line' id='line_1_16' title="bbox 498 1739 2084 1810; baseline -0.001 -14"><span class='ocrx_word' id='word_1_114' title='bbox 498 1741 753 1797; x_wconf 67' lang='lat' dir='ltr'><strong>sedebant</strong></span> <span class='ocrx_word' id='word_1_115' title='bbox 777 1753 832 1796; x_wconf 88' lang='lat' dir='ltr'><strong>ct</strong></span> <span class='ocrx_word' id='word_1_116' title='bbox 852 1742 1048 1796; x_wconf 89' lang='lat' dir='ltr'><strong>milites</strong></span> <span class='ocrx_word' id='word_1_117' title='bbox 1088 1741 1478 1810; x_wconf 77' lang='lat' dir='ltr'><strong>alloquebatur,</strong></span> <span class='ocrx_word' id='word_1_118' title='bbox 1515 1742 1617 1795; x_wconf 86' lang='lat' dir='ltr'><strong>illis</strong></span> <span class='ocrx_word' id='word_1_119' title='bbox 1647 1753 1698 1793; x_wconf 90' lang='lat' dir='ltr'><strong>ut</strong></span> <span class='ocrx_word' id='word_1_120' title='bbox 1720 1741 1952 1794; x_wconf 87' lang='lat' dir='ltr'><strong>contenti</strong></span> <span class='ocrx_word' id='word_1_121' title='bbox 1971 1739 2084 1794; x_wconf 85' lang='lat' dir='ltr'><strong>suis</strong></span> 
     </span>
    </p>
   </div>
   <div class='ocr_carea' id='block_1_17' title="bbox 498 1831 2081 1905">
    <p class='ocr_par' dir='ltr' id='par_1_17' title="bbox 498 1831 2081 1905">
     <span class='ocr_line' id='line_1_17' title="bbox 498 1831 2081 1905; baseline -0.003 -17"><span class='ocrx_word' id='word_1_122' title='bbox 498 1833 776 1903; x_wconf 82' lang='lat' dir='ltr'><strong>stipendiis</strong></span> <span class='ocrx_word' id='word_1_123' title='bbox 795 1842 974 1888; x_wconf 88' lang='lat' dir='ltr'><strong>essent</strong></span> <span class='ocrx_word' id='word_1_124' title='bbox 993 1833 1330 1902; x_wconf 57' lang='lat' dir='ltr'><strong>praecipit-bat</strong></span> <span class='ocrx_word' id='word_1_125' title='bbox 1351 1832 1496 1905; x_wconf 83' lang='lat' dir='ltr'><strong>(Luc.</strong></span> <span class='ocrx_word' id='word_1_126' title='bbox 1516 1832 1596 1899; x_wconf 70' lang='lat'><strong>5).</strong></span> <span class='ocrx_word' id='word_1_127' title='bbox 1622 1831 1844 1886; x_wconf 82' lang='lat' dir='ltr'><strong>Volebat</strong></span> <span class='ocrx_word' id='word_1_128' title='bbox 1869 1831 2081 1900; x_wconf 86' lang='lat' dir='ltr'><strong>quidem</strong></span> 
     </span>
    </p>
   </div>
   <div class='ocr_carea' id='block_1_18' title="bbox 498 1923 2082 1994">
    <p class='ocr_par' dir='ltr' id='par_1_18' title="bbox 498 1923 2082 1994">
     <span class='ocr_line' id='line_1_18' title="bbox 498 1923 2082 1994; baseline 0.001 -19"><span class='ocrx_word' id='word_1_129' title='bbox 498 1923 616 1979; x_wconf 83' lang='lat' dir='ltr'><strong>illos</strong></span> <span class='ocrx_word' id='word_1_130' title='bbox 641 1923 706 1978; x_wconf 89' lang='lat' dir='ltr'><strong>ad</strong></span> <span class='ocrx_word' id='word_1_131' title='bbox 735 1923 988 1993; x_wconf 70' lang='lat' dir='ltr'><strong>iuniorem</strong></span> <span class='ocrx_word' id='word_1_132' title='bbox 1016 1924 1171 1976; x_wconf 88' lang='lat' dir='ltr'><strong>aliam</strong></span> <span class='ocrx_word' id='word_1_133' title='bbox 1203 1923 1590 1994; x_wconf 81' lang='lat' dir='ltr'><strong>philosophiam</strong></span> <span class='ocrx_word' id='word_1_134' title='bbox 1630 1923 1932 1988; x_wconf 81' lang='lat' dir='ltr'><strong>deducere;</strong></span> <span class='ocrx_word' id='word_1_135' title='bbox 1961 1925 2082 1994; x_wconf 89' lang='lat' dir='ltr'><strong>quia</strong></span> 
     </span>
    </p>
   </div>
   <div class='ocr_carea' id='block_1_19' title="bbox 497 2013 2084 2083">
    <p class='ocr_par' dir='ltr' id='par_1_19' title="bbox 497 2013 2084 2083">
     <span class='ocr_line' id='line_1_19' title="bbox 497 2013 2084 2083; baseline 0.004 -21"><span class='ocrx_word' id='word_1_136' title='bbox 497 2027 624 2068; x_wconf 75' lang='lat' dir='ltr'><strong>vero</strong></span> <span class='ocrx_word' id='word_1_137' title='bbox 651 2013 883 2070; x_wconf 87' lang='lat' dir='ltr'><strong>nondum</strong></span> <span class='ocrx_word' id='word_1_138' title='bbox 906 2014 970 2066; x_wconf 90' lang='lat' dir='ltr'><strong>ad</strong></span> <span class='ocrx_word' id='word_1_139' title='bbox 998 2013 1048 2068; x_wconf 88' lang='lat' dir='ltr'><strong>id</strong></span> <span class='ocrx_word' id='word_1_140' title='bbox 1071 2024 1224 2067; x_wconf 86' lang='lat' dir='ltr'><strong>erant</strong></span> <span class='ocrx_word' id='word_1_141' title='bbox 1252 2014 1448 2076; x_wconf 81' lang='lat' dir='ltr'><strong>idonei,</strong></span> <span class='ocrx_word' id='word_1_142' title='bbox 1483 2016 1686 2074; x_wconf 88' lang='lat' dir='ltr'><strong>minora</strong></span> <span class='ocrx_word' id='word_1_143' title='bbox 1716 2015 1864 2075; x_wconf 86' lang='lat' dir='ltr'><strong>dicit,</strong></span> <span class='ocrx_word' id='word_1_144' title='bbox 1892 2017 2011 2083; x_wconf 84' lang='lat' dir='ltr'><strong>quia</strong></span> <span class='ocrx_word' id='word_1_145' title='bbox 2039 2016 2084 2070; x_wconf 88' lang='lat' dir='ltr'><strong>si</strong></span> 
     </span>
    </p>
   </div>
   <div class='ocr_carea' id='block_1_20' title="bbox 497 2103 2084 2168">
    <p class='ocr_par' dir='ltr' id='par_1_20' title="bbox 497 2103 2084 2168">
     <span class='ocr_line' id='line_1_20' title="bbox 497 2103 2084 2168; baseline 0.004 -14"><span class='ocrx_word' id='word_1_146' title='bbox 497 2103 806 2163; x_wconf 76' lang='lat' dir='ltr'><strong>sublimiora</strong></span> <span class='ocrx_word' id='word_1_147' title='bbox 823 2103 1184 2166; x_wconf 87' lang='lat' dir='ltr'><strong>disseruisset,</strong></span> <span class='ocrx_word' id='word_1_148' title='bbox 1207 2121 1309 2157; x_wconf 85' lang='lat' dir='ltr'><strong>non</strong></span> <span class='ocrx_word' id='word_1_149' title='bbox 1332 2104 1434 2159; x_wconf 82' lang='lat' dir='ltr'><strong>illis</strong></span> <span class='ocrx_word' id='word_1_150' title='bbox 1451 2105 1825 2168; x_wconf 84' lang='lat' dir='ltr'><strong>attendissent,</strong></span> <span class='ocrx_word' id='word_1_151' title='bbox 1846 2116 1898 2160; x_wconf 87' lang='lat' dir='ltr'><strong>et</strong></span> <span class='ocrx_word' id='word_1_152' title='bbox 1919 2123 1979 2159; x_wconf 73' lang='lat' dir='ltr'><strong>ex</strong></span> <span class='ocrx_word' id='word_1_153' title='bbox 2003 2107 2084 2160; x_wconf 88' lang='lat' dir='ltr'><strong>his</strong></span> 
     </span>
    </p>
   </div>
   <div class='ocr_carea' id='block_1_21' title="bbox 497 2193 2084 2254">
    <p class='ocr_par' dir='ltr' id='par_1_21' title="bbox 497 2193 2084 2254">
     <span class='ocr_line' id='line_1_21' title="bbox 497 2193 2084 2254; baseline 0.002 -8"><span class='ocrx_word' id='word_1_154' title='bbox 497 2193 790 2251; x_wconf 85' lang='lat' dir='ltr'><strong>minoribus</strong></span> <span class='ocrx_word' id='word_1_155' title='bbox 806 2195 1146 2248; x_wconf 82' lang='lat' dir='ltr'><strong>excidissent.</strong></span> <span class='ocrx_word' id='word_1_156' title='bbox 1175 2194 1376 2254; x_wconf 84' lang='lat' dir='ltr'><strong>ldeirco</strong></span> <span class='ocrx_word' id='word_1_157' title='bbox 1401 2197 1559 2252; x_wconf 86' lang='lat' dir='ltr'><strong>etiam</strong></span> <span class='ocrx_word' id='word_1_158' title='bbox 1587 2211 1682 2250; x_wconf 90' lang='lat' dir='ltr'><strong>nos</strong></span> <span class='ocrx_word' id='word_1_159' title='bbox 1708 2199 1756 2248; x_wconf 89' lang='lat' dir='ltr'><strong>in</strong></span> <span class='ocrx_word' id='word_1_160' title='bbox 1786 2195 1930 2250; x_wconf 90' lang='lat' dir='ltr'><strong>hisce</strong></span> <span class='ocrx_word' id='word_1_161' title='bbox 1949 2197 2084 2250; x_wconf 80' lang='lat' dir='ltr'><strong>inle-</strong></span> 
     </span>
    </p>
   </div>
   <div class='ocr_carea' id='block_1_22' title="bbox 497 2283 2080 2355">
    <p class='ocr_par' dir='ltr' id='par_1_22' title="bbox 497 2283 2080 2355">
     <span class='ocr_line' id='line_1_22' title="bbox 497 2283 2080 2355; baseline 0.003 -18"><span class='ocrx_word' id='word_1_162' title='bbox 497 2283 725 2340; x_wconf 81' lang='lat' dir='ltr'><strong>rioribus</strong></span> <span class='ocrx_word' id='word_1_163' title='bbox 741 2299 834 2338; x_wconf 80' lang='lat' dir='ltr'><strong>vos</strong></span> <span class='ocrx_word' id='word_1_164' title='bbox 849 2299 1185 2340; x_wconf 76' lang='lat' dir='ltr'><strong>exercemus.</strong></span> <span class='ocrx_word' id='word_1_165' title='bbox 1207 2285 1527 2355; x_wconf 85' lang='lat' dir='ltr'><strong>interimque</strong></span> <span class='ocrx_word' id='word_1_166' title='bbox 1556 2301 1753 2340; x_wconf 86' lang='lat' dir='ltr'><strong>scnnus</strong></span> <span class='ocrx_word' id='word_1_167' title='bbox 1772 2285 2080 2341; x_wconf 72' lang='lat' dir='ltr'><strong>facultatum</strong></span> 
     </span>
    </p>
   </div>
   <div class='ocr_carea' id='block_1_23' title="bbox 495 2374 2081 2452">
    <p class='ocr_par' dir='ltr' id='par_1_23' title="bbox 495 2374 2081 2452">
     <span class='ocr_line' id='line_1_23' title="bbox 495 2374 2081 2452; baseline 0.003 -24"><span class='ocrx_word' id='word_1_168' title='bbox 495 2374 925 2452; x_wconf 81' lang='lat' dir='ltr'><strong>deponendarum</strong></span> <span class='ocrx_word' id='word_1_169' title='bbox 959 2389 1095 2430; x_wconf 88' lang='lat' dir='ltr'><strong>onus</strong></span> <span class='ocrx_word' id='word_1_170' title='bbox 1129 2376 1317 2430; x_wconf 82' lang='lat' dir='ltr'><strong>fortius</strong></span> <span class='ocrx_word' id='word_1_171' title='bbox 1354 2391 1498 2441; x_wconf 80' lang='lat' dir='ltr'><strong>esse,</strong></span> <span class='ocrx_word' id='word_1_172' title='bbox 1520 2392 1680 2447; x_wconf 86' lang='lat' dir='ltr'><strong>quam</strong></span> <span class='ocrx_word' id='word_1_173' title='bbox 1721 2387 1778 2431; x_wconf 90' lang='lat' dir='ltr'><strong>ut</strong></span> <span class='ocrx_word' id='word_1_174' title='bbox 1821 2392 1917 2432; x_wconf 86' lang='lat' dir='ltr'><strong>vos</strong></span> <span class='ocrx_word' id='word_1_175' title='bbox 1943 2378 2081 2433; x_wconf 81' lang='lat' dir='ltr'><strong>ferre</strong></span> 
     </span>
    </p>
   </div>
   <div class='ocr_carea' id='block_1_24' title="bbox 497 2465 2083 2535">
    <p class='ocr_par' dir='ltr' id='par_1_24' title="bbox 497 2465 2083 2535">
     <span class='ocr_line' id='line_1_24' title="bbox 497 2465 2083 2535; baseline 0.003 -17"><span class='ocrx_word' id='word_1_176' title='bbox 497 2465 738 2534; x_wconf 82' lang='lat' dir='ltr'><strong>possitis;</strong></span> <span class='ocrx_word' id='word_1_177' title='bbox 763 2475 815 2520; x_wconf 91' lang='lat' dir='ltr'><strong>et</strong></span> <span class='ocrx_word' id='word_1_178' title='bbox 837 2477 1092 2535; x_wconf 87' lang='lat' dir='ltr'><strong>quantum</strong></span> <span class='ocrx_word' id='word_1_179' title='bbox 1114 2466 1271 2520; x_wconf 85' lang='lat' dir='ltr'><strong>distat</strong></span> <span class='ocrx_word' id='word_1_180' title='bbox 1293 2468 1482 2521; x_wconf 77' lang='lat' dir='ltr'><strong>cadum</strong></span> <span class='ocrx_word' id='word_1_181' title='bbox 1506 2482 1536 2521; x_wconf 87' lang='lat' dir='ltr'><strong>a</strong></span> <span class='ocrx_word' id='word_1_182' title='bbox 1561 2477 1722 2532; x_wconf 91' lang='lat' dir='ltr'><strong>terra,</strong></span> <span class='ocrx_word' id='word_1_183' title='bbox 1751 2478 1954 2524; x_wconf 85' lang='lat' dir='ltr'><strong>tantum</strong></span> <span class='ocrx_word' id='word_1_184' title='bbox 1987 2485 2083 2522; x_wconf 76' lang='lat' dir='ltr'><strong>Vos</strong></span> 
     </span>
    </p>
   </div>
   <div class='ocr_carea' id='block_1_25' title="bbox 499 2574 548 2590">
    <p class='ocr_par' dir='ltr' id='par_1_25' title="bbox 499 2574 548 2590">
     <span class='ocr_line' id='line_1_25' title="bbox 499 2574 548 2590; baseline 0 0"><span class='ocrx_word' id='word_1_185' title='bbox 499 2574 548 2590; x_wconf 55' lang='lat'><strong>.-</strong></span> 
     </span>
    </p>
   </div>
   <div class='ocr_carea' id='block_1_26' title="bbox 1201 345 2997 410">
    <p class='ocr_par' dir='ltr' id='par_1_26' title="bbox 1201 345 2997 410">
     <span class='ocr_line' id='line_1_26' title="bbox 1201 345 2997 410; baseline -0.007 0"><span class='ocrx_word' id='word_1_186' title='bbox 1201 355 1240 410; x_wconf 91' lang='lat' dir='ltr'>S</span> <span class='ocrx_word' id='word_1_187' title='bbox 1295 352 1570 410; x_wconf 69' lang='lat' dir='ltr'><strong>JOANNIS</strong></span> <span class='ocrx_word' id='word_1_188' title='bbox 1607 350 2074 407; x_wconf 70' lang='lat' dir='ltr'><strong>CHRYSOSTOMI</strong></span> <span class='ocrx_word' id='word_1_189' title='bbox 2117 347 2426 405; x_wconf 75' lang='lat' dir='ltr'><strong>ARCIHEP.</strong></span> <span class='ocrx_word' id='word_1_190' title='bbox 2468 345 2997 401; x_wconf 69' lang='lat' dir='ltr'><strong>CONSTANTINOP.</strong></span> 
     </span>
    </p>
   </div>
   <div class='ocr_carea' id='block_1_27' title="bbox 3686 344 3789 399">
    <p class='ocr_par' dir='ltr' id='par_1_27' title="bbox 3686 344 3789 399">
     <span class='ocr_line' id='line_1_27' title="bbox 3686 344 3789 399; baseline -0.029 0"><span class='ocrx_word' id='word_1_191' title='bbox 3686 344 3789 399; x_wconf 65' lang='grc' dir='ltr'><strong>δυο</strong></span> 
     </span>
    </p>
   </div>
   <div class='ocr_carea' id='block_1_28' title="bbox 2203 457 3789 529">
    <p class='ocr_par' dir='ltr' id='par_1_28' title="bbox 2203 457 3789 529">
     <span class='ocr_line' id='line_1_28' title="bbox 2203 457 3789 529; baseline -0.003 -18"><span class='ocrx_word' id='word_1_192' title='bbox 2203 461 2401 514; x_wconf 84' lang='lat' dir='ltr'><strong>distare</strong></span> <span class='ocrx_word' id='word_1_193' title='bbox 2430 460 2496 512; x_wconf 85' lang='lat' dir='ltr'><strong>ab</strong></span> <span class='ocrx_word' id='word_1_194' title='bbox 2524 459 2605 512; x_wconf 89' lang='lat' dir='ltr'><strong>illa</strong></span> <span class='ocrx_word' id='word_1_195' title='bbox 2635 459 2992 529; x_wconf 77' lang='lat' dir='ltr'><strong>philosophia.</strong></span> <span class='ocrx_word' id='word_1_196' title='bbox 3020 457 3200 528; x_wconf 76' lang='lat' dir='ltr'><strong>Itaque</strong></span> <span class='ocrx_word' id='word_1_197' title='bbox 3228 457 3409 509; x_wconf 85' lang='lat' dir='ltr'><strong>ultima</strong></span> <span class='ocrx_word' id='word_1_198' title='bbox 3438 457 3624 508; x_wconf 79' lang='lat' dir='ltr'><strong>saltem</strong></span> <span class='ocrx_word' id='word_1_199' title='bbox 3654 472 3789 526; x_wconf 73' lang='lat' dir='ltr'><strong>prae-</strong></span> 
     </span>
    </p>
   </div>
   <div class='ocr_carea' id='block_1_29' title="bbox 2198 549 3790 620">
    <p class='ocr_par' dir='ltr' id='par_1_29' title="bbox 2198 549 3790 620">
     <span class='ocr_line' id='line_1_29' title="bbox 2198 549 3790 620; baseline -0.002 -15"><span class='ocrx_word' id='word_1_200' title='bbox 2198 561 2352 620; x_wconf 88' lang='lat' dir='ltr'><strong>cepta</strong></span> <span class='ocrx_word' id='word_1_201' title='bbox 2392 566 2697 618; x_wconf 77' lang='lat' dir='ltr'><strong>servemus;</strong></span> <span class='ocrx_word' id='word_1_202' title='bbox 2737 565 2908 618; x_wconf 83' lang='lat' dir='ltr'><strong>neque</strong></span> <span class='ocrx_word' id='word_1_203' title='bbox 2947 550 3088 604; x_wconf 89' lang='lat' dir='ltr'><strong>enim</strong></span> <span class='ocrx_word' id='word_1_204' title='bbox 3133 551 3246 602; x_wconf 81' lang='lat' dir='ltr'><strong>iure</strong></span> <span class='ocrx_word' id='word_1_205' title='bbox 3296 563 3452 618; x_wconf 71' lang='lat' dir='ltr'><strong>parva</strong></span> <span class='ocrx_word' id='word_1_206' title='bbox 3495 549 3790 603; x_wconf 80' lang='lat' dir='ltr'><strong>consolatio</strong></span> 
     </span>
    </p>
   </div>
   <div class='ocr_carea' id='block_1_30' title="bbox 2195 640 3786 713">
    <p class='ocr_par' dir='ltr' id='par_1_30' title="bbox 2195 640 3786 713">
     <span class='ocr_line' id='line_1_30' title="bbox 2195 640 3786 713; baseline -0.003 -15"><span class='ocrx_word' id='word_1_207' title='bbox 2195 655 2280 698; x_wconf 86' lang='lat' dir='ltr'><strong>est</strong></span> <span class='ocrx_word' id='word_1_208' title='bbox 2305 661 2316 696; x_wconf 91' lang='lat'><strong>:</strong></span> <span class='ocrx_word' id='word_1_209' title='bbox 2339 643 2546 698; x_wconf 85' lang='lat' dir='ltr'><strong>etiamsi</strong></span> <span class='ocrx_word' id='word_1_210' title='bbox 2569 641 2705 709; x_wconf 79' lang='lat' dir='ltr'><strong>apud</strong></span> <span class='ocrx_word' id='word_1_211' title='bbox 2725 641 2940 695; x_wconf 64' lang='lat' dir='ltr'><strong>GI&#39;J&#39;COS</strong></span> <span class='ocrx_word' id='word_1_212' title='bbox 2963 641 3177 709; x_wconf 88' lang='lat' dir='ltr'><strong>quidam</strong></span> <span class='ocrx_word' id='word_1_213' title='bbox 3205 642 3353 704; x_wconf 87' lang='lat' dir='ltr'><strong>illud,</strong></span> <span class='ocrx_word' id='word_1_214' title='bbox 3375 640 3513 713; x_wconf 87' lang='lat' dir='ltr'><strong>quod</strong></span> <span class='ocrx_word' id='word_1_215' title='bbox 3532 641 3786 705; x_wconf 76' lang='lat' dir='ltr'><strong>diximus,</strong></span> 
     </span>
    </p>
   </div>
   <div class='ocr_carea' id='block_1_31' title="bbox 2194 733 3781 804">
    <p class='ocr_par' dir='ltr' id='par_1_31' title="bbox 2194 733 3781 804">
     <span class='ocr_line' id='line_1_31' title="bbox 2194 733 3781 804; baseline -0.001 -15"><span class='ocrx_word' id='word_1_216' title='bbox 2194 736 2473 804; x_wconf 77' lang='lat' dir='ltr'><strong>exsequuti</strong></span> <span class='ocrx_word' id='word_1_217' title='bbox 2506 744 2652 796; x_wconf 81' lang='lat' dir='ltr'><strong>sunt,</strong></span> <span class='ocrx_word' id='word_1_218' title='bbox 2685 733 2969 801; x_wconf 85' lang='lat' dir='ltr'><strong>onmiaque</strong></span> <span class='ocrx_word' id='word_1_219' title='bbox 3005 734 3360 800; x_wconf 79' lang='lat' dir='ltr'><strong>reliquerunt.</strong></span> <span class='ocrx_word' id='word_1_220' title='bbox 3393 734 3514 786; x_wconf 89' lang='lat' dir='ltr'><strong>licet</strong></span> <span class='ocrx_word' id='word_1_221' title='bbox 3559 749 3662 785; x_wconf 90' lang='lat' dir='ltr'><strong>non</strong></span> <span class='ocrx_word' id='word_1_222' title='bbox 3693 747 3781 797; x_wconf 84' lang='lat' dir='ltr'><strong>eo,</strong></span> 
     </span>
    </p>
   </div>
   <div class='ocr_carea' id='block_1_32' title="bbox 2194 825 3787 895">
    <p class='ocr_par' dir='ltr' id='par_1_32' title="bbox 2194 825 3787 895">
     <span class='ocr_line' id='line_1_32' title="bbox 2194 825 3787 895; baseline 0.001 -20"><span class='ocrx_word' id='word_1_223' title='bbox 2194 843 2300 895; x_wconf 89' lang='lat' dir='ltr'><strong>quo</strong></span> <span class='ocrx_word' id='word_1_224' title='bbox 2345 843 2440 887; x_wconf 86' lang='lat' dir='ltr'><strong>par</strong></span> <span class='ocrx_word' id='word_1_225' title='bbox 2483 835 2616 889; x_wconf 83' lang='lat' dir='ltr'><strong>erat,</strong></span> <span class='ocrx_word' id='word_1_226' title='bbox 2667 825 2961 892; x_wconf 87' lang='lat' dir='ltr'><strong>proposito.</strong></span> <span class='ocrx_word' id='word_1_227' title='bbox 3009 827 3252 877; x_wconf 73' lang='lat' dir='ltr'><strong>Attamen</strong></span> <span class='ocrx_word' id='word_1_228' title='bbox 3302 835 3380 876; x_wconf 86' lang='lat' dir='ltr'><strong>sat</strong></span> <span class='ocrx_word' id='word_1_229' title='bbox 3415 825 3569 877; x_wconf 86' lang='lat' dir='ltr'><strong>nobis</strong></span> <span class='ocrx_word' id='word_1_230' title='bbox 3599 825 3704 877; x_wconf 87' lang='lat' dir='ltr'><strong>erit</strong></span> <span class='ocrx_word' id='word_1_231' title='bbox 3742 825 3787 877; x_wconf 90' lang='lat' dir='ltr'><strong>si</strong></span> 
     </span>
    </p>
   </div>
   <div class='ocr_carea' id='block_1_33' title="bbox 2194 915 3787 987">
    <p class='ocr_par' dir='ltr' id='par_1_33' title="bbox 2194 915 3787 987">
     <span class='ocr_line' id='line_1_33' title="bbox 2194 915 3787 987; baseline -0.001 -16"><span class='ocrx_word' id='word_1_232' title='bbox 2194 919 2593 987; x_wconf 71' lang='lat' dir='ltr'><strong>cleemosynam</strong></span> <span class='ocrx_word' id='word_1_233' title='bbox 2643 916 2786 984; x_wconf 79' lang='lat' dir='ltr'><strong>large</strong></span> <span class='ocrx_word' id='word_1_234' title='bbox 2819 915 3084 983; x_wconf 79' lang='lat' dir='ltr'><strong>spargatis</strong></span> <span class='ocrx_word' id='word_1_235' title='bbox 3118 932 3130 966; x_wconf 90' lang='lat'>:</span> <span class='ocrx_word' id='word_1_236' title='bbox 3164 915 3270 967; x_wconf 89' lang='lat' dir='ltr'><strong>cito</strong></span> <span class='ocrx_word' id='word_1_237' title='bbox 3308 916 3449 978; x_wconf 86' lang='lat' dir='ltr'><strong>enim</strong></span> <span class='ocrx_word' id='word_1_238' title='bbox 3493 926 3675 985; x_wconf 67' lang='lat' dir='ltr'><strong>postea</strong></span> <span class='ocrx_word' id='word_1_239' title='bbox 3720 916 3787 969; x_wconf 89' lang='lat' dir='ltr'><strong>ad</strong></span> 
     </span>
    </p>
   </div>
   <div class='ocr_carea' id='block_1_34' title="bbox 2195 1007 3789 1078">
    <p class='ocr_par' dir='ltr' id='par_1_34' title="bbox 2195 1007 3789 1078">
     <span class='ocr_line' id='line_1_34' title="bbox 2195 1007 3789 1078; baseline -0.001 -16"><span class='ocrx_word' id='word_1_240' title='bbox 2195 1011 2283 1062; x_wconf 89' lang='lat' dir='ltr'><strong>illa</strong></span> <span class='ocrx_word' id='word_1_241' title='bbox 2318 1011 2715 1078; x_wconf 69' lang='lat' dir='ltr'><strong>pervenit-ntus,</strong></span> <span class='ocrx_word' id='word_1_242' title='bbox 2746 1009 2788 1062; x_wconf 88' lang='lat' dir='ltr'><strong>si</strong></span> <span class='ocrx_word' id='word_1_243' title='bbox 2821 1009 2888 1061; x_wconf 83' lang='lat' dir='ltr'><strong>ita</strong></span> <span class='ocrx_word' id='word_1_244' title='bbox 2919 1007 3295 1076; x_wconf 80' lang='lat' dir='ltr'><strong>procedamus.</strong></span> <span class='ocrx_word' id='word_1_245' title='bbox 3323 1009 3413 1062; x_wconf 89' lang='lat' dir='ltr'><strong>Sin</strong></span> <span class='ocrx_word' id='word_1_246' title='bbox 3442 1024 3508 1062; x_wconf 87' lang='lat' dir='ltr'><strong>ne</strong></span> <span class='ocrx_word' id='word_1_247' title='bbox 3542 1009 3642 1061; x_wconf 78' lang='lat' dir='ltr'><strong>hor:</strong></span> <span class='ocrx_word' id='word_1_248' title='bbox 3669 1011 3789 1078; x_wconf 84' lang='lat' dir='ltr'><strong>qni-</strong></span> 
     </span>
    </p>
   </div>
   <div class='ocr_carea' id='block_1_35' title="bbox 2191 1099 3785 1168">
    <p class='ocr_par' dir='ltr' id='par_1_35' title="bbox 2191 1099 3785 1168">
     <span class='ocr_line' id='line_1_35' title="bbox 2191 1099 3785 1168; baseline 0 -15"><span class='ocrx_word' id='word_1_249' title='bbox 2191 1101 2314 1153; x_wconf 73' lang='lat' dir='ltr'><strong>dem</strong></span> <span class='ocrx_word' id='word_1_250' title='bbox 2367 1101 2641 1160; x_wconf 77' lang='lat' dir='ltr'><strong>faciamus,</strong></span> <span class='ocrx_word' id='word_1_251' title='bbox 2691 1115 2792 1167; x_wconf 91' lang='lat' dir='ltr'><strong>qua</strong></span> <span class='ocrx_word' id='word_1_252' title='bbox 2842 1099 3041 1152; x_wconf 86' lang='lat' dir='ltr'><strong>erimus</strong></span> <span class='ocrx_word' id='word_1_253' title='bbox 3089 1100 3238 1152; x_wconf 83' lang='lat' dir='ltr'><strong>venia</strong></span> <span class='ocrx_word' id='word_1_254' title='bbox 3290 1099 3460 1168; x_wconf 79' lang='lat' dir='ltr'><strong>digni,</strong></span> <span class='ocrx_word' id='word_1_255' title='bbox 3519 1104 3606 1167; x_wconf 86' lang='lat' dir='ltr'><strong>qui</strong></span> <span class='ocrx_word' id='word_1_256' title='bbox 3649 1100 3785 1166; x_wconf 60' lang='lat' dir='ltr'><strong>jussi</strong></span> 
     </span>
    </p>
   </div>
   <div class='ocr_carea' id='block_1_36' title="bbox 2192 1192 3788 1261">
    <p class='ocr_par' dir='ltr' id='par_1_36' title="bbox 2192 1192 3788 1261">
     <span class='ocr_line' id='line_1_36' title="bbox 2192 1192 3788 1261; baseline -0.001 -15"><span class='ocrx_word' id='word_1_257' title='bbox 2192 1203 2408 1249; x_wconf 75' lang='lat' dir='ltr'><strong>Sanctus</strong></span> <span class='ocrx_word' id='word_1_258' title='bbox 2455 1195 2652 1247; x_wconf 82' lang='lat' dir='ltr'><strong>veteris</strong></span> <span class='ocrx_word' id='word_1_259' title='bbox 2700 1193 2830 1260; x_wconf 75' lang='lat' dir='ltr'><strong>legis</strong></span> <span class='ocrx_word' id='word_1_260' title='bbox 2871 1207 3153 1260; x_wconf 84' lang='lat' dir='ltr'><strong>superare,</strong></span> <span class='ocrx_word' id='word_1_261' title='bbox 3204 1192 3407 1248; x_wconf 65' lang='lat' dir='ltr'><strong>Gra&#39;cis</strong></span> <span class='ocrx_word' id='word_1_262' title='bbox 3453 1193 3788 1261; x_wconf 75' lang='lat' dir='ltr'><strong>philoSOphis</strong></span> 
     </span>
    </p>
   </div>
   <div class='ocr_carea' id='block_1_37' title="bbox 2194 1285 3786 1354">
    <p class='ocr_par' dir='ltr' id='par_1_37' title="bbox 2194 1285 3786 1354">
     <span class='ocr_line' id='line_1_37' title="bbox 2194 1285 3786 1354; baseline -0.001 -14"><span class='ocrx_word' id='word_1_263' title='bbox 2194 1285 2772 1342; x_wconf 40' lang='lat' dir='ltr'><strong>miuores‘videanntr?</strong></span> <span class='ocrx_word' id='word_1_264' title='bbox 2802 1285 2937 1350; x_wconf 79' lang='lat' dir='ltr'><strong>Quid</strong></span> <span class='ocrx_word' id='word_1_265' title='bbox 2968 1285 3280 1348; x_wconf 77' lang='lat' dir='ltr'><strong>dixerimus,</strong></span> <span class='ocrx_word' id='word_1_266' title='bbox 3311 1286 3354 1336; x_wconf 91' lang='lat' dir='ltr'><strong>si</strong></span> <span class='ocrx_word' id='word_1_267' title='bbox 3383 1300 3503 1337; x_wconf 90' lang='lat' dir='ltr'><strong>eum</strong></span> <span class='ocrx_word' id='word_1_268' title='bbox 3529 1286 3702 1354; x_wconf 69' lang='lat' dir='ltr'><strong>angeli</strong></span> <span class='ocrx_word' id='word_1_269' title='bbox 3732 1293 3786 1339; x_wconf 89' lang='lat' dir='ltr'><strong>ct</strong></span> 
     </span>
    </p>
   </div>
   <div class='ocr_carea' id='block_1_38' title="bbox 2195 1375 3785 1443">
    <p class='ocr_par' dir='ltr' id='par_1_38' title="bbox 2195 1375 3785 1443">
     <span class='ocr_line' id='line_1_38' title="bbox 2195 1375 3785 1443; baseline -0.001 -14"><span class='ocrx_word' id='word_1_270' title='bbox 2195 1380 2282 1431; x_wconf 84' lang='lat' dir='ltr'><strong>lilii</strong></span> <span class='ocrx_word' id='word_1_271' title='bbox 2316 1379 2405 1432; x_wconf 88' lang='lat' dir='ltr'><strong>Dei</strong></span> <span class='ocrx_word' id='word_1_272' title='bbox 2436 1393 2553 1431; x_wconf 80' lang='lat' dir='ltr'><strong>esse</strong></span> <span class='ocrx_word' id='word_1_273' title='bbox 2586 1378 2899 1438; x_wconf 86' lang='lat' dir='ltr'><strong>debeamus,</strong></span> <span class='ocrx_word' id='word_1_274' title='bbox 2931 1392 3000 1436; x_wconf 85' lang='lat' dir='ltr'><strong>ne</strong></span> <span class='ocrx_word' id='word_1_275' title='bbox 3034 1376 3276 1428; x_wconf 88' lang='lat' dir='ltr'><strong>homines</strong></span> <span class='ocrx_word' id='word_1_276' title='bbox 3306 1375 3523 1443; x_wconf 87' lang='lat' dir='ltr'><strong>quidem</strong></span> <span class='ocrx_word' id='word_1_277' title='bbox 3557 1391 3674 1429; x_wconf 74' lang='lat' dir='ltr'><strong>esse</strong></span> <span class='ocrx_word' id='word_1_278' title='bbox 3705 1375 3785 1427; x_wconf 74' lang='lat' dir='ltr'><strong>vi-</strong></span> 
     </span>
    </p>
   </div>
   <div class='ocr_carea' id='block_1_39' title="bbox 2191 1466 3785 1535">
    <p class='ocr_par' dir='ltr' id='par_1_39' title="bbox 2191 1466 3785 1535">
     <span class='ocr_line' id='line_1_39' title="bbox 2191 1466 3785 1535; baseline -0.007 -11"><span class='ocrx_word' id='word_1_279' title='bbox 2191 1470 2450 1524; x_wconf 73' lang='lat' dir='ltr'><strong>deamur?</strong></span> <span class='ocrx_word' id='word_1_280' title='bbox 2486 1469 2615 1521; x_wconf 80' lang='lat' dir='ltr'><strong>Nam</strong></span> <span class='ocrx_word' id='word_1_281' title='bbox 2647 1482 2834 1535; x_wconf 88' lang='lat' dir='ltr'><strong>rapere</strong></span> <span class='ocrx_word' id='word_1_282' title='bbox 2865 1475 2918 1522; x_wconf 91' lang='lat' dir='ltr'><strong>ct</strong></span> <span class='ocrx_word' id='word_1_283' title='bbox 2945 1466 3118 1521; x_wconf 86' lang='lat' dir='ltr'><strong>aliena</strong></span> <span class='ocrx_word' id='word_1_284' title='bbox 3145 1476 3401 1534; x_wconf 78' lang='lat' dir='ltr'><strong>expetere</strong></span> <span class='ocrx_word' id='word_1_285' title='bbox 3432 1481 3537 1520; x_wconf 92' lang='lat' dir='ltr'><strong>non</strong></span> <span class='ocrx_word' id='word_1_286' title='bbox 3581 1466 3647 1518; x_wconf 86' lang='lat' dir='ltr'><strong>ad</strong></span> <span class='ocrx_word' id='word_1_287' title='bbox 3687 1468 3785 1516; x_wconf 81' lang='lat' dir='ltr'><strong>ho-</strong></span> 
     </span>
    </p>
   </div>
   <div class='ocr_carea' id='block_1_40' title="bbox 2190 1557 3787 1618">
    <p class='ocr_par' dir='ltr' id='par_1_40' title="bbox 2190 1557 3787 1618">
     <span class='ocr_line' id='line_1_40' title="bbox 2190 1557 3787 1618; baseline -0.003 -6"><span class='ocrx_word' id='word_1_288' title='bbox 2190 1564 2390 1614; x_wconf 89' lang='lat' dir='ltr'><strong>mimun</strong></span> <span class='ocrx_word' id='word_1_289' title='bbox 2434 1559 2919 1618; x_wconf 72' lang='lat' dir='ltr'><strong>tnmtsttetudinem.</strong></span> <span class='ocrx_word' id='word_1_290' title='bbox 2955 1557 3050 1612; x_wconf 82' lang='lat' dir='ltr'><strong>sed</strong></span> <span class='ocrx_word' id='word_1_291' title='bbox 3094 1557 3160 1610; x_wconf 90' lang='lat' dir='ltr'><strong>ad</strong></span> <span class='ocrx_word' id='word_1_292' title='bbox 3203 1557 3432 1612; x_wconf 78' lang='lat' dir='ltr'><strong>ferarum</strong></span> <span class='ocrx_word' id='word_1_293' title='bbox 3480 1557 3787 1610; x_wconf 85' lang='lat' dir='ltr'><strong>immanita-</strong></span> 
     </span>
    </p>
   </div>
   <div class='ocr_carea' id='block_1_41' title="bbox 2191 1647 3790 1720">
    <p class='ocr_par' dir='ltr' id='par_1_41' title="bbox 2191 1647 3790 1720">
     <span class='ocr_line' id='line_1_41' title="bbox 2191 1647 3790 1720; baseline -0.003 -16"><span class='ocrx_word' id='word_1_294' title='bbox 2191 1661 2294 1704; x_wconf 91' lang='lat' dir='ltr'><strong>tem</strong></span> <span class='ocrx_word' id='word_1_295' title='bbox 2325 1651 2586 1720; x_wconf 85' lang='lat' dir='ltr'><strong>pertinet;</strong></span> <span class='ocrx_word' id='word_1_296' title='bbox 2623 1649 2729 1702; x_wconf 90' lang='lat' dir='ltr'><strong>imo</strong></span> <span class='ocrx_word' id='word_1_297' title='bbox 2758 1648 2885 1701; x_wconf 82' lang='lat' dir='ltr'><strong>feris</strong></span> <span class='ocrx_word' id='word_1_298' title='bbox 2912 1647 3207 1702; x_wconf 86' lang='lat' dir='ltr'><strong>deteriores</strong></span> <span class='ocrx_word' id='word_1_299' title='bbox 3235 1657 3361 1701; x_wconf 83' lang='lat' dir='ltr'><strong>sont</strong></span> <span class='ocrx_word' id='word_1_300' title='bbox 3382 1648 3472 1718; x_wconf 89' lang='lat' dir='ltr'><strong>qui</strong></span> <span class='ocrx_word' id='word_1_301' title='bbox 3503 1647 3672 1701; x_wconf 72' lang='lat' dir='ltr'><strong>aliena</strong></span> <span class='ocrx_word' id='word_1_302' title='bbox 3703 1648 3790 1700; x_wconf 88' lang='lat' dir='ltr'><strong>in-</strong></span> 
     </span>
    </p>
   </div>
   <div class='ocr_carea' id='block_1_42' title="bbox 2193 1739 3788 1808">
    <p class='ocr_par' dir='ltr' id='par_1_42' title="bbox 2193 1739 3788 1808">
     <span class='ocr_line' id='line_1_42' title="bbox 2193 1739 3788 1808; baseline -0.001 -15"><span class='ocrx_word' id='word_1_303' title='bbox 2193 1742 2412 1796; x_wconf 79' lang='lat' dir='ltr'><strong>vadunt.</strong></span> <span class='ocrx_word' id='word_1_304' title='bbox 2447 1740 2594 1794; x_wconf 79' lang='lat' dir='ltr'><strong>Foris</strong></span> <span class='ocrx_word' id='word_1_305' title='bbox 2625 1754 2857 1808; x_wconf 81' lang='lat' dir='ltr'><strong>namque</strong></span> <span class='ocrx_word' id='word_1_306' title='bbox 2883 1739 2932 1792; x_wconf 90' lang='lat' dir='ltr'><strong>id</strong></span> <span class='ocrx_word' id='word_1_307' title='bbox 2960 1756 2988 1794; x_wconf 88' lang='lat' dir='ltr'><strong>a</strong></span> <span class='ocrx_word' id='word_1_308' title='bbox 3020 1750 3203 1793; x_wconf 73' lang='lat' dir='ltr'><strong>natura</strong></span> <span class='ocrx_word' id='word_1_309' title='bbox 3242 1740 3467 1792; x_wconf 87' lang='lat' dir='ltr'><strong>inditum</strong></span> <span class='ocrx_word' id='word_1_310' title='bbox 3507 1750 3592 1794; x_wconf 87' lang='lat' dir='ltr'><strong>est</strong></span> <span class='ocrx_word' id='word_1_311' title='bbox 3621 1758 3634 1792; x_wconf 92' lang='lat'><strong>:</strong></span> <span class='ocrx_word' id='word_1_312' title='bbox 3684 1753 3788 1802; x_wconf 76' lang='grc' dir='ltr'>ιιορ</span> 
     </span>
    </p>
   </div>
   <div class='ocr_carea' id='block_1_43' title="bbox 2189 1831 3793 1902">
    <p class='ocr_par' dir='ltr' id='par_1_43' title="bbox 2189 1831 3793 1902">
     <span class='ocr_line' id='line_1_43' title="bbox 2189 1831 3793 1902; baseline -0.004 -15"><span class='ocrx_word' id='word_1_313' title='bbox 2189 1845 2366 1887; x_wconf 80' lang='lat' dir='ltr'><strong>autem</strong></span> <span class='ocrx_word' id='word_1_314' title='bbox 2398 1832 2485 1902; x_wconf 81' lang='lat' dir='ltr'><strong>qui</strong></span> <span class='ocrx_word' id='word_1_315' title='bbox 2517 1832 2721 1884; x_wconf 89' lang='lat' dir='ltr'><strong>ratione</strong></span> <span class='ocrx_word' id='word_1_316' title='bbox 2743 1831 2916 1884; x_wconf 88' lang='lat' dir='ltr'><strong>ornati</strong></span> <span class='ocrx_word' id='word_1_317' title='bbox 2943 1845 3146 1891; x_wconf 85' lang='lat' dir='ltr'><strong>sumus,</strong></span> <span class='ocrx_word' id='word_1_318' title='bbox 3172 1839 3227 1884; x_wconf 93' lang='lat' dir='ltr'><strong>et</strong></span> <span class='ocrx_word' id='word_1_319' title='bbox 3248 1839 3443 1897; x_wconf 71' lang='lat' dir='ltr'><strong>pra-ter</strong></span> <span class='ocrx_word' id='word_1_320' title='bbox 3465 1840 3705 1882; x_wconf 86' lang='lat' dir='ltr'><strong>naturam</strong></span> <span class='ocrx_word' id='word_1_321' title='bbox 3732 1831 3793 1893; x_wconf 24' lang='lat' dir='ltr'><strong>iu,</strong></span> 
     </span>
    </p>
   </div>
   <div class='ocr_carea' id='block_1_44' title="bbox 2191 1919 3788 1994">
    <p class='ocr_par' dir='ltr' id='par_1_44' title="bbox 2191 1919 3788 1994">
     <span class='ocr_line' id='line_1_44' title="bbox 2191 1919 3788 1994; baseline -0.003 -17"><span class='ocrx_word' id='word_1_322' title='bbox 2191 1924 2575 1994; x_wconf 77' lang='lat' dir='ltr'><strong>ignobilitatem</strong></span> <span class='ocrx_word' id='word_1_323' title='bbox 2605 1921 2927 1986; x_wconf 83' lang='lat' dir='ltr'><strong>delabimur,</strong></span> <span class='ocrx_word' id='word_1_324' title='bbox 2959 1937 3060 1990; x_wconf 88' lang='lat' dir='ltr'><strong>qua</strong></span> <span class='ocrx_word' id='word_1_325' title='bbox 3102 1921 3341 1974; x_wconf 88' lang='lat' dir='ltr'><strong>fruemur</strong></span> <span class='ocrx_word' id='word_1_326' title='bbox 3368 1921 3519 1974; x_wconf 80' lang='lat' dir='ltr'><strong>venia</strong></span> <span class='ocrx_word' id='word_1_327' title='bbox 3544 1921 3568 1961; x_wconf 78' lang='lat'><strong>7</strong></span> <span class='ocrx_word' id='word_1_328' title='bbox 3593 1919 3788 1976; x_wconf 89' lang='lat' dir='ltr'><strong>Consi-</strong></span> 
     </span>
    </p>
   </div>
   <div class='ocr_carea' id='block_1_45' title="bbox 2188 2010 3785 2082">
    <p class='ocr_par' dir='ltr' id='par_1_45' title="bbox 2188 2010 3785 2082">
     <span class='ocr_line' id='line_1_45' title="bbox 2188 2010 3785 2082; baseline -0.003 -14"><span class='ocrx_word' id='word_1_329' title='bbox 2188 2016 2441 2070; x_wconf 87' lang='lat' dir='ltr'><strong>derantes</strong></span> <span class='ocrx_word' id='word_1_330' title='bbox 2470 2016 2626 2081; x_wconf 83' lang='lat' dir='ltr'><strong>igitur</strong></span> <span class='ocrx_word' id='word_1_331' title='bbox 2659 2023 2943 2082; x_wconf 76' lang='lat' dir='ltr'><strong>proposnn:</strong></span> <span class='ocrx_word' id='word_1_332' title='bbox 2985 2011 3141 2069; x_wconf 87' lang='lat' dir='ltr'><strong>nobis</strong></span> <span class='ocrx_word' id='word_1_333' title='bbox 3179 2010 3532 2079; x_wconf 75' lang='lat' dir='ltr'><strong>philosophia:</strong></span> <span class='ocrx_word' id='word_1_334' title='bbox 3560 2026 3785 2064; x_wconf 66' lang='lat' dir='ltr'><strong>uzeusu-</strong></span> 
     </span>
    </p>
   </div>
   <div class='ocr_carea' id='block_1_46' title="bbox 2187 2101 3785 2172">
    <p class='ocr_par' dir='ltr' id='par_1_46' title="bbox 2187 2101 3785 2172">
     <span class='ocr_line' id='line_1_46' title="bbox 2187 2101 3785 2172; baseline -0.003 -12"><span class='ocrx_word' id='word_1_335' title='bbox 2187 2122 2308 2166; x_wconf 82' lang='lat' dir='ltr'><strong>ras,</strong></span> <span class='ocrx_word' id='word_1_336' title='bbox 2343 2106 2537 2159; x_wconf 87' lang='lat' dir='ltr'><strong>saltem</strong></span> <span class='ocrx_word' id='word_1_337' title='bbox 2567 2103 2631 2158; x_wconf 88' lang='lat' dir='ltr'><strong>ad</strong></span> <span class='ocrx_word' id='word_1_338' title='bbox 2666 2103 2839 2157; x_wconf 90' lang='lat' dir='ltr'><strong>media</strong></span> <span class='ocrx_word' id='word_1_339' title='bbox 2892 2103 3287 2172; x_wconf 82' lang='lat' dir='ltr'><strong>perveniamus,</strong></span> <span class='ocrx_word' id='word_1_340' title='bbox 3337 2113 3392 2154; x_wconf 89' lang='lat' dir='ltr'><strong>ut</strong></span> <span class='ocrx_word' id='word_1_341' title='bbox 3433 2112 3486 2156; x_wconf 91' lang='lat' dir='ltr'><strong>et</strong></span> <span class='ocrx_word' id='word_1_342' title='bbox 3529 2118 3556 2152; x_wconf 90' lang='lat' dir='ltr'><strong>a</strong></span> <span class='ocrx_word' id='word_1_343' title='bbox 3605 2101 3785 2155; x_wconf 87' lang='lat' dir='ltr'><strong>futuro</strong></span> 
     </span>
    </p>
   </div>
   <div class='ocr_carea' id='block_1_47' title="bbox 2185 2196 3792 2267">
    <p class='ocr_par' dir='ltr' id='par_1_47' title="bbox 2185 2196 3792 2267">
     <span class='ocr_line' id='line_1_47' title="bbox 2185 2196 3792 2267; baseline -0.002 -15"><span class='ocrx_word' id='word_1_344' title='bbox 2185 2197 2447 2267; x_wconf 81' lang='lat' dir='ltr'><strong>Supplicio</strong></span> <span class='ocrx_word' id='word_1_345' title='bbox 2472 2197 2782 2262; x_wconf 87' lang='lat' dir='ltr'><strong>liberemur,</strong></span> <span class='ocrx_word' id='word_1_346' title='bbox 2811 2205 2878 2250; x_wconf 87' lang='lat' dir='ltr'><strong>ct-</strong></span> <span class='ocrx_word' id='word_1_347' title='bbox 2901 2197 3168 2264; x_wconf 75' lang='lat' dir='ltr'><strong>progressi</strong></span> <span class='ocrx_word' id='word_1_348' title='bbox 3212 2196 3278 2250; x_wconf 84' lang='lat' dir='ltr'><strong>ad</strong></span> <span class='ocrx_word' id='word_1_349' title='bbox 3319 2210 3488 2257; x_wconf 82' lang='lat' dir='ltr'><strong>ipsum</strong></span> <span class='ocrx_word' id='word_1_350' title='bbox 3523 2196 3792 2256; x_wconf 82' lang='lat' dir='ltr'><strong>bonorum</strong></span> 
     </span>
    </p>
   </div>
   <div class='ocr_carea' id='block_1_48' title="bbox 2185 2288 3782 2356">
    <p class='ocr_par' dir='ltr' id='par_1_48' title="bbox 2185 2288 3782 2356">
     <span class='ocr_line' id='line_1_48' title="bbox 2185 2288 3782 2356; baseline -0.003 -12"><span class='ocrx_word' id='word_1_351' title='bbox 2185 2290 2395 2344; x_wconf 88' lang='lat' dir='ltr'><strong>culmen</strong></span> <span class='ocrx_word' id='word_1_352' title='bbox 2418 2288 2772 2342; x_wconf 87' lang='lat' dir='ltr'><strong>ascendamus</strong></span> <span class='ocrx_word' id='word_1_353' title='bbox 2799 2306 2812 2339; x_wconf 86' lang='lat'><strong>:</strong></span> <span class='ocrx_word' id='word_1_354' title='bbox 2838 2302 2957 2356; x_wconf 75' lang='lat' dir='ltr'><strong>qum</strong></span> <span class='ocrx_word' id='word_1_355' title='bbox 2983 2289 3158 2340; x_wconf 80' lang='lat' dir='ltr'><strong>otnma</strong></span> <span class='ocrx_word' id='word_1_356' title='bbox 3182 2288 3383 2340; x_wconf 90' lang='lat' dir='ltr'><strong>utinam</strong></span> <span class='ocrx_word' id='word_1_357' title='bbox 3410 2301 3782 2354; x_wconf 75' lang='lat' dir='ltr'><strong>assequuntur,</strong></span> 
     </span>
    </p>
   </div>
   <div class='ocr_carea' id='block_1_49' title="bbox 2186 2376 3786 2450">
    <p class='ocr_par' dir='ltr' id='par_1_49' title="bbox 2186 2376 3786 2450">
     <span class='ocr_line' id='line_1_49' title="bbox 2186 2376 3786 2450; baseline -0.002 -16"><span class='ocrx_word' id='word_1_358' title='bbox 2186 2380 2357 2450; x_wconf 84' lang='lat' dir='ltr'><strong>gratia</strong></span> <span class='ocrx_word' id='word_1_359' title='bbox 2387 2389 2442 2432; x_wconf 92' lang='lat' dir='ltr'><strong>et</strong></span> <span class='ocrx_word' id='word_1_360' title='bbox 2471 2378 2798 2446; x_wconf 72' lang='lat' dir='ltr'><strong>benignitate</strong></span> <span class='ocrx_word' id='word_1_361' title='bbox 2841 2376 3050 2431; x_wconf 91' lang='lat' dir='ltr'><strong>Domini</strong></span> <span class='ocrx_word' id='word_1_362' title='bbox 3091 2378 3258 2434; x_wconf 64' lang='lat' dir='ltr'><strong>nostri</strong></span> <span class='ocrx_word' id='word_1_363' title='bbox 3289 2377 3415 2432; x_wconf 80' lang='lat' dir='ltr'><strong>Jesu</strong></span> <span class='ocrx_word' id='word_1_364' title='bbox 3443 2377 3663 2443; x_wconf 83' lang='lat' dir='ltr'><strong>Christi,</strong></span> <span class='ocrx_word' id='word_1_365' title='bbox 3696 2379 3786 2433; x_wconf 87' lang='lat' dir='ltr'><strong>cui</strong></span> 
     </span>
    </p>
   </div>
   <div class='ocr_carea' id='block_1_50' title="bbox 2187 2468 3644 2540">
    <p class='ocr_par' dir='ltr' id='par_1_50' title="bbox 2187 2468 3644 2540">
     <span class='ocr_line' id='line_1_50' title="bbox 2187 2468 3644 2540; baseline -0.002 -19"><span class='ocrx_word' id='word_1_366' title='bbox 2187 2469 2357 2540; x_wconf 78' lang='lat' dir='ltr'><strong>gloria</strong></span> <span class='ocrx_word' id='word_1_367' title='bbox 2389 2479 2442 2523; x_wconf 88' lang='lat' dir='ltr'><strong>et</strong></span> <span class='ocrx_word' id='word_1_368' title='bbox 2468 2468 2746 2535; x_wconf 87' lang='lat' dir='ltr'><strong>imperium</strong></span> <span class='ocrx_word' id='word_1_369' title='bbox 2776 2469 2827 2520; x_wconf 93' lang='lat' dir='ltr'><strong>in</strong></span> <span class='ocrx_word' id='word_1_370' title='bbox 2859 2468 3055 2522; x_wconf 72' lang='lat' dir='ltr'><strong>sarcula</strong></span> <span class='ocrx_word' id='word_1_371' title='bbox 3083 2468 3427 2521; x_wconf 67' lang='lat' dir='ltr'><strong>sicculorum.</strong></span> <span class='ocrx_word' id='word_1_372' title='bbox 3455 2469 3644 2521; x_wconf 77' lang='lat' dir='ltr'><strong>Amen.</strong></span> 
     </span>
    </p>
   </div>
   <div class='ocr_carea' id='block_1_51' title="bbox 3602 2578 3783 2592">
    <p class='ocr_par' dir='ltr' id='par_1_51' title="bbox 3602 2578 3783 2592">
     <span class='ocr_line' id='line_1_51' title="bbox 3602 2578 3783 2592; baseline 0.006 -4"><span class='ocrx_word' id='word_1_373' title='bbox 3602 2578 3783 2592; x_wconf 66' lang='lat'><strong>’—</strong></span> 
     </span>
    </p>
   </div>
   <div class='ocr_carea' id='block_1_52' title="bbox 1621 2631 2638 2698">
    <p class='ocr_par' dir='ltr' id='par_1_52' title="bbox 1621 2631 2638 2698">
     <span class='ocr_line' id='line_1_52' title="bbox 1621 2631 2638 2698; baseline -0.006 -2"><span class='ocrx_word' id='word_1_374' title='bbox 1621 2631 1967 2696; x_wconf 75' lang='lat' dir='ltr'><strong>HOMILIA</strong></span> <span class='ocrx_word' id='word_1_375' title='bbox 2013 2633 2222 2698; x_wconf 74' lang='lat' dir='ltr'><strong>XXII.</strong></span> <span class='ocrx_word' id='word_1_376' title='bbox 2257 2633 2344 2694; x_wconf 78' lang='lat' dir='ltr'><strong>.‘ti.</strong></span> <span class='ocrx_word' id='word_1_377' title='bbox 2397 2632 2638 2694; x_wconf 73' lang='lat' dir='ltr'><strong>XXIII.</strong></span> 
     </span>
    </p>
   </div>
   <div class='ocr_carea' id='block_1_53' title="bbox 491 2753 2082 2828">
    <p class='ocr_par' dir='ltr' id='par_1_53' title="bbox 491 2753 2082 2828">
     <span class='ocr_line' id='line_1_53' title="bbox 491 2753 2082 2828; baseline -0.001 -16"><span class='ocrx_word' id='word_1_378' title='bbox 491 2756 620 2811; x_wconf 69' lang='lat' dir='ltr'><strong>CAP.</strong></span> <span class='ocrx_word' id='word_1_379' title='bbox 673 2756 724 2810; x_wconf 82' lang='grc' dir='ltr'><strong>ϐ.</strong></span> <span class='ocrx_word' id='word_1_380' title='bbox 760 2771 809 2806; x_wconf 85' lang='grc' dir='ltr'><strong>γ.</strong></span> <span class='ocrx_word' id='word_1_381' title='bbox 839 2755 930 2812; x_wconf 71' lang='grc'><strong>28.</strong></span> <span class='ocrx_word' id='word_1_382' title='bbox 988 2753 1308 2808; x_wconf 69' lang='lat' dir='ltr'><strong>Considerate</strong></span> <span class='ocrx_word' id='word_1_383' title='bbox 1347 2755 1456 2808; x_wconf 83' lang='lat' dir='ltr'><strong>lilia</strong></span> <span class='ocrx_word' id='word_1_384' title='bbox 1489 2757 1601 2828; x_wconf 79' lang='lat' dir='ltr'><strong>agri</strong></span> <span class='ocrx_word' id='word_1_385' title='bbox 1633 2797 1646 2821; x_wconf 94' lang='lat'><strong>,</strong></span> <span class='ocrx_word' id='word_1_386' title='bbox 1678 2758 1931 2826; x_wconf 83' lang='lat' dir='ltr'><strong>quomodo</strong></span> <span class='ocrx_word' id='word_1_387' title='bbox 1985 2775 2082 2809; x_wconf 82' lang='lat' dir='ltr'><strong>crc-</strong></span> 
     </span>
    </p>
   </div>
   <div class='ocr_carea' id='block_1_54' title="bbox 561 2845 2080 2914">
    <p class='ocr_par' dir='ltr' id='par_1_54' title="bbox 561 2845 2080 2914">
     <span class='ocr_line' id='line_1_54' title="bbox 561 2845 2080 2914; baseline 0.002 -15"><span class='ocrx_word' id='word_1_388' title='bbox 561 2855 766 2908; x_wconf 62' lang='lat' dir='ltr'><strong>scunt;</strong></span> <span class='ocrx_word' id='word_1_389' title='bbox 788 2861 884 2897; x_wconf 81' lang='lat' dir='ltr'><strong>non</strong></span> <span class='ocrx_word' id='word_1_390' title='bbox 915 2846 1143 2897; x_wconf 72' lang='lat' dir='ltr'><strong>laborant</strong></span> <span class='ocrx_word' id='word_1_391' title='bbox 1175 2885 1190 2909; x_wconf 85' lang='lat'><strong>,</strong></span> <span class='ocrx_word' id='word_1_392' title='bbox 1222 2862 1376 2914; x_wconf 81' lang='lat' dir='ltr'><strong>neque</strong></span> <span class='ocrx_word' id='word_1_393' title='bbox 1418 2859 1553 2898; x_wconf 81' lang='lat' dir='ltr'><strong>nent.</strong></span> <span class='ocrx_word' id='word_1_394' title='bbox 1588 2845 1712 2899; x_wconf 85' lang='lat' dir='ltr'><strong>Dico</strong></span> <span class='ocrx_word' id='word_1_395' title='bbox 1739 2857 1903 2900; x_wconf 84' lang='lat' dir='ltr'><strong>autem</strong></span> <span class='ocrx_word' id='word_1_396' title='bbox 1945 2849 2080 2903; x_wconf 73' lang='lat' dir='ltr'><strong>robis</strong></span> 
     </span>
    </p>
   </div>
   <div class='ocr_carea' id='block_1_55' title="bbox 561 2933 2081 3006">
    <p class='ocr_par' dir='ltr' id='par_1_55' title="bbox 561 2933 2081 3006">
     <span class='ocr_line' id='line_1_55' title="bbox 561 2933 2081 3006; baseline 0.004 -21"><span class='ocrx_word' id='word_1_397' title='bbox 561 2935 798 3006; x_wconf 78' lang='lat' dir='ltr'><strong>quoniam</strong></span> <span class='ocrx_word' id='word_1_398' title='bbox 827 2951 916 2992; x_wconf 68' lang='lat' dir='ltr'><strong>nec</strong></span> <span class='ocrx_word' id='word_1_399' title='bbox 941 2933 1186 2991; x_wconf 77' lang='lat' dir='ltr'><strong>Salomon</strong></span> <span class='ocrx_word' id='word_1_400' title='bbox 1211 2934 1263 2986; x_wconf 88' lang='lat' dir='ltr'><strong>iu</strong></span> <span class='ocrx_word' id='word_1_401' title='bbox 1293 2935 1429 2993; x_wconf 79' lang='grc' dir='ltr'><strong>οηιυὶ</strong></span> <span class='ocrx_word' id='word_1_402' title='bbox 1454 2936 1618 3005; x_wconf 77' lang='lat' dir='ltr'><strong>gloria</strong></span> <span class='ocrx_word' id='word_1_403' title='bbox 1643 2951 1736 2989; x_wconf 74' lang='lat' dir='ltr'><strong>sua</strong></span> <span class='ocrx_word' id='word_1_404' title='bbox 1755 2938 1955 2990; x_wconf 75' lang='lat' dir='ltr'><strong>vestitus</strong></span> <span class='ocrx_word' id='word_1_405' title='bbox 1975 2949 2081 2991; x_wconf 82' lang='lat' dir='ltr'><strong>crat</strong></span> 
     </span>
    </p>
   </div>
   <div class='ocr_carea' id='block_1_56' title="bbox 567 3027 1107 3080">
    <p class='ocr_par' dir='ltr' id='par_1_56' title="bbox 567 3027 1107 3080">
     <span class='ocr_line' id='line_1_56' title="bbox 567 3027 1107 3080; baseline -0.002 0"><span class='ocrx_word' id='word_1_406' title='bbox 567 3029 694 3080; x_wconf 67' lang='lat' dir='ltr'><strong>sicut</strong></span> <span class='ocrx_word' id='word_1_407' title='bbox 720 3042 873 3078; x_wconf 74' lang='lat' dir='ltr'><strong>unum</strong></span> <span class='ocrx_word' id='word_1_408' title='bbox 897 3042 959 3079; x_wconf 72' lang='lat' dir='ltr'><strong>ex</strong></span> <span class='ocrx_word' id='word_1_409' title='bbox 985 3027 1107 3079; x_wconf 73' lang='lat' dir='ltr'><strong>istis.</strong></span> 
     </span>
    </p>
   </div>
   <div class='ocr_carea' id='block_1_57' title="bbox 563 3115 2078 3185">
    <p class='ocr_par' dir='ltr' id='par_1_57' title="bbox 563 3115 2078 3185">
     <span class='ocr_line' id='line_1_57' title="bbox 563 3115 2078 3185; baseline 0.002 -15"><span class='ocrx_word' id='word_1_410' title='bbox 563 3119 614 3185; x_wconf 63' lang='grc' dir='ltr'>ι.</span> <span class='ocrx_word' id='word_1_411' title='bbox 644 3116 747 3170; x_wconf 74' lang='lat' dir='ltr'><strong>Carr</strong></span> <span class='ocrx_word' id='word_1_412' title='bbox 778 3115 1006 3171; x_wconf 74' lang='lat' dir='ltr'><strong>Christus</strong></span> <span class='ocrx_word' id='word_1_413' title='bbox 1057 3117 1234 3170; x_wconf 83' lang='lat' dir='ltr'><strong>maluit</strong></span> <span class='ocrx_word' id='word_1_414' title='bbox 1263 3116 1426 3168; x_wconf 72' lang='lat' dir='ltr'><strong>lilium</strong></span> <span class='ocrx_word' id='word_1_415' title='bbox 1480 3118 1532 3170; x_wconf 82' lang='lat' dir='ltr'><strong>in</strong></span> <span class='ocrx_word' id='word_1_416' title='bbox 1571 3117 1859 3183; x_wconf 72' lang='lat' dir='ltr'><strong>exemplum</strong></span> <span class='ocrx_word' id='word_1_417' title='bbox 1890 3117 2078 3184; x_wconf 53' lang='lat' dir='ltr'><strong>«ferre</strong></span> 
     </span>
    </p>
   </div>
   <div class='ocr_carea' id='block_1_58' title="bbox 490 3207 2075 3279">
    <p class='ocr_par' dir='ltr' id='par_1_58' title="bbox 490 3207 2075 3279">
     <span class='ocr_line' id='line_1_58' title="bbox 490 3207 2075 3279; baseline 0.002 -17"><span class='ocrx_word' id='word_1_418' title='bbox 490 3225 641 3277; x_wconf 74' lang='lat' dir='ltr'><strong>quam</strong></span> <span class='ocrx_word' id='word_1_419' title='bbox 663 3209 924 3264; x_wconf 70' lang='lat' dir='ltr'><strong>cubitalia.</strong></span> <span class='ocrx_word' id='word_1_420' title='bbox 953 3207 1027 3260; x_wconf 76' lang='lat' dir='ltr'><strong>De</strong></span> <span class='ocrx_word' id='word_1_421' title='bbox 1052 3209 1177 3261; x_wconf 78' lang='lat' dir='ltr'><strong>luxu</strong></span> <span class='ocrx_word' id='word_1_422' title='bbox 1197 3210 1406 3262; x_wconf 71' lang='lat' dir='ltr'><strong>vestium</strong></span> <span class='ocrx_word' id='word_1_423' title='bbox 1430 3209 1684 3277; x_wconf 76' lang='lat' dir='ltr'><strong>superbire</strong></span> <span class='ocrx_word' id='word_1_424' title='bbox 1702 3226 1854 3279; x_wconf 83' lang='lat' dir='ltr'><strong>quam</strong></span> <span class='ocrx_word' id='word_1_425' title='bbox 1871 3228 2075 3269; x_wconf 73' lang='lat' dir='ltr'><strong>vanum.</strong></span> 
     </span>
    </p>
   </div>
   <div class='ocr_carea' id='block_1_59' title="bbox 490 3299 2077 3371">
    <p class='ocr_par' dir='ltr' id='par_1_59' title="bbox 490 3299 2077 3371">
     <span class='ocr_line' id='line_1_59' title="bbox 490 3299 2077 3371; baseline 0.004 -22"><span class='ocrx_word' id='word_1_426' title='bbox 490 3299 850 3353; x_wconf 67' lang='lat' dir='ltr'><strong>(Ircaturarmu</strong></span> <span class='ocrx_word' id='word_1_427' title='bbox 873 3299 1197 3368; x_wconf 78' lang='lat' dir='ltr'><strong>pulchritudo</strong></span> <span class='ocrx_word' id='word_1_428' title='bbox 1222 3300 1524 3369; x_wconf 68' lang='lat' dir='ltr'><strong>sapientiam</strong></span> <span class='ocrx_word' id='word_1_429' title='bbox 1573 3300 1667 3354; x_wconf 83' lang='lat' dir='ltr'><strong>Dei</strong></span> <span class='ocrx_word' id='word_1_430' title='bbox 1711 3303 1978 3371; x_wconf 71' lang='lat' dir='ltr'><strong>pradicet.</strong></span> <span class='ocrx_word' id='word_1_431' title='bbox 2005 3333 2077 3346; x_wconf 68' lang='lat'><strong>~—</strong></span> 
     </span>
    </p>
   </div>
   <div class='ocr_carea' id='block_1_60' title="bbox 491 3386 2072 3456">
    <p class='ocr_par' dir='ltr' id='par_1_60' title="bbox 491 3386 2072 3456">
     <span class='ocr_line' id='line_1_60' title="bbox 491 3386 2072 3456; baseline 0.005 -16"><span class='ocrx_word' id='word_1_432' title='bbox 491 3387 775 3456; x_wconf 72' lang='lat' dir='ltr'><strong>Postquam</strong></span> <span class='ocrx_word' id='word_1_433' title='bbox 815 3386 882 3441; x_wconf 85' lang='lat' dir='ltr'><strong>de</strong></span> <span class='ocrx_word' id='word_1_434' title='bbox 922 3389 1229 3448; x_wconf 77' lang='lat' dir='ltr'><strong>necessario</strong></span> <span class='ocrx_word' id='word_1_435' title='bbox 1258 3389 1378 3442; x_wconf 87' lang='lat' dir='ltr'><strong>cibo</strong></span> <span class='ocrx_word' id='word_1_436' title='bbox 1409 3391 1579 3452; x_wconf 74' lang='lat' dir='ltr'><strong>uixit,</strong></span> <span class='ocrx_word' id='word_1_437' title='bbox 1620 3399 1675 3444; x_wconf 85' lang='lat' dir='ltr'><strong>et</strong></span> <span class='ocrx_word' id='word_1_438' title='bbox 1703 3393 1941 3446; x_wconf 83' lang='lat' dir='ltr'><strong>ostendit</strong></span> <span class='ocrx_word' id='word_1_439' title='bbox 1968 3409 2072 3448; x_wconf 89' lang='lat' dir='ltr'><strong>non</strong></span> 
     </span>
    </p>
   </div>
   <div class='ocr_carea' id='block_1_61' title="bbox 487 3478 2073 3544">
    <p class='ocr_par' dir='ltr' id='par_1_61' title="bbox 487 3478 2073 3544">
     <span class='ocr_line' id='line_1_61' title="bbox 487 3478 2073 3544; baseline 0.009 -20"><span class='ocrx_word' id='word_1_440' title='bbox 487 3490 737 3544; x_wconf 73' lang='lat' dir='ltr'><strong>oportere</strong></span> <span class='ocrx_word' id='word_1_441' title='bbox 763 3478 827 3532; x_wconf 88' lang='lat' dir='ltr'><strong>de</strong></span> <span class='ocrx_word' id='word_1_442' title='bbox 854 3479 943 3531; x_wconf 89' lang='lat' dir='ltr'><strong>illo</strong></span> <span class='ocrx_word' id='word_1_443' title='bbox 963 3479 1218 3534; x_wconf 85' lang='lat' dir='ltr'><strong>sollicitos</strong></span> <span class='ocrx_word' id='word_1_444' title='bbox 1248 3493 1384 3541; x_wconf 88' lang='lat' dir='ltr'><strong>esse,</strong></span> <span class='ocrx_word' id='word_1_445' title='bbox 1415 3479 1480 3534; x_wconf 87' lang='lat' dir='ltr'><strong>ad</strong></span> <span class='ocrx_word' id='word_1_446' title='bbox 1508 3480 1704 3535; x_wconf 64' lang='lat' dir='ltr'><strong>leviora</strong></span> <span class='ocrx_word' id='word_1_447' title='bbox 1737 3483 1941 3542; x_wconf 89' lang='lat' dir='ltr'><strong>transit.</strong></span> <span class='ocrx_word' id='word_1_448' title='bbox 1965 3484 2073 3539; x_wconf 84' lang='lat' dir='ltr'><strong>Ne-</strong></span> 
     </span>
    </p>
   </div>
   <div class='ocr_carea' id='block_1_62' title="bbox 486 3568 2075 3634">
    <p class='ocr_par' dir='ltr' id='par_1_62' title="bbox 486 3568 2075 3634">
     <span class='ocr_line' id='line_1_62' title="bbox 486 3568 2075 3634; baseline 0.006 -15"><span class='ocrx_word' id='word_1_449' title='bbox 486 3583 589 3634; x_wconf 84' lang='lat' dir='ltr'><strong>que</strong></span> <span class='ocrx_word' id='word_1_450' title='bbox 616 3568 756 3622; x_wconf 87' lang='lat' dir='ltr'><strong>enim</strong></span> <span class='ocrx_word' id='word_1_451' title='bbox 787 3569 853 3621; x_wconf 87' lang='lat' dir='ltr'><strong>ita</strong></span> <span class='ocrx_word' id='word_1_452' title='bbox 886 3570 1182 3623; x_wconf 63' lang='lat' dir='ltr'><strong>uect&#39;ssaria</strong></span> <span class='ocrx_word' id='word_1_453' title='bbox 1213 3571 1371 3622; x_wconf 83' lang='lat' dir='ltr'><strong>vestis</strong></span> <span class='ocrx_word' id='word_1_454' title='bbox 1391 3579 1490 3633; x_wconf 80' lang='lat' dir='ltr'><strong>est,</strong></span> <span class='ocrx_word' id='word_1_455' title='bbox 1523 3581 1578 3626; x_wconf 89' lang='lat' dir='ltr'><strong>ut</strong></span> <span class='ocrx_word' id='word_1_456' title='bbox 1603 3573 1939 3627; x_wconf 84' lang='lat' dir='ltr'><strong>alimentum.</strong></span> <span class='ocrx_word' id='word_1_457' title='bbox 1969 3576 2075 3629; x_wconf 82' lang='lat' dir='ltr'><strong>Cur</strong></span> 
     </span>
    </p>
   </div>
   <div class='ocr_carea' id='block_1_63' title="bbox 487 3659 2072 3729">
    <p class='ocr_par' dir='ltr' id='par_1_63' title="bbox 487 3659 2072 3729">
     <span class='ocr_line' id='line_1_63' title="bbox 487 3659 2072 3729; baseline 0.006 -19"><span class='ocrx_word' id='word_1_458' title='bbox 487 3659 663 3727; x_wconf 78' lang='lat' dir='ltr'><strong>itaque</strong></span> <span class='ocrx_word' id='word_1_459' title='bbox 693 3659 778 3712; x_wconf 93' lang='lat' dir='ltr'><strong>hic</strong></span> <span class='ocrx_word' id='word_1_460' title='bbox 805 3674 909 3712; x_wconf 89' lang='lat' dir='ltr'><strong>non</strong></span> <span class='ocrx_word' id='word_1_461' title='bbox 935 3659 1121 3714; x_wconf 88' lang='lat' dir='ltr'><strong>eodem</strong></span> <span class='ocrx_word' id='word_1_462' title='bbox 1156 3661 1318 3714; x_wconf 90' lang='lat' dir='ltr'><strong>utitur</strong></span> <span class='ocrx_word' id='word_1_463' title='bbox 1338 3661 1586 3729; x_wconf 75' lang='lat' dir='ltr'><strong>exemplo</strong></span> <span class='ocrx_word' id='word_1_464' title='bbox 1617 3664 1892 3717; x_wconf 71' lang='lat' dir='ltr'><strong>volucrum</strong></span> <span class='ocrx_word' id='word_1_465' title='bbox 1928 3705 1941 3728; x_wconf 92' lang='lat'><strong>,</strong></span> <span class='ocrx_word' id='word_1_466' title='bbox 1974 3681 2072 3720; x_wconf 90' lang='lat' dir='ltr'><strong>ne-</strong></span> 
     </span>
    </p>
   </div>
   <div class='ocr_carea' id='block_1_64' title="bbox 483 3747 2074 3821">
    <p class='ocr_par' dir='ltr' id='par_1_64' title="bbox 483 3747 2074 3821">
     <span class='ocr_line' id='line_1_64' title="bbox 483 3747 2074 3821; baseline 0.006 -22"><span class='ocrx_word' id='word_1_467' title='bbox 483 3764 586 3815; x_wconf 85' lang='lat' dir='ltr'><strong>que</strong></span> <span class='ocrx_word' id='word_1_468' title='bbox 615 3747 766 3800; x_wconf 82' lang='lat' dir='ltr'><strong>affert</strong></span> <span class='ocrx_word' id='word_1_469' title='bbox 795 3748 950 3801; x_wconf 88' lang='lat' dir='ltr'><strong>nobis</strong></span> <span class='ocrx_word' id='word_1_470' title='bbox 981 3764 1238 3816; x_wconf 81' lang='lat' dir='ltr'><strong>pavonem</strong></span> <span class='ocrx_word' id='word_1_471' title='bbox 1273 3790 1288 3812; x_wconf 91' lang='lat'><strong>,</strong></span> <span class='ocrx_word' id='word_1_472' title='bbox 1320 3760 1411 3803; x_wconf 89' lang='lat' dir='ltr'><strong>aut</strong></span> <span class='ocrx_word' id='word_1_473' title='bbox 1436 3764 1664 3821; x_wconf 81' lang='lat' dir='ltr'><strong>cycnum</strong></span> <span class='ocrx_word' id='word_1_474' title='bbox 1699 3793 1714 3816; x_wconf 90' lang='lat'><strong>,</strong></span> <span class='ocrx_word' id='word_1_475' title='bbox 1747 3763 1839 3806; x_wconf 89' lang='lat' dir='ltr'><strong>aut</strong></span> <span class='ocrx_word' id='word_1_476' title='bbox 1868 3770 2020 3807; x_wconf 87' lang='lat' dir='ltr'><strong>ovem</strong></span> <span class='ocrx_word' id='word_1_477' title='bbox 2050 3755 2074 3808; x_wconf 65' lang='grc' dir='ltr'>ἲ</span> 
     </span>
    </p>
   </div>
   <div class='ocr_carea' id='block_1_65' title="bbox 423 3833 2070 3910">
    <p class='ocr_par' dir='ltr' id='par_1_65' title="bbox 423 3833 2070 3910">
     <span class='ocr_line' id='line_1_65' title="bbox 423 3833 2070 3910; baseline 0.005 -20"><span class='ocrx_word' id='word_1_478' title='bbox 423 3833 428 3836; x_wconf 71' lang='grc'><em>’</em></span> <span class='ocrx_word' id='word_1_479' title='bbox 486 3837 614 3890; x_wconf 63' lang='lat' dir='ltr'><strong>{Vaut</strong></span> <span class='ocrx_word' id='word_1_480' title='bbox 663 3838 884 3905; x_wconf 86' lang='lat' dir='ltr'><strong>plurima</strong></span> <span class='ocrx_word' id='word_1_481' title='bbox 943 3838 1063 3891; x_wconf 78' lang='lat' dir='ltr'><strong>hinc</strong></span> <span class='ocrx_word' id='word_1_482' title='bbox 1116 3840 1361 3908; x_wconf 77' lang='lat' dir='ltr'><strong>exetupla</strong></span> <span class='ocrx_word' id='word_1_483' title='bbox 1409 3841 1636 3900; x_wconf 73' lang='lat' dir='ltr'><strong>mutuari</strong></span> <span class='ocrx_word' id='word_1_484' title='bbox 1685 3841 1892 3897; x_wconf 69' lang='lat' dir='ltr'><strong>li&#39;cbat.</strong></span> <span class='ocrx_word' id='word_1_485' title='bbox 1938 3845 2070 3910; x_wconf 85' lang='lat' dir='ltr'><strong>Quia</strong></span> 
     </span>
    </p>
   </div>
   <div class='ocr_carea' id='block_1_66' title="bbox 486 3931 2072 4012">
    <p class='ocr_par' dir='ltr' id='par_1_66' title="bbox 486 3931 2072 4012">
     <span class='ocr_line' id='line_1_66' title="bbox 486 3931 2072 4012; baseline 0.004 -30"><span class='ocrx_word' id='word_1_486' title='bbox 486 3933 730 4012; x_wconf 79' lang='lat' dir='ltr'><strong>utrinque</strong></span> <span class='ocrx_word' id='word_1_487' title='bbox 754 3931 828 3986; x_wconf 88' lang='lat' dir='ltr'><strong>rei</strong></span> <span class='ocrx_word' id='word_1_488' title='bbox 858 3932 1270 4001; x_wconf 80' lang='lat' dir='ltr'><strong>magnitudinem</strong></span> <span class='ocrx_word' id='word_1_489' title='bbox 1305 3933 1412 3985; x_wconf 87' lang='lat' dir='ltr'><strong>vult</strong></span> <span class='ocrx_word' id='word_1_490' title='bbox 1439 3934 1761 3997; x_wconf 83' lang='lat' dir='ltr'><strong>ostendere,</strong></span> <span class='ocrx_word' id='word_1_491' title='bbox 1798 3946 1903 3989; x_wconf 89' lang='lat' dir='ltr'><strong>tutu</strong></span> <span class='ocrx_word' id='word_1_492' title='bbox 1932 3955 1959 3987; x_wconf 79' lang='grc' dir='ltr'><strong>ιι</strong></span> <span class='ocrx_word' id='word_1_493' title='bbox 1995 3937 2072 3988; x_wconf 77' lang='lat' dir='ltr'><strong>vi-</strong></span> 
     </span>
    </p>
   </div>
   <div class='ocr_carea' id='block_1_67' title="bbox 484 4021 2070 4093">
    <p class='ocr_par' dir='ltr' id='par_1_67' title="bbox 484 4021 2070 4093">
     <span class='ocr_line' id='line_1_67' title="bbox 484 4021 2070 4093; baseline 0.005 -19"><span class='ocrx_word' id='word_1_494' title='bbox 484 4022 628 4074; x_wconf 86' lang='lat' dir='ltr'><strong>litate</strong></span> <span class='ocrx_word' id='word_1_495' title='bbox 657 4034 838 4074; x_wconf 87' lang='lat' dir='ltr'><strong>eorum</strong></span> <span class='ocrx_word' id='word_1_496' title='bbox 871 4037 987 4089; x_wconf 76' lang='lat' dir='ltr'><strong>quae</strong></span> <span class='ocrx_word' id='word_1_497' title='bbox 1021 4031 1164 4073; x_wconf 87' lang='lat' dir='ltr'><strong>tanto</strong></span> <span class='ocrx_word' id='word_1_498' title='bbox 1194 4025 1385 4075; x_wconf 88' lang='lat' dir='ltr'><strong>decore</strong></span> <span class='ocrx_word' id='word_1_499' title='bbox 1411 4021 1629 4093; x_wconf 79' lang='lat' dir='ltr'><strong>fulgent,</strong></span> <span class='ocrx_word' id='word_1_500' title='bbox 1665 4036 1771 4077; x_wconf 88' lang='lat' dir='ltr'><strong>tum</strong></span> <span class='ocrx_word' id='word_1_501' title='bbox 1804 4026 1871 4079; x_wconf 85' lang='lat' dir='ltr'><strong>ab</strong></span> <span class='ocrx_word' id='word_1_502' title='bbox 1894 4027 2070 4082; x_wconf 72' lang='lat' dir='ltr'><strong>excel-</strong></span> 
     </span>
    </p>
   </div>
   <div class='ocr_carea' id='block_1_68' title="bbox 484 4098 2064 4184">
    <p class='ocr_par' dir='ltr' id='par_1_68' title="bbox 484 4098 2064 4184">
     <span class='ocr_line' id='line_1_68' title="bbox 484 4098 2064 4184; baseline 0.006 -22"><span class='ocrx_word' id='word_1_503' title='bbox 484 4110 643 4163; x_wconf 82' lang='lat' dir='ltr'><strong>lentia</strong></span> <span class='ocrx_word' id='word_1_504' title='bbox 675 4117 894 4164; x_wconf 86' lang='lat' dir='ltr'><strong>oruatus</strong></span> <span class='ocrx_word' id='word_1_505' title='bbox 927 4111 1048 4164; x_wconf 82' lang='lat' dir='ltr'><strong>liliis</strong></span> <span class='ocrx_word' id='word_1_506' title='bbox 1076 4113 1278 4166; x_wconf 88' lang='lat' dir='ltr'><strong>tributi.</strong></span> <span class='ocrx_word' id='word_1_507' title='bbox 1315 4113 1436 4166; x_wconf 84' lang='lat' dir='ltr'><strong>ideo</strong></span> <span class='ocrx_word' id='word_1_508' title='bbox 1484 4098 1760 4184; x_wconf 82' lang='lat' dir='ltr'><strong>postquam</strong></span> <span class='ocrx_word' id='word_1_509' title='bbox 1804 4115 1940 4171; x_wconf 85' lang='lat' dir='ltr'><strong>hanc</strong></span> <span class='ocrx_word' id='word_1_510' title='bbox 1967 4118 2064 4171; x_wconf 86' lang='lat' dir='ltr'><strong>dc-</strong></span> 
     </span>
    </p>
   </div>
   <div class='ocr_carea' id='block_1_69' title="bbox 485 4200 2063 4274">
    <p class='ocr_par' dir='ltr' id='par_1_69' title="bbox 485 4200 2063 4274">
     <span class='ocr_line' id='line_1_69' title="bbox 485 4200 2063 4274; baseline 0.001 -19"><span class='ocrx_word' id='word_1_511' title='bbox 485 4200 824 4272; x_wconf 73' lang='lat' dir='ltr'><strong>tcriptionem</strong></span> <span class='ocrx_word' id='word_1_512' title='bbox 854 4200 1212 4266; x_wconf 76' lang='lat' dir='ltr'><strong>concinnavit,</strong></span> <span class='ocrx_word' id='word_1_513' title='bbox 1236 4217 1340 4255; x_wconf 90' lang='lat' dir='ltr'><strong>non</strong></span> <span class='ocrx_word' id='word_1_514' title='bbox 1362 4205 1586 4269; x_wconf 83' lang='lat' dir='ltr'><strong>amplius</strong></span> <span class='ocrx_word' id='word_1_515' title='bbox 1615 4206 1719 4256; x_wconf 87' lang='lat' dir='ltr'><strong>lilia</strong></span> <span class='ocrx_word' id='word_1_516' title='bbox 1747 4216 1903 4259; x_wconf 84' lang='lat' dir='ltr'><strong>vocat</strong></span> <span class='ocrx_word' id='word_1_517' title='bbox 1931 4207 2063 4274; x_wconf 87' lang='lat' dir='ltr'><strong>ipsa,</strong></span> 
     </span>
    </p>
   </div>
   <div class='ocr_carea' id='block_1_70' title="bbox 481 4289 2066 4361">
    <p class='ocr_par' dir='ltr' id='par_1_70' title="bbox 481 4289 2066 4361">
     <span class='ocr_line' id='line_1_70' title="bbox 481 4289 2066 4361; baseline 0.004 -17"><span class='ocrx_word' id='word_1_518' title='bbox 481 4292 573 4344; x_wconf 73' lang='lat' dir='ltr'><strong>sed</strong></span> <span class='ocrx_word' id='word_1_519' title='bbox 609 4292 695 4344; x_wconf 75' lang='lat'><strong>30.</strong></span> <span class='ocrx_word' id='word_1_520' title='bbox 734 4289 945 4342; x_wconf 76' lang='lat' dir='ltr'><strong>Famam</strong></span> <span class='ocrx_word' id='word_1_521' title='bbox 987 4291 1116 4361; x_wconf 83' lang='lat' dir='ltr'><strong>agri.</strong></span> <span class='ocrx_word' id='word_1_522' title='bbox 1162 4290 1344 4359; x_wconf 83' lang='lat' dir='ltr'><strong>Neque</strong></span> <span class='ocrx_word' id='word_1_523' title='bbox 1392 4291 1491 4344; x_wconf 89' lang='lat' dir='ltr'><strong>hoc</strong></span> <span class='ocrx_word' id='word_1_524' title='bbox 1533 4297 1747 4347; x_wconf 86' lang='lat' dir='ltr'><strong>nomine</strong></span> <span class='ocrx_word' id='word_1_525' title='bbox 1786 4306 2066 4350; x_wconf 87' lang='lat' dir='ltr'><strong>contentus</strong></span> 
     </span>
    </p>
   </div>
   <div class='ocr_carea' id='block_1_71' title="bbox 482 4380 2062 4448">
    <p class='ocr_par' dir='ltr' id='par_1_71' title="bbox 482 4380 2062 4448">
     <span class='ocr_line' id='line_1_71' title="bbox 482 4380 2062 4448; baseline 0.006 -19"><span class='ocrx_word' id='word_1_526' title='bbox 482 4392 581 4439; x_wconf 74' lang='lat' dir='ltr'><strong>est,</strong></span> <span class='ocrx_word' id='word_1_527' title='bbox 610 4380 701 4433; x_wconf 84' lang='lat' dir='ltr'><strong>sed</strong></span> <span class='ocrx_word' id='word_1_528' title='bbox 730 4381 884 4432; x_wconf 89' lang='lat' dir='ltr'><strong>aliam</strong></span> <span class='ocrx_word' id='word_1_529' title='bbox 908 4381 1086 4448; x_wconf 84' lang='lat' dir='ltr'><strong>adjicit</strong></span> <span class='ocrx_word' id='word_1_530' title='bbox 1106 4382 1379 4440; x_wconf 79' lang='lat' dir='ltr'><strong>vilitatem,</strong></span> <span class='ocrx_word' id='word_1_531' title='bbox 1406 4383 1602 4443; x_wconf 80' lang='lat' dir='ltr'><strong>dicens,</strong></span> <span class='ocrx_word' id='word_1_532' title='bbox 1633 4386 1783 4446; x_wconf 77' lang='lat' dir='ltr'><strong>Quod</strong></span> <span class='ocrx_word' id='word_1_533' title='bbox 1807 4389 1955 4438; x_wconf 78' lang='lat' dir='ltr'><strong>hodie</strong></span> <span class='ocrx_word' id='word_1_534' title='bbox 1973 4399 2062 4440; x_wconf 76' lang='lat' dir='ltr'><strong>est.</strong></span> 
     </span>
    </p>
   </div>
   <div class='ocr_carea' id='block_1_72' title="bbox 481 4469 2062 4542">
    <p class='ocr_par' dir='ltr' id='par_1_72' title="bbox 481 4469 2062 4542">
     <span class='ocr_line' id='line_1_72' title="bbox 481 4469 2062 4542; baseline 0.005 -19"><span class='ocrx_word' id='word_1_535' title='bbox 481 4470 659 4536; x_wconf 59' lang='lat' dir='ltr'><strong>illeque</strong></span> <span class='ocrx_word' id='word_1_536' title='bbox 687 4470 852 4533; x_wconf 81' lang='lat' dir='ltr'><strong>addit,</strong></span> <span class='ocrx_word' id='word_1_537' title='bbox 884 4469 1014 4525; x_wconf 83' lang='lat' dir='ltr'><strong>Cras</strong></span> <span class='ocrx_word' id='word_1_538' title='bbox 1042 4488 1145 4524; x_wconf 90' lang='lat' dir='ltr'><strong>non</strong></span> <span class='ocrx_word' id='word_1_539' title='bbox 1167 4483 1265 4529; x_wconf 86' lang='lat' dir='ltr'><strong>est.</strong></span> <span class='ocrx_word' id='word_1_540' title='bbox 1297 4472 1388 4525; x_wconf 76' lang='lat' dir='ltr'><strong>sed</strong></span> <span class='ocrx_word' id='word_1_541' title='bbox 1415 4474 1552 4541; x_wconf 84' lang='lat' dir='ltr'><strong>quod</strong></span> <span class='ocrx_word' id='word_1_542' title='bbox 1577 4475 1732 4542; x_wconf 74' lang='lat' dir='ltr'><strong>lutth</strong></span> <span class='ocrx_word' id='word_1_543' title='bbox 1766 4476 1916 4531; x_wconf 76' lang='lat' dir='ltr'><strong>vilius</strong></span> <span class='ocrx_word' id='word_1_544' title='bbox 1951 4519 1964 4540; x_wconf 89' lang='lat'><strong>,</strong></span> <span class='ocrx_word' id='word_1_545' title='bbox 1996 4477 2062 4531; x_wconf 83' lang='lat' dir='ltr'><strong>1n</strong></span> 
     </span>
    </p>
   </div>
   <div class='ocr_carea' id='block_1_73' title="bbox 477 4563 2058 4634">
    <p class='ocr_par' dir='ltr' id='par_1_73' title="bbox 477 4563 2058 4634">
     <span class='ocr_line' id='line_1_73' title="bbox 477 4563 2058 4634; baseline -0.013 -19"><span class='ocrx_word' id='word_1_546' title='bbox 477 4566 725 4619; x_wconf 73' lang='lat' dir='ltr'><strong>t&#39;t&#39;ilvmtttm</strong></span> <span class='ocrx_word' id='word_1_547' title='bbox 758 4564 987 4614; x_wconf 75' lang='lat' dir='ltr'><strong>mittitur.</strong></span> <span class='ocrx_word' id='word_1_548' title='bbox 1017 4563 1195 4631; x_wconf 61' lang='lat' dir='ltr'><strong>Neque</strong></span> <span class='ocrx_word' id='word_1_549' title='bbox 1223 4565 1701 4634; x_wconf 50' lang='grc' dir='ltr'><strong>ςὶηιριξρίιωςδίκῃ⁵</strong></span> <span class='ocrx_word' id='word_1_550' title='bbox 1731 4568 1914 4633; x_wconf 49' lang='lat' dir='ltr'><strong>\‘csm,</strong></span> <span class='ocrx_word' id='word_1_551' title='bbox 1944 4571 2058 4634; x_wconf 43' lang='lat' dir='ltr'><strong>sed,</strong></span> 
     </span>
    </p>
   </div>
   <div class='ocr_carea' id='block_1_74' title="bbox 481 4653 2055 4726">
    <p class='ocr_par' dir='ltr' id='par_1_74' title="bbox 481 4653 2055 4726">
     <span class='ocr_line' id='line_1_74' title="bbox 481 4653 2055 4726; baseline 0.006 -21"><span class='ocrx_word' id='word_1_552' title='bbox 481 4655 570 4706; x_wconf 65' lang='lat' dir='ltr'><strong>Sic</strong></span> <span class='ocrx_word' id='word_1_553' title='bbox 589 4655 743 4705; x_wconf 79' lang='lat' dir='ltr'><strong>vestit.</strong></span> <span class='ocrx_word' id='word_1_554' title='bbox 779 4653 934 4704; x_wconf 63' lang='lat' dir='ltr'><strong>Vides</strong></span> <span class='ocrx_word' id='word_1_555' title='bbox 959 4654 1152 4720; x_wconf 87' lang='lat' dir='ltr'><strong>ubique</strong></span> <span class='ocrx_word' id='word_1_556' title='bbox 1181 4656 1373 4714; x_wconf 81' lang='lat' dir='ltr'><strong>multos</strong></span> <span class='ocrx_word' id='word_1_557' title='bbox 1403 4654 1466 4708; x_wconf 89' lang='lat' dir='ltr'><strong>ad</strong></span> <span class='ocrx_word' id='word_1_558' title='bbox 1496 4657 1746 4709; x_wconf 85' lang='lat' dir='ltr'><strong>ulteriora</strong></span> <span class='ocrx_word' id='word_1_559' title='bbox 1775 4667 1827 4709; x_wconf 85' lang='lat' dir='ltr'><strong>et</strong></span> <span class='ocrx_word' id='word_1_560' title='bbox 1855 4659 2055 4726; x_wconf 83' lang='lat' dir='ltr'><strong>majora</strong></span> 
     </span>
    </p>
   </div>
   <div class='ocr_carea' id='block_1_75' title="bbox 481 4744 2059 4817">
    <p class='ocr_par' dir='ltr' id='par_1_75' title="bbox 481 4744 2059 4817">
     <span class='ocr_line' id='line_1_75' title="bbox 481 4744 2059 4817; baseline 0.011 -28"><span class='ocrx_word' id='word_1_561' title='bbox 481 4759 789 4812; x_wconf 69' lang='lat' dir='ltr'><strong>progressus</strong></span> <span class='ocrx_word' id='word_1_562' title='bbox 820 4747 841 4794; x_wconf 65' lang='grc' dir='ltr'><strong><em>Ὺ</em></strong></span> <span class='ocrx_word' id='word_1_563' title='bbox 870 4744 921 4795; x_wconf 92' lang='lat' dir='ltr'><strong>ld</strong></span> <span class='ocrx_word' id='word_1_564' title='bbox 957 4760 1112 4811; x_wconf 89' lang='lat' dir='ltr'><strong>porro</strong></span> <span class='ocrx_word' id='word_1_565' title='bbox 1142 4746 1248 4814; x_wconf 77' lang='lat' dir='ltr'><strong>agit</strong></span> <span class='ocrx_word' id='word_1_566' title='bbox 1289 4754 1346 4798; x_wconf 90' lang='lat' dir='ltr'><strong>ut</strong></span> <span class='ocrx_word' id='word_1_567' title='bbox 1374 4747 1492 4799; x_wconf 85' lang='lat' dir='ltr'><strong>illos</strong></span> <span class='ocrx_word' id='word_1_568' title='bbox 1522 4750 1837 4817; x_wconf 54' lang='lat' dir='ltr'><strong>perstringat</strong></span> <span class='ocrx_word' id='word_1_569' title='bbox 1872 4769 1882 4803; x_wconf 86' lang='lat'><strong>:</strong></span> <span class='ocrx_word' id='word_1_570' title='bbox 1915 4753 2059 4805; x_wconf 48' lang='lat' dir='ltr'><strong>ideo:</strong></span> 
     </span>
    </p>
   </div>
   <div class='ocr_carea' id='block_1_76' title="bbox 476 4834 2052 4907">
    <p class='ocr_par' dir='ltr' id='par_1_76' title="bbox 476 4834 2052 4907">
     <span class='ocr_line' id='line_1_76' title="bbox 476 4834 2052 4907; baseline 0.006 -23"><span class='ocrx_word' id='word_1_571' title='bbox 476 4850 579 4900; x_wconf 82' lang='lat' dir='ltr'><strong>que</strong></span> <span class='ocrx_word' id='word_1_572' title='bbox 611 4834 902 4902; x_wconf 70' lang='lat' dir='ltr'><strong>subjimxit,</strong></span> <span class='ocrx_word' id='word_1_573' title='bbox 935 4835 1135 4900; x_wconf 77' lang='lat' dir='ltr'><strong>Quanto</strong></span> <span class='ocrx_word' id='word_1_574' title='bbox 1167 4838 1325 4904; x_wconf 73' lang='lat' dir='ltr'><strong>magis</strong></span> <span class='ocrx_word' id='word_1_575' title='bbox 1356 4851 1439 4888; x_wconf 72' lang='lat' dir='ltr'><strong>vos</strong></span> <span class='ocrx_word' id='word_1_576' title='bbox 1471 4838 1494 4889; x_wconf 82' lang='lat'><strong><em>?</em></strong></span> <span class='ocrx_word' id='word_1_577' title='bbox 1541 4835 1673 4891; x_wconf 82' lang='lat' dir='ltr'><strong>Illud</strong></span> <span class='ocrx_word' id='word_1_578' title='bbox 1705 4841 1898 4907; x_wconf 78' lang='lat' dir='ltr'><strong>quippe</strong></span> <span class='ocrx_word' id='word_1_579' title='bbox 1944 4859 2052 4896; x_wconf 90' lang='lat' dir='ltr'><strong>ma-</strong></span> 
     </span>
    </p>
   </div>
   <div class='ocr_carea' id='block_1_77' title="bbox 473 4925 2053 4993">
    <p class='ocr_par' dir='ltr' id='par_1_77' title="bbox 473 4925 2053 4993">
     <span class='ocr_line' id='line_1_77' title="bbox 473 4925 2053 4993; baseline 0.006 -16"><span class='ocrx_word' id='word_1_580' title='bbox 473 4942 629 4993; x_wconf 70' lang='lat' dir='ltr'><strong>gnam</strong></span> <span class='ocrx_word' id='word_1_581' title='bbox 652 4925 945 4993; x_wconf 72' lang='lat' dir='ltr'><strong>emphasim</strong></span> <span class='ocrx_word' id='word_1_582' title='bbox 976 4927 1399 4992; x_wconf 78' lang='lat' dir='ltr'><strong>etmtinet.Natn,</strong></span> <span class='ocrx_word' id='word_1_583' title='bbox 1419 4929 1532 4992; x_wconf 77' lang='lat' dir='ltr'><strong>Vos,</strong></span> <span class='ocrx_word' id='word_1_584' title='bbox 1553 4932 1680 4984; x_wconf 90' lang='lat' dir='ltr'><strong>nihil</strong></span> <span class='ocrx_word' id='word_1_585' title='bbox 1710 4933 1851 4986; x_wconf 79' lang='lat' dir='ltr'><strong>aliud</strong></span> <span class='ocrx_word' id='word_1_586' title='bbox 1875 4936 2053 4988; x_wconf 87' lang='lat' dir='ltr'><strong>subin-</strong></span> 
     </span>
    </p>
   </div>
   <div class='ocr_carea' id='block_1_78' title="bbox 473 5019 2058 5104">
    <p class='ocr_par' dir='ltr' id='par_1_78' title="bbox 473 5019 2058 5104">
     <span class='ocr_line' id='line_1_78' title="bbox 473 5019 2058 5104; baseline 0.012 -34"><span class='ocrx_word' id='word_1_587' title='bbox 473 5019 647 5084; x_wconf 87' lang='lat' dir='ltr'><strong>dicat,</strong></span> <span class='ocrx_word' id='word_1_588' title='bbox 679 5037 840 5087; x_wconf 86' lang='lat' dir='ltr'><strong>quam</strong></span> <span class='ocrx_word' id='word_1_589' title='bbox 870 5023 1041 5088; x_wconf 82' lang='lat' dir='ltr'><strong>ipsum</strong></span> <span class='ocrx_word' id='word_1_590' title='bbox 1071 5039 1238 5090; x_wconf 80' lang='lat' dir='ltr'><strong>genus</strong></span> <span class='ocrx_word' id='word_1_591' title='bbox 1267 5026 1560 5078; x_wconf 88' lang='lat' dir='ltr'><strong>humanum</strong></span> <span class='ocrx_word' id='word_1_592' title='bbox 1595 5043 1788 5098; x_wconf 80' lang='lat' dir='ltr'><strong>magno</strong></span> <span class='ocrx_word' id='word_1_593' title='bbox 1821 5033 2058 5104; x_wconf 83' lang='lat' dir='ltr'><strong>honore,</strong></span> 
     </span>
    </p>
   </div>
   <div class='ocr_carea' id='block_1_79' title="bbox 476 5112 2052 5188">
    <p class='ocr_par' dir='ltr' id='par_1_79' title="bbox 476 5112 2052 5188">
     <span class='ocr_line' id='line_1_79' title="bbox 476 5112 2052 5188; baseline 0.009 -25"><span class='ocrx_word' id='word_1_594' title='bbox 476 5124 665 5176; x_wconf 76' lang='lat' dir='ltr'><strong>magna</strong></span> <span class='ocrx_word' id='word_1_595' title='bbox 704 5125 830 5163; x_wconf 82' lang='lat' dir='ltr'><strong>cura</strong></span> <span class='ocrx_word' id='word_1_596' title='bbox 868 5112 1144 5180; x_wconf 74' lang='lat' dir='ltr'><strong>tlignatttttt</strong></span> <span class='ocrx_word' id='word_1_597' title='bbox 1185 5113 1350 5167; x_wconf 79' lang='lat' dir='ltr'><strong>luisse</strong></span> <span class='ocrx_word' id='word_1_598' title='bbox 1387 5134 1398 5167; x_wconf 90' lang='lat'><strong>:</strong></span> <span class='ocrx_word' id='word_1_599' title='bbox 1438 5133 1500 5169; x_wconf 85' lang='lat' dir='ltr'><strong>ac</strong></span> <span class='ocrx_word' id='word_1_600' title='bbox 1533 5119 1577 5172; x_wconf 87' lang='lat' dir='ltr'><strong>si</strong></span> <span class='ocrx_word' id='word_1_601' title='bbox 1615 5119 1823 5172; x_wconf 84' lang='lat' dir='ltr'><strong>diceret</strong></span> <span class='ocrx_word' id='word_1_602' title='bbox 1865 5139 1878 5174; x_wconf 89' lang='lat'>:</span> <span class='ocrx_word' id='word_1_603' title='bbox 1920 5121 2052 5188; x_wconf 77' lang='lat' dir='ltr'><strong>Vos,</strong></span> 
     </span>
    </p>
   </div>
   <div class='ocr_carea' id='block_1_80' title="bbox 470 5203 2056 5279">
    <p class='ocr_par' dir='ltr' id='par_1_80' title="bbox 470 5203 2056 5279">
     <span class='ocr_line' id='line_1_80' title="bbox 470 5203 2056 5279; baseline 0.011 -28"><span class='ocrx_word' id='word_1_604' title='bbox 470 5203 669 5266; x_wconf 81' lang='lat' dir='ltr'><strong>quibus</strong></span> <span class='ocrx_word' id='word_1_605' title='bbox 700 5206 935 5257; x_wconf 83' lang='lat' dir='ltr'><strong>animam</strong></span> <span class='ocrx_word' id='word_1_606' title='bbox 971 5203 1146 5268; x_wconf 80' lang='lat' dir='ltr'><strong>dedit,</strong></span> <span class='ocrx_word' id='word_1_607' title='bbox 1177 5206 1372 5273; x_wconf 86' lang='lat' dir='ltr'><strong>quibus</strong></span> <span class='ocrx_word' id='word_1_608' title='bbox 1406 5223 1600 5277; x_wconf 86' lang='lat' dir='ltr'><strong>corpus</strong></span> <span class='ocrx_word' id='word_1_609' title='bbox 1633 5210 1961 5279; x_wconf 80' lang='lat' dir='ltr'><strong>eﬂ&#39;ormavit,</strong></span> <span class='ocrx_word' id='word_1_610' title='bbox 1993 5221 2056 5269; x_wconf 83' lang='lat' dir='ltr'><strong>ad</strong></span> 
     </span>
    </p>
   </div>
   <div class='ocr_carea' id='block_1_81' title="bbox 470 5295 2058 5375">
    <p class='ocr_par' dir='ltr' id='par_1_81' title="bbox 470 5295 2058 5375">
     <span class='ocr_line' id='line_1_81' title="bbox 470 5295 2058 5375; baseline 0.013 -36"><span class='ocrx_word' id='word_1_611' title='bbox 470 5309 696 5358; x_wconf 85' lang='lat' dir='ltr'><strong>quorum</strong></span> <span class='ocrx_word' id='word_1_612' title='bbox 732 5309 888 5345; x_wconf 80' lang='lat' dir='ltr'><strong>usum</strong></span> <span class='ocrx_word' id='word_1_613' title='bbox 925 5295 1153 5349; x_wconf 80' lang='lat' dir='ltr'><strong>visibilia</strong></span> <span class='ocrx_word' id='word_1_614' title='bbox 1188 5301 1368 5351; x_wconf 85' lang='lat' dir='ltr'><strong>omnia</strong></span> <span class='ocrx_word' id='word_1_615' title='bbox 1405 5303 1638 5366; x_wconf 86' lang='lat' dir='ltr'><strong>creavit,</strong></span> <span class='ocrx_word' id='word_1_616' title='bbox 1674 5315 1892 5370; x_wconf 80' lang='lat' dir='ltr'><strong>propter</strong></span> <span class='ocrx_word' id='word_1_617' title='bbox 1922 5324 2058 5375; x_wconf 88' lang='lat' dir='ltr'><strong>quos</strong></span> 
     </span>
    </p>
   </div>
   <div class='ocr_carea' id='block_1_82' title="bbox 470 5386 2055 5464">
    <p class='ocr_par' dir='ltr' id='par_1_82' title="bbox 470 5386 2055 5464">
     <span class='ocr_line' id='line_1_82' title="bbox 470 5386 2055 5464; baseline 0.015 -34"><span class='ocrx_word' id='word_1_618' title='bbox 470 5386 760 5451; x_wconf 81' lang='lat' dir='ltr'><strong>prophetas</strong></span> <span class='ocrx_word' id='word_1_619' title='bbox 797 5387 944 5441; x_wconf 81' lang='lat' dir='ltr'><strong>misit</strong></span> <span class='ocrx_word' id='word_1_620' title='bbox 979 5399 1032 5442; x_wconf 87' lang='lat' dir='ltr'><strong>et</strong></span> <span class='ocrx_word' id='word_1_621' title='bbox 1069 5388 1238 5456; x_wconf 77' lang='lat' dir='ltr'><strong>legem</strong></span> <span class='ocrx_word' id='word_1_622' title='bbox 1274 5391 1448 5455; x_wconf 83' lang='lat' dir='ltr'><strong>dedit,</strong></span> <span class='ocrx_word' id='word_1_623' title='bbox 1486 5394 1879 5464; x_wconf 81' lang='lat' dir='ltr'><strong>imuuucraquc</strong></span> <span class='ocrx_word' id='word_1_624' title='bbox 1918 5403 2055 5455; x_wconf 80' lang='lat' dir='ltr'><strong>bona</strong></span> 
     </span>
    </p>
   </div>
   <div class='ocr_carea' id='block_1_83' title="bbox 469 5477 2055 5555">
    <p class='ocr_par' dir='ltr' id='par_1_83' title="bbox 469 5477 2055 5555">
     <span class='ocr_line' id='line_1_83' title="bbox 469 5477 2055 5555; baseline 0.011 -26"><span class='ocrx_word' id='word_1_625' title='bbox 469 5477 730 5541; x_wconf 80' lang='lat' dir='ltr'><strong>contulit;</strong></span> <span class='ocrx_word' id='word_1_626' title='bbox 760 5493 974 5544; x_wconf 78' lang='lat' dir='ltr'><strong>propter</strong></span> <span class='ocrx_word' id='word_1_627' title='bbox 998 5498 1133 5549; x_wconf 83' lang='lat' dir='ltr'><strong>quos</strong></span> <span class='ocrx_word' id='word_1_628' title='bbox 1159 5487 1490 5551; x_wconf 71' lang='lat' dir='ltr'><strong>unigenitum</strong></span> <span class='ocrx_word' id='word_1_629' title='bbox 1519 5487 1707 5540; x_wconf 81' lang='lat' dir='ltr'><strong>Filium</strong></span> <span class='ocrx_word' id='word_1_630' title='bbox 1737 5493 1974 5555; x_wconf 82' lang='lat' dir='ltr'><strong>tradidit,</strong></span> <span class='ocrx_word' id='word_1_631' title='bbox 2003 5507 2055 5546; x_wconf 88' lang='lat' dir='ltr'><strong>et</strong></span> 
     </span>
    </p>
   </div>
   <div class='ocr_carea' id='block_1_84' title="bbox 471 5570 2050 5653">
    <p class='ocr_par' dir='ltr' id='par_1_84' title="bbox 471 5570 2050 5653">
     <span class='ocr_line' id='line_1_84' title="bbox 471 5570 2050 5653; baseline 0.009 -33"><span class='ocrx_word' id='word_1_632' title='bbox 471 5570 634 5620; x_wconf 85' lang='lat' dir='ltr'><strong>millia</strong></span> <span class='ocrx_word' id='word_1_633' title='bbox 668 5585 760 5636; x_wconf 85' lang='lat' dir='ltr'><strong>per</strong></span> <span class='ocrx_word' id='word_1_634' title='bbox 793 5571 962 5636; x_wconf 83' lang='lat' dir='ltr'><strong>ipsmn</strong></span> <span class='ocrx_word' id='word_1_635' title='bbox 995 5591 1214 5629; x_wconf 66' lang='lat' dir='ltr'><strong>munera</strong></span> <span class='ocrx_word' id='word_1_636' title='bbox 1251 5577 1471 5646; x_wconf 78' lang='lat' dir='ltr'><strong>largitus</strong></span> <span class='ocrx_word' id='word_1_637' title='bbox 1499 5581 1642 5633; x_wconf 82' lang='lat' dir='ltr'><strong>cst‘.</strong></span> <span class='ocrx_word' id='word_1_638' title='bbox 1679 5581 1739 5642; x_wconf 67' lang='lat' dir='ltr'><strong>lit.</strong></span> <span class='ocrx_word' id='word_1_639' title='bbox 1771 5591 2050 5653; x_wconf 56' lang='lat' dir='ltr'><strong>postquam</strong></span> 
     </span>
    </p>
   </div>
   <div class='ocr_carea' id='block_1_85' title="bbox 533 5707 2046 5779">
    <p class='ocr_par' dir='ltr' id='par_1_85' title="bbox 533 5707 2046 5779">
     <span class='ocr_line' id='line_1_85' title="bbox 533 5707 2046 5779; baseline 0.012 -30"><span class='ocrx_word' id='word_1_640' title='bbox 533 5707 665 5776; x_wconf 68' lang='lat' dir='ltr'><strong>Illic</strong></span> <span class='ocrx_word' id='word_1_641' title='bbox 699 5708 938 5779; x_wconf 68' lang='lat' dir='ltr'><strong>articulus</strong></span> <span class='ocrx_word' id='word_1_642' title='bbox 983 5711 1200 5779; x_wconf 69' lang='lat' dir='ltr'><strong>phrasis,</strong></span> <span class='ocrx_word' id='word_1_643' title='bbox 1241 5719 1285 5760; x_wconf 75' lang='lat' dir='ltr'><strong>rt</strong></span> <span class='ocrx_word' id='word_1_644' title='bbox 1318 5713 1576 5764; x_wconf 60' lang='grc' dir='ltr'><strong>Μηίων...</strong></span> <span class='ocrx_word' id='word_1_645' title='bbox 1623 5719 1827 5779; x_wconf 62' lang='lat' dir='ltr'><strong>largitus</strong></span> <span class='ocrx_word' id='word_1_646' title='bbox 1866 5725 1933 5766; x_wconf 68' lang='lat' dir='ltr'><strong>rat.</strong></span> <span class='ocrx_word' id='word_1_647' title='bbox 2002 5734 2046 5767; x_wconf 76' lang='lat' dir='ltr'><strong>lli</strong></span> 
     </span>
    </p>
   </div>
   <div class='ocr_carea' id='block_1_86' title="bbox 467 5771 1295 5833">
    <p class='ocr_par' dir='ltr' id='par_1_86' title="bbox 467 5771 1295 5833">
     <span class='ocr_line' id='line_1_86' title="bbox 467 5771 1295 5833; baseline 0.011 -18"><span class='ocrx_word' id='word_1_648' title='bbox 467 5771 659 5816; x_wconf 62' lang='lat' dir='ltr'><strong>ductus</strong></span> <span class='ocrx_word' id='word_1_649' title='bbox 695 5776 881 5817; x_wconf 79' lang='lat' dir='ltr'><strong>Iautcm</strong></span> <span class='ocrx_word' id='word_1_650' title='bbox 914 5775 1050 5820; x_wconf 84' lang='lat' dir='ltr'><strong>codd.</strong></span> <span class='ocrx_word' id='word_1_651' title='bbox 1094 5785 1295 5833; x_wconf 65' lang='lat' dir='ltr'><strong>tegitur.</strong></span> 
     </span>
    </p>
   </div>
   <div class='ocr_carea' id='block_1_87' title="bbox 2189 2757 3780 2831">
    <p class='ocr_par' dir='ltr' id='par_1_87' title="bbox 2189 2757 3780 2831">
     <span class='ocr_line' id='line_1_87' title="bbox 2189 2757 3780 2831; baseline 0.002 -19"><span class='ocrx_word' id='word_1_652' title='bbox 2189 2757 2303 2812; x_wconf 70' lang='lat' dir='ltr'><strong>btec</strong></span> <span class='ocrx_word' id='word_1_653' title='bbox 2331 2758 2476 2831; x_wconf 79' lang='lat' dir='ltr'><strong>clare</strong></span> <span class='ocrx_word' id='word_1_654' title='bbox 2506 2757 2817 2814; x_wconf 59' lang='lat' dir='ltr'><strong>ostenderat</strong></span> <span class='ocrx_word' id='word_1_655' title='bbox 2838 2800 2852 2823; x_wconf 89' lang='lat'><strong>,</strong></span> <span class='ocrx_word' id='word_1_656' title='bbox 2899 2768 3024 2818; x_wconf 87' lang='lat' dir='ltr'><strong>tunc</strong></span> <span class='ocrx_word' id='word_1_657' title='bbox 3064 2759 3182 2814; x_wconf 88' lang='lat' dir='ltr'><strong>illos</strong></span> <span class='ocrx_word' id='word_1_658' title='bbox 3239 2760 3517 2829; x_wconf 82' lang='lat' dir='ltr'><strong>increpat,</strong></span> <span class='ocrx_word' id='word_1_659' title='bbox 3549 2761 3732 2816; x_wconf 85' lang='lat' dir='ltr'><strong>dicens</strong></span> <span class='ocrx_word' id='word_1_660' title='bbox 3763 2778 3780 2815; x_wconf 89' lang='lat'><strong>:</strong></span> 
     </span>
    </p>
   </div>
   <div class='ocr_carea' id='block_1_88' title="bbox 2191 2850 3781 2923">
    <p class='ocr_par' dir='ltr' id='par_1_88' title="bbox 2191 2850 3781 2923">
     <span class='ocr_line' id='line_1_88' title="bbox 2191 2850 3781 2923; baseline 0.004 -19"><span class='ocrx_word' id='word_1_661' title='bbox 2191 2850 2410 2906; x_wconf 74' lang='lat' dir='ltr'><strong>Modica:</strong></span> <span class='ocrx_word' id='word_1_662' title='bbox 2434 2851 2572 2920; x_wconf 76' lang='lat' dir='ltr'><strong>ﬁdei.</strong></span> <span class='ocrx_word' id='word_1_663' title='bbox 2603 2851 2745 2908; x_wconf 86' lang='lat' dir='ltr'><strong>Talis</strong></span> <span class='ocrx_word' id='word_1_664' title='bbox 2775 2851 2974 2923; x_wconf 81' lang='lat' dir='ltr'><strong>quippe</strong></span> <span class='ocrx_word' id='word_1_665' title='bbox 2999 2853 3189 2921; x_wconf 88' lang='lat' dir='ltr'><strong>estqui</strong></span> <span class='ocrx_word' id='word_1_666' title='bbox 3221 2853 3442 2908; x_wconf 87' lang='lat' dir='ltr'><strong>consilia</strong></span> <span class='ocrx_word' id='word_1_667' title='bbox 3475 2867 3568 2907; x_wconf 90' lang='lat' dir='ltr'><strong>sua</strong></span> <span class='ocrx_word' id='word_1_668' title='bbox 3601 2853 3781 2910; x_wconf 62' lang='lat' dir='ltr'><strong>dfert:</strong></span> 
     </span>
    </p>
   </div>
   <div class='ocr_carea' id='block_1_89' title="bbox 2190 2941 3778 3013">
    <p class='ocr_par' dir='ltr' id='par_1_89' title="bbox 2190 2941 3778 3013">
     <span class='ocr_line' id='line_1_89' title="bbox 2190 2941 3778 3013; baseline 0.003 -19"><span class='ocrx_word' id='word_1_669' title='bbox 2190 2949 2468 3011; x_wconf 89' lang='lat' dir='ltr'><strong>postquam</strong></span> <span class='ocrx_word' id='word_1_670' title='bbox 2491 2958 2602 3000; x_wconf 87' lang='lat' dir='ltr'><strong>rem</strong></span> <span class='ocrx_word' id='word_1_671' title='bbox 2629 2943 2774 2998; x_wconf 87' lang='lat' dir='ltr'><strong>clare</strong></span> <span class='ocrx_word' id='word_1_672' title='bbox 2789 2942 3190 3002; x_wconf 79' lang='lat' dir='ltr'><strong>demonstravit,</strong></span> <span class='ocrx_word' id='word_1_673' title='bbox 3207 2960 3312 2998; x_wconf 90' lang='lat' dir='ltr'><strong>non</strong></span> <span class='ocrx_word' id='word_1_674' title='bbox 3331 2941 3490 2998; x_wconf 85' lang='lat' dir='ltr'><strong>modo</strong></span> <span class='ocrx_word' id='word_1_675' title='bbox 3512 2945 3778 3013; x_wconf 76' lang='lat' dir='ltr'><strong>hortatur,</strong></span> 
     </span>
    </p>
   </div>
   <div class='ocr_carea' id='block_1_90' title="bbox 2185 3031 3780 3104">
    <p class='ocr_par' dir='ltr' id='par_1_90' title="bbox 2185 3031 3780 3104">
     <span class='ocr_line' id='line_1_90' title="bbox 2185 3031 3780 3104; baseline 0.006 -19"><span class='ocrx_word' id='word_1_676' title='bbox 2185 3031 2279 3085; x_wconf 83' lang='lat' dir='ltr'><strong>sed</strong></span> <span class='ocrx_word' id='word_1_677' title='bbox 2306 3033 2464 3086; x_wconf 85' lang='lat' dir='ltr'><strong>etiam</strong></span> <span class='ocrx_word' id='word_1_678' title='bbox 2494 3034 2698 3102; x_wconf 77' lang='lat' dir='ltr'><strong>pungit,</strong></span> <span class='ocrx_word' id='word_1_679' title='bbox 2728 3044 2784 3087; x_wconf 91' lang='lat' dir='ltr'><strong>ut</strong></span> <span class='ocrx_word' id='word_1_680' title='bbox 2810 3035 2977 3103; x_wconf 78' lang='lat' dir='ltr'><strong>magis</strong></span> <span class='ocrx_word' id='word_1_681' title='bbox 3019 3036 3087 3088; x_wconf 86' lang='lat' dir='ltr'><strong>ad</strong></span> <span class='ocrx_word' id='word_1_682' title='bbox 3116 3036 3408 3104; x_wconf 81' lang='lat' dir='ltr'><strong>parendum</strong></span> <span class='ocrx_word' id='word_1_683' title='bbox 3442 3035 3600 3091; x_wconf 88' lang='lat' dir='ltr'><strong>dictis</strong></span> <span class='ocrx_word' id='word_1_684' title='bbox 3624 3039 3780 3094; x_wconf 81' lang='lat' dir='ltr'><strong>exci-</strong></span> 
     </span>
    </p>
   </div>
   <div class='ocr_carea' id='block_1_91' title="bbox 2185 3124 3778 3186">
    <p class='ocr_par' dir='ltr' id='par_1_91' title="bbox 2185 3124 3778 3186">
     <span class='ocr_line' id='line_1_91' title="bbox 2185 3124 3778 3186; baseline 0.003 -8"><span class='ocrx_word' id='word_1_685' title='bbox 2185 3131 2279 3178; x_wconf 78' lang='lat' dir='ltr'><strong>tet.</strong></span> <span class='ocrx_word' id='word_1_686' title='bbox 2316 3124 2411 3179; x_wconf 80' lang='lat' dir='ltr'><strong>His</strong></span> <span class='ocrx_word' id='word_1_687' title='bbox 2436 3136 2614 3178; x_wconf 90' lang='lat' dir='ltr'><strong>autem</strong></span> <span class='ocrx_word' id='word_1_688' title='bbox 2648 3141 2744 3179; x_wconf 87' lang='lat' dir='ltr'><strong>nos</strong></span> <span class='ocrx_word' id='word_1_689' title='bbox 2773 3125 2931 3183; x_wconf 89' lang='lat' dir='ltr'><strong>docet</strong></span> <span class='ocrx_word' id='word_1_690' title='bbox 2959 3142 3063 3180; x_wconf 91' lang='lat' dir='ltr'><strong>non</strong></span> <span class='ocrx_word' id='word_1_691' title='bbox 3093 3127 3253 3181; x_wconf 89' lang='lat' dir='ltr'><strong>modo</strong></span> <span class='ocrx_word' id='word_1_692' title='bbox 3275 3138 3328 3181; x_wconf 91' lang='lat' dir='ltr'><strong>ut</strong></span> <span class='ocrx_word' id='word_1_693' title='bbox 3359 3143 3427 3182; x_wconf 84' lang='lat' dir='ltr'><strong>ne</strong></span> <span class='ocrx_word' id='word_1_694' title='bbox 3452 3129 3666 3183; x_wconf 88' lang='lat' dir='ltr'><strong>solliciti</strong></span> <span class='ocrx_word' id='word_1_695' title='bbox 3695 3131 3778 3186; x_wconf 80' lang='lat' dir='ltr'><strong>si-</strong></span> 
     </span>
    </p>
   </div>
   <div class='ocr_carea' id='block_1_92' title="bbox 2183 3215 3780 3290">
    <p class='ocr_par' dir='ltr' id='par_1_92' title="bbox 2183 3215 3780 3290">
     <span class='ocr_line' id='line_1_92' title="bbox 2183 3215 3780 3290; baseline 0.003 -21"><span class='ocrx_word' id='word_1_696' title='bbox 2183 3231 2318 3277; x_wconf 88' lang='lat' dir='ltr'><strong>tnus,</strong></span> <span class='ocrx_word' id='word_1_697' title='bbox 2344 3216 2436 3270; x_wconf 84' lang='lat' dir='ltr'><strong>sed</strong></span> <span class='ocrx_word' id='word_1_698' title='bbox 2467 3225 2520 3270; x_wconf 92' lang='lat' dir='ltr'><strong>nt</strong></span> <span class='ocrx_word' id='word_1_699' title='bbox 2549 3231 2615 3271; x_wconf 90' lang='lat' dir='ltr'><strong>ne</strong></span> <span class='ocrx_word' id='word_1_700' title='bbox 2641 3215 2994 3271; x_wconf 87' lang='lat' dir='ltr'><strong>admiratione</strong></span> <span class='ocrx_word' id='word_1_701' title='bbox 3036 3219 3312 3287; x_wconf 87' lang='lat' dir='ltr'><strong>capiamur</strong></span> <span class='ocrx_word' id='word_1_702' title='bbox 3340 3234 3458 3274; x_wconf 89' lang='lat' dir='ltr'><strong>cum</strong></span> <span class='ocrx_word' id='word_1_703' title='bbox 3488 3220 3780 3290; x_wconf 73' lang='lat' dir='ltr'><strong>magnifica</strong></span> 
     </span>
    </p>
   </div>
   <div class='ocr_carea' id='block_1_93' title="bbox 2185 3305 3774 3376">
    <p class='ocr_par' dir='ltr' id='par_1_93' title="bbox 2185 3305 3774 3376">
     <span class='ocr_line' id='line_1_93' title="bbox 2185 3305 3774 3376; baseline 0.004 -19"><span class='ocrx_word' id='word_1_704' title='bbox 2185 3305 2499 3359; x_wconf 79' lang='lat' dir='ltr'><strong>vestimenta</strong></span> <span class='ocrx_word' id='word_1_705' title='bbox 2541 3307 2922 3374; x_wconf 81' lang='lat' dir='ltr'><strong>conSpieimns.</strong></span> <span class='ocrx_word' id='word_1_706' title='bbox 2967 3305 3095 3359; x_wconf 86' lang='lat' dir='ltr'><strong>Nam</strong></span> <span class='ocrx_word' id='word_1_707' title='bbox 3126 3307 3212 3360; x_wconf 89' lang='lat' dir='ltr'><strong>hic</strong></span> <span class='ocrx_word' id='word_1_708' title='bbox 3239 3308 3400 3363; x_wconf 87' lang='lat' dir='ltr'><strong>decor</strong></span> <span class='ocrx_word' id='word_1_709' title='bbox 3425 3309 3615 3364; x_wconf 86' lang='lat' dir='ltr'><strong>ﬂorum</strong></span> <span class='ocrx_word' id='word_1_710' title='bbox 3645 3320 3731 3364; x_wconf 75' lang='lat' dir='ltr'><strong>est</strong></span> <span class='ocrx_word' id='word_1_711' title='bbox 3759 3353 3774 3376; x_wconf 93' lang='lat'><strong>,</strong></span> 
     </span>
    </p>
   </div>
   <div class='ocr_carea' id='block_1_94' title="bbox 2187 3394 3780 3467">
    <p class='ocr_par' dir='ltr' id='par_1_94' title="bbox 2187 3394 3780 3467">
     <span class='ocr_line' id='line_1_94' title="bbox 2187 3394 3780 3467; baseline 0.006 -21"><span class='ocrx_word' id='word_1_712' title='bbox 2187 3394 2580 3466; x_wconf 77' lang='lat' dir='ltr'><strong>herbarumque</strong></span> <span class='ocrx_word' id='word_1_713' title='bbox 2601 3396 2939 3465; x_wconf 79' lang='lat' dir='ltr'><strong>pulchritudo</strong></span> <span class='ocrx_word' id='word_1_714' title='bbox 2967 3414 2982 3461; x_wconf 89' lang='lat'><strong>;</strong></span> <span class='ocrx_word' id='word_1_715' title='bbox 3012 3399 3118 3450; x_wconf 88' lang='lat' dir='ltr'><strong>imo</strong></span> <span class='ocrx_word' id='word_1_716' title='bbox 3155 3400 3439 3467; x_wconf 82' lang='lat' dir='ltr'><strong>pretiosius</strong></span> <span class='ocrx_word' id='word_1_717' title='bbox 3471 3401 3668 3457; x_wconf 71' lang='lat' dir='ltr'><strong>fautum</strong></span> <span class='ocrx_word' id='word_1_718' title='bbox 3692 3411 3780 3465; x_wconf 73' lang='lat' dir='ltr'><strong>est</strong></span> 
     </span>
    </p>
   </div>
   <div class='ocr_carea' id='block_1_95' title="bbox 2185 3489 3778 3562">
    <p class='ocr_par' dir='ltr' id='par_1_95' title="bbox 2185 3489 3778 3562">
     <span class='ocr_line' id='line_1_95' title="bbox 2185 3489 3778 3562; baseline 0.006 -23"><span class='ocrx_word' id='word_1_719' title='bbox 2185 3489 2285 3541; x_wconf 90' lang='lat' dir='ltr'><strong>hoc</strong></span> <span class='ocrx_word' id='word_1_720' title='bbox 2316 3489 2656 3542; x_wconf 79' lang='lat' dir='ltr'><strong>vestimento.</strong></span> <span class='ocrx_word' id='word_1_721' title='bbox 2677 3489 2812 3554; x_wconf 73' lang='lat' dir='ltr'><strong>Quid</strong></span> <span class='ocrx_word' id='word_1_722' title='bbox 2851 3489 3010 3558; x_wconf 70' lang='lat' dir='ltr'><strong>igitur</strong></span> <span class='ocrx_word' id='word_1_723' title='bbox 3036 3507 3283 3559; x_wconf 76' lang='lat' dir='ltr'><strong>magnum</strong></span> <span class='ocrx_word' id='word_1_724' title='bbox 3313 3494 3457 3562; x_wconf 87' lang='lat' dir='ltr'><strong>sapis</strong></span> <span class='ocrx_word' id='word_1_725' title='bbox 3487 3493 3554 3546; x_wconf 87' lang='lat' dir='ltr'><strong>de</strong></span> <span class='ocrx_word' id='word_1_726' title='bbox 3584 3509 3642 3547; x_wconf 88' lang='lat' dir='ltr'><strong>re</strong></span> <span class='ocrx_word' id='word_1_727' title='bbox 3666 3536 3682 3561; x_wconf 92' lang='lat'><strong>,</strong></span> <span class='ocrx_word' id='word_1_728' title='bbox 3715 3495 3778 3553; x_wconf 81' lang='lat' dir='ltr'><strong>in</strong></span> 
     </span>
    </p>
   </div>
   <div class='ocr_carea' id='block_1_96' title="bbox 2183 3578 3774 3652">
    <p class='ocr_par' dir='ltr' id='par_1_96' title="bbox 2183 3578 3774 3652">
     <span class='ocr_line' id='line_1_96' title="bbox 2183 3578 3774 3652; baseline 0.004 -22"><span class='ocrx_word' id='word_1_729' title='bbox 2183 3593 2283 3645; x_wconf 87' lang='lat' dir='ltr'><strong>qtta</strong></span> <span class='ocrx_word' id='word_1_730' title='bbox 2310 3579 2376 3630; x_wconf 88' lang='lat' dir='ltr'><strong>ab</strong></span> <span class='ocrx_word' id='word_1_731' title='bbox 2407 3578 2571 3630; x_wconf 89' lang='lat' dir='ltr'><strong>herba</strong></span> <span class='ocrx_word' id='word_1_732' title='bbox 2621 3578 2778 3646; x_wconf 72' lang='lat' dir='ltr'><strong>longe</strong></span> <span class='ocrx_word' id='word_1_733' title='bbox 2813 3582 3081 3648; x_wconf 75' lang='lat' dir='ltr'><strong>superaris</strong></span> <span class='ocrx_word' id='word_1_734' title='bbox 3109 3584 3130 3632; x_wconf 69' lang='grc' dir='ltr'><strong>’ἐ</strong></span> <span class='ocrx_word' id='word_1_735' title='bbox 3165 3582 3227 3635; x_wconf 80' lang='lat' dir='ltr'><strong>Et</strong></span> <span class='ocrx_word' id='word_1_736' title='bbox 3271 3582 3388 3636; x_wconf 83' lang='lat' dir='ltr'><strong>vide</strong></span> <span class='ocrx_word' id='word_1_737' title='bbox 3433 3586 3700 3652; x_wconf 79' lang='lat' dir='ltr'><strong>quoutodo</strong></span> <span class='ocrx_word' id='word_1_738' title='bbox 3740 3601 3774 3650; x_wconf 74' lang='lat' dir='ltr'><strong>a</strong></span> 
     </span>
    </p>
   </div>
   <div class='ocr_carea' id='block_1_97' title="bbox 2184 3670 3770 3744">
    <p class='ocr_par' dir='ltr' id='par_1_97' title="bbox 2184 3670 3770 3744">
     <span class='ocr_line' id='line_1_97' title="bbox 2184 3670 3770 3744; baseline 0.004 -20"><span class='ocrx_word' id='word_1_739' title='bbox 2184 3670 2442 3738; x_wconf 79' lang='lat' dir='ltr'><strong>principio</strong></span> <span class='ocrx_word' id='word_1_740' title='bbox 2473 3681 2794 3738; x_wconf 78' lang='lat' dir='ltr'><strong>przeceptum</strong></span> <span class='ocrx_word' id='word_1_741' title='bbox 2848 3673 2963 3726; x_wconf 81' lang='lat' dir='ltr'><strong>leve</strong></span> <span class='ocrx_word' id='word_1_742' title='bbox 3007 3672 3264 3742; x_wconf 75' lang='lat' dir='ltr'><strong>faclcque</strong></span> <span class='ocrx_word' id='word_1_743' title='bbox 3307 3690 3427 3729; x_wconf 74' lang='lat' dir='ltr'><strong>esse</strong></span> <span class='ocrx_word' id='word_1_744' title='bbox 3473 3677 3770 3744; x_wconf 81' lang='lat' dir='ltr'><strong>ostendat,</strong></span> 
     </span>
    </p>
   </div>
   <div class='ocr_carea' id='block_1_98' title="bbox 2180 3759 3773 3836">
    <p class='ocr_par' dir='ltr' id='par_1_98' title="bbox 2180 3759 3773 3836">
     <span class='ocr_line' id='line_1_98' title="bbox 2180 3759 3773 3836; baseline 0.006 -25"><span class='ocrx_word' id='word_1_745' title='bbox 2180 3759 2304 3811; x_wconf 91' lang='lat' dir='ltr'><strong>dum</strong></span> <span class='ocrx_word' id='word_1_746' title='bbox 2340 3760 2458 3820; x_wconf 88' lang='lat' dir='ltr'><strong>illos</strong></span> <span class='ocrx_word' id='word_1_747' title='bbox 2487 3776 2696 3813; x_wconf 78' lang='lat' dir='ltr'><strong>rursum</strong></span> <span class='ocrx_word' id='word_1_748' title='bbox 2737 3776 2766 3813; x_wconf 88' lang='lat' dir='ltr'><strong>a</strong></span> <span class='ocrx_word' id='word_1_749' title='bbox 2794 3763 3076 3816; x_wconf 84' lang='lat' dir='ltr'><strong>contrariis</strong></span> <span class='ocrx_word' id='word_1_750' title='bbox 3121 3774 3173 3817; x_wconf 88' lang='lat' dir='ltr'><strong>et</strong></span> <span class='ocrx_word' id='word_1_751' title='bbox 3201 3765 3269 3817; x_wconf 87' lang='lat' dir='ltr'><strong>ab</strong></span> <span class='ocrx_word' id='word_1_752' title='bbox 3301 3765 3366 3818; x_wconf 87' lang='lat' dir='ltr'><strong>iis</strong></span> <span class='ocrx_word' id='word_1_753' title='bbox 3389 3781 3509 3834; x_wconf 78' lang='lat' dir='ltr'><strong>qua:</strong></span> <span class='ocrx_word' id='word_1_754' title='bbox 3537 3769 3773 3836; x_wconf 78' lang='lat' dir='ltr'><strong>maxime</strong></span> 
     </span>
    </p>
   </div>
   <div class='ocr_carea' id='block_1_99' title="bbox 2183 3852 3779 3928">
    <p class='ocr_par' dir='ltr' id='par_1_99' title="bbox 2183 3852 3779 3928">
     <span class='ocr_line' id='line_1_99' title="bbox 2183 3852 3779 3928; baseline 0.006 -24"><span class='ocrx_word' id='word_1_755' title='bbox 2183 3852 2390 3914; x_wconf 76' lang='lat' dir='ltr'><strong>timent,</strong></span> <span class='ocrx_word' id='word_1_756' title='bbox 2417 3852 2648 3905; x_wconf 87' lang='lat' dir='ltr'><strong>deducit.</strong></span> <span class='ocrx_word' id='word_1_757' title='bbox 2680 3853 2809 3905; x_wconf 80' lang='lat' dir='ltr'><strong>Cum</strong></span> <span class='ocrx_word' id='word_1_758' title='bbox 2831 3855 2975 3907; x_wconf 89' lang='lat' dir='ltr'><strong>enim</strong></span> <span class='ocrx_word' id='word_1_759' title='bbox 3005 3855 3262 3921; x_wconf 73' lang='lat' dir='ltr'><strong>dixisset,</strong></span> <span class='ocrx_word' id='word_1_760' title='bbox 3304 3856 3630 3911; x_wconf 71' lang='lat' dir='ltr'><strong>Considerate</strong></span> <span class='ocrx_word' id='word_1_761' title='bbox 3657 3859 3779 3928; x_wconf 30' lang='lat' dir='ltr'><strong>lilia,</strong></span> 
     </span>
    </p>
   </div>
   <div class='ocr_carea' id='block_1_100' title="bbox 2177 3932 3769 4016">
    <p class='ocr_par' dir='ltr' id='par_1_100' title="bbox 2177 3932 3769 4016">
     <span class='ocr_line' id='line_1_100' title="bbox 2177 3932 3769 4016; baseline 0.008 -26"><span class='ocrx_word' id='word_1_762' title='bbox 2177 3943 2286 4010; x_wconf 82' lang='lat' dir='ltr'><strong>agri</strong></span> <span class='ocrx_word' id='word_1_763' title='bbox 2315 3983 2330 4006; x_wconf 93' lang='lat'><strong>,</strong></span> <span class='ocrx_word' id='word_1_764' title='bbox 2370 3943 2644 4010; x_wconf 75' lang='lat' dir='ltr'><strong>subjunxit</strong></span> <span class='ocrx_word' id='word_1_765' title='bbox 2679 3962 2689 3996; x_wconf 92' lang='lat'><strong>:</strong></span> <span class='ocrx_word' id='word_1_766' title='bbox 2730 3944 2846 4010; x_wconf 71' lang='lat' dir='ltr'><strong>Non</strong></span> <span class='ocrx_word' id='word_1_767' title='bbox 2880 3944 3132 4001; x_wconf 81' lang='lat' dir='ltr'><strong>laborant.</strong></span> <span class='ocrx_word' id='word_1_768' title='bbox 3169 3947 3348 4016; x_wconf 88' lang='lat' dir='ltr'><strong>Itaque</strong></span> <span class='ocrx_word' id='word_1_769' title='bbox 3381 3965 3476 4001; x_wconf 87' lang='lat' dir='ltr'><strong>nos</strong></span> <span class='ocrx_word' id='word_1_770' title='bbox 3502 3966 3528 3998; x_wconf 90' lang='lat' dir='ltr'><strong>a</strong></span> <span class='ocrx_word' id='word_1_771' title='bbox 3563 3932 3769 4003; x_wconf 47' lang='lat' dir='ltr'><strong>labori?</strong></span> 
     </span>
    </p>
   </div>
   <div class='ocr_carea' id='block_1_101' title="bbox 2176 4031 3768 4108">
    <p class='ocr_par' dir='ltr' id='par_1_101' title="bbox 2176 4031 3768 4108">
     <span class='ocr_line' id='line_1_101' title="bbox 2176 4031 3768 4108; baseline 0.007 -24"><span class='ocrx_word' id='word_1_772' title='bbox 2176 4031 2273 4084; x_wconf 85' lang='lat' dir='ltr'><strong>bus</strong></span> <span class='ocrx_word' id='word_1_773' title='bbox 2293 4034 2500 4100; x_wconf 73' lang='lat' dir='ltr'><strong>eripere</strong></span> <span class='ocrx_word' id='word_1_774' title='bbox 2545 4035 2763 4088; x_wconf 79' lang='lat' dir='ltr'><strong>volens.</strong></span> <span class='ocrx_word' id='word_1_775' title='bbox 2798 4036 2911 4089; x_wconf 58' lang='lat' dir='ltr'><strong>hare</strong></span> <span class='ocrx_word' id='word_1_776' title='bbox 2958 4041 3229 4106; x_wconf 72' lang='lat' dir='ltr'><strong>pnrccpit.</strong></span> <span class='ocrx_word' id='word_1_777' title='bbox 3273 4038 3386 4092; x_wconf 70' lang='lat' dir='ltr'><strong>t\&#39;on</strong></span> <span class='ocrx_word' id='word_1_778' title='bbox 3429 4054 3558 4108; x_wconf 80' lang='lat' dir='ltr'><strong>ergo</strong></span> <span class='ocrx_word' id='word_1_779' title='bbox 3616 4041 3768 4096; x_wconf 85' lang='lat' dir='ltr'><strong>labor</strong></span> 
     </span>
    </p>
   </div>
   <div class='ocr_carea' id='block_1_102' title="bbox 2177 4122 3772 4192">
    <p class='ocr_par' dir='ltr' id='par_1_102' title="bbox 2177 4122 3772 4192">
     <span class='ocr_line' id='line_1_102' title="bbox 2177 4122 3772 4192; baseline 0.011 -19"><span class='ocrx_word' id='word_1_780' title='bbox 2177 4122 2271 4185; x_wconf 82' lang='lat' dir='ltr'><strong>bas</strong></span> <span class='ocrx_word' id='word_1_781' title='bbox 2294 4139 2377 4176; x_wconf 82' lang='lat' dir='ltr'><strong>res</strong></span> <span class='ocrx_word' id='word_1_782' title='bbox 2405 4141 2506 4177; x_wconf 91' lang='lat' dir='ltr'><strong>non</strong></span> <span class='ocrx_word' id='word_1_783' title='bbox 2536 4142 2724 4192; x_wconf 73' lang='lat' dir='ltr'><strong>curare</strong></span> <span class='ocrx_word' id='word_1_784' title='bbox 2751 4168 2765 4190; x_wconf 88' lang='lat'><strong>,</strong></span> <span class='ocrx_word' id='word_1_785' title='bbox 2793 4128 2886 4179; x_wconf 87' lang='lat' dir='ltr'><strong>sed</strong></span> <span class='ocrx_word' id='word_1_786' title='bbox 2919 4144 3105 4186; x_wconf 83' lang='lat' dir='ltr'><strong>curare</strong></span> <span class='ocrx_word' id='word_1_787' title='bbox 3131 4139 3183 4183; x_wconf 87' lang='lat' dir='ltr'><strong>et</strong></span> <span class='ocrx_word' id='word_1_788' title='bbox 3212 4129 3497 4185; x_wconf 87' lang='lat' dir='ltr'><strong>sollicitum</strong></span> <span class='ocrx_word' id='word_1_789' title='bbox 3524 4147 3663 4187; x_wconf 87' lang='lat' dir='ltr'><strong>esse.</strong></span> <span class='ocrx_word' id='word_1_790' title='bbox 3690 4137 3772 4190; x_wconf 77' lang='lat' dir='ltr'><strong>Ac</strong></span> 
     </span>
    </p>
   </div>
   <div class='ocr_carea' id='block_1_103' title="bbox 2175 4215 3762 4283">
    <p class='ocr_par' dir='ltr' id='par_1_103' title="bbox 2175 4215 3762 4283">
     <span class='ocr_line' id='line_1_103' title="bbox 2175 4215 3762 4283; baseline 0.013 -23"><span class='ocrx_word' id='word_1_791' title='bbox 2175 4215 2620 4281; x_wconf 78' lang='lat' dir='ltr'><strong>quemmlmodum</strong></span> <span class='ocrx_word' id='word_1_792' title='bbox 2646 4233 2763 4268; x_wconf 89' lang='lat' dir='ltr'><strong>cum</strong></span> <span class='ocrx_word' id='word_1_793' title='bbox 2787 4216 2940 4278; x_wconf 69' lang='lat' dir='ltr'><strong>dixit,</strong></span> <span class='ocrx_word' id='word_1_794' title='bbox 2970 4218 3089 4272; x_wconf 80' lang='lat' dir='ltr'><strong>Non</strong></span> <span class='ocrx_word' id='word_1_795' title='bbox 3118 4233 3307 4283; x_wconf 69' lang='lat' dir='ltr'><strong>serunt,</strong></span> <span class='ocrx_word' id='word_1_796' title='bbox 3327 4240 3431 4275; x_wconf 91' lang='lat' dir='ltr'><strong>non</strong></span> <span class='ocrx_word' id='word_1_797' title='bbox 3464 4236 3762 4280; x_wconf 88' lang='lat' dir='ltr'><strong>sementem</strong></span> 
     </span>
    </p>
   </div>
   <div class='ocr_carea' id='block_1_104' title="bbox 2172 4303 3763 4386">
    <p class='ocr_par' dir='ltr' id='par_1_104' title="bbox 2172 4303 3763 4386">
     <span class='ocr_line' id='line_1_104' title="bbox 2172 4303 3763 4386; baseline 0.008 -32"><span class='ocrx_word' id='word_1_798' title='bbox 2172 4303 2401 4366; x_wconf 85' lang='lat' dir='ltr'><strong>Sustulit,</strong></span> <span class='ocrx_word' id='word_1_799' title='bbox 2431 4304 2522 4356; x_wconf 79' lang='lat' dir='ltr'><strong>sed</strong></span> <span class='ocrx_word' id='word_1_800' title='bbox 2554 4321 2734 4368; x_wconf 87' lang='lat' dir='ltr'><strong>curam</strong></span> <span class='ocrx_word' id='word_1_801' title='bbox 2767 4308 2980 4363; x_wconf 87' lang='lat' dir='ltr'><strong>nimiam</strong></span> <span class='ocrx_word' id='word_1_802' title='bbox 3015 4327 3028 4360; x_wconf 87' lang='lat'><strong>:</strong></span> <span class='ocrx_word' id='word_1_803' title='bbox 3059 4311 3134 4386; x_wconf 80' lang='lat' dir='ltr'><strong>sic</strong></span> <span class='ocrx_word' id='word_1_804' title='bbox 3156 4327 3277 4368; x_wconf 82' lang='lat' dir='ltr'><strong>cum</strong></span> <span class='ocrx_word' id='word_1_805' title='bbox 3324 4314 3396 4365; x_wconf 83' lang='lat' dir='ltr'><strong>ait</strong></span> <span class='ocrx_word' id='word_1_806' title='bbox 3419 4354 3431 4372; x_wconf 82' lang='lat'><strong>.</strong></span> <span class='ocrx_word' id='word_1_807' title='bbox 3470 4311 3589 4366; x_wconf 78' lang='lat' dir='ltr'><strong>Non</strong></span> <span class='ocrx_word' id='word_1_808' title='bbox 3622 4317 3763 4367; x_wconf 82' lang='lat' dir='ltr'><strong>labo-</strong></span> 
     </span>
    </p>
   </div>
   <div class='ocr_carea' id='block_1_105' title="bbox 2171 4404 3758 4469">
    <p class='ocr_par' dir='ltr' id='par_1_105' title="bbox 2171 4404 3758 4469">
     <span class='ocr_line' id='line_1_105' title="bbox 2171 4404 3758 4469; baseline 0.009 -24"><span class='ocrx_word' id='word_1_809' title='bbox 2171 4405 2305 4456; x_wconf 84' lang='lat' dir='ltr'><strong>rant,</strong></span> <span class='ocrx_word' id='word_1_810' title='bbox 2325 4412 2481 4460; x_wconf 78' lang='lat' dir='ltr'><strong>ueque</strong></span> <span class='ocrx_word' id='word_1_811' title='bbox 2507 4407 2642 4457; x_wconf 75' lang='lat' dir='ltr'><strong>nent,</strong></span> <span class='ocrx_word' id='word_1_812' title='bbox 2665 4414 2765 4452; x_wconf 91' lang='lat' dir='ltr'><strong>non</strong></span> <span class='ocrx_word' id='word_1_813' title='bbox 2794 4416 2926 4469; x_wconf 87' lang='lat' dir='ltr'><strong>opus</strong></span> <span class='ocrx_word' id='word_1_814' title='bbox 2947 4406 3180 4466; x_wconf 69' lang='lat' dir='ltr'><strong>sustulit,</strong></span> <span class='ocrx_word' id='word_1_815' title='bbox 3205 4404 3297 4457; x_wconf 85' lang='lat' dir='ltr'><strong>sed</strong></span> <span class='ocrx_word' id='word_1_816' title='bbox 3322 4406 3758 4460; x_wconf 71' lang='lat' dir='ltr'><strong>sollicitudinem.</strong></span> 
     </span>
    </p>
   </div>
   <div class='ocr_carea' id='block_1_106' title="bbox 2171 4485 3756 4564">
    <p class='ocr_par' dir='ltr' id='par_1_106' title="bbox 2171 4485 3756 4564">
     <span class='ocr_line' id='line_1_106' title="bbox 2171 4485 3756 4564; baseline 0.011 -25"><span class='ocrx_word' id='word_1_817' title='bbox 2171 4485 2223 4539; x_wconf 84' lang='lat' dir='ltr'><strong>Si</strong></span> <span class='ocrx_word' id='word_1_818' title='bbox 2253 4497 2428 4539; x_wconf 83' lang='lat' dir='ltr'><strong>autem</strong></span> <span class='ocrx_word' id='word_1_819' title='bbox 2461 4488 2712 4543; x_wconf 84' lang='lat' dir='ltr'><strong>Salomon</strong></span> <span class='ocrx_word' id='word_1_820' title='bbox 2746 4492 2955 4544; x_wconf 84' lang='lat' dir='ltr'><strong>illorum</strong></span> <span class='ocrx_word' id='word_1_821' title='bbox 2987 4494 3181 4547; x_wconf 85' lang='lat' dir='ltr'><strong>decore.</strong></span> <span class='ocrx_word' id='word_1_822' title='bbox 3209 4508 3493 4564; x_wconf 83' lang='lat' dir='ltr'><strong>superatus</strong></span> <span class='ocrx_word' id='word_1_823' title='bbox 3516 4510 3599 4553; x_wconf 87' lang='lat' dir='ltr'><strong>est</strong></span> <span class='ocrx_word' id='word_1_824' title='bbox 3621 4541 3635 4562; x_wconf 93' lang='lat'><strong>,</strong></span> <span class='ocrx_word' id='word_1_825' title='bbox 3663 4518 3756 4556; x_wconf 86' lang='lat' dir='ltr'><strong>ne-</strong></span> 
     </span>
    </p>
   </div>
   <div class='ocr_carea' id='block_1_107' title="bbox 2170 4580 3757 4661">
    <p class='ocr_par' dir='ltr' id='par_1_107' title="bbox 2170 4580 3757 4661">
     <span class='ocr_line' id='line_1_107' title="bbox 2170 4580 3757 4661; baseline 0.011 -33"><span class='ocrx_word' id='word_1_826' title='bbox 2170 4593 2274 4644; x_wconf 77' lang='lat' dir='ltr'><strong>que</strong></span> <span class='ocrx_word' id='word_1_827' title='bbox 2302 4580 2463 4632; x_wconf 88' lang='lat' dir='ltr'><strong>semel</strong></span> <span class='ocrx_word' id='word_1_828' title='bbox 2497 4588 2582 4632; x_wconf 88' lang='lat' dir='ltr'><strong>aut</strong></span> <span class='ocrx_word' id='word_1_829' title='bbox 2629 4580 2710 4634; x_wconf 78' lang='lat' dir='ltr'><strong>bis</strong></span> <span class='ocrx_word' id='word_1_830' title='bbox 2738 4623 2751 4646; x_wconf 94' lang='lat'><strong>,</strong></span> <span class='ocrx_word' id='word_1_831' title='bbox 2806 4584 2897 4635; x_wconf 85' lang='lat' dir='ltr'><strong>sed</strong></span> <span class='ocrx_word' id='word_1_832' title='bbox 2937 4600 3029 4652; x_wconf 88' lang='lat' dir='ltr'><strong>per</strong></span> <span class='ocrx_word' id='word_1_833' title='bbox 3065 4595 3230 4637; x_wconf 82' lang='lat' dir='ltr'><strong>totum</strong></span> <span class='ocrx_word' id='word_1_834' title='bbox 3265 4590 3412 4654; x_wconf 73' lang='lat' dir='ltr'><strong>regni</strong></span> <span class='ocrx_word' id='word_1_835' title='bbox 3437 4590 3518 4642; x_wconf 83' lang='lat' dir='ltr'><strong>sui</strong></span> <span class='ocrx_word' id='word_1_836' title='bbox 3547 4602 3757 4661; x_wconf 80' lang='lat' dir='ltr'><strong>tempus</strong></span> 
     </span>
    </p>
   </div>
   <div class='ocr_carea' id='block_1_108' title="bbox 2169 4669 3758 4745">
    <p class='ocr_par' dir='ltr' id='par_1_108' title="bbox 2169 4669 3758 4745">
     <span class='ocr_line' id='line_1_108' title="bbox 2169 4669 3758 4745; baseline 0.014 -28"><span class='ocrx_word' id='word_1_837' title='bbox 2169 4669 2366 4738; x_wconf 80' lang='lat' dir='ltr'><strong>(neque.</strong></span> <span class='ocrx_word' id='word_1_838' title='bbox 2393 4673 2531 4724; x_wconf 88' lang='lat' dir='ltr'><strong>enim</strong></span> <span class='ocrx_word' id='word_1_839' title='bbox 2562 4684 2734 4726; x_wconf 80' lang='lat' dir='ltr'><strong>uotost</strong></span> <span class='ocrx_word' id='word_1_840' title='bbox 2759 4677 2877 4743; x_wconf 84' lang='lat' dir='ltr'><strong>quis</strong></span> <span class='ocrx_word' id='word_1_841' title='bbox 2902 4676 3078 4728; x_wconf 60' lang='lat' dir='ltr'><strong>dicere</strong></span> <span class='ocrx_word' id='word_1_842' title='bbox 3112 4680 3280 4745; x_wconf 78' lang='lat' dir='ltr'><strong>ipsum</strong></span> <span class='ocrx_word' id='word_1_843' title='bbox 3315 4697 3454 4733; x_wconf 83' lang='lat' dir='ltr'><strong>nunc</strong></span> <span class='ocrx_word' id='word_1_844' title='bbox 3484 4683 3573 4744; x_wconf 82' lang='lat' dir='ltr'><strong>sic,</strong></span> <span class='ocrx_word' id='word_1_845' title='bbox 3616 4700 3758 4739; x_wconf 88' lang='lat' dir='ltr'><strong>nunc</strong></span> 
     </span>
    </p>
   </div>
   <div class='ocr_carea' id='block_1_109' title="bbox 2165 4760 3755 4838">
    <p class='ocr_par' dir='ltr' id='par_1_109' title="bbox 2165 4760 3755 4838">
     <span class='ocr_line' id='line_1_109' title="bbox 2165 4760 3755 4838; baseline 0.013 -29"><span class='ocrx_word' id='word_1_846' title='bbox 2165 4760 2268 4812; x_wconf 81' lang='lat' dir='ltr'><strong>alio</strong></span> <span class='ocrx_word' id='word_1_847' title='bbox 2307 4761 2464 4812; x_wconf 85' lang='lat' dir='ltr'><strong>modo</strong></span> <span class='ocrx_word' id='word_1_848' title='bbox 2502 4762 2738 4830; x_wconf 80' lang='lat' dir='ltr'><strong>indutum</strong></span> <span class='ocrx_word' id='word_1_849' title='bbox 2770 4765 2933 4820; x_wconf 54' lang='lat' dir='ltr'><strong>fuisse</strong></span> <span class='ocrx_word' id='word_1_850' title='bbox 2966 4784 2979 4826; x_wconf 83' lang='lat'>;</span> <span class='ocrx_word' id='word_1_851' title='bbox 3012 4768 3104 4819; x_wconf 80' lang='lat' dir='ltr'><strong>sed</strong></span> <span class='ocrx_word' id='word_1_852' title='bbox 3147 4785 3320 4838; x_wconf 81' lang='lat' dir='ltr'><strong>neque</strong></span> <span class='ocrx_word' id='word_1_853' title='bbox 3351 4787 3456 4825; x_wconf 90' lang='lat' dir='ltr'><strong>uno</strong></span> <span class='ocrx_word' id='word_1_854' title='bbox 3487 4767 3755 4831; x_wconf 79' lang='lat' dir='ltr'><strong>dictante</strong></span> 
     </span>
    </p>
   </div>
   <div class='ocr_carea' id='block_1_110' title="bbox 2165 4851 3753 4938">
    <p class='ocr_par' dir='ltr' id='par_1_110' title="bbox 2165 4851 3753 4938">
     <span class='ocr_line' id='line_1_110' title="bbox 2165 4851 3753 4938; baseline 0.011 -35"><span class='ocrx_word' id='word_1_855' title='bbox 2165 4851 2357 4905; x_wconf 79' lang='lat' dir='ltr'><strong>decore</strong></span> <span class='ocrx_word' id='word_1_856' title='bbox 2385 4854 2527 4908; x_wconf 66' lang='lat' dir='ltr'><strong>fulsit</strong></span> <span class='ocrx_word' id='word_1_857' title='bbox 2561 4875 2572 4909; x_wconf 87' lang='lat'><strong>:</strong></span> <span class='ocrx_word' id='word_1_858' title='bbox 2606 4856 2816 4910; x_wconf 73' lang='lat' dir='ltr'><strong>idenim</strong></span> <span class='ocrx_word' id='word_1_859' title='bbox 2858 4860 3106 4913; x_wconf 77' lang='lat' dir='ltr'><strong>indicavit</strong></span> <span class='ocrx_word' id='word_1_860' title='bbox 3132 4863 3313 4915; x_wconf 77' lang='lat' dir='ltr'><strong>dicens</strong></span> <span class='ocrx_word' id='word_1_861' title='bbox 3339 4907 3351 4926; x_wconf 92' lang='lat'><strong>,</strong></span> <span class='ocrx_word' id='word_1_862' title='bbox 3375 4863 3441 4918; x_wconf 80' lang='lat' dir='ltr'><strong>lu</strong></span> <span class='ocrx_word' id='word_1_863' title='bbox 3467 4876 3566 4919; x_wconf 83' lang='lat' dir='ltr'><strong>toto</strong></span> <span class='ocrx_word' id='word_1_864' title='bbox 3599 4886 3753 4938; x_wconf 69' lang='lat' dir='ltr'><strong>regno</strong></span> 
     </span>
    </p>
   </div>
   <div class='ocr_carea' id='block_1_111' title="bbox 2161 4945 3745 5016">
    <p class='ocr_par' dir='ltr' id='par_1_111' title="bbox 2161 4945 3745 5016">
     <span class='ocr_line' id='line_1_111' title="bbox 2161 4945 3745 5016; baseline 0.012 -24"><span class='ocrx_word' id='word_1_865' title='bbox 2161 4945 2299 5011; x_wconf 78' lang='lat' dir='ltr'><strong>suo),</strong></span> <span class='ocrx_word' id='word_1_866' title='bbox 2335 4959 2503 5012; x_wconf 76' lang='lat' dir='ltr'><strong>neque</strong></span> <span class='ocrx_word' id='word_1_867' title='bbox 2533 4945 2616 4996; x_wconf 86' lang='lat' dir='ltr'><strong>uni</strong></span> <span class='ocrx_word' id='word_1_868' title='bbox 2648 4956 2847 4999; x_wconf 86' lang='lat' dir='ltr'><strong>tantum</strong></span> <span class='ocrx_word' id='word_1_869' title='bbox 2878 4950 2990 5000; x_wconf 69' lang='lat' dir='ltr'><strong>iiari</strong></span> <span class='ocrx_word' id='word_1_870' title='bbox 3017 4951 3198 5016; x_wconf 53' lang='lat' dir='ltr'><strong>cessit,</strong></span> <span class='ocrx_word' id='word_1_871' title='bbox 3228 4957 3451 5007; x_wconf 62' lang='lat' dir='ltr'><strong>alterum</strong></span> <span class='ocrx_word' id='word_1_872' title='bbox 3478 4972 3603 5008; x_wconf 56' lang='lat' dir='ltr'><strong>vero</strong></span> <span class='ocrx_word' id='word_1_873' title='bbox 3635 4959 3745 5011; x_wconf 84' lang='lat' dir='ltr'><strong>iun-</strong></span> 
     </span>
    </p>
   </div>
   <div class='ocr_carea' id='block_1_112' title="bbox 2163 5037 3744 5116">
    <p class='ocr_par' dir='ltr' id='par_1_112' title="bbox 2163 5037 3744 5116">
     <span class='ocr_line' id='line_1_112' title="bbox 2163 5037 3744 5116; baseline 0.011 -32"><span class='ocrx_word' id='word_1_874' title='bbox 2163 5042 2300 5085; x_wconf 69' lang='lat' dir='ltr'><strong>tatus</strong></span> <span class='ocrx_word' id='word_1_875' title='bbox 2323 5046 2424 5098; x_wconf 64' lang='lat' dir='ltr'><strong>est,</strong></span> <span class='ocrx_word' id='word_1_876' title='bbox 2458 5037 2548 5089; x_wconf 84' lang='lat' dir='ltr'><strong>sed</strong></span> <span class='ocrx_word' id='word_1_877' title='bbox 2580 5042 2823 5091; x_wconf 75' lang='lat' dir='ltr'><strong>tmtnilms</strong></span> <span class='ocrx_word' id='word_1_878' title='bbox 2847 5043 3000 5094; x_wconf 77' lang='lat' dir='ltr'><strong>simul</strong></span> <span class='ocrx_word' id='word_1_879' title='bbox 3032 5045 3191 5096; x_wconf 83' lang='lat' dir='ltr'><strong>cessit</strong></span> <span class='ocrx_word' id='word_1_880' title='bbox 3218 5047 3562 5116; x_wconf 65' lang='lat' dir='ltr'><strong>(qutqiropter</strong></span> <span class='ocrx_word' id='word_1_881' title='bbox 3591 5049 3624 5101; x_wconf 84' lang='lat' dir='ltr'><strong>tl</strong></span> <span class='ocrx_word' id='word_1_882' title='bbox 3652 5052 3744 5115; x_wconf 58' lang='lat' dir='ltr'><strong>sit,</strong></span> 
     </span>
    </p>
   </div>
   <div class='ocr_carea' id='block_1_113' title="bbox 2161 5124 3746 5197">
    <p class='ocr_par' dir='ltr' id='par_1_113' title="bbox 2161 5124 3746 5197">
     <span class='ocr_line' id='line_1_113' title="bbox 2161 5124 3746 5197; baseline 0.011 -22"><span class='ocrx_word' id='word_1_883' title='bbox 2161 5124 2303 5176; x_wconf 69' lang='lat' dir='ltr'><strong>Sicut</strong></span> <span class='ocrx_word' id='word_1_884' title='bbox 2333 5142 2485 5176; x_wconf 72' lang='lat' dir='ltr'><strong>unum</strong></span> <span class='ocrx_word' id='word_1_885' title='bbox 2517 5144 2577 5177; x_wconf 64' lang='lat' dir='ltr'><strong>er</strong></span> <span class='ocrx_word' id='word_1_886' title='bbox 2618 5131 2723 5179; x_wconf 68' lang='lat' dir='ltr'><strong>lalla</strong></span> <span class='ocrx_word' id='word_1_887' title='bbox 2753 5147 2768 5180; x_wconf 86' lang='lat'><em>:</em></span> <span class='ocrx_word' id='word_1_888' title='bbox 2798 5142 3050 5197; x_wconf 73' lang='lat' dir='ltr'><strong>quantum</strong></span> <span class='ocrx_word' id='word_1_889' title='bbox 3103 5138 3241 5186; x_wconf 75' lang='lat' dir='ltr'><strong>(illiti</strong></span> <span class='ocrx_word' id='word_1_890' title='bbox 3280 5137 3438 5189; x_wconf 66' lang='lat' dir='ltr'><strong>distat</strong></span> <span class='ocrx_word' id='word_1_891' title='bbox 3492 5141 3688 5192; x_wconf 72' lang='lat' dir='ltr'><strong>vetitas</strong></span> <span class='ocrx_word' id='word_1_892' title='bbox 3718 5160 3746 5192; x_wconf 88' lang='lat' dir='ltr'><strong>a</strong></span> 
     </span>
    </p>
   </div>
   <div class='ocr_carea' id='block_1_114' title="bbox 2158 5216 3720 5284">
    <p class='ocr_par' dir='ltr' id='par_1_114' title="bbox 2158 5216 3720 5284">
     <span class='ocr_line' id='line_1_114' title="bbox 2158 5216 3720 5284; baseline 0.013 -20"><span class='ocrx_word' id='word_1_893' title='bbox 2158 5216 2452 5280; x_wconf 79' lang='lat' dir='ltr'><strong>mendacio,</strong></span> <span class='ocrx_word' id='word_1_894' title='bbox 2484 5228 2680 5270; x_wconf 74' lang='grc' dir='ltr'>ιυιιίυιιι</span> <span class='ocrx_word' id='word_1_895' title='bbox 2705 5231 2784 5273; x_wconf 88' lang='lat' dir='ltr'><strong>est</strong></span> <span class='ocrx_word' id='word_1_896' title='bbox 2812 5221 2948 5274; x_wconf 85' lang='lat' dir='ltr'><strong>inter</strong></span> <span class='ocrx_word' id='word_1_897' title='bbox 2974 5223 3281 5277; x_wconf 52' lang='lat' dir='ltr'><strong>vestimenta</strong></span> <span class='ocrx_word' id='word_1_898' title='bbox 3318 5227 3404 5280; x_wconf 85' lang='lat' dir='ltr'><strong>illa</strong></span> <span class='ocrx_word' id='word_1_899' title='bbox 3443 5238 3496 5281; x_wconf 84' lang='lat' dir='ltr'><strong>ct</strong></span> <span class='ocrx_word' id='word_1_900' title='bbox 3525 5233 3621 5282; x_wconf 82' lang='lat' dir='ltr'><strong>hos</strong></span> <span class='ocrx_word' id='word_1_901' title='bbox 3648 5231 3720 5284; x_wconf 83' lang='lat' dir='ltr'><strong>ilo</strong></span> 
     </span>
    </p>
   </div>
   <div class='ocr_carea' id='block_1_115' title="bbox 2159 5311 3742 5388">
    <p class='ocr_par' dir='ltr' id='par_1_115' title="bbox 2159 5311 3742 5388">
     <span class='ocr_line' id='line_1_115' title="bbox 2159 5311 3742 5388; baseline 0.01 -31"><span class='ocrx_word' id='word_1_902' title='bbox 2159 5321 2244 5359; x_wconf 83' lang='lat' dir='ltr'><strong>res</strong></span> <span class='ocrx_word' id='word_1_903' title='bbox 2272 5311 2623 5376; x_wconf 74' lang='lat' dir='ltr'><strong>intervallum}</strong></span> <span class='ocrx_word' id='word_1_904' title='bbox 2652 5311 2729 5364; x_wconf 87' lang='lat' dir='ltr'><strong>:si</strong></span> <span class='ocrx_word' id='word_1_905' title='bbox 2757 5326 2885 5381; x_wconf 82' lang='lat' dir='ltr'><strong>ergo</strong></span> <span class='ocrx_word' id='word_1_906' title='bbox 2913 5312 3002 5364; x_wconf 75' lang='lat' dir='ltr'><strong>ille</strong></span> <span class='ocrx_word' id='word_1_907' title='bbox 3025 5329 3082 5368; x_wconf 84' lang='lat' dir='ltr'><strong>se</strong></span> <span class='ocrx_word' id='word_1_908' title='bbox 3109 5316 3304 5368; x_wconf 84' lang='lat' dir='ltr'><strong>victum</strong></span> <span class='ocrx_word' id='word_1_909' title='bbox 3333 5319 3609 5373; x_wconf 72' lang='lat' dir='ltr'><strong>confessus</strong></span> <span class='ocrx_word' id='word_1_910' title='bbox 3636 5331 3742 5388; x_wconf 84' lang='lat' dir='ltr'><strong>est,</strong></span> 
     </span>
    </p>
   </div>
   <div class='ocr_carea' id='block_1_116' title="bbox 2156 5399 3738 5476">
    <p class='ocr_par' dir='ltr' id='par_1_116' title="bbox 2156 5399 3738 5476">
     <span class='ocr_line' id='line_1_116' title="bbox 2156 5399 3738 5476; baseline 0.009 -28"><span class='ocrx_word' id='word_1_911' title='bbox 2156 5399 2390 5450; x_wconf 89' lang='lat' dir='ltr'><strong>onmium</strong></span> <span class='ocrx_word' id='word_1_912' title='bbox 2430 5402 2515 5464; x_wconf 87' lang='lat' dir='ltr'><strong>qui</strong></span> <span class='ocrx_word' id='word_1_913' title='bbox 2550 5415 2798 5469; x_wconf 83' lang='lat' dir='ltr'><strong>nmquam</strong></span> <span class='ocrx_word' id='word_1_914' title='bbox 2827 5403 2975 5457; x_wconf 88' lang='lat' dir='ltr'><strong>fuere</strong></span> <span class='ocrx_word' id='word_1_915' title='bbox 3005 5421 3187 5473; x_wconf 70' lang='lat' dir='ltr'><strong>regum</strong></span> <span class='ocrx_word' id='word_1_916' title='bbox 3225 5409 3689 5476; x_wconf 65' lang='lat' dir='ltr'><strong>splendidissimis</strong></span> <span class='ocrx_word' id='word_1_917' title='bbox 3724 5454 3738 5475; x_wconf 89' lang='lat'><strong>,</strong></span> 
     </span>
    </p>
   </div>
   <div class='ocr_carea' id='block_1_117' title="bbox 2154 5476 3739 5561">
    <p class='ocr_par' dir='ltr' id='par_1_117' title="bbox 2154 5491 3739 5561">
     <span class='ocr_line' id='line_1_117' title="bbox 2154 5491 3739 5561; baseline 0.012 -25"><span class='ocrx_word' id='word_1_918' title='bbox 2154 5491 2487 5557; x_wconf 86' lang='lat' dir='ltr'><strong>quandonam</strong></span> <span class='ocrx_word' id='word_1_919' title='bbox 2519 5501 2570 5542; x_wconf 76' lang='lat' dir='ltr'><strong>tu</strong></span> <span class='ocrx_word' id='word_1_920' title='bbox 2590 5493 2800 5546; x_wconf 77' lang='lat' dir='ltr'><strong>vincere</strong></span> <span class='ocrx_word' id='word_1_921' title='bbox 2829 5495 3027 5561; x_wconf 84' lang='lat' dir='ltr'><strong>poteris</strong></span> <span class='ocrx_word' id='word_1_922' title='bbox 3051 5537 3065 5556; x_wconf 92' lang='lat'><strong>,</strong></span> <span class='ocrx_word' id='word_1_923' title='bbox 3096 5506 3188 5549; x_wconf 86' lang='lat' dir='ltr'><strong>aut</strong></span> <span class='ocrx_word' id='word_1_924' title='bbox 3218 5499 3280 5550; x_wconf 87' lang='lat' dir='ltr'><strong>ad</strong></span> <span class='ocrx_word' id='word_1_925' title='bbox 3317 5499 3458 5552; x_wconf 74' lang='lat' dir='ltr'><strong>illum</strong></span> <span class='ocrx_word' id='word_1_926' title='bbox 3488 5500 3569 5554; x_wconf 75' lang='lat' dir='ltr'><strong>dCt</strong></span> <span class='ocrx_word' id='word_1_927' title='bbox 3589 5520 3739 5555; x_wconf 75' lang='lat' dir='ltr'><strong>orem</strong></span> 
     </span>
    </p>
   </div>
   <div class='ocr_carea' id='block_1_118' title="bbox 2164 5578 3737 5646">
    <p class='ocr_par' dir='ltr' id='par_1_118' title="bbox 2164 5578 3737 5646">
     <span class='ocr_line' id='line_1_118' title="bbox 2164 5578 3737 5646; baseline 0.013 -21"><span class='ocrx_word' id='word_1_928' title='bbox 2164 5578 2240 5627; x_wconf 69' lang='lat' dir='ltr'><strong>vel</strong></span> <span class='ocrx_word' id='word_1_929' title='bbox 2269 5581 2527 5635; x_wconf 77' lang='lat' dir='ltr'><strong>tantillum</strong></span> <span class='ocrx_word' id='word_1_930' title='bbox 2561 5586 2814 5638; x_wconf 80' lang='lat' dir='ltr'><strong>:u_&#39;t:cdcrc</strong></span> <span class='ocrx_word' id='word_1_931' title='bbox 2844 5586 2865 5636; x_wconf 85' lang='lat'><strong>?</strong></span> <span class='ocrx_word' id='word_1_932' title='bbox 2896 5586 3029 5639; x_wconf 83' lang='lat' dir='ltr'><strong>lliue</strong></span> <span class='ocrx_word' id='word_1_933' title='bbox 3069 5606 3162 5641; x_wconf 78' lang='lat' dir='ltr'><strong>nos</strong></span> <span class='ocrx_word' id='word_1_934' title='bbox 3207 5591 3428 5643; x_wconf 77' lang='lat' dir='ltr'><strong>instituit</strong></span> <span class='ocrx_word' id='word_1_935' title='bbox 3459 5605 3507 5644; x_wconf 91' lang='lat' dir='ltr'><strong>ut</strong></span> <span class='ocrx_word' id='word_1_936' title='bbox 3544 5611 3608 5646; x_wconf 86' lang='lat' dir='ltr'><strong>ne</strong></span> <span class='ocrx_word' id='word_1_937' title='bbox 3643 5595 3737 5646; x_wconf 69' lang='lat' dir='ltr'><strong>hu-</strong></span> 
     </span>
    </p>
   </div>
   <div class='ocr_carea' id='block_1_119' title="bbox 2150 5669 3734 5753">
    <p class='ocr_par' dir='ltr' id='par_1_119' title="bbox 2150 5669 3734 5753">
     <span class='ocr_line' id='line_1_119' title="bbox 2150 5669 3734 5753; baseline 0.014 -36"><span class='ocrx_word' id='word_1_938' title='bbox 2150 5669 2378 5735; x_wconf 64' lang='lat' dir='ltr'><strong>jusmvdi</strong></span> <span class='ocrx_word' id='word_1_939' title='bbox 2424 5681 2671 5727; x_wconf 79' lang='lat' dir='ltr'><strong>decorem</strong></span> <span class='ocrx_word' id='word_1_940' title='bbox 2715 5694 2962 5746; x_wconf 77' lang='lat' dir='ltr'><strong>nunquam</strong></span> <span class='ocrx_word' id='word_1_941' title='bbox 2993 5681 3310 5733; x_wconf 62' lang='lat' dir='ltr'><strong>ambiauuh.</strong></span> <span class='ocrx_word' id='word_1_942' title='bbox 3350 5683 3478 5737; x_wconf 69' lang='lat' dir='ltr'><strong>Vtile</strong></span> <span class='ocrx_word' id='word_1_943' title='bbox 3525 5682 3734 5753; x_wconf 47' lang='lat' dir='ltr'><strong>uituli--</strong></span> 
     </span>
    </p>
   </div>
   <div class='ocr_carea' id='block_1_120' title="bbox 2152 5762 3731 5842">
    <p class='ocr_par' dir='ltr' id='par_1_120' title="bbox 2152 5762 3731 5842">
     <span class='ocr_line' id='line_1_120' title="bbox 2152 5762 3731 5842; baseline 0.012 -32"><span class='ocrx_word' id='word_1_944' title='bbox 2152 5774 2270 5812; x_wconf 72' lang='lat' dir='ltr'><strong>ttctzt</strong></span> <span class='ocrx_word' id='word_1_945' title='bbox 2297 5762 2412 5828; x_wconf 72' lang='lat' dir='ltr'><strong>ejus</strong></span> <span class='ocrx_word' id='word_1_946' title='bbox 2439 5779 2450 5812; x_wconf 85' lang='lat'><strong>;</strong></span> <span class='ocrx_word' id='word_1_947' title='bbox 2483 5773 2604 5832; x_wconf 66' lang='lat' dir='ltr'><strong>post</strong></span> <span class='ocrx_word' id='word_1_948' title='bbox 2625 5768 2918 5834; x_wconf 73' lang='lat' dir='ltr'><strong>victoriam,</strong></span> <span class='ocrx_word' id='word_1_949' title='bbox 2948 5770 2997 5822; x_wconf 89' lang='lat' dir='ltr'><strong>in</strong></span> <span class='ocrx_word' id='word_1_950' title='bbox 3024 5771 3287 5824; x_wconf 78' lang='lat' dir='ltr'><strong>cltbatuuu</strong></span> <span class='ocrx_word' id='word_1_951' title='bbox 3313 5774 3557 5827; x_wconf 77' lang='lat' dir='ltr'><strong>mittitur.</strong></span> <span class='ocrx_word' id='word_1_952' title='bbox 3584 5777 3731 5842; x_wconf 65' lang='lat' dir='ltr'><strong>Quod</strong></span> 
     </span>
    </p>
   </div>
  </div>
