4066 6426
257 413 355 471 50!

259 536 306 590 si
328 544 456 602 erga
479 527 669 585 istisce
693 531 751 581 et
775 519 845 578 ad
871 516 1071 576 nullius
1094 510 1354 602 momenti
1379 520 1536 563 usum
1576 504 1720 559 Deus
1747 512 1865 555 tan-

261 636 370 683 tam
643 612 1036 690 providentiam
1054 651 1071 677 ,
1101 600 1376 679 quomodo
1404 609 1460 656 te
1488 597 1722 669 negligat
1746 609 1865 649 om-

262 719 409 773 nium
454 712 695 772 maxime
721 703 1089 762 necessarium
1113 693 1317 758 aniutal
1333 692 1361 747 ἳ
1382 690 1563 761 Quare
1597 700 1730 757 ergo
1751 694 1862 739 tam

264 808 485 882 [nnciam
516 801 640 857 fecit
665 800 753 855 illa
778 796 804 852 3
825 794 897 852 Ut
918 806 1074 850 suam
1096 786 1410 844 ostenderet
1433 779 1778 851 sapientiam,
1809 784 1865 831 et

394 896 656 971 potentia:
680 907 794 947 sine
821 931 838 955 ,
864 902 974 959 quo
998 883 1234 952 undique
1255 879 1377 949 ejus
1400 875 1625 971 gloriam
1638 870 1865 971 ediscit:

261 959 413 1053 ntus:
433 989 621 1059 Neque
647 984 794 1041 enim
819 978 945 1036 (itali
990 982 1195 1029 tantum
1229 977 1474 1025 euarranl
1518 963 1737 1050 gloriam
1766 959 1865 1014 Dei

497 1046 593 1136 1-8.
619 1076 719 1150 2),
763 1071 858 1129 sed
912 1069 1078 1127 etiam
1122 1074 1265 1120 terra
1296 1082 1311 1119 :
1338 1060 1501 1131 idque
1526 1046 1529 1050 ’
1553 1054 1864 1126 significans

263 1146 429 1233 eum
454 1146 705 1227 dicebat:
736 1161 969 1220 unum
996 1156 1296 1222 Dominum,
1326 1151 1471 1223 ligna
1495 1146 1783 1218 fructifera,
1814 1152 1864 1198 οι

260 1283 434 1331 omnes
456 1259 637 1333 cedri(
667 1255 816 1322 Ρωι.
842 1252 971 1310 “8.
999 1250 1036 1307 9
1064 1250 1103 1318 ).
1133 1244 1252 1303 Alia
1273 1242 1419 1300 enim
1466 1254 1561 1333 per.
1588 1238 1817 1333 tractum
1842 1273 1859 1299 ,

261 1323 363 1418 alia
384 1323 483 1429 per
503 1323 948 1423 magnitudinem.
971 1341 1074 1397 alia
1095 1352 1194 1410 per
1221 1329 1673 1429 pulchritudinem
1683 1323 1864 1429 .Crea-

264 1416 365 1507 turi
388 1416 905 1508 laudem'emittunt.
932 1432 1135 1499 Magna!
1168 1439 1385 1499 quoque
1423 1420 1555 1480 illud
1581 1416 1864 1488 sapientiae

262 1550 341 1602 cst
366 1548 422 1594 et
452 1530 733 1607 potestatis
757 1529 990 1597 signum,
1021 1535 1144 1578 cum
1169 1519 1332 1575 etiam
1358 1530 1422 1571 ea
1451 1529 1573 1585 qua:
1601 1508 1861 1568 vilissima

264 1600 389 1692 stunt
415 1600 572 1702 (quid
599 1625 743 1681 enim
766 1621 926 1676 vilius
956 1616 1048 1672 illo
1066 1612 1209 1685 quod
1231 1608 1393 1666 hodie
1416 1620 1521 1672 est,
1554 1618 1676 1661 cras
1697 1600 1863 1657 mini-

266 1697 619 1796 sterium
640 1719 864 1775 decorat
908 1708 1322 1796 pulchritudine.
1374 1703 1431 1796 si
1478 1701 1647 1796 igitur.
1674 1697 1862 1796 lieno,

265 1785 638 1891 quod'nullius
674 1821 807 1863 usus
835 1812 922 1860 est
945 1844 962 1868 ,
1021 1800 1073 1855 id
1120 1795 1353 1861 dederit,
1383 1791 1534 1865 (quid
1560 1789 1709 1851 enim
1747 1785 1866 1856 pul-

266 1878 515 1972 ebritudo
535 1903 654 1974 ejus
680 1899 747 1954 ad
770 1897 907 1969 ignis
930 1892 1247 1949 alimentum
1265 1884 1482 1943 confert
1511 1884 1564 1951 2)
1588 1878 1864 1953 quomodo

265 1996 495 2069 unum
524 1971 662 2065 opus
688 1990 879 2055 habes,
904 2000 1010 2042 non
1031 1980 1224 2040 dabit?
1249 1979 1306 2036 Si
1331 1976 1478 2069 quod
1505 1974 1749 2069 omnium
1778 1971 1861 2069 γι.

262 2061 534 2147 lissinium
560 2061 645 2142 est
668 2079 1006 2139 abundanter
1029 2071 1277 2134 ornavit,
1321 2079 1377 2125 et
1402 2067 1507 2123 hoc
1531 2064 1639 2122 ndu
1666 2062 1734 2118 ad
1757 2061 1862 2116 ali-

263 2196 425 2254 quem
465 2191 619 2235 usum
639 2216 656 2243 ,
680 2171 779 2232 sed
800 2169 870 2226 ad
896 2162 1348 2238 magniﬁcentiam
1378 2201 1393 2225 ,
1419 2157 1593 2212 multo
1618 2154 1789 2224 magis
1811 2162 1865 2209 te

262 2243 508 2345 omnium
534 2264 985 2343 pretiosissimum
1017 2259 1073 2319 in
1097 2256 1164 2319 iis
1196 2294 1213 2323 ,
1241 2268 1362 2325 qua:
1401 2250 1469 2311 ad
1510 2262 1669 2305 usum
1699 2243 1869 2316 perti-

268 2377 421 2433 nent,
452 2361 760 2419 honorabit.

332 2429 691 2529 2.—Quoniam
722 2452 887 2523 igitur
920 2445 1142 2502 multam
1172 2437 1420 2529 ostendit
1440 2434 1538 2503 Dei
1574 2429 1868 2503 providen—

266 2555 421 2617 tiam,
440 2524 505 2605 ξι
527 2550 807 2616 increpare
851 2540 973 2594 illos
997 2544 1184 2607 postea
1212 2527 1502 2602 oportebat
1523 2567 1539 2592 ,
1569 2524 1658 2579 hic
1683 2530 1864 2579 tamen

264 2613 492 2703 lenitate
512 2613 715 2705 utitur,
746 2650 854 2692 non
882 2628 1313 2688 incredulitatem
1337 2664 1354 2689 ,
1383 2620 1480 2677 sed
1507 2618 1774 2676 modicam
1797 2613 1865 2670 ﬂ-

262 2740 389 2797 dem
408 2735 515 2791 illis
542 2736 832 2803 imputaus.
867 2727 929 2782 Si
954 2724 1088 2779 enim
1116 2721 1309 2791 [mnum
1331 2715 1445 2788 agri
1468 2756 1482 2778 ,
1510 2707 1868 2803 inguinibus

262 2833 337 2888 sic
372 2829 538 2890 vestit,
578 2799 739 2879 multo
768 2821 928 2890 magis
979 2832 1088 2879 nos,
1132 2810 1346 2866 modica
1391 2806 1531 2876 fidei.
1557 2801 1719 2872 Atqui
1747 2799 1866 2855 haec

263 2923 443 2980 omnia
473 2922 587 2989 ipse
608 2923 877 2986 operatur;
899 2924 1021 2963 nam
1046 2904 1234 2960 Omnia
1259 2916 1349 2972 per
1371 2900 1540 2968 ipsum
1564 2900 1700 2966 facta

263 3025 311 3079 et
339 3015 449 3067 sine
474 2980 587 3081 ipso
613 2980 803 3079 factum
824 3010 897 3057 est
916 2998 1046 3054 nihil
1066 2995 1251 3065 (Ioan.
1281 2992 1334 3055 1.
1362 2991 1421 3055 5)
1439 2980 1867 3081 :attamen-nihil

265 3070 582 3177 usquam'de
664 3097 1069 3154 commemorat.
1088 3082 1398 3143 Sufﬂciebat
1412 3080 1555 3135 enim
1568 3073 1786 3131 interim
1798 3070 1868 3127 ad

263 3162 741 3253 demonstrandam
761 3182 1136 3244 auctoritatem
1162 3190 1317 3231 suam
1344 3215 1360 3238 ,
1386 3170 1531 3240 quod
1552 3168 1768 3221 diceret
1792 3162 1866 3253 ad

262 3286 480 3358 singula
514 3288 781 3354 prmcepta
809 3294 823 3329 :
853 3270 1080 3329 Audistis
1114 3265 1237 3337 quia
1264 3264 1455 3317 dictum
1488 3266 1563 3311 est
1602 3252 1867 3358 antiquis:

266 3341 565 3452 nim}.
592 3341 707 3426 dico
733 3368 872 3423 vobis
917 3362 1133 3433 (Matth.
1173 3358 1228 3413 5.
1255 3351 1465 3409 21.22.
1496 3350 1631 3417 sqq.)
1673 3341 1869 3452 uena.

264 3433 371 3541 ξιῖιο
396 3466 610 3523 mireris
628 3475 752 3522 cum
780 3459 833 3515 in
858 3452 1222 3522 sequentibus
1238 3464 1362 3510 sese
1382 3444 1745 3507 occultat,aut
1767 3433 1871 3541 hu-

270 3526 401 3618 mile
425 3563 702 3635 quidpiam
729 3557 796 3610 de
822 3567 881 3607 se
906 3547 1166 3618 loquitur.
1202 3540 1377 3635 [litum
1407 3536 1609 3607 quippe
1649 3526 1870 3585 interim

266 3630 517 3721 curabat,
550 3630 609 3708 ut
627 3656 879 3717 acceptus
903 3651 959 3697 et
977 3633 1266 3711 probabilis
1291 3632 1400 3687 illis
1423 3640 1607 3688 sermo
1625 3630 1793 3688 esset,
1808 3634 1872 3681 ac

271 3768 375 3825 per
401 3746 585 3806 omnia
611 3716 940 3800 ostenderet,
974 3749 1033 3787 se
1060 3745 1166 3785 non
1194 3740 1316 3782 esse
1339 3725 1449 3779 Deo
1478 3716 1871 3825 “venalium;

270 3803 368 3905 ἔω
406 3856 532 3904 cum
578 3837 741 3892 Patre
774 3826 1205 3887 consentientem
1249 3827 1308 3873 et
1344 3811 1693 3871 concordem.
1719 3803 1874 3873 Quod

271 3900 453 3991 edam
489 3931 577 3987 hic
620 3925 765 3981 iacit.
797 3922 923 3976 Post
950 3924 1029 3971 tot
1054 3914 1199 3968 enim
1244 3918 1527 3965 sermones
1566 3900 1878 3969 frequenter

274 4029 426 4083 illum
456 4024 511 4078 in
534 4018 769 4075 modium
793 4008 1035 4071 adducit,
1062 4003 1334 4059 admirans
1360 3998 1479 4066 ejus
1503 3991 1822 4062 sapientiam
1855 4027 1871 4052 ,

276 4113 677 4190 providentiam
701 4111 752 4162 in
779 4101 1031 4168 outnibos
1056 4114 1077 4161 ,ε
1096 4097 1150 4150 in
1171 4089 1466 4162 ntajorihus
1492 4095 1548 4141 et
1574 4085 1626 4137 in
1651 4080 1877 4136 minori—

277 4177 402 4268 bus.
430 4208 563 4265 Nam
585 4218 706 4259 cum
728 4200 799 4255 de
822 4192 1161 4263 Jerusolyma
1190 4186 1397 4241 diceret
1412 4222 1427 4247 ,
1468 4177 1742 4235 civitatem
1768 4186 1884 4224 ma-

276 4303 369 4375 gni
391 4298 536 4371 regis
548 4298 718 4367 ipsam
747 4286 950 4347 vumvit
986 4302 1002 4339 :
1032 4294 1086 4336 et
1108 4293 1232 4335 cum
1257 4274 1450 4375 omium
1482 4277 1880 4375 commemora—

430 4352 641 4449 :olitim
689 4383 781 4438 Dei
806 4374 1100 4448 appellavit
1125 4391 1142 4424 :
1172 4376 1230 4426 et
1250 4381 1378 4423 cum
1406 4362 1475 4418 de
1501 4357 1692 4459 mundi

281 4445 605 4553 nisti-alioue
626 4475 787 4531 verba
816 4445 1034 4537 laceret,
1060 4463 1162 4533 ipsi
1184 4474 1398 4517 rursum
1429 4452 1607 4507 omnia
1625 4445 1886 4504 adscribit

282 4541 473 4648 dicens
493 4592 511 4629 :
536 4571 637 4641 Qui
659 4567 817 4624 solem
835 4577 984 4623 suum
1002 4557 1126 4612 oriri
1149 4553 1271 4625 facit
1288 4564 1442 4619 super
1459 4546 1622 4611 malos
1640 4553 1689 4597 et
1703 4541 1883 4605 bonos,

284 4635 333 4730 ἓ
376 4673 511 4744 pluit
542 4635 704 4739 ἶιεριτ
719 4664 891 4736 justas
914 4668 962 4714 et
999 4656 1219 4727 injustas
1246 4648 1267 4722 (
1299 4645 1437 4711 laid.
1468 4660 1520 4697 ιι.
1549 4641 1620 4695 t5
1652 4638 1695 4709 ).
1732 4636 1799 4691 Et
1828 4635 1886 4687 in

284 4734 534 4820 oratione
562 4734 642 4815 sic
664 4734 847 4814 dicere
882 4748 1068 4806 docuit
1096 4762 1109 4798 :
1146 4742 1281 4808 Quia
1304 4739 1415 4809 ejus
1452 4741 1525 4789 at
1553 4744 1766 4801 regnum
1794 4734 1888 4820 ἶΛεί

288 4818 537 4930 peractio,
555 4859 605 4905 et
622 4846 807 4919 gloria.
828 4842 926 4898 llic
940 4851 1152 4909 quoque
1171 4833 1244 4889 de
1260 4831 1403 4886 illius
1427 4821 1759 4897 providentia
1781 4818 1894 4920 dis-

288 4910 479 5004 serens
498 4910 594 5008 ,ἐι
616 4910 906 4994 ostendens
927 4933 1102 5001 ipsum
1118 4925 1203 4981 vel
1223 4924 1278 4977 in
1306 4920 1482 4991 parvis
1500 4918 1760 4986 optimum
1777 4910 1892 4977 upi-

289 5046 450 5106 ticcm
471 5049 615 5098 esse,
632 5032 728 5096 ait,
754 5027 971 5083 Fctum
992 5022 1103 5093 agri
1125 5018 1289 5075 nestit.
1308 5020 1381 5071 Ac
1399 5026 1660 5081 nusquam
1685 5018 1891 5076 patrem

290 5146 450 5188 suum
465 5133 642 5186 vocat,
657 5122 751 5178 sed
764 5120 980 5175 illorum
997 5134 1012 5170 :
1034 5123 1092 5167 ut
1104 5122 1162 5167 et
1176 5112 1280 5168 hoc
1304 5108 1512 5166 hunore
1534 5108 1892 5181 permoveret,

289 5233 345 5278 et
384 5234 510 5280 cum
551 5224 760 5288 patrem
800 5223 954 5265 suum
997 5214 1180 5275 postea
1207 5202 1451 5266 diceret,
1498 5210 1605 5249 non
1651 5192 1897 5259 indigna-

292 5322 503 5369 rentur.
527 5285 586 5364 si
614 5320 745 5362 vero
770 5302 839 5357 de
866 5299 1059 5355 vilibus
1080 5306 1132 5349 et
1154 5285 1766 5350 necessariissullicitnm
1779 5296 1901 5336 esse

296 5420 405 5457 non
432 5408 699 5471 oporteat,
714 5409 814 5466 qua
831 5387 1175 5448 excusatione
1191 5384 1332 5453 digni
1352 5389 1476 5442 sunt
1497 5379 1585 5447 qui
1607 5376 1677 5431 de
1698 5371 1902 5443 magni.

298 5493 417 5553 ﬁcis
445 5464 631 5549 curam
667 5464 897 5543 habent?
928 5483 1035 5535 imo
1060 5480 1233 5549 potius
1255 5490 1359 5544 qua
1388 5469 1733 5533 excusatione
1756 5464 1901 5534 digni

298 5597 450 5653 sunt,
480 5583 571 5657 qui
596 5596 703 5634 non
741 5575 1033 5634 dormiunt,
1056 5580 1115 5626 ut
1134 5570 1307 5627 aliena
1346 5568 1485 5625 buua
1507 5564 1715 5634 rapiant
1750 5560 1773 5613 ἲ
1811 5558 1901 5613 51.

308 5652 480 5732 Nolite
494 5652 615 5746 ergo
638 5672 840 5727 solliciti
856 5685 984 5734 esse,
1002 5666 1225 5719 dicentes
1247 5675 1266 5714 :
1287 5659 1425 5727 Quid
1452 5652 1867 5709 manducabimus
1887 5689 1901 5712 ,

296 5768 528 5835 aliquid
550 5765 795 5826 bibemus,
818 5772 902 5814 aut
924 5777 1023 5829 quo
1044 5755 1365 5825 operiuntur?
1384 5751 1467 5807 5‘2.
1502 5749 1625 5803 Hu‘c
1647 5748 1777 5799 enim
1799 5760 1904 5797 ont-

295 5866 387 5916 nia
408 5861 585 5913 mundi
607 5868 773 5920 qentcs
804 5853 1078 5922 inquirunt,
1103 5838 1565 5911 Viden’quomodo
1584 5851 1774 5895 rursus
1790 5838 1908 5892 illm

1252 391 1319 450 IN
1356 385 1767 447 mmusuu
1809 384 2023 441 noun.
2058 366 2231 441 χιιι.
2275 382 2348 437 al.
2388 379 2584 438 χχιιι.

3469 371 3581 433 802

1972 508 2029 557 et
2053 500 2224 570 magis
2250 497 2608 570 increpaverit
2632 540 2648 565 _,
2697 506 2754 552 et
2778 495 3133 553 declaravcrit
3151 539 3169 566 ,
3197 511 3261 552 se
3279 497 3414 553 nihil
3437 513 3570 561 mte-

1971 607 2155 646 rosum
2180 591 2263 645 vel
2288 592 2482 646 durum
2514 590 2841 661 praecepisse
2867 590 2895 643 ἳ
2915 588 3066 645 Sicut
3094 589 3257 660 igitur
3277 604 3401 643 cum
3430 588 3567 644 dice

1968 692 2052 739 ret
2073 724 2090 750 ,
2114 682 2178 740 Si
2212 684 2427 754 diligitis
2465 682 2733 753 diligentes
2782 696 2891 747 vos,
2922 682 3055 736 nihil
3097 698 3341 753 magnum
3366 681 3563 751 facitis,

1969 796 2091 833 nam
2118 789 2165 833 et
2182 778 2370 833 ethnici
2395 778 2492 832 hoc
2510 781 2710 851 faciunt
2734 776 2952 851 (Matth.
2980 778 3032 834 5.
3054 778 3149 834 46.
3175 777 3295 847 Π),
3312 776 3382 832 ab
3395 775 3575 834 etan

1966 885 2157 925 eorum
2182 869 2705 924 commemoratione
2732 870 2878 934 ipsos
2907 868 2976 924 ad
3013 869 3240 924 meliora
3280 869 3577 925 excitavit:

1965 962 2046 1015 sic
2088 970 2145 1016 ct
2174 975 2319 1019 nunc
2357 961 2479 1016 illos
2523 961 2575 1015 in
2627 959 2864 1015 medium
2910 959 3171 1026 adducit,
3204 961 3578 1032 perstringens

1966 1068 2063 1109 eos
2082 1094 2098 1119 ,
2131 1063 2183 1112 et
2210 1052 2505 1107 ostendens
2527 1092 2543 1115 ,
2593 1065 2654 1106 se
2684 1052 3048 1106 necessarium
3076 1066 3109 1115 a
3134 1052 3293 1108 nobis
3334 1052 3578 1109 debitum

1965 1144 2201 1214 exigere.
2231 1144 2289 1199 Si
2311 1144 2455 1198 etaim
2484 1144 2604 1213 plus
2628 1157 2790 1213 quam
2818 1142 3028 1198 scribas
3054 1152 3112 1197 et
3145 1142 3446 1207 Pharismos
3479 1159 3581 1214 ex-

1969 1210 2153 1293 hibere
2177 1246 2425 1307 oporteat
2454 1210 2622 1306 [qua
2649 1210 2814 1313 plena
2858 1236 3005 1306 digni
3049 1236 3254 1291 erimus
3285 1277 3301 1299 ,
3329 1237 3419 1306 qui
3469 1210 3578 1291 non

1967 1330 2131 1386 modo
2160 1329 2285 1384 illos
2313 1345 2420 1383 non
2450 1344 2793 1398 superamus,
2823 1328 2917 1382 sed
2939 1337 2994 1382 et
3021 1328 3075 1382 in
3095 1327 3434 1383 ethnicorum
3459 1329 3582 1383 vill-

1966 1427 2082 1478 tate
2105 1435 2407 1484 manemus,
2429 1428 2487 1475 et
2514 1420 2727 1475 illorum
2742 1420 3236 1490 pusillanimitatem
3266 1421 3581 1476 imitamur?

1965 1510 2075 1567 Nec
2109 1512 2243 1568 satis
2272 1512 2459 1566 habuit
2487 1512 2800 1582 increpasse
2824 1554 2840 1577 ,
2886 1511 2982 1568 sed
3008 1527 3134 1567 cum
3166 1512 3577 1583 perstrinxissot

1968 1603 2109 1670 illos,
2127 1603 2495 1659 excitassetac
2523 1602 2729 1673 pudore
2757 1601 3025 1659 aﬂ‘ecisset
3052 1618 3176 1659 cum
3207 1605 3570 1672 vehementia,

1967 1694 2187 1751 aliunde
2226 1695 2352 1750 illos
2378 1693 2695 1749 consolatur
2716 1693 2907 1749 dicens
2936 1712 2952 1751 :
2981 1693 3093 1753 Sd!
3117 1695 3253 1756 ειιὶηι
3301 1694 3459 1752 Pater
3486 1712 3573 1749 ve-

1966 1797 2070 1845 ster
2096 1790 2347 1855 celestis,
2373 1789 2496 1855 quia
2542 1789 2623 1843 his
2667 1787 2904 1843 omnibus
2928 1788 3187 1860 indigetis.
3237 1787 3353 1843 Non
3384 1788 3522 1843 dixit
3553 1832 3568 1851 ,

1967 1880 2082 1938 Scit
2102 1880 2266 1945 Deus,
2293 1879 2413 1944 sed,
2438 1879 2552 1936 Scit
2581 1876 2763 1945 Paton,
2796 1890 2850 1934 ut
2875 1879 2997 1933 illos
3026 1878 3094 1933 ad
3126 1879 3387 1947 majorem
3415 1894 3571 1948 spem

1967 1971 2159 2043 erigat.
2180 1971 2238 2028 Si
2258 1972 2405 2027 enim
2436 1981 2590 2041 pater
2613 1981 2699 2027 est
2726 2012 2744 2041 ,
2772 1979 2830 2026 et
2855 1980 3007 2041 pater
3036 1972 3162 2027 talis
3189 2014 3207 2038 ,
3240 1988 3345 2027 non
3374 1974 3579 2042 poterit

1968 2062 2254 2134 despicere
2284 2063 2424 2120 ﬂlios
2446 2064 2499 2119 in
2532 2064 2795 2119 extremis
2820 2063 2978 2119 malis
3002 2072 3286 2119 versantes
3314 2082 3327 2118 :
3360 2064 3580 2135 quando

1969 2169 2041 2213 ne
2082 2155 2331 2211 homines
2370 2155 2589 2226 quidem
2631 2164 2812 2226 patres
2853 2156 2958 2215 hoc
2982 2155 3284 2226 patiuntur.
3312 2156 3581 2227 Aliudque

1970 2247 2155 2318 postea
2184 2247 2392 2302 inducit
2422 2246 2786 2302 ratiocinium.
2814 2246 3097 2314 Quodnam
3129 2246 3258 2302 illud
3286 2247 3312 2301 ?
3340 2247 3475 2313 Quia
3498 2249 3579 2305 his

1971 2338 2205 2396 omnibus
2242 2336 2503 2410 indigetis.
2536 2337 2651 2392 Hoc
2695 2346 2876 2392 autem
2906 2336 3025 2392 vult
3068 2336 3395 2408 signiﬁcare.
3438 2336 3580 2397 Num

1969 2429 2241 2501 superﬂua
2260 2437 2390 2484 sunt
2416 2428 2531 2483 haec
2561 2469 2576 2492 ,
2612 2438 2670 2482 ut
2692 2428 2997 2497 deSpiciat?
3024 2428 3188 2499 Atqui
3207 2444 3279 2483 ne
3304 2429 3356 2483 in
3380 2442 3579 2498 super-

1970 2520 2094 2575 ﬂuis
2122 2521 2338 2591 quidem
2366 2521 2632 2589 despexit,
2662 2529 2721 2573 ut
2752 2520 2805 2575 in
2830 2520 3007 2575 fumo:
3034 2535 3176 2575 nunc
3201 2528 3453 2575 autemet
3484 2536 3580 2576 ne-

1969 2614 2209 2668 cessaria
2240 2620 2388 2668 sunt.
2420 2611 2605 2682 Itaque
2628 2611 2775 2682 quod
2806 2624 2961 2681 putas
2986 2625 3205 2665 cattsam
3230 2626 3352 2666 esse
3380 2610 3580 2666 sollici.

1973 2703 2197 2768 tudinis,
2223 2704 2274 2759 id
2296 2704 2419 2759 dico
2443 2703 2695 2758 idoneum
2721 2718 2843 2757 esse
2866 2702 2933 2757 ad
2960 2702 3283 2773 abigendam
3324 2702 3416 2755 tibi
3442 2701 3582 2757 hanc

1968 2795 2407 2852 sollicitudinem.
2434 2795 2589 2862 Quod
2610 2795 2654 2849 si
2680 2794 2851 2861 dicas,
2875 2792 3003 2850 Ideo
3031 2809 3119 2850 me
3144 2792 3433 2849 sollicitum
3460 2808 3583 2851 esse

1970 2897 2205 2958 oportet,
2233 2888 2357 2959 quia
2386 2887 2693 2943 necessaria
2716 2896 2845 2941 sunt
2867 2904 2882 2942 :
2903 2900 3007 2957 ego
3031 2894 3219 2955 contrp
3250 2886 3579 2955 respondeo:

1971 2979 2096 3035 ideo
2124 2995 2193 3033 ne
2218 2980 2485 3035 sollicitus
2509 2980 2608 3045 sis,
2636 2979 2762 3049 quia
2807 2977 3114 3033 necessaria
3144 2986 3292 3031 sunt.
3325 2975 3385 3032 Si
3430 2976 3578 3032 enim

1968 3070 2242 3140 superﬂua
2286 3081 2470 3126 essent
2488 3113 2504 3138 ,
2538 3086 2719 3141 neque
2742 3070 2822 3125 sic
2842 3069 3241 3153 desperandum
3267 3078 3453 3135 esset,
3482 3068 3579 3124 sed

1970 3161 2349 3217 conﬁdendum
2379 3177 2442 3217 ea
2476 3163 2569 3216 tibi
2595 3161 2926 3231 suppeditari
2956 3175 3117 3227 posse
3140 3178 3154 3211 :
3178 3175 3301 3228 quia
3330 3175 3460 3213 vero
3491 3174 3583 3211 ne-

1967 3254 2205 3309 cessaria
2236 3264 2385 3317 sunt,
2410 3268 2516 3311 non
2560 3249 2703 3311 ultra
2720 3246 3001 3316 ambigere
3025 3254 3263 3315 oportet.
3278 3241 3419 3308 Quis
3436 3240 3590 3297 enim

1971 3354 2130 3418 pater
2144 3343 2385 3415 negligat
2406 3338 2503 3395 lilii
2562 3336 2680 3390 suis
2706 3332 3013 3389 necessaria
3038 3330 3278 3402 prmbcre
3304 3331 3328 3383 ?
3352 3328 3585 3399 Ideoque

1973 3434 2196 3488 omnino
2218 3433 2361 3485 Deus
2382 3430 2433 3485 id
2466 3428 2695 3485 daturus
2714 3436 2818 3482 est.
2844 3425 2979 3482 Nam
3009 3424 3123 3493 ipse
3145 3433 3351 3479 natum
3371 3434 3588 3478 creator

1974 3539 2077 3587 est.
2096 3535 2151 3580 et
2170 3524 2294 3595 quid
2323 3523 2424 3594 ipsi
2454 3519 2820 3578 necessarium
2840 3519 2915 3575 sit
2936 3526 3189 3573 accurate
3212 3516 3383 3572 novit.
3401 3515 3587 3587 Neque

1930 3632 1931 3635 ‘
1975 3618 2118 3671 enim
2145 3616 2330 3672 dicere
2359 3616 2536 3685 possis
2567 3655 2582 3679 ,
2612 3615 2792 3683 ipsum
2832 3610 3057 3681 quidem
3094 3622 3217 3669 esse
3244 3618 3450 3679 patrem
3484 3649 3499 3675 ,
3532 3617 3589 3664 et

1978 3708 2284 3767 necessaria
2330 3722 2454 3763 esse
2484 3721 2547 3761 ea
2591 3721 2714 3777 quae
2762 3702 3118 3774 requiruntur
3149 3743 3165 3768 ,
3204 3699 3299 3755 sed
3341 3700 3591 3770 ignorare

1979 3815 2103 3857 cum
2121 3799 2365 3871 nosipsis
2386 3813 2627 3869 egemus.
2650 3796 2785 3852 Nam
2814 3795 2905 3866 qui
2934 3802 3183 3848 naturam
3212 3794 3387 3861 ipsam
3416 3790 3589 3855 novit,

1981 3904 2036 3949 et
2055 3903 2267 3950 creator
2293 3892 2411 3963 ejus
2440 3900 2545 3957 est,
2575 3890 2832 3960 illamque
2857 3887 2961 3942 hoc
2982 3885 3144 3941 modo
3168 3886 3416 3939 formavit
3443 3924 3461 3948 ,
3493 3899 3591 3938 ne-

1982 3987 2294 4040 cessitatem
2320 3984 2464 4051 ejus,
2493 3991 2555 4037 ut
2586 3983 2759 4051 palam
2783 3991 2892 4044 est,
2916 3979 3112 4034 melius
3139 3978 3291 4032 novit
3313 3991 3477 4047 quam
3507 3985 3587 4039 tu,

1983 4076 2074 4147 qui
2106 4077 2160 4130 in
2190 4074 2513 4130 necessitate
2531 4072 2859 4128 constitutus
2874 4084 2953 4126 es.
2975 4069 3111 4124 Nam
3136 4068 3235 4137 ipsi
3268 4066 3347 4121 sic
3374 4066 3593 4136 placuit,

1988 4176 2045 4221 ut
2087 4167 2140 4221 in
2180 4163 2491 4235 bujusmodi
2520 4164 2845 4218 necessitate
2870 4176 3041 4217 esses.
3066 4160 3183 4215 Non
3218 4174 3351 4229 ergo
3374 4166 3596 4213 eontra-

1989 4264 2100 4318 rius
2124 4263 2229 4317 erit
2253 4263 2319 4317 iis
2346 4276 2469 4331 qua:
2503 4258 2673 4314 voluit
2698 4300 2713 4325 ,
2745 4257 2816 4312 ita
2847 4264 2907 4311 ut
2936 4264 2991 4312 te
3015 4256 3068 4310 iu
3099 4256 3428 4309 necessitate
3459 4267 3597 4307 eon-

1988 4355 2199 4417 stitnat,
2231 4361 2335 4408 eta
2368 4350 2690 4409 necessariis
2714 4348 2907 4421 privet.

2064 4450 2119 4503 ὅ.
2172 4448 2416 4501 Anxietas
2442 4443 2572 4499 nihil
2597 4443 2824 4514 prodest.
2872 4438 3219 4494 Providentia:
3250 4434 3366 4497 Dei.
3394 4434 3599 4490 Christo

1991 4551 2240 4606 monente,
2285 4539 2565 4608 ﬁdentium.
2599 4535 2693 4589 Dei
2718 4534 2915 4589 auxilio
2941 4535 3071 4585 bona
3106 4530 3307 4599 agimus
3337 4527 3601 4579 vomis.“

1992 4633 2071 4689 Ne
2113 4634 2291 4703 itaque
2332 4627 2548 4684 solliciti
2578 4626 2778 4686 simus;
2808 4638 2984 4693 neque
3029 4621 3177 4676 enim
3207 4618 3337 4690 quid
3374 4617 3605 4685 amplius

1994 4738 2431 4795 consequemur,
2478 4735 2640 4792 quam
2692 4717 2835 4789 quod
2887 4731 2989 4771 nos
3024 4714 3169 4769 curis
3210 4712 3604 4766 distendamus.

1996 4820 2132 4875 Cum
2183 4818 2329 4873 enim
2384 4814 2539 4869 nobis
2579 4815 2694 4867 sive
2733 4810 3000 4873 sollicitis,
3033 4808 3147 4861 sive
3187 4820 3292 4860 non
3336 4802 3605 4863 sollicitis,

1998 4915 2109 4969 imo
2142 4912 2315 4981 potius
2346 4924 2451 4963 non
2483 4904 2727 4960 sollicitis
2750 4942 2766 4969 ,
2804 4901 2856 4957 id
2885 4906 3123 4970 pnnstet,
3169 4896 3296 4967 quid
3340 4894 3437 4949 tibi
3474 4909 3607 4948 am—

2002 5006 2141 5077 plius
2175 5018 2242 5057 ex
2276 4998 2637 5057 sollicitudine
2664 4993 2925 5053 manebit.
2948 5006 3109 5063 quam
3159 4988 3300 5058 quod
3350 5000 3537 5057 pinnas
3579 5000 3608 5037 a

2004 5076 2175 5165 teipso
2194 5091 2494 5162 superﬂuas
2507 5084 2782 5156 exegeris?
2801 5083 2985 5153 Neque
3006 5081 3149 5136 enim
3176 5080 3295 5149 quis
3314 5077 3381 5132 ad
3404 5076 3610 5131 lautum

2002 5188 2306 5245 convivium
2350 5195 2704 5244 accessurus,
2751 5177 2820 5233 de
2862 5176 2997 5230 cibis
3045 5186 3301 5240 umquam
3342 5168 3609 5224 sollicitus

2004 5282 2128 5340 erit;
2157 5292 2331 5348 neque
2353 5276 2399 5329 is
2422 5274 2513 5346 qui
2544 5272 2610 5327 ad
2645 5272 2844 5327 fontem
2876 5264 3103 5329 accedit,
3134 5263 3202 5318 de
3226 5272 3354 5333 potu
3382 5262 3485 5316 erit
3515 5276 3621 5313 an.-
3678 5286 3683 5287 ί

2007 5374 2149 5427 xius.
2180 5371 2257 5427 Ne
2287 5371 2466 5439 itaque
2503 5381 2623 5431 nos,
2651 5364 2846 5434 quibus
2874 5358 3175 5414 afﬂuentior
3226 5354 3383 5410 adest
3433 5366 3612 5408 rerum

2010 5466 2165 5533 copia
2186 5504 2203 5527 ,
2249 5477 2413 5531 quam
2440 5462 2492 5515 in
2521 5459 2669 5513 mille
2704 5455 2943 5510 [mnibus
2978 5460 3033 5507 et
3060 5450 3327 5505 conviviis
3354 5487 3367 5512 ,
3420 5460 3617 5517 nempe

2022 5559 2119 5615 Del
2150 5552 2685 5629 providentia,qttas1
2714 5562 2983 5622 pauperes
3012 5544 3393 5616 pusillanimes
3414 5542 3613 5597 simus.

2017 5652 2156 5708 Cum
2188 5647 2521 5719 supradictis
2557 5646 2702 5698 enim
2723 5642 2873 5695 aliud
2920 5641 2974 5693 in
2999 5637 3213 5693 cunctis
3232 5634 3397 5690 rebus
3416 5631 3619 5687 fidendi

2015 5746 2398 5808 argumentum
2416 5733 2655 5805 suggerit
2667 5731 2879 5795 ,diccus
2896 5746 2908 5781 ε
2926 5728 3016 5781 55.
3038 5724 3275 5790 Qumrite
3289 5737 3506 5791 regnum
3522 5734 3621 5772 ca!-

2014 5825 2211 5890 lot‘ttm,
2236 5838 2283 5881 ct
2300 5824 2600 5881 hozcomuin
2620 5821 2938 5891 adﬁcientur
2956 5814 3120 5871 vobis.
3151 5813 3452 5884 Postquam
3470 5798 3622 5857 enim
