4066 6484
309 390 422 457 ωδ

306 522 491 569 tamen
511 522 639 564 cum
663 513 743 561 tot
772 504 1027 573 tantaque
1049 499 1194 555 dicta
1220 498 1349 562 sint,
1377 512 1481 553 nos
1503 497 1573 551 de
1592 495 1677 550 his
1703 494 1915 549 solliciti

305 614 522 667 sumus,
552 594 786 655 celestis
813 603 994 649 autem
1016 606 1124 647 non
1144 588 1542 655 curamus,-sed
1568 586 1814 641 ordinem
1838 584 1924 638 ia-

304 691 607 755 vertimus,
663 687 916 756 utrinque
958 692 1148 738 contra
1191 695 1352 750 supra
1405 679 1547 733 dicta
1600 684 1919 749 pugnantes.

306 783 592 854 Perpende
615 794 846 850 namque
885 794 901 832 :
942 774 1075 831 dicit
1102 774 1233 829 ille:
1280 771 1359 827 Ne
1384 770 1607 825 omnino
1630 768 1920 838 praesemia

306 877 603 949 quaeratis;
637 880 935 927 nos-autem
965 867 1053 923 illa
1096 863 1314 919 assidue
1340 861 1653 933 quzerimns.
1686 859 1923 928 Quierite

307 968 574 1031 calestia,
616 962 818 1033 inquit;
861 974 963 1015 nos
1003 965 1181 1013 autem
1224 971 1293 1011 ne
1313 968 1488 1024 parvo
1515 952 1732 1023 quidem
1773 951 1923 1005 horae

311 1059 474 1113 unius
497 1056 673 1126 spatio
699 1054 787 1107 illa
815 1050 1146 1122 qui-rimus;
1182 1046 1278 1102 sed
1305 1055 1560 1117 quantam
1598 1045 1670 1101 de
1697 1044 1925 1099 ιωοιιῑιι-

310 1150 475 1205 rihus
492 1145 903 1203 sollicitudinem
938 1140 1276 1204 exhibemus,
1309 1146 1512 1194 tantam
1544 1139 1597 1192 in
1628 1135 1918 1207 Spirituali-

311 1244 419 1299 bus
456 1239 833 1311 negligentiam
862 1232 1219 1300 ostendimus,
1242 1232 1361 1287 imo
1402 1230 1573 1286 multo
1611 1230 1872 1299 majorem
1903 1247 1919 1283 :

312 1332 411 1389 sed
440 1340 549 1387 non
578 1344 793 1398 seraper
820 1327 936 1383 hare
964 1325 1120 1381 nobis
1162 1336 1422 1395 prospere
1448 1320 1780 1394 precedent;
1822 1335 1921 1374 ne-

313 1440 421 1494 que
446 1437 665 1493 semper
692 1423 764 1476 ita
795 1427 1021 1490 possunt
1045 1417 1289 1474 evenire.
1330 1415 1471 1471 Ecce
1498 1413 1689 1469 decem
1732 1413 1923 1469 diebus

314 1514 735 1577 contemnimus,
766 1526 892 1567 ecce
921 1506 1127 1579 viginti,
1158 1522 1286 1561 ecce
1312 1514 1548 1561 centum.
1589 1504 1784 1558 Annon
1829 1516 1924 1557 ne.

314 1624 472 1664 cosse
500 1620 723 1677 prorsus
749 1614 833 1660 est
860 1604 1032 1666 obire,
1076 1612 1129 1657 et
1161 1601 1213 1656 in
1236 1600 1525 1671 iudicantis
1552 1613 1743 1654 manus
1784 1598 1923 1653 inci-

315 1699 488 1754 dere?
512 1696 619 1754 Sed
649 1695 831 1751 dilatio
853 1692 1276 1749 consolationem
1303 1689 1479 1746 aﬂ'ert.
1510 1690 1574 1745 Et
1593 1704 1714 1759 qua:
1738 1698 1927 1745 conso-

318 1790 471 1855 latio,
504 1803 625 1843 eum
657 1785 896 1857 quotidie
936 1790 1281 1853 exspectatur
1307 1781 1629 1853 supplicium
1663 1789 1720 1836 et
1758 1780 1925 1835 ultio?

314 1880 373 1936 Si
405 1880 539 1934 velis
568 1878 709 1934 enim
731 1892 796 1932 ex
820 1876 922 1931 hac
946 1874 1202 1929 dilatione
1229 1872 1655 1927 consolationem
1685 1871 1921 1942 aliquam

316 1971 585 2040 accipere,
617 1970 800 2037 accipe
842 1982 985 2031 eam,
1030 1980 1151 2036 qua:
1190 1964 1520 2034 paenitentia:
1568 1962 1775 2017 fructus
1818 1971 1922 2029 est,

315 2061 773 2118 emendationem.
805 2057 938 2114 Nam
982 2057 1027 2111 si
1070 2072 1137 2112 ex
1169 2069 1237 2111 eo
1266 2055 1405 2125 quod
1446 2054 1579 2111 ultio
1623 2054 1923 2116 dill’eratur,

317 2153 552 2223 aliquam
600 2151 817 2221 prodire
866 2156 1023 2218 putas
1060 2146 1505 2212 consolationem,
1538 2145 1710 2200 multo
1754 2145 1926 2215 majvts

319 2247 528 2302 lucrum
559 2252 644 2299 est
688 2260 792 2296 non
834 2242 1073 2297 incidere
1112 2240 1165 2295 in
1207 2239 1490 2317 ultionem.
1536 2238 1759 2294 Utamur
1796 2254 1927 2307 ergo

320 2339 422 2392 hac
450 2336 730 2402 dilatione,
775 2343 833 2389 ut
870 2333 1091 2388 omnino
1116 2331 1187 2387 ab
1218 2330 1619 2386 imminentibus
1649 2330 1823 2400 pronis
1863 2329 1928 2383 lia

322 2432 597 2486 heremur.
640 2427 717 2481 Ex
750 2426 816 2480 iis
840 2426 983 2480 enim
1022 2439 1144 2494 qua:
1184 2431 1446 2493 praecepta
1491 2430 1616 2475 sunt
1657 2419 1792 2476 nihil
1840 2419 1927 2475 vel

320 2536 613 2577 (merosqu
644 2519 726 2574 vel
755 2518 1042 2572 molestum
1073 2525 1185 2579 est;
1213 2513 1307 2569 sed
1328 2514 1518 2568 omnia
1550 2514 1620 2567 ita
1661 2512 1842 2581 pervia
1872 2520 1927 2566 et

321 2614 521 2678 facilia,
565 2611 691 2665 utsi
723 2617 1023 2679 promptam
1059 2607 1232 2661 solum
1260 2605 1588 2660 voluntatem
1615 2603 1924 2669 alferamus,

320 2706 504 2760 oruuia
549 2702 822 2756 valeamus
872 2697 1163 2767 perficere,
1210 2695 1424 2752 etiamsi
1473 2695 1708 2750 millibus
1758 2696 1927 2749 simus

323 2793 561 2866 peccatis
585 2789 825 2847 obnoxii.
854 2788 1127 2843 Manasses
1153 2787 1299 2841 enim
1326 2784 1656 2841 exsecranda
1693 2785 1927 2841 facinora

319 2898 511 2949 ausus,
568 2882 659 2953 qui
712 2880 1202 2935 adversussancta
1254 2890 1445 2932 manus
1492 2874 1828 2939 extenderat,
1874 2883 1932 2931 et

318 2975 751 3031 Ibominationcs
778 2971 831 3025 in
858 2969 1119 3040 templum
1150 2966 1453 3031 induxerat,
1479 2966 1827 3038 cardibusque
1847 2982 1930 3021 ur-

326 3066 448 3122 ltem
480 3066 800 3134 repleverat,
848 3062 1121 3130 multath
1160 3059 1267 3114 alia
1313 3058 1513 3113 fecerat
1558 3073 1679 3129 qua
1717 3057 1927 3114 veniam

324 3170 433 3217 non
464 3155 808 3213 merebantur
852 3153 928 3227 (l.
971 3150 1103 3225 Reg.
1149 3148 1247 3223 21)
1280 3171 1293 3207 :
1325 3159 1562 3206 attamen
1608 3158 1730 3221 post
1769 3152 1927 3207 talem

325 3261 640 3319 tantamque
690 3248 1064 3318 iniquitatem,
1116 3245 1297 3299 omnia
1350 3244 1438 3299 illa
1491 3245 1693 3299 scelera
1739 3242 1924 3300 abluit.

318 3341 611 3413 Quomodo
634 3348 686 3394 et
706 3356 808 3408 qua
838 3335 1085 3393 ratione?
1112 3334 1213 3390 Per
1245 3334 1611 3404 ptenitcntiam
1638 3350 1702 3389 ac
1730 3336 1928 3390 bonum

324 3434 681 3505 propositum.

400 3526 454 3581 5.
481 3523 605 3578 Non
626 3530 697 3576 est
730 3530 985 3576 ucccatum
1004 3518 1139 3589 quati
1158 3517 1459 3587 ptenitentitt'
1477 3533 1577 3571 non
1599 3518 1768 3573 Cedat.
1793 3516 1933 3573 Dens

328 3633 431 3671 non
474 3616 657 3667 inuitos
696 3611 877 3666 solvat.
908 3610 1176 3675 Quomodo
1212 3624 1360 3662 orare
1387 3610 1656 3663 debeamus
1688 3619 1741 3662 ut
1768 3625 1929 3663 exau-

332 3712 558 3767 dimuur.
588 3707 875 3761 Assiduims
898 3715 1139 3771 quantum
1169 3705 1374 3757 bonum.
1402 3732 1473 3742 —-
1499 3696 1615 3756 Non
1652 3711 1735 3757 est
1765 3702 1933 3765 enim,

330 3819 441 3856 non
468 3808 553 3854 est
575 3808 722 3853 certe
757 3804 1051 3865 peccatum.
1088 3794 1230 3864 quod
1274 3810 1377 3847 non
1404 3794 1560 3847 cedat
1584 3794 1630 3846 vi
1671 3794 1937 3860 paeniten-

334 3891 455 3955 tlze;
484 3891 594 3943 imo
621 3890 796 3958 potius
822 3888 1007 3956 gratia:
1026 3884 1246 3939 Christi.
1279 3884 1409 3938 Nam
1440 3884 1483 3937 si
1515 3883 1675 3937 modo
1703 3899 1936 3939 conver-

333 3993 533 4045 tamur,
564 3982 651 4034 illc
684 3978 1025 4037 nobiscadcst
1058 3976 1351 4045 opitulator
1384 3993 1396 4029 :
1427 3990 1491 4030 ac
1520 3976 1562 4028 si
1596 3976 1726 4029 velis
1766 3977 1939 4030 bonus

334 4085 477 4133 esse.
510 4086 671 4125 nemo
695 4069 947 4138 impedit;
981 4069 1088 4122 imo
1122 4069 1297 4137 potius
1337 4077 1420 4122 est
1446 4068 1536 4137 qui
1565 4067 1827 4137 impedire
1848 4083 1940 4120 co-

339 4174 501 4221 netur
518 4163 783 4227 diabolus,
814 4175 987 4230 neque
1011 4167 1208 4230 potest,
1239 4168 1290 4212 te
1317 4158 1517 4226 optima
1546 4157 1798 4228 eligentc,
1828 4160 1936 4213 sic-

340 4273 447 4326 que
478 4258 645 4311 Deum
665 4254 729 4307 ad
754 4252 1105 4322 patrocinium
1130 4249 1451 4305 attrahente.
1482 4250 1574 4305 Sin
1599 4259 1654 4304 tu
1677 4251 1936 4316 nolueris,

342 4350 438 4405 sui
483 4347 756 4413 resilieris,
800 4344 1071 4415 quomodo
1113 4343 1207 4397 tibi
1260 4343 1711 4412 patrocinabitur?
1759 4343 1943 4413 Neque

342 4445 491 4497 enim
525 4440 571 4493 vi
603 4452 687 4493 aut
720 4438 1055 4501 necessitate,
1087 4434 1183 4489 sed
1214 4434 1467 4488 libentem
1494 4444 1545 4488 te
1572 4435 1685 4488 vult
1714 4434 1942 4490 salutem

344 4531 624 4602 consequi.
656 4529 786 4584 Nam
829 4528 874 4581 si
910 4538 963 4583 tu
990 4542 1205 4582 servum
1236 4525 1464 4580 haberes
1510 4535 1562 4581 te
1590 4525 1716 4580 odio
1745 4526 1947 4582 baben-

348 4637 454 4679 tem
487 4633 543 4678 et
579 4628 936 4683 aversantcm,
983 4632 1234 4686 saepeque
1279 4614 1616 4670 recedentem
1647 4630 1710 4670 ac
1742 4614 1948 4687 fugien-

348 4729 481 4777 tem.
513 4715 688 4769 nolles
730 4723 878 4768 certe
918 4711 1172 4775 retinere,
1203 4707 1306 4764 etsi
1336 4709 1453 4775 ejus
1483 4708 1782 4764 ministerio
1812 4723 1948 4777 Opus

349 4810 579 4863 haberes
612 4824 625 4858 :
656 4804 823 4858 multo
865 4802 1032 4871 magis
1074 4800 1234 4860 Deus.
1267 4798 1354 4867 qui
1388 4813 1491 4851 non
1538 4798 1608 4853 ob
1648 4814 1800 4854 suam
1845 4800 1947 4851 alia

349 4916 509 4971 quam
538 4898 934 4959 necessitatem,
958 4893 1051 4949 sed
1078 4892 1151 4947 ob
1170 4893 1393 4946 salutem
1426 4900 1567 4945 tuam
1595 4894 1772 4947 omnia
1802 4892 1946 4958 facit,

352 4994 518 5047 nollet
544 5001 595 5043 te
634 4990 682 5042 vi
727 4988 978 5041 retinere.
1006 4984 1139 5040 Cum
1169 4995 1353 5037 contra
1383 4983 1428 5036 si
1458 4988 1785 5037 voluntatem
1829 4994 1947 5038 tau-

352 5094 466 5139 tutn
496 5081 772 5142 exhibeas,
803 5091 1091 5147 numquam
1121 5084 1171 5129 te
1194 5075 1282 5127 ille
1305 5074 1537 5139 deseret,
1563 5076 1952 5144 quantumlibet

352 5174 603 5228 diabolus
626 5171 909 5225 adversum
937 5168 1153 5221 nitatur.
1188 5166 1366 5235 Itaque
1394 5181 1490 5219 nos
1513 5168 1671 5221 eausa
1699 5167 1953 5236 perniciei

354 5274 555 5321 nostnc
582 5269 787 5318 sumus.
817 5260 1001 5328 Neque
1039 5259 1179 5312 enim
1220 5257 1286 5310 ad
1329 5258 1473 5309 illum
1502 5259 1825 5322 accedimus,
1862 5276 1953 5315 ne-

355 5372 461 5426 que
489 5354 763 5424 supplices
793 5353 1020 5415 adimus,
1054 5365 1225 5419 neque
1273 5365 1519 5417 rogamus
1556 5358 1613 5403 ut
1644 5366 1739 5420 par
1766 5362 1909 5406 esset
1940 5372 1953 5408 :

361 5450 453 5507 sed
497 5447 710 5501 etiamsi
743 5444 1080 5505 accedamus,
1123 5442 1226 5495 hoc
1274 5439 1343 5494 ita
1392 5439 1616 5493 facimus
1655 5443 1805 5511 quasi
1847 5458 1954 5497 non

360 5539 722 5613 impetraturi,
766 5551 866 5591 nec
902 5550 1024 5590 cum
1058 5533 1162 5588 fide
1208 5535 1546 5600 congruenti.
1596 5546 1769 5603 neque
1804 5537 1953 5604 quasi

359 5638 682 5704 exigentes;
728 5629 820 5683 sed
862 5628 1151 5682 oscitantes
1202 5638 1265 5678 ac
1307 5635 1579 5692 torpentes
1621 5626 1799 5679 omnia
1831 5626 1958 5680 faci-

366 5746 502 5785 mus.
542 5728 696 5796 Atqui
730 5726 869 5779 Dens
906 5725 1018 5777 vult
1048 5737 1143 5777 nos
1169 5723 1316 5790 quasi
1345 5721 1622 5791 exigentes
1652 5720 1879 5791 precari.
1905 5729 1960 5774 et

364 5833 491 5878 tunc
523 5828 717 5887 gratias
746 5816 835 5868 tibi
869 5830 1086 5885 magnas
1114 5813 1289 5866 habet.
1325 5812 1419 5866 llic
1446 5815 1644 5883 quippe
1677 5813 1823 5865 solus
1858 5810 1953 5865 dc-

1350 383 1415 440 iN
1455 377 1871 440 ΠΑΤἸΊΙᾸΞΗΜ
1912 375 2142 434 1101111..
2184 376 2353 437 XX".
2393 381 2467 436 al.
2513 330 2702 438 Milli.

3521 376 3627 435 306

2025 495 2185 562 bitor,
2214 498 2431 568 quando
2457 497 2739 570 exigimus,
2780 496 2979 578 grqtias
3000 495 3184 565 habet,
3210 503 3267 553 et
3288 510 3351 552 ea
3372 510 3495 568 quas
3520 510 3627 552 non

2024 600 2212 644 mutuo
2233 590 2485 645 dedimus
2511 590 2709 646 reddit.
2745 589 2812 646 Et
2840 591 2886 645 si
2922 588 3080 646 valde
3122 580 3413 645 instantem
3434 587 3630 645 viderit

2024 695 2147 735 cum
2172 683 2265 749 qui
2295 682 2484 753 exigit,
2516 683 2679 738 etiam
2705 696 2791 748 ea,
2838 696 2960 753 quae
3005 698 3113 737 non
3140 684 3352 751 accepit
3388 694 3421 735 a
3451 679 3629 747 nobis,

2026 772 2193 826 solvit
2214 788 2229 832 ;
2250 774 2304 825 si
2334 785 2465 827 vero
2506 773 2746 843 segnius,
2790 771 2885 827 ille
2917 768 3101 828 dlo‘ert
3124 807 3140 836 ,
3174 785 3281 827 non
3325 769 3472 841 quod
3499 769 3634 827 dare

2026 864 2182 929 nolit,
2225 864 2321 919 sed
2368 864 2494 935 quia
2541 865 2771 921 libenter
2804 865 2952 921 videt
2979 876 3081 921 nos
3123 865 3194 920 ab
3231 868 3349 937 ipso
3389 866 3631 937 exigere.

2025 955 2260 1026 ideoque
2280 956 2373 1010 tibi
2394 958 2700 1027 exemplum
2730 958 2911 1013 attulit
2940 957 3099 1014 amici
3126 957 3269 1013 illius
3294 968 3454 1014 noctu
3479 964 3637 1013 sece-

2025 1049 2225 1115 dentis,
2267 1058 2325 1103 et
2370 1064 2565 1119 panem
2615 1051 2865 1120 petentis,
2916 1065 3126 1106 necnon
3169 1050 3366 1122 iudicis
3405 1050 3496 1121 qui
3534 1058 3636 1106 nec

2031 1140 2201 1194 Deum
2234 1141 2475 1203 timebat,
2510 1156 2612 1197 nec
2655 1141 2905 1198 homines
2944 1143 3312 1199 reverebatur.
3354 1141 3541 1212 Neque
3578 1142 3634 1197 tn

2025 1233 2291 1301 exemplis
2321 1233 2700 1298 snbstitit,sed
2730 1235 2781 1289 id
2812 1235 2927 1304 ipse
2954 1250 3171 1305 quoque
3195 1235 3451 1305 operibus
3477 1232 3633 1288 ex'ltlo

2028 1322 2163 1390 imit,
2195 1327 2412 1405 quando
2440 1322 2775 1384 thnlssam
2806 1330 2951 1385 illam
2994 1329 3277 1386 mulierem
3309 1342 3506 1400 magno
3533 1327 3637 1382 lto-

2028 1428 2272 1474 noratam
2299 1418 2443 1474 dono
2467 1420 2693 1477 remisit.
2725 1420 2779 1476 In
2812 1418 2913 1476 hac
2936 1432 3067 1476 vero
3108 1420 3363 1486 ostendit;
3391 1434 3451 1476 se
3471 1421 3635 1476 etiam

2030 1512 2142 1579 illa,
2172 1528 2291 1582 qua:
2322 1527 2430 1567 non
2456 1525 2754 1583 congruere
2778 1513 3049 1574 videntur,
3097 1514 3363 1567 instanter
3407 1511 3635 1581 petenti-

2028 1603 2130 1660 bus
2158 1606 2356 1677 largiri.
2389 1604 2511 1661 Non
2540 1617 2633 1670 est,
2667 1607 2838 1676 inquit
2859 1648 2875 1670 ,
2925 1607 3114 1661 bonum
3154 1605 3335 1661 tollere
3360 1612 3545 1675 panem
3570 1605 3635 1673 ﬂ-

2029 1698 2236 1765 liorum,
2267 1707 2315 1753 et
2340 1700 2591 1769 projicere
2612 1700 2823 1753 canibus
2868 1697 3082 1769 (Matth.
3119 1699 3205 1754 15.
3236 1698 3351 1765 26);
3384 1700 3636 1752 Attamen

2028 1788 2177 1845 dedit
2204 1790 2328 1858 quia
2359 1791 2447 1844 illa
2491 1789 2839 1845 vehementer
2880 1791 3116 1860 petebat.
3156 1790 3257 1845 Per
3293 1790 3511 1844 Judmos
3534 1802 3635 1842 att-

2032 1889 2140 1937 tem
2178 1881 2530 1952 signiﬁcavit,
2578 1898 2637 1937 se
2665 1882 2951 1936 desidiosis
2996 1898 3063 1937 ne
3104 1882 3191 1936 illa
3218 1882 3435 1953 quidem
3479 1880 3633 1946 dare,

2030 1989 2150 2046 quae
2188 1975 2255 2029 ad
2298 1976 2443 2045 ipsos
2480 1976 2838 2046 pertinebant.
2888 1974 3072 2044 Itaque
3122 1974 3197 2029 illi
3244 1971 3376 2030 nihil
3407 1988 3635 2043 accepe-

2028 2072 2173 2130 runt,
2205 2066 2301 2122 sed
2337 2068 2500 2122 etiam
2527 2082 2621 2121 sua
2654 2067 3022 2138 penliderunt.
3062 2067 3130 2122 Et
3168 2067 3220 2121 hi
3247 2065 3487 2137 quidem,
3510 2066 3635 2136 quia

2032 2172 2139 2212 non
2183 2158 2453 2227 petierunt
2483 2159 2527 2227 ί,
2570 2174 2640 2213 ne
2666 2174 2760 2213 sua
2801 2160 3017 2227 quidem
3056 2171 3355 2229 accepere:
3390 2158 3475 2214 illa
3508 2172 3639 2213 vero

2031 2248 2156 2319 quia
2187 2250 2543 2306 vehementer.
2563 2250 2773 2315 institit,
2802 2252 2974 2306 aliena
3002 2251 3176 2321 potuit
3204 2250 3307 2306 sibi
3338 2234 3634 2317 vindicare,

2029 2351 2085 2397 et
2110 2354 2245 2413 qua!
2262 2342 2493 2397 liliornm
2514 2354 2667 2398 erant
2685 2344 2908 2397 catellus
2927 2344 3152 2412 accepit.
3174 2341 3405 2397 Tantum
3436 2342 3636 2395 bonum

2030 2443 2115 2489 est
2139 2434 2446 2488 assiduitas.
2480 2434 2595 2490 Etsi
2635 2436 2780 2489 enim
2806 2436 2957 2490 canis
2997 2434 3183 2500 fueris,
3234 2434 3278 2489 si
3329 2433 3640 2506 frequenter

2033 2528 2221 2593 instes,
2264 2526 2375 2581 filio
2407 2526 2578 2583 desidi
2622 2529 2972 2597 anteponeris
3000 2546 3015 2583 :
3046 2534 3167 2597 quae
3196 2526 3342 2582 enim
3373 2541 3481 2582 non
3511 2538 3640 2597 pcr-

2034 2616 2160 2673 fecit
2210 2617 2468 2685 amicitia,
2517 2616 2572 2674 id
2619 2618 2847 2689 perfecit
2895 2617 3184 2674 assiduitas
3233 2617 3513 2689 precandi.
3562 2616 3641 2671 Ne

2032 2710 2182 2765 dicas
2216 2709 2397 2780 igitur,
2447 2708 2703 2765 Inimicus
2740 2709 2872 2766 mihi
2919 2708 3190 2776 estDeus,
3241 2723 3342 2764 nec
3390 2708 3642 2763 exaudiet

2035 2818 2142 2858 me.
2175 2802 2296 2860 Cito
2334 2802 2429 2858 tibi
2460 2802 2828 2873 re3pondebit,
2872 2802 2916 2858 si
2948 2803 3255 2874 frequenter
3291 2802 3440 2857 illum
3474 2802 3643 2857 inter-

2036 2894 2205 2964 pelles
2246 2901 2301 2950 et
2328 2908 2558 2965 urgeas;
2591 2902 2646 2949 et
2675 2894 2719 2948 si
2760 2908 2867 2949 non
2908 2894 2977 2949 ob
3021 2894 3332 2965 amicitiam,
3383 2902 3531 2948 certe
3572 2894 3643 2946 oh

2032 2964 2411 3043 assiduitatem
2436 3006 2450 3043 :
2481 3002 2544 3043 ac
2573 3003 2749 3058 neque
2770 2987 3073 3055 inimicitia,
3104 2964 3284 3055 neque
3319 2985 3641 3053 importuni-

2036 3091 2139 3148 tas,
2168 3096 2345 3152 neque
2364 3078 2506 3135 aliud
2533 3080 2808 3151 quidpiam
2852 3079 3237 3152 impedimento
3263 3094 3387 3135 esse
3422 3075 3639 3148 poterit.

2034 3173 2113 3229 Nc
2141 3173 2313 3238 dicas,
2352 3172 2469 3228 Non
2515 3188 2632 3228 sum
2666 3172 2893 3243 dignus,
2942 3172 3064 3227 ideo
3104 3187 3209 3225 non
3248 3184 3440 3241 precor
3472 3186 3487 3228 :
3518 3183 3642 3223 nam

2038 3265 2158 3321 talis
2185 3274 2303 3321 erat
2326 3263 2760 3337 Syrophmnissa.
2802 3263 2881 3320 Ne
2909 3264 3080 3330 dicas,
3109 3262 3334 3318 Multum
3380 3259 3643 3333 peccavi,

2038 3372 2138 3412 nec
2170 3371 2385 3427 possum
2431 3358 2625 3411 iratum
2670 3370 2862 3426 rogare
2914 3373 2927 3409 :
2977 3370 3083 3410 non
3140 3354 3284 3412 enim
3327 3355 3642 3425 dignitatem

2040 3451 2181 3506 Deus
2219 3460 2445 3519 spectat,
2480 3450 2576 3507 sed
2614 3451 2967 3505 voluntatem.
2997 3449 3131 3504 Nam
3162 3450 3207 3503 si
3248 3447 3543 3520 principem
3583 3449 3649 3502 il-

2040 3543 2148 3597 lmn
2174 3544 2263 3613 qui
2294 3558 2394 3599 nec
2423 3543 2589 3597 Deum
2616 3541 2858 3607 timebat,
2881 3556 2982 3597 nec
3005 3541 3250 3597 homines
3276 3541 3645 3604 reverebatur.

2043 3636 2195 3690 vidua
2222 3633 2426 3689 inﬂexit
2446 3653 2459 3688 :
2479 3635 2646 3689 multo
2662 3634 2831 3705 magis
2846 3634 3047 3690 bonum
3062 3632 3163 3687 sibi
3183 3631 3415 3687 attrahet
3432 3634 3645 3688 assidua

2042 3728 2381 3800 supplicatio.
2406 3728 2483 3783 ita
2514 3738 2573 3782 ut
2591 3726 2802 3783 etiamsi
2822 3740 2928 3781 non
2960 3725 3169 3781 amicus
3186 3725 3282 3793 sis,
3306 3726 3516 3781 etiamsi
3542 3739 3648 3779 non

2042 3821 2222 3879 debita
2242 3821 2447 3892 exigas,
2470 3820 2680 3875 etiamsi
2696 3827 2917 3890 paterna
2941 3817 3079 3872 bona
3100 3814 3483 3885 absumpseris,
3512 3816 3651 3869 mul-

2045 3922 2206 3986 tuque
2237 3922 2478 3983 tempore
2526 3913 2724 3967 absens
2774 3909 2956 3974 fueris.
3008 3910 3216 3965 etiamsi
3254 3904 3489 3979 degener
3533 3923 3652 3962 om-

2046 4008 2299 4075 niumque
2322 4015 2627 4076 postremus
2646 4045 2663 4071 ,
2699 4006 2910 4059 etiamsi
2949 4005 3145 4058 iratum
3176 4003 3651 4075 indignantemque

2045 4097 2336 4152 convenias
2362 4112 2377 4161 ;
2410 4096 2463 4149 in
2494 4096 2732 4149 animum
2773 4093 2994 4148 inducas
3022 4103 3224 4147 tantum
3256 4095 3461 4162 precari
3489 4102 3651 4165 atque

2048 4189 2115 4243 ad
2144 4190 2294 4242 illum
2321 4188 2519 4250 redire,
2559 4194 2613 4241 et
2639 4186 2818 4240 omnia
2860 4186 3115 4254 accipies.
3143 4198 3306 4257 atque
3337 4190 3467 4241 iram
3499 4187 3655 4241 dam-

2048 4282 2427 4348 nationemqne
2453 4280 2630 4331 statim
2656 4278 2983 4346 exstingues.
3005 4279 3163 4348 Atqui
3190 4294 3398 4346 precor,
3419 4279 3651 4349 inquies,

2050 4382 2105 4428 et
2136 4371 2267 4425 nihil
2297 4371 2537 4440 proficio.
2569 4368 2677 4424 Sed
2724 4383 2829 4421 non
2878 4370 3113 4437 precaris
3154 4379 3211 4422 ut
3259 4370 3363 4433 illi,
3406 4379 3463 4423 ut
3490 4372 3652 4439 Syr-0‘

2052 4464 2347 4534 phmnissa,
2378 4461 2522 4526 dico,
2556 4469 2611 4512 ut
2636 4462 2839 4515 amicus
2880 4460 3196 4530 intempesta
3224 4472 3379 4517 nocte
3408 4462 3652 4529 veniens,

2053 4568 2105 4611 ut
2141 4557 2295 4609 vidua
2336 4572 2454 4626 qua:
2497 4553 2805 4625 frequenter
2839 4552 3075 4622 judicem
3124 4556 3367 4623 urgebat,
3415 4568 3469 4609 ut
3515 4557 3656 4613 illius

2051 4648 2141 4719 qui
2177 4658 2395 4718 paterna
2425 4648 2559 4701 bona
2579 4646 2973 4713 absumpserat.
2997 4645 3133 4700 Nam
3147 4647 3191 4700 si
3218 4648 3294 4701 sic
3320 4662 3526 4711 orares.
3548 4649 3658 4702 cito

2056 4742 2392 4811 intrpett'arcs.
2425 4738 2635 4793 Etenim
2677 4738 2886 4793 etiamsi
2914 4738 3237 4793 contumelia
3283 4740 3506 4794 affectus
3536 4739 3606 4793 sit
3640 4756 3655 4804 ;

2055 4843 2108 4885 at
2137 4840 2286 4900 pater
2320 4840 2443 4883 est:
2475 4830 2683 4885 etiamsi
2726 4830 2895 4883 iratus
2928 4841 3032 4895 est,
3078 4837 3135 4883 at
3184 4831 3321 4885 ﬁlios
3361 4841 3505 4886 amat
3532 4851 3544 4887 :
3574 4841 3659 4885 at-

2056 4940 2161 4993 que
2205 4940 2370 4978 unum
2403 4930 2607 4977 tantum
2638 4925 2862 4992 quzerit,
2909 4938 3013 4976 non
3052 4922 3121 4977 de
3161 4924 3504 4981 contumeliis
3544 4940 3660 4993 ιω-

2058 5031 2154 5070 nas
2172 5016 2408 5083 exigere,
2437 5014 2530 5068 sed
2551 5022 2602 5067 te
2618 5027 2938 5069 conversum
2969 5024 3022 5068 et
3047 5016 3435 5085 supplicantem
3456 5018 3658 5071 videre.

2128 5109 2182 5159 ὓ.
2223 5105 2458 5161 Charitas
2490 5104 2583 5159 Dei
2625 5121 2745 5175 erga
2776 5122 2888 5159 nos.
2932 5104 3013 5158 Λά
3043 5105 3213 5175 ipsum
3236 5105 3531 5162 accedentes
3562 5108 3662 5160 im-

2061 5198 2265 5268 portuni
2294 5210 2568 5266 numquam
2588 5206 2724 5249 situt.
2756 5226 2829 5235 —
2855 5196 3063 5251 Utinam
3096 5211 3192 5251 nos
3225 5196 3296 5251 ita
3326 5198 3662 5263 arderemns,

2061 5302 2119 5345 ut
2144 5292 2349 5346 viscera
2377 5291 2463 5344 illa
2492 5289 2555 5343 ad
2588 5290 2928 5345 dilectionem
2958 5301 3082 5359 erga
3116 5304 3213 5343 nos
3240 5291 3663 5345 inflammantur.

2064 5382 2164 5439 30d
2188 5382 2323 5449 ignis
2345 5382 2433 5436 ille
2459 5384 2793 5434 occasionem
2818 5382 2991 5434 solum
3015 5381 3240 5450 requirit
3260 5399 3271 5433 :
3294 5392 3349 5435 et
3373 5383 3416 5435 si
3445 5398 3664 5452 parvam

2062 5476 2137 5531 illi
2165 5474 2448 5529 scintillam
2485 5474 2723 5543 praebeas
2743 5513 2760 5537 ,
2791 5474 3057 5542 ingentem
3103 5472 3486 5527 beneficiorum
3516 5472 3669 5527 flam-

2066 5584 2206 5623 mam
2234 5566 2504 5621 accendis.
2537 5561 2719 5633 Neque
2746 5566 2891 5618 enim
2924 5564 3063 5634 quod
3092 5566 3419 5620 contumelia
3446 5560 3667 5623 allectus

2064 5662 2155 5721 sit.
2193 5658 2497 5728 indignatur
2522 5697 2536 5719 ,
2568 5658 2660 5711 sed
2689 5656 2813 5725 quia
2860 5666 2911 5709 tu
2941 5658 3363 5711 contumeliosus
3407 5672 3466 5711 es
3492 5698 3507 5724 ,
3533 5666 3585 5710 et
3614 5667 3669 5712 ut

2134 5819 2149 5849 '
2185 5813 2347 5876 savii,
2371 5813 2483 5879 quia
2505 5813 2797 5877 negligenter
2821 5813 3073 5875 ικίἱενιυιι.
