  <div class='ocr_page' id='page_1' title='image "/cluster/home/n/w/nwhite01/storage/ocr_20150623/57/ien.35556001660844/237.png"; bbox 0 0 4066 6454; ppageno 0'>
   <div class='ocr_carea' id='block_1_1' title="bbox 501 379 616 442">
    <p class='ocr_par' dir='ltr' id='par_1_1' title="bbox 501 379 616 442">
     <span class='ocr_line' id='line_1_1' title="bbox 501 379 616 442; baseline 0.026 -10"><span class='ocrx_word' id='word_1_1' title='bbox 501 387 533 442; x_wconf 78' lang='lat'>5</span> <span class='ocrx_word' id='word_1_2' title='bbox 550 379 616 435; x_wconf 72' lang='grc' dir='ltr'><strong>(Π</strong></span> 
     </span>
    </p>
   </div>
   <div class='ocr_carea' id='block_1_2' title="bbox 509 492 2090 556">
    <p class='ocr_par' dir='ltr' id='par_1_2' title="bbox 509 492 2090 556">
     <span class='ocr_line' id='line_1_2' title="bbox 509 492 2090 556; baseline -0.004 -7"><span class='ocrx_word' id='word_1_3' title='bbox 509 497 690 554; x_wconf 79' lang='lat' dir='ltr'><strong>ebrius</strong></span> <span class='ocrx_word' id='word_1_4' title='bbox 715 495 860 551; x_wconf 86' lang='lat' dir='ltr'><strong>l&#39;urts.</strong></span> <span class='ocrx_word' id='word_1_5' title='bbox 884 495 936 551; x_wconf 86' lang='lat' dir='ltr'><strong>Si</strong></span> <span class='ocrx_word' id='word_1_6' title='bbox 960 494 1099 549; x_wconf 88' lang='lat' dir='ltr'><strong>enim</strong></span> <span class='ocrx_word' id='word_1_7' title='bbox 1120 507 1217 547; x_wconf 83' lang='lat' dir='ltr'><strong>nos</strong></span> <span class='ocrx_word' id='word_1_8' title='bbox 1245 493 1366 547; x_wconf 88' lang='lat' dir='ltr'><strong>mali</strong></span> <span class='ocrx_word' id='word_1_9' title='bbox 1390 508 1509 547; x_wconf 90' lang='lat' dir='ltr'><strong>cum</strong></span> <span class='ocrx_word' id='word_1_10' title='bbox 1536 492 1722 556; x_wconf 83' lang='lat' dir='ltr'><strong>simus,</strong></span> <span class='ocrx_word' id='word_1_11' title='bbox 1748 492 1788 543; x_wconf 86' lang='lat' dir='ltr'><strong>si</strong></span> <span class='ocrx_word' id='word_1_12' title='bbox 1811 499 2090 544; x_wconf 88' lang='lat' dir='ltr'><strong>contume-</strong></span> 
     </span>
    </p>
   </div>
   <div class='ocr_carea' id='block_1_3' title="bbox 512 580 2089 652">
    <p class='ocr_par' dir='ltr' id='par_1_3' title="bbox 512 580 2089 652">
     <span class='ocr_line' id='line_1_3' title="bbox 512 580 2089 652; baseline -0.006 -12"><span class='ocrx_word' id='word_1_13' title='bbox 512 586 632 643; x_wconf 79' lang='lat' dir='ltr'><strong>liosi</strong></span> <span class='ocrx_word' id='word_1_14' title='bbox 659 589 762 641; x_wconf 88' lang='lat' dir='ltr'><strong>sint</strong></span> <span class='ocrx_word' id='word_1_15' title='bbox 795 587 904 645; x_wconf 82' lang='lat' dir='ltr'><strong>lilii.</strong></span> <span class='ocrx_word' id='word_1_16' title='bbox 936 600 1031 652; x_wconf 90' lang='lat' dir='ltr'><strong>pro</strong></span> <span class='ocrx_word' id='word_1_17' title='bbox 1055 584 1158 638; x_wconf 84' lang='lat' dir='ltr'><strong>illis</strong></span> <span class='ocrx_word' id='word_1_18' title='bbox 1190 582 1435 637; x_wconf 88' lang='lat' dir='ltr'><strong>dolemus</strong></span> <span class='ocrx_word' id='word_1_19' title='bbox 1469 601 1481 636; x_wconf 91' lang='lat'>:</span> <span class='ocrx_word' id='word_1_20' title='bbox 1511 591 1708 651; x_wconf 90' lang='lat' dir='ltr'><strong>quanto</strong></span> <span class='ocrx_word' id='word_1_21' title='bbox 1735 580 1900 648; x_wconf 80' lang='lat' dir='ltr'><strong>magis</strong></span> <span class='ocrx_word' id='word_1_22' title='bbox 1931 580 2089 642; x_wconf 86' lang='lat' dir='ltr'><strong>Deus,</strong></span> 
     </span>
    </p>
   </div>
   <div class='ocr_carea' id='block_1_4' title="bbox 513 671 2092 748">
    <p class='ocr_par' dir='ltr' id='par_1_4' title="bbox 513 671 2092 748">
     <span class='ocr_line' id='line_1_4' title="bbox 513 671 2092 748; baseline -0.005 -17"><span class='ocrx_word' id='word_1_23' title='bbox 513 680 602 748; x_wconf 89' lang='lat' dir='ltr'><strong>qui</strong></span> <span class='ocrx_word' id='word_1_24' title='bbox 638 679 822 745; x_wconf 76' lang='lat' dir='ltr'><strong>injuria</strong></span> <span class='ocrx_word' id='word_1_25' title='bbox 853 677 990 730; x_wconf 87' lang='lat' dir='ltr'><strong>allici</strong></span> <span class='ocrx_word' id='word_1_26' title='bbox 1015 678 1216 745; x_wconf 86' lang='lat' dir='ltr'><strong>nequit,</strong></span> <span class='ocrx_word' id='word_1_27' title='bbox 1250 691 1342 743; x_wconf 88' lang='lat' dir='ltr'><strong>pro</strong></span> <span class='ocrx_word' id='word_1_28' title='bbox 1379 676 1546 742; x_wconf 85' lang='lat' dir='ltr'><strong>teipso</strong></span> <span class='ocrx_word' id='word_1_29' title='bbox 1581 671 1967 726; x_wconf 85' lang='lat' dir='ltr'><strong>contumelioso</strong></span> <span class='ocrx_word' id='word_1_30' title='bbox 2006 671 2092 723; x_wconf 85' lang='lat' dir='ltr'><strong>in-</strong></span> 
     </span>
    </p>
   </div>
   <div class='ocr_carea' id='block_1_5' title="bbox 511 763 2092 840">
    <p class='ocr_par' dir='ltr' id='par_1_5' title="bbox 511 763 2092 840">
     <span class='ocr_line' id='line_1_5' title="bbox 511 763 2092 840; baseline -0.004 -17"><span class='ocrx_word' id='word_1_31' title='bbox 511 771 800 840; x_wconf 73' lang='lat' dir='ltr'><strong>dignatur!</strong></span> <span class='ocrx_word' id='word_1_32' title='bbox 831 770 887 824; x_wconf 87' lang='lat' dir='ltr'><strong>Si</strong></span> <span class='ocrx_word' id='word_1_33' title='bbox 921 785 1037 834; x_wconf 85' lang='lat' dir='ltr'><strong>nos,</strong></span> <span class='ocrx_word' id='word_1_34' title='bbox 1069 770 1156 838; x_wconf 91' lang='lat' dir='ltr'><strong>qui</strong></span> <span class='ocrx_word' id='word_1_35' title='bbox 1187 776 1369 822; x_wconf 86' lang='lat' dir='ltr'><strong>natura</strong></span> <span class='ocrx_word' id='word_1_36' title='bbox 1399 767 1666 836; x_wconf 80' lang='lat' dir='ltr'><strong>diligimus</strong></span> <span class='ocrx_word' id='word_1_37' title='bbox 1693 782 1707 817; x_wconf 87' lang='lat'><strong>:</strong></span> <span class='ocrx_word' id='word_1_38' title='bbox 1732 766 1896 818; x_wconf 83' lang='lat' dir='ltr'><strong>multo</strong></span> <span class='ocrx_word' id='word_1_39' title='bbox 1926 763 2092 832; x_wconf 85' lang='lat' dir='ltr'><strong>magis</strong></span> 
     </span>
    </p>
   </div>
   <div class='ocr_carea' id='block_1_6' title="bbox 516 854 2088 931">
    <p class='ocr_par' dir='ltr' id='par_1_6' title="bbox 516 854 2088 931">
     <span class='ocr_line' id='line_1_6' title="bbox 516 854 2088 931; baseline -0.01 -11"><span class='ocrx_word' id='word_1_40' title='bbox 516 864 624 927; x_wconf 87' lang='lat' dir='ltr'><strong>ille,</strong></span> <span class='ocrx_word' id='word_1_41' title='bbox 658 863 738 931; x_wconf 60' lang='lat' dir='ltr'><strong>qui</strong></span> <span class='ocrx_word' id='word_1_42' title='bbox 776 863 908 914; x_wconf 86' lang='lat' dir='ltr'><strong>ultra</strong></span> <span class='ocrx_word' id='word_1_43' title='bbox 941 873 1180 914; x_wconf 89' lang='lat' dir='ltr'><strong>naturam</strong></span> <span class='ocrx_word' id='word_1_44' title='bbox 1210 856 1400 926; x_wconf 80' lang='lat' dir='ltr'><strong>diligit.</strong></span> <span class='ocrx_word' id='word_1_45' title='bbox 1429 859 1582 922; x_wconf 84' lang='lat' dir='ltr'><strong>Nam,</strong></span> <span class='ocrx_word' id='word_1_46' title='bbox 1613 856 1722 909; x_wconf 78' lang='lat' dir='ltr'><strong>Etsi</strong></span> <span class='ocrx_word' id='word_1_47' title='bbox 1751 854 2088 917; x_wconf 72' lang='lat' dir='ltr'><strong>obliviscatur,</strong></span> 
     </span>
    </p>
   </div>
   <div class='ocr_carea' id='block_1_7' title="bbox 510 948 2088 1022">
    <p class='ocr_par' dir='ltr' id='par_1_7' title="bbox 510 948 2088 1022">
     <span class='ocr_line' id='line_1_7' title="bbox 510 948 2088 1022; baseline -0.008 -12"><span class='ocrx_word' id='word_1_48' title='bbox 510 955 699 1022; x_wconf 83' lang='lat' dir='ltr'><strong>inquit,</strong></span> <span class='ocrx_word' id='word_1_49' title='bbox 734 954 912 1004; x_wconf 84' lang='lat' dir='ltr'><strong>mulier</strong></span> <span class='ocrx_word' id='word_1_50' title='bbox 956 952 1206 1019; x_wconf 75' lang='lat' dir='ltr'><strong>infantum</strong></span> <span class='ocrx_word' id='word_1_51' title='bbox 1253 951 1379 1002; x_wconf 86' lang='lat' dir='ltr'><strong>uteri</strong></span> <span class='ocrx_word' id='word_1_52' title='bbox 1415 950 1514 1011; x_wconf 82' lang='lat' dir='ltr'><strong>sui,</strong></span> <span class='ocrx_word' id='word_1_53' title='bbox 1543 949 1632 1002; x_wconf 80' lang='lat' dir='ltr'><strong>sed</strong></span> <span class='ocrx_word' id='word_1_54' title='bbox 1659 965 1750 1018; x_wconf 86' lang='lat' dir='ltr'><strong>ego</strong></span> <span class='ocrx_word' id='word_1_55' title='bbox 1785 965 1884 1000; x_wconf 87' lang='lat' dir='ltr'><strong>non</strong></span> <span class='ocrx_word' id='word_1_56' title='bbox 1910 948 2088 1000; x_wconf 75' lang='lat' dir='ltr'><strong>oblivi-</strong></span> 
     </span>
    </p>
   </div>
   <div class='ocr_carea' id='block_1_8' title="bbox 509 1040 2086 1110">
    <p class='ocr_par' dir='ltr' id='par_1_8' title="bbox 509 1040 2086 1110">
     <span class='ocr_line' id='line_1_8' title="bbox 509 1040 2086 1110; baseline -0.002 -15"><span class='ocrx_word' id='word_1_57' title='bbox 509 1061 623 1096; x_wconf 86' lang='lat' dir='ltr'><strong>scar</strong></span> <span class='ocrx_word' id='word_1_58' title='bbox 645 1046 734 1105; x_wconf 89' lang='lat' dir='ltr'><strong>tui,</strong></span> <span class='ocrx_word' id='word_1_59' title='bbox 769 1044 889 1095; x_wconf 85' lang='lat' dir='ltr'><strong>dicit</strong></span> <span class='ocrx_word' id='word_1_60' title='bbox 911 1043 1156 1095; x_wconf 82' lang='lat' dir='ltr'><strong>Dominus</strong></span> <span class='ocrx_word' id='word_1_61' title='bbox 1189 1042 1337 1109; x_wconf 85' lang='lat' dir='ltr'><strong>(Isai.</strong></span> <span class='ocrx_word' id='word_1_62' title='bbox 1372 1041 1458 1096; x_wconf 71' lang='grc'><strong>49.</strong></span> <span class='ocrx_word' id='word_1_63' title='bbox 1493 1041 1604 1110; x_wconf 79' lang='grc'><strong>15).</strong></span> <span class='ocrx_word' id='word_1_64' title='bbox 1626 1042 1956 1096; x_wconf 83' lang='lat' dir='ltr'><strong>Accedamus</strong></span> <span class='ocrx_word' id='word_1_65' title='bbox 1990 1040 2086 1109; x_wconf 79' lang='lat' dir='ltr'><strong>igi-</strong></span> 
     </span>
    </p>
   </div>
   <div class='ocr_carea' id='block_1_9' title="bbox 513 1130 2086 1196">
    <p class='ocr_par' dir='ltr' id='par_1_9' title="bbox 513 1130 2086 1196">
     <span class='ocr_line' id='line_1_9' title="bbox 513 1130 2086 1196; baseline -0.003 -9"><span class='ocrx_word' id='word_1_66' title='bbox 513 1145 596 1187; x_wconf 90' lang='lat' dir='ltr'><strong>tur</strong></span> <span class='ocrx_word' id='word_1_67' title='bbox 617 1134 680 1187; x_wconf 87' lang='lat' dir='ltr'><strong>ad</strong></span> <span class='ocrx_word' id='word_1_68' title='bbox 712 1147 833 1187; x_wconf 88' lang='lat' dir='ltr'><strong>eum</strong></span> <span class='ocrx_word' id='word_1_69' title='bbox 860 1143 910 1186; x_wconf 82' lang='lat' dir='ltr'><strong>et</strong></span> <span class='ocrx_word' id='word_1_70' title='bbox 936 1135 1174 1186; x_wconf 83' lang='lat' dir='ltr'><strong>dicamus</strong></span> <span class='ocrx_word' id='word_1_71' title='bbox 1202 1151 1212 1184; x_wconf 88' lang='lat'><strong>:</strong></span> <span class='ocrx_word' id='word_1_72' title='bbox 1247 1131 1415 1184; x_wconf 79' lang='lat' dir='ltr'><strong>Etiam</strong></span> <span class='ocrx_word' id='word_1_73' title='bbox 1440 1173 1453 1196; x_wconf 94' lang='lat'><strong>,</strong></span> <span class='ocrx_word' id='word_1_74' title='bbox 1484 1130 1735 1195; x_wconf 84' lang='lat' dir='ltr'><strong>Domine;</strong></span> <span class='ocrx_word' id='word_1_75' title='bbox 1768 1148 1884 1183; x_wconf 86' lang='lat' dir='ltr'><strong>nam</strong></span> <span class='ocrx_word' id='word_1_76' title='bbox 1916 1138 1960 1183; x_wconf 84' lang='lat' dir='ltr'><strong>&#39;et</strong></span> <span class='ocrx_word' id='word_1_77' title='bbox 2003 1147 2086 1182; x_wconf 80' lang='lat' dir='ltr'><strong>ca-</strong></span> 
     </span>
    </p>
   </div>
   <div class='ocr_carea' id='block_1_10' title="bbox 509 1223 2088 1291">
    <p class='ocr_par' dir='ltr' id='par_1_10' title="bbox 509 1223 2088 1291">
     <span class='ocr_line' id='line_1_10' title="bbox 509 1223 2088 1291; baseline -0.003 -14"><span class='ocrx_word' id='word_1_78' title='bbox 509 1228 614 1279; x_wconf 72' lang='lat' dir='ltr'><strong>telli</strong></span> <span class='ocrx_word' id='word_1_79' title='bbox 650 1225 800 1278; x_wconf 83' lang='lat' dir='ltr'><strong>edunt</strong></span> <span class='ocrx_word' id='word_1_80' title='bbox 825 1227 885 1277; x_wconf 83' lang='lat' dir='ltr'><strong>de</strong></span> <span class='ocrx_word' id='word_1_81' title='bbox 915 1226 1085 1288; x_wconf 72' lang='lat' dir='ltr'><strong>micis,</strong></span> <span class='ocrx_word' id='word_1_82' title='bbox 1117 1235 1229 1291; x_wconf 77' lang='lat' dir='ltr'><strong>qua:</strong></span> <span class='ocrx_word' id='word_1_83' title='bbox 1255 1234 1438 1277; x_wconf 73' lang='lat' dir='ltr'><strong>eadunt</strong></span> <span class='ocrx_word' id='word_1_84' title='bbox 1465 1227 1527 1278; x_wconf 82' lang='lat' dir='ltr'><strong>de</strong></span> <span class='ocrx_word' id='word_1_85' title='bbox 1557 1241 1730 1276; x_wconf 84' lang='lat' dir='ltr'><strong>mensa</strong></span> <span class='ocrx_word' id='word_1_86' title='bbox 1771 1223 2088 1276; x_wconf 84' lang='lat' dir='ltr'><strong>dominorum</strong></span> 
     </span>
    </p>
   </div>
   <div class='ocr_carea' id='block_1_11' title="bbox 506 1317 2086 1389">
    <p class='ocr_par' dir='ltr' id='par_1_11' title="bbox 506 1317 2086 1389">
     <span class='ocr_line' id='line_1_11' title="bbox 506 1317 2086 1389; baseline -0.002 -18"><span class='ocrx_word' id='word_1_87' title='bbox 506 1337 710 1372; x_wconf 85' lang='lat' dir='ltr'><strong>suorum</strong></span> <span class='ocrx_word' id='word_1_88' title='bbox 741 1318 947 1389; x_wconf 76' lang='lat' dir='ltr'><strong>(Matth.</strong></span> <span class='ocrx_word' id='word_1_89' title='bbox 977 1319 1060 1373; x_wconf 65' lang='lat' dir='ltr'><strong>l5.</strong></span> <span class='ocrx_word' id='word_1_90' title='bbox 1090 1317 1202 1388; x_wconf 75' lang='lat'><strong>‘27).</strong></span> <span class='ocrx_word' id='word_1_91' title='bbox 1235 1317 1562 1372; x_wconf 79' lang='lat' dir='ltr'><strong>Accetlamus</strong></span> <span class='ocrx_word' id='word_1_92' title='bbox 1592 1317 1764 1384; x_wconf 88' lang='lat' dir='ltr'><strong>itaque</strong></span> <span class='ocrx_word' id='word_1_93' title='bbox 1792 1324 2086 1383; x_wconf 88' lang='lat' dir='ltr'><strong>opportune</strong></span> 
     </span>
    </p>
   </div>
   <div class='ocr_carea' id='block_1_12' title="bbox 507 1407 2089 1479">
    <p class='ocr_par' dir='ltr' id='par_1_12' title="bbox 507 1407 2089 1479">
     <span class='ocr_line' id='line_1_12' title="bbox 507 1407 2089 1479; baseline -0.004 -15"><span class='ocrx_word' id='word_1_94' title='bbox 507 1423 560 1465; x_wconf 87' lang='lat' dir='ltr'><strong>et</strong></span> <span class='ocrx_word' id='word_1_95' title='bbox 583 1413 882 1479; x_wconf 91' lang='lat' dir='ltr'><strong>importune</strong></span> <span class='ocrx_word' id='word_1_96' title='bbox 908 1429 921 1474; x_wconf 93' lang='lat'><strong>;</strong></span> <span class='ocrx_word' id='word_1_97' title='bbox 947 1412 1052 1464; x_wconf 87' lang='lat' dir='ltr'><strong>imo</strong></span> <span class='ocrx_word' id='word_1_98' title='bbox 1069 1425 1195 1463; x_wconf 91' lang='lat' dir='ltr'><strong>vero</strong></span> <span class='ocrx_word' id='word_1_99' title='bbox 1223 1425 1506 1477; x_wconf 89' lang='lat' dir='ltr'><strong>numquam</strong></span> <span class='ocrx_word' id='word_1_100' title='bbox 1527 1421 1805 1476; x_wconf 84' lang='lat' dir='ltr'><strong>possumus</strong></span> <span class='ocrx_word' id='word_1_101' title='bbox 1833 1407 2089 1475; x_wconf 89' lang='lat' dir='ltr'><strong>importu-</strong></span> 
     </span>
    </p>
   </div>
   <div class='ocr_carea' id='block_1_13' title="bbox 508 1497 2087 1571">
    <p class='ocr_par' dir='ltr' id='par_1_13' title="bbox 508 1497 2087 1571">
     <span class='ocr_line' id='line_1_13' title="bbox 508 1497 2087 1571; baseline -0.003 -14"><span class='ocrx_word' id='word_1_102' title='bbox 508 1519 576 1558; x_wconf 88' lang='lat' dir='ltr'><strong>ne</strong></span> <span class='ocrx_word' id='word_1_103' title='bbox 628 1505 926 1557; x_wconf 86' lang='lat' dir='ltr'><strong>accedere:</strong></span> <span class='ocrx_word' id='word_1_104' title='bbox 961 1507 1316 1571; x_wconf 89' lang='lat' dir='ltr'><strong>importunum</strong></span> <span class='ocrx_word' id='word_1_105' title='bbox 1353 1501 1546 1569; x_wconf 83' lang='lat' dir='ltr'><strong>quippe</strong></span> <span class='ocrx_word' id='word_1_106' title='bbox 1594 1508 1673 1552; x_wconf 89' lang='lat' dir='ltr'><strong>est</strong></span> <span class='ocrx_word' id='word_1_107' title='bbox 1722 1513 1826 1551; x_wconf 90' lang='lat' dir='ltr'><strong>non</strong></span> <span class='ocrx_word' id='word_1_108' title='bbox 1875 1497 2087 1552; x_wconf 61' lang='lat' dir='ltr'><strong>aesidue</strong></span> 
     </span>
    </p>
   </div>
   <div class='ocr_carea' id='block_1_14' title="bbox 506 1593 2086 1662">
    <p class='ocr_par' dir='ltr' id='par_1_14' title="bbox 506 1593 2086 1662">
     <span class='ocr_line' id='line_1_14' title="bbox 506 1593 2086 1662; baseline -0.003 -15"><span class='ocrx_word' id='word_1_109' title='bbox 506 1597 672 1650; x_wconf 88' lang='lat' dir='ltr'><strong>adire.</strong></span> <span class='ocrx_word' id='word_1_110' title='bbox 716 1596 843 1649; x_wconf 74' lang='lat' dir='ltr'><strong>Nam</strong></span> <span class='ocrx_word' id='word_1_111' title='bbox 888 1610 1006 1648; x_wconf 91' lang='lat' dir='ltr'><strong>eum</strong></span> <span class='ocrx_word' id='word_1_112' title='bbox 1032 1634 1048 1653; x_wconf 91' lang='lat'><strong>,</strong></span> <span class='ocrx_word' id='word_1_113' title='bbox 1075 1594 1162 1662; x_wconf 90' lang='lat' dir='ltr'><strong>qui</strong></span> <span class='ocrx_word' id='word_1_114' title='bbox 1196 1593 1322 1645; x_wconf 89' lang='lat' dir='ltr'><strong>dare</strong></span> <span class='ocrx_word' id='word_1_115' title='bbox 1364 1593 1559 1660; x_wconf 84' lang='lat' dir='ltr'><strong>gestit,</strong></span> <span class='ocrx_word' id='word_1_116' title='bbox 1595 1599 1953 1658; x_wconf 77' lang='lat' dir='ltr'><strong>Opportunum</strong></span> <span class='ocrx_word' id='word_1_117' title='bbox 2003 1598 2086 1643; x_wconf 89' lang='lat' dir='ltr'><strong>est</strong></span> 
     </span>
    </p>
   </div>
   <div class='ocr_carea' id='block_1_15' title="bbox 505 1682 2082 1756">
    <p class='ocr_par' dir='ltr' id='par_1_15' title="bbox 505 1682 2082 1756">
     <span class='ocr_line' id='line_1_15' title="bbox 505 1682 2082 1756; baseline -0.004 -15"><span class='ocrx_word' id='word_1_118' title='bbox 505 1703 716 1756; x_wconf 85' lang='lat' dir='ltr'><strong>semper</strong></span> <span class='ocrx_word' id='word_1_119' title='bbox 741 1702 942 1756; x_wconf 78' lang='lat' dir='ltr'><strong>rogare.</strong></span> <span class='ocrx_word' id='word_1_120' title='bbox 977 1683 1432 1753; x_wconf 73' lang='lat' dir='ltr'><strong>Quemadmodum</strong></span> <span class='ocrx_word' id='word_1_121' title='bbox 1463 1683 1604 1736; x_wconf 85' lang='lat' dir='ltr'><strong>enim</strong></span> <span class='ocrx_word' id='word_1_122' title='bbox 1630 1682 1894 1749; x_wconf 85' lang='lat' dir='ltr'><strong>respirare</strong></span> <span class='ocrx_word' id='word_1_123' title='bbox 1925 1697 2082 1735; x_wconf 90' lang='lat' dir='ltr'><strong>num-</strong></span> 
     </span>
    </p>
   </div>
   <div class='ocr_carea' id='block_1_16' title="bbox 504 1773 2082 1850">
    <p class='ocr_par' dir='ltr' id='par_1_16' title="bbox 504 1773 2082 1850">
     <span class='ocr_line' id='line_1_16' title="bbox 504 1773 2082 1850; baseline -0.003 -18"><span class='ocrx_word' id='word_1_124' title='bbox 504 1795 663 1850; x_wconf 86' lang='lat' dir='ltr'><strong>quam</strong></span> <span class='ocrx_word' id='word_1_125' title='bbox 699 1780 1056 1846; x_wconf 85' lang='lat' dir='ltr'><strong>importuuum</strong></span> <span class='ocrx_word' id='word_1_126' title='bbox 1088 1787 1169 1831; x_wconf 73' lang='lat' dir='ltr'><strong>est</strong></span> <span class='ocrx_word' id='word_1_127' title='bbox 1189 1817 1204 1842; x_wconf 94' lang='lat'><strong>,</strong></span> <span class='ocrx_word' id='word_1_128' title='bbox 1236 1777 1311 1830; x_wconf 89' lang='lat' dir='ltr'><strong>sic</strong></span> <span class='ocrx_word' id='word_1_129' title='bbox 1340 1785 1393 1829; x_wconf 90' lang='lat' dir='ltr'><strong>ct</strong></span> <span class='ocrx_word' id='word_1_130' title='bbox 1424 1783 1602 1842; x_wconf 89' lang='lat' dir='ltr'><strong>petere</strong></span> <span class='ocrx_word' id='word_1_131' title='bbox 1632 1789 1916 1840; x_wconf 77' lang='lat' dir='ltr'><strong>numquam</strong></span> <span class='ocrx_word' id='word_1_132' title='bbox 1943 1815 1955 1837; x_wconf 95' lang='lat'><strong>,</strong></span> <span class='ocrx_word' id='word_1_133' title='bbox 1989 1773 2082 1828; x_wconf 88' lang='lat' dir='ltr'><strong>sed</strong></span> 
     </span>
    </p>
   </div>
   <div class='ocr_carea' id='block_1_17' title="bbox 503 1860 2081 1940">
    <p class='ocr_par' dir='ltr' id='par_1_17' title="bbox 503 1860 2081 1940">
     <span class='ocr_line' id='line_1_17' title="bbox 503 1860 2081 1940; baseline -0.004 -16"><span class='ocrx_word' id='word_1_134' title='bbox 503 1888 607 1925; x_wconf 88' lang='lat' dir='ltr'><strong>non</strong></span> <span class='ocrx_word' id='word_1_135' title='bbox 636 1881 812 1940; x_wconf 76' lang='lat' dir='ltr'><strong>petere</strong></span> <span class='ocrx_word' id='word_1_136' title='bbox 843 1881 918 1923; x_wconf 89' lang='lat' dir='ltr'><strong>est</strong></span> <span class='ocrx_word' id='word_1_137' title='bbox 960 1878 1339 1938; x_wconf 79' lang='lat' dir='ltr'><strong>importunum.</strong></span> <span class='ocrx_word' id='word_1_138' title='bbox 1386 1860 1597 1921; x_wconf 81' lang='lat' dir='ltr'><strong>Etenim</strong></span> <span class='ocrx_word' id='word_1_139' title='bbox 1630 1868 1764 1919; x_wconf 88' lang='lat' dir='ltr'><strong>sicut</strong></span> <span class='ocrx_word' id='word_1_140' title='bbox 1787 1867 1884 1921; x_wconf 88' lang='lat' dir='ltr'><strong>hac</strong></span> <span class='ocrx_word' id='word_1_141' title='bbox 1910 1867 2081 1935; x_wconf 87' lang='lat' dir='ltr'><strong>respi-</strong></span> 
     </span>
    </p>
   </div>
   <div class='ocr_carea' id='block_1_18' title="bbox 503 1959 2084 2030">
    <p class='ocr_par' dir='ltr' id='par_1_18' title="bbox 503 1959 2084 2030">
     <span class='ocr_line' id='line_1_18' title="bbox 503 1959 2084 2030; baseline -0.004 -13"><span class='ocrx_word' id='word_1_142' title='bbox 503 1965 705 2018; x_wconf 77' lang='lat' dir='ltr'><strong>ratione</strong></span> <span class='ocrx_word' id='word_1_143' title='bbox 733 1979 864 2030; x_wconf 89' lang='lat' dir='ltr'><strong>opns</strong></span> <span class='ocrx_word' id='word_1_144' title='bbox 889 1963 1144 2016; x_wconf 88' lang='lat' dir='ltr'><strong>habemus</strong></span> <span class='ocrx_word' id='word_1_145' title='bbox 1164 2004 1178 2025; x_wconf 93' lang='lat'><strong>,</strong></span> <span class='ocrx_word' id='word_1_146' title='bbox 1207 1963 1283 2014; x_wconf 88' lang='lat' dir='ltr'><strong>sic</strong></span> <span class='ocrx_word' id='word_1_147' title='bbox 1303 1971 1353 2015; x_wconf 89' lang='lat' dir='ltr'><strong>et</strong></span> <span class='ocrx_word' id='word_1_148' title='bbox 1378 1960 1493 2026; x_wconf 85' lang='lat' dir='ltr'><strong>ejus</strong></span> <span class='ocrx_word' id='word_1_149' title='bbox 1520 1960 1715 2013; x_wconf 77' lang='lat' dir='ltr'><strong>auxilio</strong></span> <span class='ocrx_word' id='word_1_150' title='bbox 1743 1973 1760 2012; x_wconf 84' lang='lat'><strong>:</strong></span> <span class='ocrx_word' id='word_1_151' title='bbox 1793 1973 1853 2012; x_wconf 92' lang='lat' dir='ltr'><strong>ac</strong></span> <span class='ocrx_word' id='word_1_152' title='bbox 1883 1959 1925 2011; x_wconf 71' lang='lat' dir='ltr'><strong>’si</strong></span> <span class='ocrx_word' id='word_1_153' title='bbox 1955 1959 2084 2011; x_wconf 77' lang='lat' dir='ltr'><strong>veli-</strong></span> 
     </span>
    </p>
   </div>
   <div class='ocr_carea' id='block_1_19' title="bbox 499 2047 2081 2120">
    <p class='ocr_par' dir='ltr' id='par_1_19' title="bbox 499 2047 2081 2120">
     <span class='ocr_line' id='line_1_19' title="bbox 499 2047 2081 2120; baseline -0.003 -15"><span class='ocrx_word' id='word_1_154' title='bbox 499 2066 638 2115; x_wconf 87' lang='lat' dir='ltr'><strong>mus,</strong></span> <span class='ocrx_word' id='word_1_155' title='bbox 673 2055 821 2107; x_wconf 77' lang='lat' dir='ltr'><strong>laCilc</strong></span> <span class='ocrx_word' id='word_1_156' title='bbox 854 2055 1021 2120; x_wconf 86' lang='lat' dir='ltr'><strong>ipsum</strong></span> <span class='ocrx_word' id='word_1_157' title='bbox 1049 2051 1112 2104; x_wconf 88' lang='lat' dir='ltr'><strong>ad</strong></span> <span class='ocrx_word' id='word_1_158' title='bbox 1136 2065 1233 2104; x_wconf 90' lang='lat' dir='ltr'><strong>nos</strong></span> <span class='ocrx_word' id='word_1_159' title='bbox 1249 2047 1596 2104; x_wconf 86' lang='lat' dir='ltr'><strong>attraltemus.</strong></span> <span class='ocrx_word' id='word_1_160' title='bbox 1627 2049 1689 2102; x_wconf 86' lang='lat' dir='ltr'><strong>Et</strong></span> <span class='ocrx_word' id='word_1_161' title='bbox 1713 2048 1812 2102; x_wconf 87' lang='lat' dir='ltr'><strong>huc</strong></span> <span class='ocrx_word' id='word_1_162' title='bbox 1843 2048 2081 2102; x_wconf 86' lang='lat' dir='ltr'><strong>indicans</strong></span> 
     </span>
    </p>
   </div>
   <div class='ocr_carea' id='block_1_20' title="bbox 502 2139 2078 2215">
    <p class='ocr_par' dir='ltr' id='par_1_20' title="bbox 502 2139 2078 2215">
     <span class='ocr_line' id='line_1_20' title="bbox 502 2139 2078 2215; baseline -0.003 -16"><span class='ocrx_word' id='word_1_163' title='bbox 502 2147 779 2215; x_wconf 83' lang='lat' dir='ltr'><strong>propheta,</strong></span> <span class='ocrx_word' id='word_1_164' title='bbox 808 2145 1188 2212; x_wconf 84' lang='lat' dir='ltr'><strong>declaransque</strong></span> <span class='ocrx_word' id='word_1_165' title='bbox 1220 2144 1384 2197; x_wconf 89' lang='lat' dir='ltr'><strong>Deum</strong></span> <span class='ocrx_word' id='word_1_166' title='bbox 1412 2142 1476 2194; x_wconf 90' lang='lat' dir='ltr'><strong>ad</strong></span> <span class='ocrx_word' id='word_1_167' title='bbox 1501 2140 1758 2195; x_wconf 83' lang='lat' dir='ltr'><strong>beneﬁcia</strong></span> <span class='ocrx_word' id='word_1_168' title='bbox 1782 2139 2078 2208; x_wconf 68' lang='lat' dir='ltr'><strong>praestanda</strong></span> 
     </span>
    </p>
   </div>
   <div class='ocr_carea' id='block_1_21' title="bbox 500 2231 2077 2305">
    <p class='ocr_par' dir='ltr' id='par_1_21' title="bbox 500 2231 2077 2305">
     <span class='ocr_line' id='line_1_21' title="bbox 500 2231 2077 2305; baseline -0.005 -15"><span class='ocrx_word' id='word_1_169' title='bbox 500 2251 713 2305; x_wconf 82' lang='lat' dir='ltr'><strong>semper</strong></span> <span class='ocrx_word' id='word_1_170' title='bbox 743 2246 1004 2304; x_wconf 77' lang='lat' dir='ltr'><strong>paratum,</strong></span> <span class='ocrx_word' id='word_1_171' title='bbox 1038 2232 1244 2288; x_wconf 86' lang='lat' dir='ltr'><strong>dicebat</strong></span> <span class='ocrx_word' id='word_1_172' title='bbox 1279 2252 1292 2286; x_wconf 90' lang='lat'><strong>:</strong></span> <span class='ocrx_word' id='word_1_173' title='bbox 1324 2232 1467 2287; x_wconf 82' lang='lat' dir='ltr'><strong>Sicut</strong></span> <span class='ocrx_word' id='word_1_174' title='bbox 1511 2231 1793 2285; x_wconf 79' lang='lat' dir='ltr'><strong>diluculum</strong></span> <span class='ocrx_word' id='word_1_175' title='bbox 1844 2241 2077 2300; x_wconf 83' lang='lat' dir='ltr'><strong>paratum</strong></span> 
     </span>
    </p>
   </div>
   <div class='ocr_carea' id='block_1_22' title="bbox 497 2320 2074 2393">
    <p class='ocr_par' dir='ltr' id='par_1_22' title="bbox 497 2320 2074 2393">
     <span class='ocr_line' id='line_1_22' title="bbox 497 2320 2074 2393; baseline -0.003 -14"><span class='ocrx_word' id='word_1_176' title='bbox 497 2327 800 2380; x_wconf 79' lang='lat' dir='ltr'><strong>inveniemus</strong></span> <span class='ocrx_word' id='word_1_177' title='bbox 840 2343 954 2378; x_wconf 84' lang='lat' dir='ltr'><strong>eum</strong></span> <span class='ocrx_word' id='word_1_178' title='bbox 1007 2325 1161 2393; x_wconf 85' lang='lat' dir='ltr'><strong>(Osee</strong></span> <span class='ocrx_word' id='word_1_179' title='bbox 1190 2325 1242 2377; x_wconf 85' lang='lat'><strong>6.</strong></span> <span class='ocrx_word' id='word_1_180' title='bbox 1282 2323 1360 2392; x_wconf 79' lang='lat'><strong>5).</strong></span> <span class='ocrx_word' id='word_1_181' title='bbox 1403 2324 1621 2388; x_wconf 88' lang='lat' dir='ltr'><strong>Quoties</strong></span> <span class='ocrx_word' id='word_1_182' title='bbox 1657 2324 1796 2376; x_wconf 88' lang='lat' dir='ltr'><strong>enim</strong></span> <span class='ocrx_word' id='word_1_183' title='bbox 1843 2321 1908 2375; x_wconf 91' lang='lat' dir='ltr'><strong>ad</strong></span> <span class='ocrx_word' id='word_1_184' title='bbox 1952 2320 2074 2376; x_wconf 85' lang='lat' dir='ltr'><strong>eum</strong></span> 
     </span>
    </p>
   </div>
   <div class='ocr_carea' id='block_1_23' title="bbox 499 2412 2076 2482">
    <p class='ocr_par' dir='ltr' id='par_1_23' title="bbox 499 2412 2076 2482">
     <span class='ocr_line' id='line_1_23' title="bbox 499 2412 2076 2482; baseline -0.002 -13"><span class='ocrx_word' id='word_1_185' title='bbox 499 2416 910 2477; x_wconf 82' lang='lat' dir='ltr'><strong>accesserimus,</strong></span> <span class='ocrx_word' id='word_1_186' title='bbox 949 2424 1126 2468; x_wconf 87' lang='lat' dir='ltr'><strong>nostra</strong></span> <span class='ocrx_word' id='word_1_187' title='bbox 1155 2423 1549 2482; x_wconf 76' lang='lat' dir='ltr'><strong>exSpectantem</strong></span> <span class='ocrx_word' id='word_1_188' title='bbox 1576 2412 1894 2469; x_wconf 81' lang='lat' dir='ltr'><strong>videbimus.</strong></span> <span class='ocrx_word' id='word_1_189' title='bbox 1925 2413 2076 2479; x_wconf 86' lang='lat' dir='ltr'><strong>Quod</strong></span> 
     </span>
    </p>
   </div>
   <div class='ocr_carea' id='block_1_24' title="bbox 497 2499 2074 2582">
    <p class='ocr_par' dir='ltr' id='par_1_24' title="bbox 497 2499 2074 2575">
     <span class='ocr_line' id='line_1_24' title="bbox 497 2499 2074 2575; baseline -0.004 -14"><span class='ocrx_word' id='word_1_190' title='bbox 497 2507 540 2561; x_wconf 85' lang='lat' dir='ltr'><strong>si</strong></span> <span class='ocrx_word' id='word_1_191' title='bbox 572 2507 780 2560; x_wconf 73' lang='lat' dir='ltr'><strong>nihilex</strong></span> <span class='ocrx_word' id='word_1_192' title='bbox 803 2508 918 2575; x_wconf 80' lang='lat' dir='ltr'><strong>ejus</strong></span> <span class='ocrx_word' id='word_1_193' title='bbox 939 2506 1133 2560; x_wconf 88' lang='lat' dir='ltr'><strong>virtute</strong></span> <span class='ocrx_word' id='word_1_194' title='bbox 1154 2520 1250 2558; x_wconf 90' lang='lat' dir='ltr'><strong>ceu</strong></span> <span class='ocrx_word' id='word_1_195' title='bbox 1273 2501 1390 2558; x_wconf 78' lang='lat' dir='ltr'><strong>l‘otis</strong></span> <span class='ocrx_word' id='word_1_196' title='bbox 1407 2499 1729 2558; x_wconf 79' lang='lat' dir='ltr'><strong>seaturieute</strong></span> <span class='ocrx_word' id='word_1_197' title='bbox 1747 2503 2074 2568; x_wconf 80' lang='lat' dir='ltr'><strong>ltattriamus,</strong></span> 
     </span>
    </p>
   </div>
   <div class='ocr_carea' id='block_1_25' title="bbox 499 2597 2076 2668">
    <p class='ocr_par' dir='ltr' id='par_1_25' title="bbox 499 2597 2076 2668">
     <span class='ocr_line' id='line_1_25' title="bbox 499 2597 2076 2668; baseline -0.001 -16"><span class='ocrx_word' id='word_1_198' title='bbox 499 2609 675 2652; x_wconf 82' lang='lat' dir='ltr'><strong>nostra</strong></span> <span class='ocrx_word' id='word_1_199' title='bbox 703 2601 855 2668; x_wconf 86' lang='lat' dir='ltr'><strong>culpa</strong></span> <span class='ocrx_word' id='word_1_200' title='bbox 886 2609 967 2654; x_wconf 87' lang='lat' dir='ltr'><strong>est</strong></span> <span class='ocrx_word' id='word_1_201' title='bbox 994 2599 1229 2651; x_wconf 84' lang='lat' dir='ltr'><strong>omnino.</strong></span> <span class='ocrx_word' id='word_1_202' title='bbox 1262 2599 1373 2651; x_wconf 87' lang='lat' dir='ltr'><strong>Hoc</strong></span> <span class='ocrx_word' id='word_1_203' title='bbox 1402 2600 1543 2651; x_wconf 83' lang='lat' dir='ltr'><strong>enim</strong></span> <span class='ocrx_word' id='word_1_204' title='bbox 1576 2597 1789 2651; x_wconf 66' lang='lat' dir='ltr'><strong>Iudreos</strong></span> <span class='ocrx_word' id='word_1_205' title='bbox 1826 2597 2076 2651; x_wconf 85' lang='lat' dir='ltr'><strong>incusans</strong></span> 
     </span>
    </p>
   </div>
   <div class='ocr_carea' id='block_1_26' title="bbox 494 2683 2070 2751">
    <p class='ocr_par' dir='ltr' id='par_1_26' title="bbox 494 2683 2070 2751">
     <span class='ocr_line' id='line_1_26' title="bbox 494 2683 2070 2751; baseline -0.003 -9"><span class='ocrx_word' id='word_1_206' title='bbox 494 2683 703 2742; x_wconf 75' lang='lat' dir='ltr'><strong>dicebat</strong></span> <span class='ocrx_word' id='word_1_207' title='bbox 732 2706 742 2739; x_wconf 90' lang='lat'>:</span> <span class='ocrx_word' id='word_1_208' title='bbox 777 2685 1128 2741; x_wconf 78' lang='lat' dir='ltr'><strong>Misericordia</strong></span> <span class='ocrx_word' id='word_1_209' title='bbox 1166 2696 1333 2739; x_wconf 84' lang='lat' dir='ltr'><strong>autem</strong></span> <span class='ocrx_word' id='word_1_210' title='bbox 1377 2702 1489 2738; x_wconf 81' lang='lat' dir='ltr'><strong>mea</strong></span> <span class='ocrx_word' id='word_1_211' title='bbox 1524 2695 1577 2738; x_wconf 85' lang='lat' dir='ltr'><strong>ut</strong></span> <span class='ocrx_word' id='word_1_212' title='bbox 1624 2685 1778 2738; x_wconf 77' lang='lat' dir='ltr'><strong>nubes</strong></span> <span class='ocrx_word' id='word_1_213' title='bbox 1805 2686 2070 2751; x_wconf 71' lang='lat' dir='ltr'><strong>matutina,</strong></span> 
     </span>
    </p>
   </div>
   <div class='ocr_carea' id='block_1_27' title="bbox 493 2773 2071 2845">
    <p class='ocr_par' dir='ltr' id='par_1_27' title="bbox 493 2773 2071 2845">
     <span class='ocr_line' id='line_1_27' title="bbox 493 2773 2071 2845; baseline 0 -16"><span class='ocrx_word' id='word_1_214' title='bbox 493 2783 538 2829; x_wconf 78' lang='lat' dir='ltr'><strong>et</strong></span> <span class='ocrx_word' id='word_1_215' title='bbox 563 2778 687 2829; x_wconf 82' lang='lat' dir='ltr'><strong>sicut</strong></span> <span class='ocrx_word' id='word_1_216' title='bbox 714 2794 795 2830; x_wconf 83' lang='lat' dir='ltr'><strong>ros</strong></span> <span class='ocrx_word' id='word_1_217' title='bbox 815 2794 959 2830; x_wconf 82' lang='lat' dir='ltr'><strong>mune</strong></span> <span class='ocrx_word' id='word_1_218' title='bbox 986 2783 1316 2844; x_wconf 73' lang='lat' dir='ltr'><strong>pertraustet‘ts</strong></span> <span class='ocrx_word' id='word_1_219' title='bbox 1351 2774 1510 2845; x_wconf 82' lang='lat' dir='ltr'><strong>(Ibid.</strong></span> <span class='ocrx_word' id='word_1_220' title='bbox 1541 2791 1588 2828; x_wconf 83' lang='grc' dir='ltr'><strong>υ.</strong></span> <span class='ocrx_word' id='word_1_221' title='bbox 1617 2774 1692 2844; x_wconf 76' lang='grc'><strong>4).</strong></span> <span class='ocrx_word' id='word_1_222' title='bbox 1721 2773 1875 2841; x_wconf 83' lang='lat' dir='ltr'><strong>Quod</strong></span> <span class='ocrx_word' id='word_1_223' title='bbox 1892 2784 2071 2829; x_wconf 88' lang='lat' dir='ltr'><strong>autem</strong></span> 
     </span>
    </p>
   </div>
   <div class='ocr_carea' id='block_1_28' title="bbox 1223 362 3034 434">
    <p class='ocr_par' dir='ltr' id='par_1_28' title="bbox 1223 362 3034 434">
     <span class='ocr_line' id='line_1_28' title="bbox 1223 362 3034 434; baseline -0.002 -1"><span class='ocrx_word' id='word_1_224' title='bbox 1223 378 1278 434; x_wconf 90' lang='lat' dir='ltr'><strong>s.</strong></span> <span class='ocrx_word' id='word_1_225' title='bbox 1318 377 1594 433; x_wconf 73' lang='lat' dir='ltr'><strong>IOANNIS</strong></span> <span class='ocrx_word' id='word_1_226' title='bbox 1630 371 2100 432; x_wconf 78' lang='lat' dir='ltr'><strong>cunvsosrout</strong></span> <span class='ocrx_word' id='word_1_227' title='bbox 2141 372 2456 430; x_wconf 77' lang='lat' dir='ltr'><strong>ARClIIEP.</strong></span> <span class='ocrx_word' id='word_1_228' title='bbox 2499 362 3034 432; x_wconf 73' lang='lat' dir='ltr'><strong>CONSTANTINOP.</strong></span> 
     </span>
    </p>
   </div>
   <div class='ocr_carea' id='block_1_29' title="bbox 3688 375 3793 431">
    <p class='ocr_par' dir='ltr' id='par_1_29' title="bbox 3688 375 3793 431">
     <span class='ocr_line' id='line_1_29' title="bbox 3688 375 3793 431; baseline 0.038 -4"><span class='ocrx_word' id='word_1_229' title='bbox 3688 375 3793 431; x_wconf 64' lang='lat' dir='ltr'><strong>Sus</strong></span> 
     </span>
    </p>
   </div>
   <div class='ocr_carea' id='block_1_30' title="bbox 2203 474 3794 562">
    <p class='ocr_par' dir='ltr' id='par_1_30' title="bbox 2203 474 3794 562">
     <span class='ocr_line' id='line_1_30' title="bbox 2203 474 3794 562; baseline 0.004 -21"><span class='ocrx_word' id='word_1_230' title='bbox 2203 490 2360 553; x_wconf 88' lang='lat' dir='ltr'><strong>dicit,</strong></span> <span class='ocrx_word' id='word_1_231' title='bbox 2397 490 2698 562; x_wconf 81' lang='lat' dir='ltr'><strong>hujnsmodi</strong></span> <span class='ocrx_word' id='word_1_232' title='bbox 2737 503 2822 547; x_wconf 87' lang='lat' dir='ltr'><strong>est</strong></span> <span class='ocrx_word' id='word_1_233' title='bbox 2850 511 2862 547; x_wconf 75' lang='grc' dir='ltr'>ε</span> <span class='ocrx_word' id='word_1_234' title='bbox 2891 495 3000 562; x_wconf 82' lang='lat' dir='ltr'><strong>Ego</strong></span> <span class='ocrx_word' id='word_1_235' title='bbox 3048 474 3260 562; x_wconf 81' lang='lat' dir='ltr'><strong>quidem</strong></span> <span class='ocrx_word' id='word_1_236' title='bbox 3314 507 3430 562; x_wconf 64' lang='lat' dir='ltr'><strong>qua!</strong></span> <span class='ocrx_word' id='word_1_237' title='bbox 3479 507 3596 546; x_wconf 88' lang='lat' dir='ltr'><strong>mea</strong></span> <span class='ocrx_word' id='word_1_238' title='bbox 3641 504 3794 547; x_wconf 79' lang='lat' dir='ltr'><strong>erant</strong></span> 
     </span>
    </p>
   </div>
   <div class='ocr_carea' id='block_1_31' title="bbox 2200 584 3796 655">
    <p class='ocr_par' dir='ltr' id='par_1_31' title="bbox 2200 584 3796 655">
     <span class='ocr_line' id='line_1_31' title="bbox 2200 584 3796 655; baseline 0.004 -21"><span class='ocrx_word' id='word_1_239' title='bbox 2200 584 2376 635; x_wconf 85' lang='lat' dir='ltr'><strong>omnia</strong></span> <span class='ocrx_word' id='word_1_240' title='bbox 2407 584 2626 651; x_wconf 69' lang='lat' dir='ltr'><strong>prarstiti</strong></span> <span class='ocrx_word' id='word_1_241' title='bbox 2651 602 2665 647; x_wconf 88' lang='lat'><strong>;</strong></span> <span class='ocrx_word' id='word_1_242' title='bbox 2699 599 2792 638; x_wconf 87' lang='lat' dir='ltr'><strong>vos</strong></span> <span class='ocrx_word' id='word_1_243' title='bbox 2822 601 2948 640; x_wconf 82' lang='lat' dir='ltr'><strong>vero</strong></span> <span class='ocrx_word' id='word_1_244' title='bbox 2972 627 2985 646; x_wconf 95' lang='lat'><strong>,</strong></span> <span class='ocrx_word' id='word_1_245' title='bbox 3015 586 3465 655; x_wconf 79' lang='lat' dir='ltr'><strong>quemadmodum</strong></span> <span class='ocrx_word' id='word_1_246' title='bbox 3493 585 3571 640; x_wconf 81' lang='lat' dir='ltr'><strong>sol</strong></span> <span class='ocrx_word' id='word_1_247' title='bbox 3598 587 3796 641; x_wconf 83' lang='lat' dir='ltr'><strong>ardens</strong></span> 
     </span>
    </p>
   </div>
   <div class='ocr_carea' id='block_1_32' title="bbox 2200 679 3793 749">
    <p class='ocr_par' dir='ltr' id='par_1_32' title="bbox 2200 679 3793 749">
     <span class='ocr_line' id='line_1_32' title="bbox 2200 679 3793 749; baseline 0 -19"><span class='ocrx_word' id='word_1_248' title='bbox 2200 683 2582 748; x_wconf 65' lang='lat' dir='ltr'><strong>superveniens</strong></span> <span class='ocrx_word' id='word_1_249' title='bbox 2609 688 2661 733; x_wconf 86' lang='lat' dir='ltr'><strong>et</strong></span> <span class='ocrx_word' id='word_1_250' title='bbox 2691 681 2885 735; x_wconf 89' lang='lat' dir='ltr'><strong>nubem</strong></span> <span class='ocrx_word' id='word_1_251' title='bbox 2918 691 2970 734; x_wconf 84' lang='lat' dir='ltr'><strong>et</strong></span> <span class='ocrx_word' id='word_1_252' title='bbox 3001 696 3178 734; x_wconf 87' lang='lat' dir='ltr'><strong>rorem</strong></span> <span class='ocrx_word' id='word_1_253' title='bbox 3209 682 3428 749; x_wconf 88' lang='lat' dir='ltr'><strong>dissipat</strong></span> <span class='ocrx_word' id='word_1_254' title='bbox 3455 691 3508 733; x_wconf 87' lang='lat' dir='ltr'><strong>et</strong></span> <span class='ocrx_word' id='word_1_255' title='bbox 3535 679 3793 745; x_wconf 82' lang='lat' dir='ltr'><strong>occultat,</strong></span> 
     </span>
    </p>
   </div>
   <div class='ocr_carea' id='block_1_33' title="bbox 2200 770 3797 842">
    <p class='ocr_par' dir='ltr' id='par_1_33' title="bbox 2200 770 3797 842">
     <span class='ocr_line' id='line_1_33' title="bbox 2200 770 3797 842; baseline 0.001 -20"><span class='ocrx_word' id='word_1_256' title='bbox 2200 772 2276 823; x_wconf 89' lang='lat' dir='ltr'><strong>sic</strong></span> <span class='ocrx_word' id='word_1_257' title='bbox 2306 772 2375 824; x_wconf 91' lang='lat' dir='ltr'><strong>ob</strong></span> <span class='ocrx_word' id='word_1_258' title='bbox 2404 774 2620 825; x_wconf 86' lang='lat' dir='ltr'><strong>multam</strong></span> <span class='ocrx_word' id='word_1_259' title='bbox 2648 773 2936 842; x_wconf 83' lang='lat' dir='ltr'><strong>nequitiam</strong></span> <span class='ocrx_word' id='word_1_260' title='bbox 2965 772 3286 825; x_wconf 87' lang='lat' dir='ltr'><strong>iuell&#39;abilem</strong></span> <span class='ocrx_word' id='word_1_261' title='bbox 3338 770 3627 840; x_wconf 79' lang='lat' dir='ltr'><strong>reprimitis</strong></span> <span class='ocrx_word' id='word_1_262' title='bbox 3661 771 3797 824; x_wconf 86' lang='lat' dir='ltr'><strong>libe-</strong></span> 
     </span>
    </p>
   </div>
   <div class='ocr_carea' id='block_1_34' title="bbox 2200 862 3793 932">
    <p class='ocr_par' dir='ltr' id='par_1_34' title="bbox 2200 862 3793 932">
     <span class='ocr_line' id='line_1_34' title="bbox 2200 862 3793 932; baseline 0.001 -18"><span class='ocrx_word' id='word_1_263' title='bbox 2200 863 2480 918; x_wconf 87' lang='lat' dir='ltr'><strong>ralitatem.</strong></span> <span class='ocrx_word' id='word_1_264' title='bbox 2513 863 2565 917; x_wconf 87' lang='lat' dir='ltr'><strong>Id</strong></span> <span class='ocrx_word' id='word_1_265' title='bbox 2592 863 2731 932; x_wconf 83' lang='lat' dir='ltr'><strong>quod</strong></span> <span class='ocrx_word' id='word_1_266' title='bbox 2773 873 2946 918; x_wconf 90' lang='lat' dir='ltr'><strong>tamen</strong></span> <span class='ocrx_word' id='word_1_267' title='bbox 2984 863 3329 932; x_wconf 74' lang='lat' dir='ltr'><strong>providentia:</strong></span> <span class='ocrx_word' id='word_1_268' title='bbox 3355 866 3456 918; x_wconf 80' lang='lat' dir='ltr'><strong>est.</strong></span> <span class='ocrx_word' id='word_1_269' title='bbox 3505 862 3636 916; x_wconf 79' lang='lat' dir='ltr'><strong>Nam</strong></span> <span class='ocrx_word' id='word_1_270' title='bbox 3667 869 3793 915; x_wconf 84' lang='lat' dir='ltr'><strong>cum</strong></span> 
     </span>
    </p>
   </div>
   <div class='ocr_carea' id='block_1_35' title="bbox 2199 945 3794 1026">
    <p class='ocr_par' dir='ltr' id='par_1_35' title="bbox 2199 945 3794 1026">
     <span class='ocr_line' id='line_1_35' title="bbox 2199 945 3794 1026; baseline 0.001 -20"><span class='ocrx_word' id='word_1_271' title='bbox 2199 955 2443 1025; x_wconf 81' lang='lat' dir='ltr'><strong>indignos</strong></span> <span class='ocrx_word' id='word_1_272' title='bbox 2469 956 2612 1010; x_wconf 81' lang='lat' dir='ltr'><strong>videt</strong></span> <span class='ocrx_word' id='word_1_273' title='bbox 2635 971 2733 1010; x_wconf 88' lang='lat' dir='ltr'><strong>nos</strong></span> <span class='ocrx_word' id='word_1_274' title='bbox 2757 958 2845 1026; x_wconf 86' lang='lat' dir='ltr'><strong>qui</strong></span> <span class='ocrx_word' id='word_1_275' title='bbox 2878 957 3030 1010; x_wconf 82' lang='lat' dir='ltr'><strong>bonis</strong></span> <span class='ocrx_word' id='word_1_276' title='bbox 3061 956 3378 1015; x_wconf 74' lang='lat' dir='ltr'><strong>afﬁciantur.</strong></span> <span class='ocrx_word' id='word_1_277' title='bbox 3410 945 3666 1010; x_wconf 69' lang='lat' dir='ltr'><strong>beneﬁcia</strong></span> <span class='ocrx_word' id='word_1_278' title='bbox 3699 970 3794 1008; x_wconf 79' lang='lat' dir='ltr'><strong>re-</strong></span> 
     </span>
    </p>
   </div>
   <div class='ocr_carea' id='block_1_36' title="bbox 2200 1037 3790 1114">
    <p class='ocr_par' dir='ltr' id='par_1_36' title="bbox 2200 1037 3790 1114">
     <span class='ocr_line' id='line_1_36' title="bbox 2200 1037 3790 1114; baseline 0.001 -17"><span class='ocrx_word' id='word_1_279' title='bbox 2200 1048 2352 1109; x_wconf 88' lang='lat' dir='ltr'><strong>tinet,</strong></span> <span class='ocrx_word' id='word_1_280' title='bbox 2386 1062 2452 1100; x_wconf 89' lang='lat' dir='ltr'><strong>ne</strong></span> <span class='ocrx_word' id='word_1_281' title='bbox 2506 1060 2605 1100; x_wconf 82' lang='lat' dir='ltr'><strong>nos</strong></span> <span class='ocrx_word' id='word_1_282' title='bbox 2651 1046 2865 1101; x_wconf 82' lang='lat' dir='ltr'><strong>desides</strong></span> <span class='ocrx_word' id='word_1_283' title='bbox 2903 1047 3117 1101; x_wconf 83' lang='lat' dir='ltr'><strong>elliciat.</strong></span> <span class='ocrx_word' id='word_1_284' title='bbox 3150 1046 3208 1103; x_wconf 86' lang='lat' dir='ltr'><strong>Si</strong></span> <span class='ocrx_word' id='word_1_285' title='bbox 3252 1037 3428 1100; x_wconf 75' lang='lat' dir='ltr'><strong>autem</strong></span> <span class='ocrx_word' id='word_1_286' title='bbox 3470 1047 3550 1099; x_wconf 90' lang='lat' dir='ltr'><strong>vel</strong></span> <span class='ocrx_word' id='word_1_287' title='bbox 3600 1053 3790 1114; x_wconf 87' lang='lat' dir='ltr'><strong>parum</strong></span> 
     </span>
    </p>
   </div>
   <div class='ocr_carea' id='block_1_37' title="bbox 2198 1137 3792 1208">
    <p class='ocr_par' dir='ltr' id='par_1_37' title="bbox 2198 1137 3792 1208">
     <span class='ocr_line' id='line_1_37' title="bbox 2198 1137 3792 1208; baseline 0 -18"><span class='ocrx_word' id='word_1_288' title='bbox 2198 1137 2588 1203; x_wconf 76' lang='lat' dir='ltr'><strong>convertamur,</strong></span> <span class='ocrx_word' id='word_1_289' title='bbox 2622 1149 2822 1194; x_wconf 89' lang='lat' dir='ltr'><strong>tantum</strong></span> <span class='ocrx_word' id='word_1_290' title='bbox 2874 1141 3119 1194; x_wconf 80' lang='lat' dir='ltr'><strong>videlicet</strong></span> <span class='ocrx_word' id='word_1_291' title='bbox 3162 1151 3417 1208; x_wconf 84' lang='lat' dir='ltr'><strong>quantum</strong></span> <span class='ocrx_word' id='word_1_292' title='bbox 3462 1151 3594 1207; x_wconf 90' lang='lat' dir='ltr'><strong>opus</strong></span> <span class='ocrx_word' id='word_1_293' title='bbox 3622 1145 3792 1191; x_wconf 87' lang='lat' dir='ltr'><strong>estut</strong></span> 
     </span>
    </p>
   </div>
   <div class='ocr_carea' id='block_1_38' title="bbox 2196 1229 3786 1300">
    <p class='ocr_par' dir='ltr' id='par_1_38' title="bbox 2196 1229 3786 1300">
     <span class='ocr_line' id='line_1_38' title="bbox 2196 1229 3786 1300; baseline 0 -20"><span class='ocrx_word' id='word_1_294' title='bbox 2196 1244 2696 1298; x_wconf 50' lang='lat' dir='ltr'><strong>cognoscamus&#39;nos</strong></span> <span class='ocrx_word' id='word_1_295' title='bbox 2718 1245 2986 1300; x_wconf 77' lang='lat' dir='ltr'><strong>peccasse,</strong></span> <span class='ocrx_word' id='word_1_296' title='bbox 3013 1232 3127 1300; x_wconf 88' lang='lat' dir='ltr'><strong>plus</strong></span> <span class='ocrx_word' id='word_1_297' title='bbox 3154 1245 3310 1299; x_wconf 89' lang='lat' dir='ltr'><strong>quam</strong></span> <span class='ocrx_word' id='word_1_298' title='bbox 3343 1229 3513 1283; x_wconf 79' lang='lat' dir='ltr'><strong>fontes</strong></span> <span class='ocrx_word' id='word_1_299' title='bbox 3539 1230 3786 1294; x_wconf 79' lang='lat' dir='ltr'><strong>scaturit,</strong></span> 
     </span>
    </p>
   </div>
   <div class='ocr_carea' id='block_1_39' title="bbox 2199 1319 3789 1389">
    <p class='ocr_par' dir='ltr' id='par_1_39' title="bbox 2199 1319 3789 1389">
     <span class='ocr_line' id='line_1_39' title="bbox 2199 1319 3789 1389; baseline -0.002 -18"><span class='ocrx_word' id='word_1_300' title='bbox 2199 1319 2317 1386; x_wconf 87' lang='lat' dir='ltr'><strong>plus</strong></span> <span class='ocrx_word' id='word_1_301' title='bbox 2339 1335 2495 1388; x_wconf 84' lang='lat' dir='ltr'><strong>quam</strong></span> <span class='ocrx_word' id='word_1_302' title='bbox 2521 1321 2736 1389; x_wconf 86' lang='lat' dir='ltr'><strong>pelagus</strong></span> <span class='ocrx_word' id='word_1_303' title='bbox 2768 1320 2962 1374; x_wconf 80' lang='lat' dir='ltr'><strong>difﬂuit</strong></span> <span class='ocrx_word' id='word_1_304' title='bbox 2991 1340 3002 1373; x_wconf 92' lang='lat'>:</span> <span class='ocrx_word' id='word_1_305' title='bbox 3035 1327 3090 1374; x_wconf 84' lang='lat' dir='ltr'><strong>et</strong></span> <span class='ocrx_word' id='word_1_306' title='bbox 3115 1319 3312 1385; x_wconf 86' lang='lat' dir='ltr'><strong>qdanto</strong></span> <span class='ocrx_word' id='word_1_307' title='bbox 3341 1320 3538 1387; x_wconf 86' lang='lat' dir='ltr'><strong>majora</strong></span> <span class='ocrx_word' id='word_1_308' title='bbox 3558 1333 3789 1386; x_wconf 81' lang='lat' dir='ltr'><strong>accepe-</strong></span> 
     </span>
    </p>
   </div>
   <div class='ocr_carea' id='block_1_40' title="bbox 2196 1408 3788 1481">
    <p class='ocr_par' dir='ltr' id='par_1_40' title="bbox 2196 1408 3788 1481">
     <span class='ocr_line' id='line_1_40' title="bbox 2196 1408 3788 1481; baseline 0.001 -20"><span class='ocrx_word' id='word_1_309' title='bbox 2196 1409 2289 1472; x_wconf 92' lang='lat' dir='ltr'><strong>ris,</strong></span> <span class='ocrx_word' id='word_1_310' title='bbox 2323 1419 2468 1464; x_wconf 89' lang='lat' dir='ltr'><strong>tanto</strong></span> <span class='ocrx_word' id='word_1_311' title='bbox 2498 1412 2665 1481; x_wconf 82' lang='lat' dir='ltr'><strong>magis</strong></span> <span class='ocrx_word' id='word_1_312' title='bbox 2705 1412 2899 1481; x_wconf 83' lang='lat' dir='ltr'><strong>gaudet</strong></span> <span class='ocrx_word' id='word_1_313' title='bbox 2930 1432 2941 1462; x_wconf 90' lang='lat'>:</span> <span class='ocrx_word' id='word_1_314' title='bbox 2977 1411 3205 1480; x_wconf 88' lang='lat' dir='ltr'><strong>ltincque</strong></span> <span class='ocrx_word' id='word_1_315' title='bbox 3234 1411 3300 1462; x_wconf 87' lang='lat' dir='ltr'><strong>ad</strong></span> <span class='ocrx_word' id='word_1_316' title='bbox 3333 1410 3478 1478; x_wconf 90' lang='lat' dir='ltr'><strong>plura</strong></span> <span class='ocrx_word' id='word_1_317' title='bbox 3519 1408 3692 1463; x_wconf 90' lang='lat' dir='ltr'><strong>danda</strong></span> <span class='ocrx_word' id='word_1_318' title='bbox 3728 1408 3788 1462; x_wconf 77' lang='lat' dir='ltr'><strong>so</strong></span> 
     </span>
    </p>
   </div>
   <div class='ocr_carea' id='block_1_41' title="bbox 2196 1484 3784 1577">
    <p class='ocr_par' dir='ltr' id='par_1_41' title="bbox 2196 1484 3784 1577">
     <span class='ocr_line' id='line_1_41' title="bbox 2196 1484 3784 1577; baseline 0.002 -26"><span class='ocrx_word' id='word_1_319' title='bbox 2196 1499 2490 1577; x_wconf 83' lang='lat' dir='ltr'><strong>comparat.</strong></span> <span class='ocrx_word' id='word_1_320' title='bbox 2513 1484 2646 1556; x_wconf 75' lang='lat' dir='ltr'><strong>Nam</strong></span> <span class='ocrx_word' id='word_1_321' title='bbox 2682 1495 2896 1555; x_wconf 82' lang='lat' dir='ltr'><strong>divitias</strong></span> <span class='ocrx_word' id='word_1_322' title='bbox 2933 1519 3056 1555; x_wconf 87' lang='lat' dir='ltr'><strong>suas</strong></span> <span class='ocrx_word' id='word_1_323' title='bbox 3097 1506 3331 1555; x_wconf 87' lang='lat' dir='ltr'><strong>nostram</strong></span> <span class='ocrx_word' id='word_1_324' title='bbox 3360 1512 3507 1570; x_wconf 80' lang='lat' dir='ltr'><strong>putat</strong></span> <span class='ocrx_word' id='word_1_325' title='bbox 3543 1516 3663 1554; x_wconf 87' lang='lat' dir='ltr'><strong>esse</strong></span> <span class='ocrx_word' id='word_1_326' title='bbox 3693 1508 3784 1554; x_wconf 58' lang='lat' dir='ltr'><strong>sa.</strong></span> 
     </span>
    </p>
   </div>
   <div class='ocr_carea' id='block_1_42' title="bbox 2197 1594 3785 1663">
    <p class='ocr_par' dir='ltr' id='par_1_42' title="bbox 2197 1594 3785 1663">
     <span class='ocr_line' id='line_1_42' title="bbox 2197 1594 3785 1663; baseline 0.001 -19"><span class='ocrx_word' id='word_1_327' title='bbox 2197 1594 2378 1654; x_wconf 88' lang='lat' dir='ltr'><strong>lutcm.</strong></span> <span class='ocrx_word' id='word_1_328' title='bbox 2428 1605 2480 1648; x_wconf 88' lang='lat' dir='ltr'><strong>ct</strong></span> <span class='ocrx_word' id='word_1_329' title='bbox 2522 1595 2688 1663; x_wconf 86' lang='lat' dir='ltr'><strong>ipsam</strong></span> <span class='ocrx_word' id='word_1_330' title='bbox 2733 1596 2890 1647; x_wconf 86' lang='lat' dir='ltr'><strong>dandi</strong></span> <span class='ocrx_word' id='word_1_331' title='bbox 2923 1596 3222 1663; x_wconf 81' lang='lat' dir='ltr'><strong>petentibus</strong></span> <span class='ocrx_word' id='word_1_332' title='bbox 3267 1595 3562 1663; x_wconf 79' lang='lat' dir='ltr'><strong>largitatem</strong></span> <span class='ocrx_word' id='word_1_333' title='bbox 3597 1594 3785 1662; x_wconf 87' lang='lat' dir='ltr'><strong>:quod</strong></span> 
     </span>
    </p>
   </div>
   <div class='ocr_carea' id='block_1_43' title="bbox 2194 1685 3786 1750">
    <p class='ocr_par' dir='ltr' id='par_1_43' title="bbox 2194 1685 3786 1750">
     <span class='ocr_line' id='line_1_43' title="bbox 2194 1685 3786 1750; baseline -0.001 -13"><span class='ocrx_word' id='word_1_334' title='bbox 2194 1686 2354 1739; x_wconf 83' lang='lat' dir='ltr'><strong>etiam</strong></span> <span class='ocrx_word' id='word_1_335' title='bbox 2385 1685 2582 1739; x_wconf 82' lang='lat' dir='ltr'><strong>Paulus</strong></span> <span class='ocrx_word' id='word_1_336' title='bbox 2613 1688 2690 1739; x_wconf 85' lang='lat' dir='ltr'><strong>sic</strong></span> <span class='ocrx_word' id='word_1_337' title='bbox 2709 1685 3011 1739; x_wconf 80' lang='lat' dir='ltr'><strong>declarabat</strong></span> <span class='ocrx_word' id='word_1_338' title='bbox 3044 1701 3054 1736; x_wconf 93' lang='lat'><strong>:</strong></span> <span class='ocrx_word' id='word_1_339' title='bbox 3092 1685 3242 1737; x_wconf 84' lang='lat' dir='ltr'><strong>Dives</strong></span> <span class='ocrx_word' id='word_1_340' title='bbox 3267 1691 3319 1737; x_wconf 85' lang='lat' dir='ltr'><strong>in</strong></span> <span class='ocrx_word' id='word_1_341' title='bbox 3337 1701 3526 1744; x_wconf 80' lang='lat' dir='ltr'><strong>omnes,</strong></span> <span class='ocrx_word' id='word_1_342' title='bbox 3555 1693 3602 1736; x_wconf 89' lang='lat' dir='ltr'><strong>et</strong></span> <span class='ocrx_word' id='word_1_343' title='bbox 3629 1700 3786 1750; x_wconf 81' lang='lat' dir='ltr'><strong>super</strong></span> 
     </span>
    </p>
   </div>
   <div class='ocr_carea' id='block_1_44' title="bbox 2195 1774 3782 1844">
    <p class='ocr_par' dir='ltr' id='par_1_44' title="bbox 2195 1774 3782 1844">
     <span class='ocr_line' id='line_1_44' title="bbox 2195 1774 3782 1844; baseline 0 -18"><span class='ocrx_word' id='word_1_344' title='bbox 2195 1790 2365 1827; x_wconf 87' lang='lat' dir='ltr'><strong>omnes</strong></span> <span class='ocrx_word' id='word_1_345' title='bbox 2392 1777 2476 1843; x_wconf 85' lang='lat' dir='ltr'><strong>qui</strong></span> <span class='ocrx_word' id='word_1_346' title='bbox 2505 1775 2737 1828; x_wconf 81' lang='lat' dir='ltr'><strong>invocant</strong></span> <span class='ocrx_word' id='word_1_347' title='bbox 2777 1777 2921 1828; x_wconf 74' lang='lat' dir='ltr'><strong>illuni</strong></span> <span class='ocrx_word' id='word_1_348' title='bbox 2975 1776 3149 1844; x_wconf 79' lang='lat' dir='ltr'><strong>(Rom.</strong></span> <span class='ocrx_word' id='word_1_349' title='bbox 3183 1775 3267 1829; x_wconf 84' lang='lat' dir='ltr'><strong>l0.</strong></span> <span class='ocrx_word' id='word_1_350' title='bbox 3305 1774 3412 1842; x_wconf 77' lang='lat'><strong>19.).</strong></span> <span class='ocrx_word' id='word_1_351' title='bbox 3459 1775 3590 1827; x_wconf 83' lang='lat' dir='ltr'><strong>Cum</strong></span> <span class='ocrx_word' id='word_1_352' title='bbox 3635 1775 3782 1834; x_wconf 79' lang='lat' dir='ltr'><strong>enim</strong></span> 
     </span>
    </p>
   </div>
   <div class='ocr_carea' id='block_1_45' title="bbox 2195 1866 3785 1936">
    <p class='ocr_par' dir='ltr' id='par_1_45' title="bbox 2195 1866 3785 1936">
     <span class='ocr_line' id='line_1_45' title="bbox 2195 1866 3785 1936; baseline 0 -18"><span class='ocrx_word' id='word_1_353' title='bbox 2195 1883 2298 1919; x_wconf 85' lang='lat' dir='ltr'><strong>non</strong></span> <span class='ocrx_word' id='word_1_354' title='bbox 2330 1867 2580 1936; x_wconf 82' lang='lat' dir='ltr'><strong>petimus,</strong></span> <span class='ocrx_word' id='word_1_355' title='bbox 2611 1876 2734 1920; x_wconf 88' lang='lat' dir='ltr'><strong>tunc</strong></span> <span class='ocrx_word' id='word_1_356' title='bbox 2764 1866 3042 1928; x_wconf 83' lang='lat' dir='ltr'><strong>irascitur;</strong></span> <span class='ocrx_word' id='word_1_357' title='bbox 3073 1881 3192 1918; x_wconf 90' lang='lat' dir='ltr'><strong>cum</strong></span> <span class='ocrx_word' id='word_1_358' title='bbox 3225 1877 3328 1917; x_wconf 90' lang='lat' dir='ltr'><strong>nutt</strong></span> <span class='ocrx_word' id='word_1_359' title='bbox 3380 1867 3626 1932; x_wconf 86' lang='lat' dir='ltr'><strong>petimus,</strong></span> <span class='ocrx_word' id='word_1_360' title='bbox 3655 1875 3785 1918; x_wconf 90' lang='lat' dir='ltr'><strong>tunc</strong></span> 
     </span>
    </p>
   </div>
   <div class='ocr_carea' id='block_1_46' title="bbox 2190 1957 3780 2025">
    <p class='ocr_par' dir='ltr' id='par_1_46' title="bbox 2190 1957 3780 2025">
     <span class='ocr_line' id='line_1_46' title="bbox 2190 1957 3780 2025; baseline -0.003 -15"><span class='ocrx_word' id='word_1_361' title='bbox 2190 1966 2487 2010; x_wconf 82' lang='lat' dir='ltr'><strong>aversatur.</strong></span> <span class='ocrx_word' id='word_1_362' title='bbox 2522 1957 2644 2011; x_wconf 83' lang='lat' dir='ltr'><strong>ideo</strong></span> <span class='ocrx_word' id='word_1_363' title='bbox 2672 1963 2870 2025; x_wconf 88' lang='lat' dir='ltr'><strong>pauper</strong></span> <span class='ocrx_word' id='word_1_364' title='bbox 2909 1958 3027 2021; x_wconf 82' lang='lat' dir='ltr'><strong>fuit,</strong></span> <span class='ocrx_word' id='word_1_365' title='bbox 3060 1967 3115 2010; x_wconf 92' lang='lat' dir='ltr'><strong>ut</strong></span> <span class='ocrx_word' id='word_1_366' title='bbox 3148 1972 3244 2010; x_wconf 89' lang='lat' dir='ltr'><strong>nos</strong></span> <span class='ocrx_word' id='word_1_367' title='bbox 3275 1958 3472 2010; x_wconf 85' lang='lat' dir='ltr'><strong>divites</strong></span> <span class='ocrx_word' id='word_1_368' title='bbox 3501 1971 3780 2020; x_wconf 85' lang='lat' dir='ltr'><strong>essemus;</strong></span> 
     </span>
    </p>
   </div>
   <div class='ocr_carea' id='block_1_47' title="bbox 2193 2046 3778 2118">
    <p class='ocr_par' dir='ltr' id='par_1_47' title="bbox 2193 2046 3778 2118">
     <span class='ocr_line' id='line_1_47' title="bbox 2193 2046 3778 2118; baseline 0.002 -20"><span class='ocrx_word' id='word_1_369' title='bbox 2193 2048 2311 2100; x_wconf 88' lang='lat' dir='ltr'><strong>ideo</strong></span> <span class='ocrx_word' id='word_1_370' title='bbox 2342 2046 2426 2100; x_wconf 89' lang='lat' dir='ltr'><strong>illa</strong></span> <span class='ocrx_word' id='word_1_371' title='bbox 2454 2050 2630 2101; x_wconf 91' lang='lat' dir='ltr'><strong>omnia</strong></span> <span class='ocrx_word' id='word_1_372' title='bbox 2664 2049 2901 2118; x_wconf 83' lang='lat' dir='ltr'><strong>pertulit.</strong></span> <span class='ocrx_word' id='word_1_373' title='bbox 2934 2059 2987 2102; x_wconf 92' lang='lat' dir='ltr'><strong>ut</strong></span> <span class='ocrx_word' id='word_1_374' title='bbox 3014 2064 3111 2102; x_wconf 89' lang='lat' dir='ltr'><strong>nos</strong></span> <span class='ocrx_word' id='word_1_375' title='bbox 3140 2049 3206 2102; x_wconf 89' lang='lat' dir='ltr'><strong>ad</strong></span> <span class='ocrx_word' id='word_1_376' title='bbox 3232 2049 3514 2117; x_wconf 87' lang='lat' dir='ltr'><strong>petendum</strong></span> <span class='ocrx_word' id='word_1_377' title='bbox 3541 2057 3778 2102; x_wconf 79' lang='lat' dir='ltr'><strong>vocaret.</strong></span> 
     </span>
    </p>
   </div>
   <div class='ocr_carea' id='block_1_48' title="bbox 2190 2136 3780 2206">
    <p class='ocr_par' dir='ltr' id='par_1_48' title="bbox 2190 2136 3780 2206">
     <span class='ocr_line' id='line_1_48' title="bbox 2190 2136 3780 2206; baseline 0 -16"><span class='ocrx_word' id='word_1_378' title='bbox 2190 2136 2266 2191; x_wconf 82' lang='lat' dir='ltr'><strong>Ne</strong></span> <span class='ocrx_word' id='word_1_379' title='bbox 2299 2138 2473 2205; x_wconf 89' lang='lat' dir='ltr'><strong>itaque</strong></span> <span class='ocrx_word' id='word_1_380' title='bbox 2503 2138 2883 2206; x_wconf 85' lang='lat' dir='ltr'><strong>desperemus:</strong></span> <span class='ocrx_word' id='word_1_381' title='bbox 2911 2141 3002 2192; x_wconf 82' lang='lat' dir='ltr'><strong>sed</strong></span> <span class='ocrx_word' id='word_1_382' title='bbox 3047 2141 3140 2193; x_wconf 88' lang='lat' dir='ltr'><strong>has</strong></span> <span class='ocrx_word' id='word_1_383' title='bbox 3167 2138 3476 2192; x_wconf 86' lang='lat' dir='ltr'><strong>occasiones</strong></span> <span class='ocrx_word' id='word_1_384' title='bbox 3504 2148 3555 2191; x_wconf 91' lang='lat' dir='ltr'><strong>et</strong></span> <span class='ocrx_word' id='word_1_385' title='bbox 3583 2139 3780 2190; x_wconf 89' lang='lat' dir='ltr'><strong>bonam</strong></span> 
     </span>
    </p>
   </div>
   <div class='ocr_carea' id='block_1_49' title="bbox 2190 2226 3778 2299">
    <p class='ocr_par' dir='ltr' id='par_1_49' title="bbox 2190 2226 3778 2299">
     <span class='ocr_line' id='line_1_49' title="bbox 2190 2226 3778 2299; baseline 0 -18"><span class='ocrx_word' id='word_1_386' title='bbox 2190 2243 2340 2295; x_wconf 89' lang='lat' dir='ltr'><strong>spem</strong></span> <span class='ocrx_word' id='word_1_387' title='bbox 2377 2229 2630 2283; x_wconf 86' lang='lat' dir='ltr'><strong>habentes</strong></span> <span class='ocrx_word' id='word_1_388' title='bbox 2655 2272 2668 2294; x_wconf 95' lang='lat'><strong>,</strong></span> <span class='ocrx_word' id='word_1_389' title='bbox 2694 2231 2900 2284; x_wconf 85' lang='lat' dir='ltr'><strong>etiamsi</strong></span> <span class='ocrx_word' id='word_1_390' title='bbox 2935 2245 3028 2297; x_wconf 88' lang='lat' dir='ltr'><strong>per</strong></span> <span class='ocrx_word' id='word_1_391' title='bbox 3055 2231 3293 2298; x_wconf 81' lang='lat' dir='ltr'><strong>singulos</strong></span> <span class='ocrx_word' id='word_1_392' title='bbox 3317 2226 3432 2283; x_wconf 91' lang='lat' dir='ltr'><strong>dies</strong></span> <span class='ocrx_word' id='word_1_393' title='bbox 3460 2243 3778 2299; x_wconf 80' lang='lat' dir='ltr'><strong>peccamus,</strong></span> 
     </span>
    </p>
   </div>
   <div class='ocr_carea' id='block_1_50' title="bbox 2190 2317 3780 2389">
    <p class='ocr_par' dir='ltr' id='par_1_50' title="bbox 2190 2317 3780 2389">
     <span class='ocr_line' id='line_1_50' title="bbox 2190 2317 3780 2389; baseline 0.002 -21"><span class='ocrx_word' id='word_1_394' title='bbox 2190 2317 2507 2372; x_wconf 87' lang='lat' dir='ltr'><strong>accedamus</strong></span> <span class='ocrx_word' id='word_1_395' title='bbox 2536 2331 2805 2389; x_wconf 79' lang='lat' dir='ltr'><strong>rogantes,</strong></span> <span class='ocrx_word' id='word_1_396' title='bbox 2836 2321 3198 2384; x_wconf 78' lang='lat' dir='ltr'><strong>obsecrantes;</strong></span> <span class='ocrx_word' id='word_1_397' title='bbox 3223 2329 3556 2388; x_wconf 83' lang='lat' dir='ltr'><strong>peccatorum</strong></span> <span class='ocrx_word' id='word_1_398' title='bbox 3582 2319 3780 2371; x_wconf 87' lang='lat' dir='ltr'><strong>remis-</strong></span> 
     </span>
    </p>
   </div>
   <div class='ocr_carea' id='block_1_51' title="bbox 2190 2411 3780 2481">
    <p class='ocr_par' dir='ltr' id='par_1_51' title="bbox 2190 2411 3780 2481">
     <span class='ocr_line' id='line_1_51' title="bbox 2190 2411 3780 2481; baseline 0 -17"><span class='ocrx_word' id='word_1_399' title='bbox 2190 2411 2395 2466; x_wconf 88' lang='lat' dir='ltr'><strong>sionem</strong></span> <span class='ocrx_word' id='word_1_400' title='bbox 2427 2420 2684 2480; x_wconf 84' lang='lat' dir='ltr'><strong>petentes.</strong></span> <span class='ocrx_word' id='word_1_401' title='bbox 2715 2413 2802 2467; x_wconf 87' lang='lat' dir='ltr'><strong>Sic</strong></span> <span class='ocrx_word' id='word_1_402' title='bbox 2829 2413 2969 2466; x_wconf 88' lang='lat' dir='ltr'><strong>enim</strong></span> <span class='ocrx_word' id='word_1_403' title='bbox 2999 2422 3051 2466; x_wconf 90' lang='lat' dir='ltr'><strong>et</strong></span> <span class='ocrx_word' id='word_1_404' title='bbox 3071 2412 3135 2465; x_wconf 87' lang='lat' dir='ltr'><strong>ad</strong></span> <span class='ocrx_word' id='word_1_405' title='bbox 3163 2411 3486 2481; x_wconf 87' lang='lat' dir='ltr'><strong>peccandum</strong></span> <span class='ocrx_word' id='word_1_406' title='bbox 3513 2412 3780 2464; x_wconf 74' lang='lat' dir='ltr'><strong>tardiores</strong></span> 
     </span>
    </p>
   </div>
   <div class='ocr_carea' id='block_1_52' title="bbox 2189 2502 3780 2573">
    <p class='ocr_par' dir='ltr' id='par_1_52' title="bbox 2189 2502 3780 2573">
     <span class='ocr_line' id='line_1_52' title="bbox 2189 2502 3780 2573; baseline 0.002 -19"><span class='ocrx_word' id='word_1_407' title='bbox 2189 2502 2511 2568; x_wconf 81' lang='lat' dir='ltr'><strong>el&#39;liciemur,</strong></span> <span class='ocrx_word' id='word_1_408' title='bbox 2544 2515 2598 2559; x_wconf 88' lang='lat' dir='ltr'><strong>et</strong></span> <span class='ocrx_word' id='word_1_409' title='bbox 2627 2503 2900 2558; x_wconf 88' lang='lat' dir='ltr'><strong>diabolum</strong></span> <span class='ocrx_word' id='word_1_410' title='bbox 2949 2505 3312 2573; x_wconf 77' lang='lat' dir='ltr'><strong>depellamus,</strong></span> <span class='ocrx_word' id='word_1_411' title='bbox 3354 2519 3416 2557; x_wconf 87' lang='lat' dir='ltr'><strong>ac</strong></span> <span class='ocrx_word' id='word_1_412' title='bbox 3447 2503 3536 2557; x_wconf 89' lang='lat' dir='ltr'><strong>Dei</strong></span> <span class='ocrx_word' id='word_1_413' title='bbox 3569 2504 3780 2557; x_wconf 72' lang='lat' dir='ltr'><strong>miseri-</strong></span> 
     </span>
    </p>
   </div>
   <div class='ocr_carea' id='block_1_53' title="bbox 2188 2592 3774 2664">
    <p class='ocr_par' dir='ltr' id='par_1_53' title="bbox 2188 2592 3774 2664">
     <span class='ocr_line' id='line_1_53' title="bbox 2188 2592 3774 2664; baseline 0.002 -20"><span class='ocrx_word' id='word_1_414' title='bbox 2188 2592 2423 2646; x_wconf 89' lang='lat' dir='ltr'><strong>cordiam</strong></span> <span class='ocrx_word' id='word_1_415' title='bbox 2456 2595 2879 2664; x_wconf 89' lang='lat' dir='ltr'><strong>provocabimus,</strong></span> <span class='ocrx_word' id='word_1_416' title='bbox 2906 2595 3184 2662; x_wconf 84' lang='lat' dir='ltr'><strong>futuraque</strong></span> <span class='ocrx_word' id='word_1_417' title='bbox 3201 2609 3588 2662; x_wconf 82' lang='lat' dir='ltr'><strong>consequemur</strong></span> <span class='ocrx_word' id='word_1_418' title='bbox 3611 2594 3774 2657; x_wconf 76' lang='lat' dir='ltr'><strong>bona,</strong></span> 
     </span>
    </p>
   </div>
   <div class='ocr_carea' id='block_1_54' title="bbox 2186 2684 3776 2756">
    <p class='ocr_par' dir='ltr' id='par_1_54' title="bbox 2186 2684 3776 2756">
     <span class='ocr_line' id='line_1_54' title="bbox 2186 2684 3776 2756; baseline 0.003 -20"><span class='ocrx_word' id='word_1_419' title='bbox 2186 2685 2353 2752; x_wconf 78' lang='lat' dir='ltr'><strong>gratia</strong></span> <span class='ocrx_word' id='word_1_420' title='bbox 2379 2694 2433 2739; x_wconf 90' lang='lat' dir='ltr'><strong>et</strong></span> <span class='ocrx_word' id='word_1_421' title='bbox 2461 2685 2783 2756; x_wconf 76' lang='lat' dir='ltr'><strong>benignitate</strong></span> <span class='ocrx_word' id='word_1_422' title='bbox 2820 2687 3028 2740; x_wconf 84' lang='lat' dir='ltr'><strong>Domini</strong></span> <span class='ocrx_word' id='word_1_423' title='bbox 3057 2687 3224 2740; x_wconf 85' lang='lat' dir='ltr'><strong>nostri</strong></span> <span class='ocrx_word' id='word_1_424' title='bbox 3260 2685 3386 2739; x_wconf 82' lang='lat' dir='ltr'><strong>Iesu</strong></span> <span class='ocrx_word' id='word_1_425' title='bbox 3417 2684 3652 2749; x_wconf 77' lang='lat' dir='ltr'><strong>Christi,</strong></span> <span class='ocrx_word' id='word_1_426' title='bbox 3686 2686 3776 2740; x_wconf 85' lang='lat' dir='ltr'><strong>cui</strong></span> 
     </span>
    </p>
   </div>
   <div class='ocr_carea' id='block_1_55' title="bbox 2186 2770 3642 2850">
    <p class='ocr_par' dir='ltr' id='par_1_55' title="bbox 2186 2770 3642 2850">
     <span class='ocr_line' id='line_1_55' title="bbox 2186 2770 3642 2850; baseline 0.003 -20"><span class='ocrx_word' id='word_1_427' title='bbox 2186 2770 2356 2842; x_wconf 78' lang='lat' dir='ltr'><strong>gloria</strong></span> <span class='ocrx_word' id='word_1_428' title='bbox 2387 2788 2441 2834; x_wconf 88' lang='lat' dir='ltr'><strong>et</strong></span> <span class='ocrx_word' id='word_1_429' title='bbox 2472 2779 2752 2850; x_wconf 88' lang='lat' dir='ltr'><strong>imperium</strong></span> <span class='ocrx_word' id='word_1_430' title='bbox 2777 2781 2826 2834; x_wconf 91' lang='lat' dir='ltr'><strong>in</strong></span> <span class='ocrx_word' id='word_1_431' title='bbox 2857 2781 3050 2836; x_wconf 65' lang='lat' dir='ltr'><strong>saecula</strong></span> <span class='ocrx_word' id='word_1_432' title='bbox 3081 2781 3421 2836; x_wconf 64' lang='lat' dir='ltr'><strong>sareulorutn.</strong></span> <span class='ocrx_word' id='word_1_433' title='bbox 3450 2784 3642 2836; x_wconf 71' lang='lat' dir='ltr'><strong>Amm.</strong></span> 
     </span>
    </p>
   </div>
   <div class='ocr_carea' id='block_1_56' title="bbox 496 2892 3745 2916">
    <p class='ocr_par' dir='ltr' id='par_1_56' title="bbox 496 2892 3745 2916">
     <span class='ocr_line' id='line_1_56' title="bbox 496 2892 3745 2916; baseline 0.003 -10"><span class='ocrx_word' id='word_1_434' title='bbox 496 2892 3745 2916; x_wconf 51' lang='lat' dir='ltr'>ww</span> 
     </span>
    </p>
   </div>
   <div class='ocr_carea' id='block_1_57' title="bbox 1601 2968 2645 3041">
    <p class='ocr_par' dir='ltr' id='par_1_57' title="bbox 1601 2968 2645 3041">
     <span class='ocr_line' id='line_1_57' title="bbox 1601 2968 2645 3041; baseline 0.005 -5"><span class='ocrx_word' id='word_1_435' title='bbox 1601 2968 1946 3037; x_wconf 73' lang='lat' dir='ltr'><strong>HOMILIA</strong></span> <span class='ocrx_word' id='word_1_436' title='bbox 1990 2972 2233 3035; x_wconf 70' lang='lat' dir='ltr'><strong>XXIII.</strong></span> <span class='ocrx_word' id='word_1_437' title='bbox 2276 2977 2362 3038; x_wconf 84' lang='lat' dir='ltr'><strong>al.</strong></span> <span class='ocrx_word' id='word_1_438' title='bbox 2409 2979 2645 3041; x_wconf 81' lang='lat' dir='ltr'><strong>XXIV.</strong></span> 
     </span>
    </p>
   </div>
   <div class='ocr_carea' id='block_1_58' title="bbox 635 3084 1924 3165">
    <p class='ocr_par' dir='ltr' id='par_1_58' title="bbox 635 3084 1924 3165">
     <span class='ocr_line' id='line_1_58' title="bbox 635 3084 1924 3165; baseline 0.003 -19"><span class='ocrx_word' id='word_1_439' title='bbox 635 3099 759 3151; x_wconf 71' lang='grc' dir='ltr'><strong>(ἸΑΡ.</strong></span> <span class='ocrx_word' id='word_1_440' title='bbox 803 3084 854 3151; x_wconf 70' lang='lat' dir='ltr'><strong>&#39;I.</strong></span> <span class='ocrx_word' id='word_1_441' title='bbox 896 3111 942 3148; x_wconf 74' lang='grc' dir='ltr'><strong>ν.</strong></span> <span class='ocrx_word' id='word_1_442' title='bbox 981 3100 1026 3149; x_wconf 87' lang='lat' dir='ltr'><strong>l.</strong></span> <span class='ocrx_word' id='word_1_443' title='bbox 1060 3091 1231 3149; x_wconf 78' lang='lat' dir='ltr'><strong>Nolite</strong></span> <span class='ocrx_word' id='word_1_444' title='bbox 1247 3097 1499 3165; x_wconf 78' lang='lat' dir='ltr'><strong>judicare,</strong></span> <span class='ocrx_word' id='word_1_445' title='bbox 1530 3115 1593 3150; x_wconf 85' lang='lat' dir='ltr'><strong>ne</strong></span> <span class='ocrx_word' id='word_1_446' title='bbox 1616 3097 1924 3163; x_wconf 79' lang='lat' dir='ltr'><strong>iudicemini.</strong></span> 
     </span>
    </p>
   </div>
   <div class='ocr_carea' id='block_1_59' title="bbox 562 3186 2073 3257">
    <p class='ocr_par' dir='ltr' id='par_1_59' title="bbox 562 3186 2073 3257">
     <span class='ocr_line' id='line_1_59' title="bbox 562 3186 2073 3257; baseline -0.001 -15"><span class='ocrx_word' id='word_1_447' title='bbox 562 3191 610 3242; x_wconf 76' lang='lat' dir='ltr'><strong>i.</strong></span> <span class='ocrx_word' id='word_1_448' title='bbox 635 3191 804 3252; x_wconf 80' lang='lat' dir='ltr'><strong>Illius,</strong></span> <span class='ocrx_word' id='word_1_449' title='bbox 829 3188 1002 3241; x_wconf 82' lang='lat' dir='ltr'><strong>Nolite</strong></span> <span class='ocrx_word' id='word_1_450' title='bbox 1028 3187 1284 3256; x_wconf 77' lang='lat' dir='ltr'><strong>judicare,</strong></span> <span class='ocrx_word' id='word_1_451' title='bbox 1307 3188 1694 3253; x_wconf 70' lang='lat' dir='ltr'><strong>explanatio.—</strong></span> <span class='ocrx_word' id='word_1_452' title='bbox 1713 3187 1846 3253; x_wconf 84' lang='lat' dir='ltr'><strong>Quid</strong></span> <span class='ocrx_word' id='word_1_453' title='bbox 1876 3186 2073 3257; x_wconf 79' lang='lat' dir='ltr'><strong>igitur?</strong></span> 
     </span>
    </p>
   </div>
   <div class='ocr_carea' id='block_1_60' title="bbox 490 3277 2071 3348">
    <p class='ocr_par' dir='ltr' id='par_1_60' title="bbox 490 3277 2071 3348">
     <span class='ocr_line' id='line_1_60' title="bbox 490 3277 2071 3348; baseline 0 -16"><span class='ocrx_word' id='word_1_454' title='bbox 490 3289 591 3332; x_wconf 83' lang='lat' dir='ltr'><strong>tiun</strong></span> <span class='ocrx_word' id='word_1_455' title='bbox 630 3289 840 3348; x_wconf 73' lang='lat' dir='ltr'><strong>oportet</strong></span> <span class='ocrx_word' id='word_1_456' title='bbox 877 3287 1157 3344; x_wconf 86' lang='lat' dir='ltr'><strong>peccantes</strong></span> <span class='ocrx_word' id='word_1_457' title='bbox 1178 3279 1468 3331; x_wconf 81' lang='lat' dir='ltr'><strong>accusare?</strong></span> <span class='ocrx_word' id='word_1_458' title='bbox 1493 3277 1619 3331; x_wconf 77' lang='lat' dir='ltr'><strong>Nam</strong></span> <span class='ocrx_word' id='word_1_459' title='bbox 1648 3287 1701 3332; x_wconf 90' lang='lat' dir='ltr'><strong>et</strong></span> <span class='ocrx_word' id='word_1_460' title='bbox 1727 3278 1921 3333; x_wconf 87' lang='lat' dir='ltr'><strong>Paulus</strong></span> <span class='ocrx_word' id='word_1_461' title='bbox 1969 3279 2071 3332; x_wconf 88' lang='lat' dir='ltr'><strong>hoc</strong></span> 
     </span>
    </p>
   </div>
   <div class='ocr_carea' id='block_1_61' title="bbox 491 3369 2067 3438">
    <p class='ocr_par' dir='ltr' id='par_1_61' title="bbox 491 3369 2067 3438">
     <span class='ocr_line' id='line_1_61' title="bbox 491 3369 2067 3438; baseline 0.001 -15"><span class='ocrx_word' id='word_1_462' title='bbox 491 3373 660 3438; x_wconf 81' lang='lat' dir='ltr'><strong>ipsum</strong></span> <span class='ocrx_word' id='word_1_463' title='bbox 697 3371 820 3423; x_wconf 81' lang='lat' dir='ltr'><strong>dicit</strong></span> <span class='ocrx_word' id='word_1_464' title='bbox 847 3389 859 3430; x_wconf 88' lang='lat'><strong>;</strong></span> <span class='ocrx_word' id='word_1_465' title='bbox 889 3372 994 3422; x_wconf 83' lang='lat' dir='ltr'><strong>itnn</strong></span> <span class='ocrx_word' id='word_1_466' title='bbox 1029 3380 1080 3423; x_wconf 88' lang='lat' dir='ltr'><strong>et</strong></span> <span class='ocrx_word' id='word_1_467' title='bbox 1107 3369 1347 3422; x_wconf 74' lang='lat' dir='ltr'><strong>Chri~tus</strong></span> <span class='ocrx_word' id='word_1_468' title='bbox 1380 3386 1470 3437; x_wconf 88' lang='lat' dir='ltr'><strong>per</strong></span> <span class='ocrx_word' id='word_1_469' title='bbox 1497 3370 1737 3431; x_wconf 83' lang='lat' dir='ltr'><strong>Paulum,</strong></span> <span class='ocrx_word' id='word_1_470' title='bbox 1758 3371 1840 3426; x_wconf 86' lang='lat' dir='ltr'><strong>his</strong></span> <span class='ocrx_word' id='word_1_471' title='bbox 1860 3371 2067 3425; x_wconf 88' lang='lat' dir='ltr'><strong>verbis:</strong></span> 
     </span>
    </p>
   </div>
   <div class='ocr_carea' id='block_1_62' title="bbox 488 3461 2071 3533">
    <p class='ocr_par' dir='ltr' id='par_1_62' title="bbox 488 3461 2071 3533">
     <span class='ocr_line' id='line_1_62' title="bbox 488 3461 2071 3533; baseline 0.001 -18"><span class='ocrx_word' id='word_1_472' title='bbox 488 3461 584 3519; x_wconf 84' lang='lat' dir='ltr'><strong>Tu.</strong></span> <span class='ocrx_word' id='word_1_473' title='bbox 601 3464 718 3530; x_wconf 79' lang='lat' dir='ltr'><strong>quid</strong></span> <span class='ocrx_word' id='word_1_474' title='bbox 739 3464 932 3524; x_wconf 69' lang='lat' dir='ltr'><strong>iudicas</strong></span> <span class='ocrx_word' id='word_1_475' title='bbox 949 3467 1154 3532; x_wconf 78' lang='lat' dir='ltr'><strong>fratrem</strong></span> <span class='ocrx_word' id='word_1_476' title='bbox 1179 3471 1314 3514; x_wconf 76' lang='lat' dir='ltr'><strong>tuum</strong></span> <span class='ocrx_word' id='word_1_477' title='bbox 1332 3463 1356 3515; x_wconf 82' lang='lat'><strong><em>?</em></strong></span> <span class='ocrx_word' id='word_1_478' title='bbox 1373 3473 1417 3515; x_wconf 89' lang='lat' dir='ltr'><strong>et</strong></span> <span class='ocrx_word' id='word_1_479' title='bbox 1437 3465 1634 3532; x_wconf 84' lang='lat' dir='ltr'><strong>tu,quid</strong></span> <span class='ocrx_word' id='word_1_480' title='bbox 1649 3466 1842 3533; x_wconf 84' lang='lat' dir='ltr'><strong>spernis</strong></span> <span class='ocrx_word' id='word_1_481' title='bbox 1865 3465 2071 3531; x_wconf 70' lang='lat' dir='ltr'><strong>fratrem</strong></span> 
     </span>
    </p>
   </div>
   <div class='ocr_carea' id='block_1_63' title="bbox 488 3551 2071 3623">
    <p class='ocr_par' dir='ltr' id='par_1_63' title="bbox 488 3551 2071 3623">
     <span class='ocr_line' id='line_1_63' title="bbox 488 3551 2071 3623; baseline 0.002 -19"><span class='ocrx_word' id='word_1_482' title='bbox 488 3564 628 3604; x_wconf 87' lang='lat' dir='ltr'><strong>tuum</strong></span> <span class='ocrx_word' id='word_1_483' title='bbox 664 3551 835 3619; x_wconf 79' lang='lat' dir='ltr'><strong>(Rom.</strong></span> <span class='ocrx_word' id='word_1_484' title='bbox 889 3553 968 3605; x_wconf 61' lang='lat' dir='ltr'><strong>lt.</strong></span> <span class='ocrx_word' id='word_1_485' title='bbox 1000 3553 1128 3616; x_wconf 87' lang='lat' dir='ltr'><strong>l0)?</strong></span> <span class='ocrx_word' id='word_1_486' title='bbox 1157 3552 1238 3610; x_wconf 73' lang='lat' dir='ltr'><strong>Et.</strong></span> <span class='ocrx_word' id='word_1_487' title='bbox 1277 3551 1370 3616; x_wconf 84' lang='lat' dir='ltr'><strong>Tu,</strong></span> <span class='ocrx_word' id='word_1_488' title='bbox 1395 3554 1504 3621; x_wconf 79' lang='lat' dir='ltr'><strong>quis</strong></span> <span class='ocrx_word' id='word_1_489' title='bbox 1520 3570 1590 3618; x_wconf 81' lang='lat' dir='ltr'><strong>es,</strong></span> <span class='ocrx_word' id='word_1_490' title='bbox 1621 3557 1705 3623; x_wconf 83' lang='lat' dir='ltr'><strong>qui</strong></span> <span class='ocrx_word' id='word_1_491' title='bbox 1724 3556 1928 3623; x_wconf 85' lang='lat' dir='ltr'><strong>judicas</strong></span> <span class='ocrx_word' id='word_1_492' title='bbox 1945 3558 2071 3609; x_wconf 84' lang='lat' dir='ltr'><strong>alie-</strong></span> 
     </span>
    </p>
   </div>
   <div class='ocr_carea' id='block_1_64' title="bbox 486 3641 2072 3711">
    <p class='ocr_par' dir='ltr' id='par_1_64' title="bbox 486 3641 2072 3711">
     <span class='ocr_line' id='line_1_64' title="bbox 486 3641 2072 3711; baseline 0.004 -19"><span class='ocrx_word' id='word_1_493' title='bbox 486 3657 609 3693; x_wconf 73' lang='lat' dir='ltr'><strong>num</strong></span> <span class='ocrx_word' id='word_1_494' title='bbox 642 3658 830 3695; x_wconf 77' lang='lat' dir='ltr'><strong>servmn</strong></span> <span class='ocrx_word' id='word_1_495' title='bbox 863 3641 1020 3710; x_wconf 83' lang='lat' dir='ltr'><strong>(Ibid.</strong></span> <span class='ocrx_word' id='word_1_496' title='bbox 1047 3657 1092 3695; x_wconf 81' lang='grc' dir='ltr'><strong>υ.</strong></span> <span class='ocrx_word' id='word_1_497' title='bbox 1123 3643 1218 3711; x_wconf 68' lang='lat' dir='ltr'><strong>tl)?</strong></span> <span class='ocrx_word' id='word_1_498' title='bbox 1242 3643 1304 3696; x_wconf 88' lang='lat' dir='ltr'><strong>Et</strong></span> <span class='ocrx_word' id='word_1_499' title='bbox 1332 3644 1518 3697; x_wconf 87' lang='lat' dir='ltr'><strong>iterum</strong></span> <span class='ocrx_word' id='word_1_500' title='bbox 1545 3661 1557 3696; x_wconf 92' lang='lat'>:</span> <span class='ocrx_word' id='word_1_501' title='bbox 1595 3644 1770 3698; x_wconf 79' lang='lat' dir='ltr'><strong>Nolite</strong></span> <span class='ocrx_word' id='word_1_502' title='bbox 1796 3656 1913 3700; x_wconf 82' lang='lat' dir='ltr'><strong>ante</strong></span> <span class='ocrx_word' id='word_1_503' title='bbox 1950 3657 2072 3701; x_wconf 75' lang='lat' dir='ltr'><strong>tein-</strong></span> 
     </span>
    </p>
   </div>
   <div class='ocr_carea' id='block_1_65' title="bbox 488 3734 2067 3805">
    <p class='ocr_par' dir='ltr' id='par_1_65' title="bbox 488 3734 2067 3805">
     <span class='ocr_line' id='line_1_65' title="bbox 488 3734 2067 3805; baseline 0.006 -25"><span class='ocrx_word' id='word_1_504' title='bbox 488 3749 580 3802; x_wconf 75' lang='lat' dir='ltr'><strong>pas</strong></span> <span class='ocrx_word' id='word_1_505' title='bbox 615 3735 866 3798; x_wconf 79' lang='lat' dir='ltr'><strong>judicare,</strong></span> <span class='ocrx_word' id='word_1_506' title='bbox 911 3734 1237 3802; x_wconf 81' lang='lat' dir='ltr'><strong>quoadusque</strong></span> <span class='ocrx_word' id='word_1_507' title='bbox 1270 3736 1431 3787; x_wconf 82' lang='lat' dir='ltr'><strong>veniat</strong></span> <span class='ocrx_word' id='word_1_508' title='bbox 1471 3735 1716 3790; x_wconf 78' lang='lat' dir='ltr'><strong>Dominus</strong></span> <span class='ocrx_word' id='word_1_509' title='bbox 1761 3739 1838 3805; x_wconf 58' lang='grc' dir='ltr'><strong>(λι.</strong></span> <span class='ocrx_word' id='word_1_510' title='bbox 1867 3737 1982 3790; x_wconf 88' lang='lat' dir='ltr'><strong>Cor.</strong></span> <span class='ocrx_word' id='word_1_511' title='bbox 2014 3739 2067 3792; x_wconf 72' lang='grc'><strong>4.</strong></span> 
     </span>
    </p>
   </div>
   <div class='ocr_carea' id='block_1_66' title="bbox 487 3823 2065 3898">
    <p class='ocr_par' dir='ltr' id='par_1_66' title="bbox 487 3823 2065 3898">
     <span class='ocr_line' id='line_1_66' title="bbox 487 3823 2065 3898; baseline 0.005 -25"><span class='ocrx_word' id='word_1_512' title='bbox 487 3825 561 3888; x_wconf 61' lang='grc' dir='ltr'><strong>εἰ).</strong></span> <span class='ocrx_word' id='word_1_513' title='bbox 598 3823 702 3876; x_wconf 85' lang='lat' dir='ltr'><strong>Cur</strong></span> <span class='ocrx_word' id='word_1_514' title='bbox 728 3834 904 3877; x_wconf 89' lang='lat' dir='ltr'><strong>autem</strong></span> <span class='ocrx_word' id='word_1_515' title='bbox 941 3825 1062 3876; x_wconf 85' lang='lat' dir='ltr'><strong>alibi</strong></span> <span class='ocrx_word' id='word_1_516' title='bbox 1090 3825 1218 3876; x_wconf 88' lang='lat' dir='ltr'><strong>dicit</strong></span> <span class='ocrx_word' id='word_1_517' title='bbox 1245 3843 1255 3873; x_wconf 93' lang='lat'>:</span> <span class='ocrx_word' id='word_1_518' title='bbox 1278 3828 1464 3892; x_wconf 78' lang='lat' dir='ltr'><strong>Argue,</strong></span> <span class='ocrx_word' id='word_1_519' title='bbox 1492 3825 1712 3887; x_wconf 77' lang='lat' dir='ltr'><strong>obsecra,</strong></span> <span class='ocrx_word' id='word_1_520' title='bbox 1736 3827 1940 3896; x_wconf 83' lang='lat' dir='ltr'><strong>increpa</strong></span> <span class='ocrx_word' id='word_1_521' title='bbox 1975 3828 2065 3898; x_wconf 73' lang='lat'><strong>(2.</strong></span> 
     </span>
    </p>
   </div>
   <div class='ocr_carea' id='block_1_67' title="bbox 486 3913 2065 3988">
    <p class='ocr_par' dir='ltr' id='par_1_67' title="bbox 486 3913 2065 3988">
     <span class='ocr_line' id='line_1_67' title="bbox 486 3913 2065 3988; baseline 0.003 -22"><span class='ocrx_word' id='word_1_522' title='bbox 486 3913 618 3966; x_wconf 77' lang='lat' dir='ltr'><strong>Tim.</strong></span> <span class='ocrx_word' id='word_1_523' title='bbox 643 3915 693 3967; x_wconf 75' lang='grc'><strong>4.</strong></span> <span class='ocrx_word' id='word_1_524' title='bbox 720 3915 814 3981; x_wconf 68' lang='lat'><strong>9)?</strong></span> <span class='ocrx_word' id='word_1_525' title='bbox 840 3924 892 3966; x_wconf 90' lang='lat' dir='ltr'><strong>et</strong></span> <span class='ocrx_word' id='word_1_526' title='bbox 913 3913 1055 3971; x_wconf 83' lang='lat' dir='ltr'><strong>allhi.</strong></span> <span class='ocrx_word' id='word_1_527' title='bbox 1088 3913 1358 3968; x_wconf 79' lang='lat' dir='ltr'><strong>Peccantes</strong></span> <span class='ocrx_word' id='word_1_528' title='bbox 1384 3916 1550 3970; x_wconf 70' lang='lat' dir='ltr'><strong>coram</strong></span> <span class='ocrx_word' id='word_1_529' title='bbox 1573 3918 1802 3970; x_wconf 86' lang='lat' dir='ltr'><strong>omnibus</strong></span> <span class='ocrx_word' id='word_1_530' title='bbox 1823 3922 2065 3988; x_wconf 60' lang='lat' dir='ltr'><strong>argue“.</strong></span> 
     </span>
    </p>
   </div>
   <div class='ocr_carea' id='block_1_68' title="bbox 489 3999 2067 4078">
    <p class='ocr_par' dir='ltr' id='par_1_68' title="bbox 489 3999 2067 4078">
     <span class='ocr_line' id='line_1_68' title="bbox 489 3999 2067 4078; baseline 0.005 -22"><span class='ocrx_word' id='word_1_531' title='bbox 489 3999 617 4056; x_wconf 72' lang='grc' dir='ltr'><strong>Τίνι.</strong></span> <span class='ocrx_word' id='word_1_532' title='bbox 649 4003 699 4057; x_wconf 81' lang='grc'><strong>5.</strong></span> <span class='ocrx_word' id='word_1_533' title='bbox 735 4004 827 4072; x_wconf 73' lang='lat'><strong>‘20)</strong></span> <span class='ocrx_word' id='word_1_534' title='bbox 851 4004 874 4056; x_wconf 84' lang='lat'><strong>?</strong></span> <span class='ocrx_word' id='word_1_535' title='bbox 899 4013 950 4057; x_wconf 91' lang='lat' dir='ltr'><strong>ct</strong></span> <span class='ocrx_word' id='word_1_536' title='bbox 980 4004 1226 4057; x_wconf 81' lang='lat' dir='ltr'><strong>Christus</strong></span> <span class='ocrx_word' id='word_1_537' title='bbox 1252 4004 1413 4074; x_wconf 6' lang='lat' dir='ltr'><strong>Petro,</strong></span> <span class='ocrx_word' id='word_1_538' title='bbox 1444 4024 1456 4059; x_wconf 90' lang='lat'>:</span> <span class='ocrx_word' id='word_1_539' title='bbox 1501 4005 1669 4069; x_wconf 81' lang='lat' dir='ltr'><strong>Vade,</strong></span> <span class='ocrx_word' id='word_1_540' title='bbox 1702 4010 1897 4078; x_wconf 82' lang='lat' dir='ltr'><strong>corripe</strong></span> <span class='ocrx_word' id='word_1_541' title='bbox 1922 4011 2067 4064; x_wconf 87' lang='lat' dir='ltr'><strong>illum</strong></span> 
     </span>
    </p>
   </div>
   <div class='ocr_carea' id='block_1_69' title="bbox 483 4096 2066 4165">
    <p class='ocr_par' dir='ltr' id='par_1_69' title="bbox 483 4096 2066 4165">
     <span class='ocr_line' id='line_1_69' title="bbox 483 4096 2066 4165; baseline 0.006 -17"><span class='ocrx_word' id='word_1_542' title='bbox 483 4097 613 4148; x_wconf 79' lang='lat' dir='ltr'><strong>Inter</strong></span> <span class='ocrx_word' id='word_1_543' title='bbox 639 4105 683 4147; x_wconf 86' lang='lat' dir='ltr'><strong>te</strong></span> <span class='ocrx_word' id='word_1_544' title='bbox 710 4105 754 4148; x_wconf 76' lang='lat' dir='ltr'><strong>et</strong></span> <span class='ocrx_word' id='word_1_545' title='bbox 789 4096 955 4165; x_wconf 81' lang='lat' dir='ltr'><strong>ipsum</strong></span> <span class='ocrx_word' id='word_1_546' title='bbox 984 4098 1144 4148; x_wconf 86' lang='lat' dir='ltr'><strong>solum</strong></span> <span class='ocrx_word' id='word_1_547' title='bbox 1178 4112 1195 4148; x_wconf 89' lang='lat'><strong><em>:</em></strong></span> <span class='ocrx_word' id='word_1_548' title='bbox 1221 4099 1263 4149; x_wconf 83' lang='lat' dir='ltr'><strong>si</strong></span> <span class='ocrx_word' id='word_1_549' title='bbox 1312 4115 1410 4149; x_wconf 85' lang='lat' dir='ltr'><strong>non</strong></span> <span class='ocrx_word' id='word_1_550' title='bbox 1444 4101 1678 4162; x_wconf 87' lang='lat' dir='ltr'><strong>audierit,</strong></span> <span class='ocrx_word' id='word_1_551' title='bbox 1723 4103 1879 4154; x_wconf 85' lang='lat' dir='ltr'><strong>alium</strong></span> <span class='ocrx_word' id='word_1_552' title='bbox 1908 4114 2066 4158; x_wconf 83' lang='lat' dir='ltr'><strong>tecum</strong></span> 
     </span>
    </p>
   </div>
   <div class='ocr_carea' id='block_1_70' title="bbox 481 4186 2064 4263">
    <p class='ocr_par' dir='ltr' id='par_1_70' title="bbox 481 4186 2064 4263">
     <span class='ocr_line' id='line_1_70' title="bbox 481 4186 2064 4263; baseline 0.006 -27"><span class='ocrx_word' id='word_1_553' title='bbox 481 4186 723 4254; x_wconf 82' lang='lat' dir='ltr'><strong>adjunge;</strong></span> <span class='ocrx_word' id='word_1_554' title='bbox 741 4188 782 4237; x_wconf 83' lang='lat' dir='ltr'><strong>si</strong></span> <span class='ocrx_word' id='word_1_555' title='bbox 804 4202 914 4237; x_wconf 80' lang='lat' dir='ltr'><strong>vero</strong></span> <span class='ocrx_word' id='word_1_556' title='bbox 936 4202 1086 4255; x_wconf 84' lang='lat' dir='ltr'><strong>neque</strong></span> <span class='ocrx_word' id='word_1_557' title='bbox 1099 4189 1168 4238; x_wconf 76' lang='lat' dir='ltr'><strong>sic</strong></span> <span class='ocrx_word' id='word_1_558' title='bbox 1183 4189 1380 4238; x_wconf 77' lang='lat' dir='ltr'><strong>cesserit</strong></span> <span class='ocrx_word' id='word_1_559' title='bbox 1390 4231 1401 4247; x_wconf 81' lang='grc'><em>,</em></span> <span class='ocrx_word' id='word_1_560' title='bbox 1412 4187 1648 4242; x_wconf 73' lang='lat' dir='ltr'><strong>Ecclesia:</strong></span> <span class='ocrx_word' id='word_1_561' title='bbox 1665 4193 1839 4243; x_wconf 78' lang='lat' dir='ltr'><strong>nuntia</strong></span> <span class='ocrx_word' id='word_1_562' title='bbox 1855 4193 2064 4263; x_wconf 73' lang='lat' dir='ltr'><strong>(Matth.</strong></span> 
     </span>
    </p>
   </div>
   <div class='ocr_carea' id='block_1_71' title="bbox 486 4273 2070 4347">
    <p class='ocr_par' dir='ltr' id='par_1_71' title="bbox 486 4273 2070 4347">
     <span class='ocr_line' id='line_1_71' title="bbox 486 4273 2070 4347; baseline 0.006 -20"><span class='ocrx_word' id='word_1_563' title='bbox 486 4273 568 4327; x_wconf 76' lang='grc'><strong>18.</strong></span> <span class='ocrx_word' id='word_1_564' title='bbox 588 4275 804 4344; x_wconf 71' lang='grc' dir='ltr'><strong>15ο17γ2</strong></span> <span class='ocrx_word' id='word_1_565' title='bbox 824 4284 875 4328; x_wconf 89' lang='lat' dir='ltr'><strong>et</strong></span> <span class='ocrx_word' id='word_1_566' title='bbox 894 4285 997 4327; x_wconf 91' lang='lat' dir='ltr'><strong>tam</strong></span> <span class='ocrx_word' id='word_1_567' title='bbox 1019 4277 1210 4328; x_wconf 85' lang='lat' dir='ltr'><strong>multos</strong></span> <span class='ocrx_word' id='word_1_568' title='bbox 1227 4277 1500 4330; x_wconf 86' lang='lat' dir='ltr'><strong>constituit</strong></span> <span class='ocrx_word' id='word_1_569' title='bbox 1514 4281 1974 4347; x_wconf 84' lang='lat' dir='ltr'><strong>iucrepantes,nec</strong></span> <span class='ocrx_word' id='word_1_570' title='bbox 1991 4300 2070 4337; x_wconf 80' lang='lat' dir='ltr'><strong>so-</strong></span> 
     </span>
    </p>
   </div>
   <div class='ocr_carea' id='block_1_72' title="bbox 485 4365 2068 4444">
    <p class='ocr_par' dir='ltr' id='par_1_72' title="bbox 485 4365 2068 4444">
     <span class='ocr_line' id='line_1_72' title="bbox 485 4365 2068 4444; baseline 0.006 -25"><span class='ocrx_word' id='word_1_571' title='bbox 485 4365 593 4419; x_wconf 88' lang='lat' dir='ltr'><strong>lum</strong></span> <span class='ocrx_word' id='word_1_572' title='bbox 627 4367 979 4434; x_wconf 84' lang='lat' dir='ltr'><strong>increpantes,</strong></span> <span class='ocrx_word' id='word_1_573' title='bbox 1011 4367 1102 4418; x_wconf 89' lang='lat' dir='ltr'><strong>sed</strong></span> <span class='ocrx_word' id='word_1_574' title='bbox 1132 4368 1288 4419; x_wconf 83' lang='lat' dir='ltr'><strong>etiam</strong></span> <span class='ocrx_word' id='word_1_575' title='bbox 1321 4369 1638 4434; x_wconf 83' lang='lat' dir='ltr'><strong>punientcs?</strong></span> <span class='ocrx_word' id='word_1_576' title='bbox 1669 4371 1798 4425; x_wconf 78' lang='lat' dir='ltr'><strong>Nam</strong></span> <span class='ocrx_word' id='word_1_577' title='bbox 1831 4389 1950 4426; x_wconf 89' lang='lat' dir='ltr'><strong>cum</strong></span> <span class='ocrx_word' id='word_1_578' title='bbox 1980 4378 2068 4444; x_wconf 88' lang='lat' dir='ltr'><strong>qui</strong></span> 
     </span>
    </p>
   </div>
   <div class='ocr_carea' id='block_1_73' title="bbox 490 4457 2066 4533">
    <p class='ocr_par' dir='ltr' id='par_1_73' title="bbox 490 4457 2066 4533">
     <span class='ocr_line' id='line_1_73' title="bbox 490 4457 2066 4533; baseline 0.008 -23"><span class='ocrx_word' id='word_1_579' title='bbox 490 4458 690 4510; x_wconf 89' lang='lat' dir='ltr'><strong>nullum</strong></span> <span class='ocrx_word' id='word_1_580' title='bbox 727 4459 913 4511; x_wconf 86' lang='lat' dir='ltr'><strong>horum</strong></span> <span class='ocrx_word' id='word_1_581' title='bbox 945 4457 1198 4523; x_wconf 87' lang='lat' dir='ltr'><strong>audisset,</strong></span> <span class='ocrx_word' id='word_1_582' title='bbox 1221 4460 1380 4528; x_wconf 85' lang='lat' dir='ltr'><strong>jussit</strong></span> <span class='ocrx_word' id='word_1_583' title='bbox 1408 4461 1587 4516; x_wconf 86' lang='lat' dir='ltr'><strong>haberi</strong></span> <span class='ocrx_word' id='word_1_584' title='bbox 1619 4465 1768 4533; x_wconf 88' lang='lat' dir='ltr'><strong>quasi</strong></span> <span class='ocrx_word' id='word_1_585' title='bbox 1795 4466 2066 4522; x_wconf 88' lang='lat' dir='ltr'><strong>etlmicum</strong></span> 
     </span>
    </p>
   </div>
   <div class='ocr_carea' id='block_1_74' title="bbox 482 4548 2066 4616">
    <p class='ocr_par' dir='ltr' id='par_1_74' title="bbox 482 4548 2066 4616">
     <span class='ocr_line' id='line_1_74' title="bbox 482 4548 2066 4616; baseline 0.009 -14"><span class='ocrx_word' id='word_1_586' title='bbox 482 4559 535 4602; x_wconf 90' lang='lat' dir='ltr'><strong>et</strong></span> <span class='ocrx_word' id='word_1_587' title='bbox 583 4548 934 4616; x_wconf 87' lang='lat' dir='ltr'><strong>publicanum.</strong></span> <span class='ocrx_word' id='word_1_588' title='bbox 989 4548 1097 4603; x_wconf 84' lang='lat' dir='ltr'><strong>Cur</strong></span> <span class='ocrx_word' id='word_1_589' title='bbox 1150 4560 1324 4605; x_wconf 87' lang='lat' dir='ltr'><strong>autem</strong></span> <span class='ocrx_word' id='word_1_590' title='bbox 1371 4553 1473 4606; x_wconf 91' lang='lat' dir='ltr'><strong>illis</strong></span> <span class='ocrx_word' id='word_1_591' title='bbox 1520 4555 1696 4609; x_wconf 88' lang='lat' dir='ltr'><strong>claves</strong></span> <span class='ocrx_word' id='word_1_592' title='bbox 1724 4557 2066 4616; x_wconf 85' lang='lat' dir='ltr'><strong>dedit?Nam</strong></span> 
     </span>
    </p>
   </div>
   <div class='ocr_carea' id='block_1_75' title="bbox 482 4640 2062 4720">
    <p class='ocr_par' dir='ltr' id='par_1_75' title="bbox 482 4640 2062 4720">
     <span class='ocr_line' id='line_1_75' title="bbox 482 4640 2062 4720; baseline 0.009 -28"><span class='ocrx_word' id='word_1_593' title='bbox 482 4643 523 4692; x_wconf 88' lang='lat' dir='ltr'><strong>si</strong></span> <span class='ocrx_word' id='word_1_594' title='bbox 561 4640 844 4708; x_wconf 80' lang='lat' dir='ltr'><strong>judicaturi</strong></span> <span class='ocrx_word' id='word_1_595' title='bbox 873 4654 976 4693; x_wconf 91' lang='lat' dir='ltr'><strong>non</strong></span> <span class='ocrx_word' id='word_1_596' title='bbox 993 4650 1134 4707; x_wconf 87' lang='lat' dir='ltr'><strong>sunt,</strong></span> <span class='ocrx_word' id='word_1_597' title='bbox 1156 4643 1351 4696; x_wconf 90' lang='lat' dir='ltr'><strong>nullam</strong></span> <span class='ocrx_word' id='word_1_598' title='bbox 1380 4644 1650 4700; x_wconf 88' lang='lat' dir='ltr'><strong>habebunt</strong></span> <span class='ocrx_word' id='word_1_599' title='bbox 1672 4653 2062 4720; x_wconf 88' lang='lat' dir='ltr'><strong>auctoritatem,</strong></span> 
     </span>
    </p>
   </div>
   <div class='ocr_carea' id='block_1_76' title="bbox 486 4731 2061 4800">
    <p class='ocr_par' dir='ltr' id='par_1_76' title="bbox 486 4731 2061 4800">
     <span class='ocr_line' id='line_1_76' title="bbox 486 4731 2061 4800; baseline 0.01 -19"><span class='ocrx_word' id='word_1_600' title='bbox 486 4741 538 4782; x_wconf 76' lang='lat' dir='ltr'><strong>ct</strong></span> <span class='ocrx_word' id='word_1_601' title='bbox 584 4731 775 4783; x_wconf 78' lang='lat' dir='ltr'><strong>frustra</strong></span> <span class='ocrx_word' id='word_1_602' title='bbox 822 4732 1014 4798; x_wconf 76' lang='lat' dir='ltr'><strong>ligandi</strong></span> <span class='ocrx_word' id='word_1_603' title='bbox 1066 4741 1224 4800; x_wconf 88' lang='lat' dir='ltr'><strong>atque</strong></span> <span class='ocrx_word' id='word_1_604' title='bbox 1245 4734 1488 4788; x_wconf 87' lang='lat' dir='ltr'><strong>solvendi</strong></span> <span class='ocrx_word' id='word_1_605' title='bbox 1512 4739 1878 4794; x_wconf 83' lang='lat' dir='ltr'><strong>auctoritatem</strong></span> <span class='ocrx_word' id='word_1_606' title='bbox 1907 4755 2061 4797; x_wconf 85' lang='lat' dir='ltr'><strong>acce-</strong></span> 
     </span>
    </p>
   </div>
   <div class='ocr_carea' id='block_1_77' title="bbox 487 4821 2063 4901">
    <p class='ocr_par' dir='ltr' id='par_1_77' title="bbox 487 4821 2063 4901">
     <span class='ocr_line' id='line_1_77' title="bbox 487 4821 2063 4901; baseline 0.011 -30"><span class='ocrx_word' id='word_1_607' title='bbox 487 4832 697 4889; x_wconf 76' lang='lat' dir='ltr'><strong>petnut.</strong></span> <span class='ocrx_word' id='word_1_608' title='bbox 745 4821 808 4874; x_wconf 80' lang='lat' dir='ltr'><strong>Et</strong></span> <span class='ocrx_word' id='word_1_609' title='bbox 849 4824 1115 4891; x_wconf 69' lang='lat' dir='ltr'><strong>alioquin,</strong></span> <span class='ocrx_word' id='word_1_610' title='bbox 1151 4825 1192 4876; x_wconf 82' lang='lat' dir='ltr'><strong>si</strong></span> <span class='ocrx_word' id='word_1_611' title='bbox 1228 4824 1330 4878; x_wconf 88' lang='lat' dir='ltr'><strong>hoc</strong></span> <span class='ocrx_word' id='word_1_612' title='bbox 1358 4825 1615 4889; x_wconf 82' lang='lat' dir='ltr'><strong>obtineat,</strong></span> <span class='ocrx_word' id='word_1_613' title='bbox 1648 4831 1820 4883; x_wconf 89' lang='lat' dir='ltr'><strong>omnia</strong></span> <span class='ocrx_word' id='word_1_614' title='bbox 1852 4847 2063 4901; x_wconf 87' lang='lat' dir='ltr'><strong>pessum</strong></span> 
     </span>
    </p>
   </div>
   <div class='ocr_carea' id='block_1_78' title="bbox 486 4915 2062 4985">
    <p class='ocr_par' dir='ltr' id='par_1_78' title="bbox 486 4915 2062 4985">
     <span class='ocr_line' id='line_1_78' title="bbox 486 4915 2062 4985; baseline 0.011 -21"><span class='ocrx_word' id='word_1_615' title='bbox 486 4915 654 4977; x_wconf 82' lang='lat' dir='ltr'><strong>itmnt,</strong></span> <span class='ocrx_word' id='word_1_616' title='bbox 680 4925 730 4966; x_wconf 79' lang='lat' dir='ltr'><strong>ct</strong></span> <span class='ocrx_word' id='word_1_617' title='bbox 757 4916 805 4966; x_wconf 90' lang='lat' dir='ltr'><strong>in</strong></span> <span class='ocrx_word' id='word_1_618' title='bbox 840 4916 1099 4979; x_wconf 77' lang='lat' dir='ltr'><strong>ecclesiis,</strong></span> <span class='ocrx_word' id='word_1_619' title='bbox 1133 4927 1186 4968; x_wconf 91' lang='lat' dir='ltr'><strong>et</strong></span> <span class='ocrx_word' id='word_1_620' title='bbox 1213 4917 1267 4970; x_wconf 88' lang='lat' dir='ltr'><strong>iu</strong></span> <span class='ocrx_word' id='word_1_621' title='bbox 1291 4918 1614 4985; x_wconf 85' lang='lat' dir='ltr'><strong>civitatibus,</strong></span> <span class='ocrx_word' id='word_1_622' title='bbox 1641 4933 1694 4973; x_wconf 88' lang='lat' dir='ltr'><strong>et</strong></span> <span class='ocrx_word' id='word_1_623' title='bbox 1717 4923 1766 4974; x_wconf 92' lang='lat' dir='ltr'><strong>in</strong></span> <span class='ocrx_word' id='word_1_624' title='bbox 1795 4923 2062 4980; x_wconf 86' lang='lat' dir='ltr'><strong>domibus.</strong></span> 
     </span>
    </p>
   </div>
   <div class='ocr_carea' id='block_1_79' title="bbox 484 5005 2065 5087">
    <p class='ocr_par' dir='ltr' id='par_1_79' title="bbox 484 5005 2065 5087">
     <span class='ocr_line' id='line_1_79' title="bbox 484 5005 2065 5087; baseline 0.011 -30"><span class='ocrx_word' id='word_1_625' title='bbox 484 5005 612 5057; x_wconf 73' lang='lat' dir='ltr'><strong>Nam</strong></span> <span class='ocrx_word' id='word_1_626' title='bbox 668 5007 911 5059; x_wconf 83' lang='lat' dir='ltr'><strong>dominus</strong></span> <span class='ocrx_word' id='word_1_627' title='bbox 957 5024 1168 5063; x_wconf 79' lang='lat' dir='ltr'><strong>servum</strong></span> <span class='ocrx_word' id='word_1_628' title='bbox 1215 5019 1270 5064; x_wconf 90' lang='lat' dir='ltr'><strong>et</strong></span> <span class='ocrx_word' id='word_1_629' title='bbox 1313 5011 1522 5066; x_wconf 89' lang='lat' dir='ltr'><strong>domina</strong></span> <span class='ocrx_word' id='word_1_630' title='bbox 1576 5016 1817 5069; x_wconf 87' lang='lat' dir='ltr'><strong>ancillam</strong></span> <span class='ocrx_word' id='word_1_631' title='bbox 1850 5060 1863 5081; x_wconf 92' lang='lat'><strong>,</strong></span> <span class='ocrx_word' id='word_1_632' title='bbox 1917 5032 2065 5087; x_wconf 87' lang='lat' dir='ltr'><strong>pater</strong></span> 
     </span>
    </p>
   </div>
   <div class='ocr_carea' id='block_1_80' title="bbox 486 5097 2065 5176">
    <p class='ocr_par' dir='ltr' id='par_1_80' title="bbox 486 5097 2065 5176">
     <span class='ocr_line' id='line_1_80' title="bbox 486 5097 2065 5176; baseline 0.009 -30"><span class='ocrx_word' id='word_1_633' title='bbox 486 5097 671 5158; x_wconf 88' lang='lat' dir='ltr'><strong>lilium,</strong></span> <span class='ocrx_word' id='word_1_634' title='bbox 701 5100 900 5150; x_wconf 82' lang='lat' dir='ltr'><strong>amicus</strong></span> <span class='ocrx_word' id='word_1_635' title='bbox 931 5100 1157 5152; x_wconf 87' lang='lat' dir='ltr'><strong>atnieunt</strong></span> <span class='ocrx_word' id='word_1_636' title='bbox 1187 5101 1285 5154; x_wconf 90' lang='lat' dir='ltr'><strong>nisi</strong></span> <span class='ocrx_word' id='word_1_637' title='bbox 1308 5102 1683 5169; x_wconf 71' lang='lat' dir='ltr'><strong>iudicaverint,</strong></span> <span class='ocrx_word' id='word_1_638' title='bbox 1712 5107 1940 5176; x_wconf 85' lang='lat' dir='ltr'><strong>nequitia</strong></span> <span class='ocrx_word' id='word_1_639' title='bbox 1971 5127 2065 5161; x_wconf 91' lang='lat' dir='ltr'><strong>au-</strong></span> 
     </span>
    </p>
   </div>
   <div class='ocr_carea' id='block_1_81' title="bbox 480 5186 2060 5256">
    <p class='ocr_par' dir='ltr' id='par_1_81' title="bbox 480 5186 2060 5256">
     <span class='ocr_line' id='line_1_81' title="bbox 480 5186 2060 5256; baseline 0.008 -16"><span class='ocrx_word' id='word_1_640' title='bbox 480 5188 704 5256; x_wconf 71' lang='lat' dir='ltr'><strong>gebitnr.</strong></span> <span class='ocrx_word' id='word_1_641' title='bbox 733 5186 798 5239; x_wconf 87' lang='lat' dir='ltr'><strong>Et</strong></span> <span class='ocrx_word' id='word_1_642' title='bbox 843 5189 964 5256; x_wconf 89' lang='lat' dir='ltr'><strong>quid</strong></span> <span class='ocrx_word' id='word_1_643' title='bbox 1011 5190 1150 5254; x_wconf 88' lang='lat' dir='ltr'><strong>dico,</strong></span> <span class='ocrx_word' id='word_1_644' title='bbox 1181 5192 1383 5245; x_wconf 90' lang='lat' dir='ltr'><strong>amicus</strong></span> <span class='ocrx_word' id='word_1_645' title='bbox 1429 5196 1698 5248; x_wconf 78' lang='lat' dir='ltr'><strong>amicum?</strong></span> <span class='ocrx_word' id='word_1_646' title='bbox 1727 5195 1971 5252; x_wconf 84' lang='lat' dir='ltr'><strong>luhnieos</strong></span> <span class='ocrx_word' id='word_1_647' title='bbox 2018 5201 2060 5253; x_wconf 90' lang='lat' dir='ltr'><strong>si</strong></span> 
     </span>
    </p>
   </div>
   <div class='ocr_carea' id='block_1_82' title="bbox 481 5282 2062 5353">
    <p class='ocr_par' dir='ltr' id='par_1_82' title="bbox 481 5282 2062 5353">
     <span class='ocr_line' id='line_1_82' title="bbox 481 5282 2062 5353; baseline 0.008 -20"><span class='ocrx_word' id='word_1_648' title='bbox 481 5297 584 5333; x_wconf 80' lang='lat' dir='ltr'><strong>nun</strong></span> <span class='ocrx_word' id='word_1_649' title='bbox 614 5282 931 5348; x_wconf 87' lang='lat' dir='ltr'><strong>judicemus,</strong></span> <span class='ocrx_word' id='word_1_650' title='bbox 967 5299 1249 5352; x_wconf 87' lang='lat' dir='ltr'><strong>numquam</strong></span> <span class='ocrx_word' id='word_1_651' title='bbox 1287 5288 1576 5353; x_wconf 88' lang='lat' dir='ltr'><strong>poterimus</strong></span> <span class='ocrx_word' id='word_1_652' title='bbox 1615 5289 1916 5344; x_wconf 84' lang='lat' dir='ltr'><strong>inimicitias</strong></span> <span class='ocrx_word' id='word_1_653' title='bbox 1950 5293 2062 5345; x_wconf 80' lang='lat' dir='ltr'><strong>Sol-</strong></span> 
     </span>
    </p>
   </div>
   <div class='ocr_carea' id='block_1_83' title="bbox 482 5372 2062 5451">
    <p class='ocr_par' dir='ltr' id='par_1_83' title="bbox 482 5372 2062 5451">
     <span class='ocr_line' id='line_1_83' title="bbox 482 5372 2062 5451; baseline 0.009 -29"><span class='ocrx_word' id='word_1_654' title='bbox 482 5385 625 5430; x_wconf 85' lang='lat' dir='ltr'><strong>vere,</strong></span> <span class='ocrx_word' id='word_1_655' title='bbox 658 5372 751 5425; x_wconf 88' lang='lat' dir='ltr'><strong>sed</strong></span> <span class='ocrx_word' id='word_1_656' title='bbox 779 5386 870 5424; x_wconf 87' lang='lat' dir='ltr'><strong>sus</strong></span> <span class='ocrx_word' id='word_1_657' title='bbox 910 5374 1079 5442; x_wconf 83' lang='lat' dir='ltr'><strong>deque</strong></span> <span class='ocrx_word' id='word_1_658' title='bbox 1117 5376 1296 5428; x_wconf 87' lang='lat' dir='ltr'><strong>omnia</strong></span> <span class='ocrx_word' id='word_1_659' title='bbox 1330 5388 1618 5432; x_wconf 80' lang='lat' dir='ltr'><strong>vertentur.</strong></span> <span class='ocrx_word' id='word_1_660' title='bbox 1661 5379 1798 5445; x_wconf 86' lang='lat' dir='ltr'><strong>Quid</strong></span> <span class='ocrx_word' id='word_1_661' title='bbox 1828 5397 1957 5451; x_wconf 79' lang='lat' dir='ltr'><strong>ergo</strong></span> <span class='ocrx_word' id='word_1_662' title='bbox 1995 5386 2062 5436; x_wconf 86' lang='lat' dir='ltr'><strong>sit</strong></span> 
     </span>
    </p>
   </div>
   <div class='ocr_carea' id='block_1_84' title="bbox 482 5461 2061 5534">
    <p class='ocr_par' dir='ltr' id='par_1_84' title="bbox 482 5461 2061 5534">
     <span class='ocr_line' id='line_1_84' title="bbox 482 5461 2061 5534; baseline 0.008 -21"><span class='ocrx_word' id='word_1_663' title='bbox 482 5462 582 5513; x_wconf 84' lang='lat' dir='ltr'><strong>hoc</strong></span> <span class='ocrx_word' id='word_1_664' title='bbox 624 5461 760 5528; x_wconf 89' lang='lat' dir='ltr'><strong>quod</strong></span> <span class='ocrx_word' id='word_1_665' title='bbox 802 5463 994 5515; x_wconf 88' lang='lat' dir='ltr'><strong>dicitur</strong></span> <span class='ocrx_word' id='word_1_666' title='bbox 1021 5464 1302 5534; x_wconf 81' lang='lat' dir='ltr'><strong>diligenter</strong></span> <span class='ocrx_word' id='word_1_667' title='bbox 1331 5469 1668 5523; x_wconf 86' lang='lat' dir='ltr'><strong>attendamus</strong></span> <span class='ocrx_word' id='word_1_668' title='bbox 1693 5511 1706 5533; x_wconf 93' lang='lat'><strong>,</strong></span> <span class='ocrx_word' id='word_1_669' title='bbox 1738 5486 1802 5525; x_wconf 77' lang='lat' dir='ltr'><strong>ne</strong></span> <span class='ocrx_word' id='word_1_670' title='bbox 1830 5472 2061 5526; x_wconf 81' lang='lat' dir='ltr'><strong>remedia</strong></span> 
     </span>
    </p>
   </div>
   <div class='ocr_carea' id='block_1_85' title="bbox 479 5539 2061 5631">
    <p class='ocr_par' dir='ltr' id='par_1_85' title="bbox 479 5539 2061 5631">
     <span class='ocr_line' id='line_1_85' title="bbox 479 5539 2061 5631; baseline 0.01 -30"><span class='ocrx_word' id='word_1_671' title='bbox 479 5550 665 5602; x_wconf 88' lang='lat' dir='ltr'><strong>salutis</strong></span> <span class='ocrx_word' id='word_1_672' title='bbox 687 5553 895 5621; x_wconf 79' lang='lat' dir='ltr'><strong>etleges</strong></span> <span class='ocrx_word' id='word_1_673' title='bbox 925 5555 1067 5622; x_wconf 88' lang='lat' dir='ltr'><strong>pacis</strong></span> <span class='ocrx_word' id='word_1_674' title='bbox 1091 5565 1230 5623; x_wconf 83' lang='lat' dir='ltr'><strong>putet</strong></span> <span class='ocrx_word' id='word_1_675' title='bbox 1259 5559 1516 5626; x_wconf 89' lang='lat' dir='ltr'><strong>quispiam</strong></span> <span class='ocrx_word' id='word_1_676' title='bbox 1539 5539 1654 5615; x_wconf 84' lang='lat' dir='ltr'><strong>esse</strong></span> <span class='ocrx_word' id='word_1_677' title='bbox 1677 5561 1818 5631; x_wconf 88' lang='lat' dir='ltr'><strong>leges</strong></span> <span class='ocrx_word' id='word_1_678' title='bbox 1841 5563 2061 5616; x_wconf 60' lang='lat' dir='ltr'><strong>subverc</strong></span> 
     </span>
    </p>
   </div>
   <div class='ocr_carea' id='block_1_86' title="bbox 479 5641 2058 5719">
    <p class='ocr_par' dir='ltr' id='par_1_86' title="bbox 479 5641 2058 5719">
     <span class='ocr_line' id='line_1_86' title="bbox 479 5641 2058 5719; baseline 0.009 -27"><span class='ocrx_word' id='word_1_679' title='bbox 479 5641 646 5694; x_wconf 85' lang='lat' dir='ltr'><strong>siouis</strong></span> <span class='ocrx_word' id='word_1_680' title='bbox 671 5652 724 5695; x_wconf 91' lang='lat' dir='ltr'><strong>ct</strong></span> <span class='ocrx_word' id='word_1_681' title='bbox 751 5643 1094 5698; x_wconf 76' lang='lat' dir='ltr'><strong>confusionis.</strong></span> <span class='ocrx_word' id='word_1_682' title='bbox 1124 5645 1253 5700; x_wconf 80' lang='lat' dir='ltr'><strong>Nam</strong></span> <span class='ocrx_word' id='word_1_683' title='bbox 1285 5648 1348 5700; x_wconf 88' lang='lat' dir='ltr'><strong>iis</strong></span> <span class='ocrx_word' id='word_1_684' title='bbox 1376 5651 1464 5718; x_wconf 90' lang='lat' dir='ltr'><strong>qui</strong></span> <span class='ocrx_word' id='word_1_685' title='bbox 1494 5650 1837 5719; x_wconf 71' lang='lat' dir='ltr'><strong>intelligentia</strong></span> <span class='ocrx_word' id='word_1_686' title='bbox 1861 5652 2058 5718; x_wconf 86' lang='lat' dir='ltr'><strong>valent,</strong></span> 
     </span>
    </p>
   </div>
   <div class='ocr_carea' id='block_1_87' title="bbox 473 5733 2059 5812">
    <p class='ocr_par' dir='ltr' id='par_1_87' title="bbox 473 5733 2059 5812">
     <span class='ocr_line' id='line_1_87' title="bbox 473 5733 2059 5812; baseline 0.008 -25"><span class='ocrx_word' id='word_1_687' title='bbox 473 5733 535 5787; x_wconf 91' lang='lat' dir='ltr'><strong>iu</strong></span> <span class='ocrx_word' id='word_1_688' title='bbox 567 5736 907 5804; x_wconf 85' lang='lat' dir='ltr'><strong>sequentibus</strong></span> <span class='ocrx_word' id='word_1_689' title='bbox 938 5737 1166 5793; x_wconf 70' lang='lat' dir='ltr'><strong>maxime</strong></span> <span class='ocrx_word' id='word_1_690' title='bbox 1189 5738 1406 5808; x_wconf 88' lang='lat' dir='ltr'><strong>hujusce</strong></span> <span class='ocrx_word' id='word_1_691' title='bbox 1435 5743 1565 5812; x_wconf 80' lang='lat' dir='ltr'><strong>legis</strong></span> <span class='ocrx_word' id='word_1_692' title='bbox 1595 5744 1843 5799; x_wconf 88' lang='lat' dir='ltr'><strong>virtutem</strong></span> <span class='ocrx_word' id='word_1_693' title='bbox 1876 5754 2059 5798; x_wconf 66' lang='lat' dir='ltr'><strong>omen-</strong></span> 
     </span>
    </p>
   </div>
   <div class='ocr_carea' id='block_1_88' title="bbox 2183 3093 3773 3175">
    <p class='ocr_par' dir='ltr' id='par_1_88' title="bbox 2183 3093 3773 3175">
     <span class='ocr_line' id='line_1_88' title="bbox 2183 3093 3773 3175; baseline 0.006 -26"><span class='ocrx_word' id='word_1_694' title='bbox 2183 3097 2260 3151; x_wconf 88' lang='lat' dir='ltr'><strong>dit</strong></span> <span class='ocrx_word' id='word_1_695' title='bbox 2287 3098 2472 3154; x_wconf 79' lang='lat' dir='ltr'><strong>dicens</strong></span> <span class='ocrx_word' id='word_1_696' title='bbox 2500 3119 2513 3151; x_wconf 86' lang='lat'><strong>:</strong></span> <span class='ocrx_word' id='word_1_697' title='bbox 2541 3101 2677 3169; x_wconf 82' lang='lat' dir='ltr'><strong>Quid</strong></span> <span class='ocrx_word' id='word_1_698' title='bbox 2716 3103 2852 3158; x_wconf 68' lang='lat' dir='ltr'><strong>vide&quot;:</strong></span> <span class='ocrx_word' id='word_1_699' title='bbox 2894 3105 3140 3173; x_wconf 61' lang='lat' dir='ltr'><strong>festucam</strong></span> <span class='ocrx_word' id='word_1_700' title='bbox 3176 3105 3230 3159; x_wconf 69' lang='lat' dir='ltr'><strong>tu</strong></span> <span class='ocrx_word' id='word_1_701' title='bbox 3274 3093 3420 3160; x_wconf 70' lang='lat' dir='ltr'><strong>Oculo</strong></span> <span class='ocrx_word' id='word_1_702' title='bbox 3454 3106 3630 3175; x_wconf 72' lang='lat' dir='ltr'><strong>fratris</strong></span> <span class='ocrx_word' id='word_1_703' title='bbox 3674 3107 3773 3172; x_wconf 82' lang='lat' dir='ltr'><strong>tui,</strong></span> 
     </span>
    </p>
   </div>
   <div class='ocr_carea' id='block_1_89' title="bbox 2181 3190 3772 3266">
    <p class='ocr_par' dir='ltr' id='par_1_89' title="bbox 2181 3190 3772 3266">
     <span class='ocr_line' id='line_1_89' title="bbox 2181 3190 3772 3266; baseline 0.008 -26"><span class='ocrx_word' id='word_1_704' title='bbox 2181 3190 2370 3242; x_wconf 87' lang='lat' dir='ltr'><strong>trabem</strong></span> <span class='ocrx_word' id='word_1_705' title='bbox 2387 3202 2550 3245; x_wconf 87' lang='lat' dir='ltr'><strong>autem</strong></span> <span class='ocrx_word' id='word_1_706' title='bbox 2572 3210 2683 3262; x_wconf 84' lang='lat' dir='ltr'><strong>qua:</strong></span> <span class='ocrx_word' id='word_1_707' title='bbox 2702 3207 2772 3247; x_wconf 84' lang='lat' dir='ltr'><strong>est</strong></span> <span class='ocrx_word' id='word_1_708' title='bbox 2791 3196 2841 3246; x_wconf 86' lang='lat' dir='ltr'><strong>in</strong></span> <span class='ocrx_word' id='word_1_709' title='bbox 2863 3196 3007 3248; x_wconf 85' lang='lat' dir='ltr'><strong>oculo</strong></span> <span class='ocrx_word' id='word_1_710' title='bbox 3023 3206 3106 3248; x_wconf 86' lang='lat' dir='ltr'><strong>tuo</strong></span> <span class='ocrx_word' id='word_1_711' title='bbox 3124 3211 3222 3248; x_wconf 85' lang='lat' dir='ltr'><strong>non</strong></span> <span class='ocrx_word' id='word_1_712' title='bbox 3239 3198 3528 3250; x_wconf 81' lang='lat' dir='ltr'><strong>consideras</strong></span> <span class='ocrx_word' id='word_1_713' title='bbox 3551 3197 3772 3266; x_wconf 67' lang='lat' dir='ltr'><strong>(Matth;</strong></span> 
     </span>
    </p>
   </div>
   <div class='ocr_carea' id='block_1_90' title="bbox 2181 3279 3775 3351">
    <p class='ocr_par' dir='ltr' id='par_1_90' title="bbox 2181 3279 3775 3351">
     <span class='ocr_line' id='line_1_90' title="bbox 2181 3279 3775 3351; baseline 0.006 -19"><span class='ocrx_word' id='word_1_714' title='bbox 2181 3280 2231 3332; x_wconf 91' lang='lat'><strong>7.</strong></span> <span class='ocrx_word' id='word_1_715' title='bbox 2265 3279 2339 3351; x_wconf 84' lang='grc'><strong>5).</strong></span> <span class='ocrx_word' id='word_1_716' title='bbox 2379 3283 2526 3348; x_wconf 85' lang='lat' dir='ltr'><strong>Quod</strong></span> <span class='ocrx_word' id='word_1_717' title='bbox 2574 3287 2614 3337; x_wconf 92' lang='lat' dir='ltr'><strong>si</strong></span> <span class='ocrx_word' id='word_1_718' title='bbox 2647 3285 2824 3338; x_wconf 90' lang='lat' dir='ltr'><strong>multis</strong></span> <span class='ocrx_word' id='word_1_719' title='bbox 2859 3287 3150 3340; x_wconf 89' lang='lat' dir='ltr'><strong>tardiorum</strong></span> <span class='ocrx_word' id='word_1_720' title='bbox 3179 3286 3194 3316; x_wconf 70' lang='grc'>⁸</span> <span class='ocrx_word' id='word_1_721' title='bbox 3224 3287 3424 3340; x_wconf 85' lang='lat' dir='ltr'><strong>dietqu</strong></span> <span class='ocrx_word' id='word_1_722' title='bbox 3451 3287 3628 3342; x_wconf 86' lang='lat' dir='ltr'><strong>adhuc</strong></span> <span class='ocrx_word' id='word_1_723' title='bbox 3675 3292 3775 3342; x_wconf 82' lang='lat' dir='ltr'><strong>oh-</strong></span> 
     </span>
    </p>
   </div>
   <div class='ocr_carea' id='block_1_91' title="bbox 2176 3373 3771 3448">
    <p class='ocr_par' dir='ltr' id='par_1_91' title="bbox 2176 3373 3771 3448">
     <span class='ocr_line' id='line_1_91' title="bbox 2176 3373 3771 3448; baseline 0.007 -24"><span class='ocrx_word' id='word_1_724' title='bbox 2176 3373 2383 3425; x_wconf 73' lang='lat' dir='ltr'><strong>8curius</strong></span> <span class='ocrx_word' id='word_1_725' title='bbox 2400 3385 2517 3428; x_wconf 82' lang='lat' dir='ltr'><strong>esse</strong></span> <span class='ocrx_word' id='word_1_726' title='bbox 2534 3374 2793 3435; x_wconf 81' lang='lat' dir='ltr'><strong>videatur.</strong></span> <span class='ocrx_word' id='word_1_727' title='bbox 2818 3392 2969 3430; x_wconf 91' lang='lat' dir='ltr'><strong>rcma</strong></span> <span class='ocrx_word' id='word_1_728' title='bbox 2996 3377 3256 3448; x_wconf 86' lang='lat' dir='ltr'><strong>principio</strong></span> <span class='ocrx_word' id='word_1_729' title='bbox 3284 3379 3493 3434; x_wconf 87' lang='lat' dir='ltr'><strong>solvere</strong></span> <span class='ocrx_word' id='word_1_730' title='bbox 3528 3381 3771 3436; x_wconf 78' lang='lat' dir='ltr'><strong>tentabm</strong></span> 
     </span>
    </p>
   </div>
   <div class='ocr_carea' id='block_1_92' title="bbox 2182 3461 3774 3541">
    <p class='ocr_par' dir='ltr' id='par_1_92' title="bbox 2182 3461 3774 3541">
     <span class='ocr_line' id='line_1_92' title="bbox 2182 3461 3774 3541; baseline 0.007 -26"><span class='ocrx_word' id='word_1_731' title='bbox 2182 3461 2274 3516; x_wconf 89' lang='lat' dir='ltr'><strong>llic</strong></span> <span class='ocrx_word' id='word_1_732' title='bbox 2300 3475 2464 3528; x_wconf 88' lang='lat' dir='ltr'><strong>certe,</strong></span> <span class='ocrx_word' id='word_1_733' title='bbox 2495 3475 2550 3518; x_wconf 94' lang='lat' dir='ltr'><strong>ut</strong></span> <span class='ocrx_word' id='word_1_734' title='bbox 2574 3467 2698 3520; x_wconf 91' lang='lat' dir='ltr'><strong>mihi</strong></span> <span class='ocrx_word' id='word_1_735' title='bbox 2727 3468 2938 3536; x_wconf 90' lang='lat' dir='ltr'><strong>quidem</strong></span> <span class='ocrx_word' id='word_1_736' title='bbox 2968 3471 3206 3535; x_wconf 78' lang='lat' dir='ltr'><strong>videtur,</strong></span> <span class='ocrx_word' id='word_1_737' title='bbox 3239 3486 3342 3524; x_wconf 90' lang='lat' dir='ltr'><strong>non</strong></span> <span class='ocrx_word' id='word_1_738' title='bbox 3370 3473 3548 3526; x_wconf 86' lang='lat' dir='ltr'><strong>omnia</strong></span> <span class='ocrx_word' id='word_1_739' title='bbox 3580 3489 3774 3541; x_wconf 82' lang='lat' dir='ltr'><strong>pecca-</strong></span> 
     </span>
    </p>
   </div>
   <div class='ocr_carea' id='block_1_93' title="bbox 2179 3555 3772 3635">
    <p class='ocr_par' dir='ltr' id='par_1_93' title="bbox 2179 3555 3772 3635">
     <span class='ocr_line' id='line_1_93' title="bbox 2179 3555 3772 3635; baseline 0.01 -30"><span class='ocrx_word' id='word_1_740' title='bbox 2179 3563 2227 3606; x_wconf 91' lang='lat' dir='ltr'><strong>ta</strong></span> <span class='ocrx_word' id='word_1_741' title='bbox 2251 3555 2403 3623; x_wconf 89' lang='lat' dir='ltr'><strong>jubet</strong></span> <span class='ocrx_word' id='word_1_742' title='bbox 2432 3573 2537 3611; x_wconf 92' lang='lat' dir='ltr'><strong>non</strong></span> <span class='ocrx_word' id='word_1_743' title='bbox 2561 3558 2800 3626; x_wconf 88' lang='lat' dir='ltr'><strong>judicare</strong></span> <span class='ocrx_word' id='word_1_744' title='bbox 2820 3602 2835 3626; x_wconf 92' lang='lat'><strong>,</strong></span> <span class='ocrx_word' id='word_1_745' title='bbox 2872 3577 3043 3630; x_wconf 88' lang='lat' dir='ltr'><strong>neque</strong></span> <span class='ocrx_word' id='word_1_746' title='bbox 3072 3564 3290 3617; x_wconf 88' lang='lat' dir='ltr'><strong>omnino</strong></span> <span class='ocrx_word' id='word_1_747' title='bbox 3319 3574 3460 3617; x_wconf 89' lang='lat' dir='ltr'><strong>vetat</strong></span> <span class='ocrx_word' id='word_1_748' title='bbox 3483 3565 3607 3619; x_wconf 86' lang='lat' dir='ltr'><strong>illud</strong></span> <span class='ocrx_word' id='word_1_749' title='bbox 3640 3579 3772 3635; x_wconf 56' lang='lat' dir='ltr'><strong>age:-</strong></span> 
     </span>
    </p>
   </div>
   <div class='ocr_carea' id='block_1_94' title="bbox 2177 3648 3770 3722">
    <p class='ocr_par' dir='ltr' id='par_1_94' title="bbox 2177 3648 3770 3722">
     <span class='ocr_line' id='line_1_94' title="bbox 2177 3648 3770 3722; baseline 0.009 -23"><span class='ocrx_word' id='word_1_750' title='bbox 2177 3662 2256 3710; x_wconf 81' lang='lat' dir='ltr'><strong>re,</strong></span> <span class='ocrx_word' id='word_1_751' title='bbox 2291 3648 2383 3701; x_wconf 89' lang='lat' dir='ltr'><strong>sed</strong></span> <span class='ocrx_word' id='word_1_752' title='bbox 2412 3648 2532 3701; x_wconf 84' lang='lat' dir='ltr'><strong>illos</strong></span> <span class='ocrx_word' id='word_1_753' title='bbox 2558 3652 2771 3719; x_wconf 86' lang='lat' dir='ltr'><strong>respicit</strong></span> <span class='ocrx_word' id='word_1_754' title='bbox 2804 3653 2895 3722; x_wconf 85' lang='lat' dir='ltr'><strong>qui</strong></span> <span class='ocrx_word' id='word_1_755' title='bbox 2924 3655 3215 3709; x_wconf 88' lang='lat' dir='ltr'><strong>innumeris</strong></span> <span class='ocrx_word' id='word_1_756' title='bbox 3245 3658 3420 3709; x_wconf 90' lang='lat' dir='ltr'><strong>onusti</strong></span> <span class='ocrx_word' id='word_1_757' title='bbox 3447 3658 3606 3719; x_wconf 84' lang='lat' dir='ltr'><strong>vitiis,</strong></span> <span class='ocrx_word' id='word_1_758' title='bbox 3647 3660 3770 3714; x_wconf 82' lang='lat' dir='ltr'><strong>aliis</strong></span> 
     </span>
    </p>
   </div>
   <div class='ocr_carea' id='block_1_95' title="bbox 2177 3737 3767 3810">
    <p class='ocr_par' dir='ltr' id='par_1_95' title="bbox 2177 3737 3767 3810">
     <span class='ocr_line' id='line_1_95' title="bbox 2177 3737 3767 3810; baseline 0.012 -20"><span class='ocrx_word' id='word_1_759' title='bbox 2177 3737 2244 3791; x_wconf 89' lang='lat' dir='ltr'><strong>ob</strong></span> <span class='ocrx_word' id='word_1_760' title='bbox 2272 3739 2401 3792; x_wconf 84' lang='lat' dir='ltr'><strong>levia</strong></span> <span class='ocrx_word' id='word_1_761' title='bbox 2439 3757 2661 3810; x_wconf 71' lang='lat' dir='ltr'><strong>qumque</strong></span> <span class='ocrx_word' id='word_1_762' title='bbox 2685 3743 2958 3798; x_wconf 89' lang='lat' dir='ltr'><strong>insultant.</strong></span> <span class='ocrx_word' id='word_1_763' title='bbox 2995 3746 3216 3801; x_wconf 77' lang='lat' dir='ltr'><strong>Videtur</strong></span> <span class='ocrx_word' id='word_1_764' title='bbox 3235 3758 3410 3802; x_wconf 87' lang='lat' dir='ltr'><strong>autem</strong></span> <span class='ocrx_word' id='word_1_765' title='bbox 3437 3749 3522 3804; x_wconf 87' lang='lat' dir='ltr'><strong>hic</strong></span> <span class='ocrx_word' id='word_1_766' title='bbox 3549 3749 3767 3808; x_wconf 56' lang='lat' dir='ltr'><strong>Iuda-os</strong></span> 
     </span>
    </p>
   </div>
   <div class='ocr_carea' id='block_1_96' title="bbox 2175 3832 3766 3904">
    <p class='ocr_par' dir='ltr' id='par_1_96' title="bbox 2175 3832 3766 3904">
     <span class='ocr_line' id='line_1_96' title="bbox 2175 3832 3766 3904; baseline 0.01 -22"><span class='ocrx_word' id='word_1_767' title='bbox 2175 3832 2529 3900; x_wconf 83' lang='lat' dir='ltr'><strong>subindicarc,</strong></span> <span class='ocrx_word' id='word_1_768' title='bbox 2559 3837 2792 3904; x_wconf 89' lang='lat' dir='ltr'><strong>quicum</strong></span> <span class='ocrx_word' id='word_1_769' title='bbox 2821 3839 2996 3892; x_wconf 88' lang='lat' dir='ltr'><strong>acerbi</strong></span> <span class='ocrx_word' id='word_1_770' title='bbox 3029 3850 3210 3894; x_wconf 89' lang='lat' dir='ltr'><strong>essent</strong></span> <span class='ocrx_word' id='word_1_771' title='bbox 3238 3839 3304 3895; x_wconf 90' lang='lat' dir='ltr'><strong>de</strong></span> <span class='ocrx_word' id='word_1_772' title='bbox 3330 3842 3490 3896; x_wconf 86' lang='lat' dir='ltr'><strong>rebus</strong></span> <span class='ocrx_word' id='word_1_773' title='bbox 3527 3845 3766 3898; x_wconf 85' lang='lat' dir='ltr'><strong>minimis</strong></span> 
     </span>
    </p>
   </div>
   <div class='ocr_carea' id='block_1_97' title="bbox 2173 3925 3761 4005">
    <p class='ocr_par' dir='ltr' id='par_1_97' title="bbox 2173 3925 3761 4005">
     <span class='ocr_line' id='line_1_97' title="bbox 2173 3925 3761 4005; baseline 0.007 -28"><span class='ocrx_word' id='word_1_774' title='bbox 2173 3925 2476 3994; x_wconf 90' lang='lat' dir='ltr'><strong>nulliusque</strong></span> <span class='ocrx_word' id='word_1_775' title='bbox 2503 3930 2755 3983; x_wconf 89' lang='lat' dir='ltr'><strong>momenti</strong></span> <span class='ocrx_word' id='word_1_776' title='bbox 2788 3931 3014 3999; x_wconf 77' lang='lat' dir='ltr'><strong>proximi</strong></span> <span class='ocrx_word' id='word_1_777' title='bbox 3046 3933 3128 3985; x_wconf 92' lang='lat' dir='ltr'><strong>sui</strong></span> <span class='ocrx_word' id='word_1_778' title='bbox 3175 3945 3545 3999; x_wconf 83' lang='lat' dir='ltr'><strong>accusatores,</strong></span> <span class='ocrx_word' id='word_1_779' title='bbox 3571 3948 3761 4005; x_wconf 77' lang='lat' dir='ltr'><strong>magna</strong></span> 
     </span>
    </p>
   </div>
   <div class='ocr_carea' id='block_1_98' title="bbox 2173 4014 3763 4093">
    <p class='ocr_par' dir='ltr' id='par_1_98' title="bbox 2173 4014 3763 4093">
     <span class='ocr_line' id='line_1_98' title="bbox 2173 4014 3763 4093; baseline 0.009 -27"><span class='ocrx_word' id='word_1_780' title='bbox 2173 4014 2244 4068; x_wconf 89' lang='lat' dir='ltr'><strong>illi</strong></span> <span class='ocrx_word' id='word_1_781' title='bbox 2286 4017 2400 4071; x_wconf 88' lang='lat' dir='ltr'><strong>sine</strong></span> <span class='ocrx_word' id='word_1_782' title='bbox 2436 4018 2544 4072; x_wconf 91' lang='lat' dir='ltr'><strong>ullo</strong></span> <span class='ocrx_word' id='word_1_783' title='bbox 2571 4035 2730 4073; x_wconf 83' lang='lat' dir='ltr'><strong>sensu</strong></span> <span class='ocrx_word' id='word_1_784' title='bbox 2759 4022 2978 4074; x_wconf 88' lang='lat' dir='ltr'><strong>crimina</strong></span> <span class='ocrx_word' id='word_1_785' title='bbox 3005 4022 3357 4078; x_wconf 83' lang='lat' dir='ltr'><strong>admittebant</strong></span> <span class='ocrx_word' id='word_1_786' title='bbox 3389 4042 3402 4078; x_wconf 89' lang='lat'>:</span> <span class='ocrx_word' id='word_1_787' title='bbox 3435 4026 3575 4093; x_wconf 91' lang='lat' dir='ltr'><strong>quod</strong></span> <span class='ocrx_word' id='word_1_788' title='bbox 3597 4031 3763 4081; x_wconf 84' lang='lat' dir='ltr'><strong>etiam</strong></span> 
     </span>
    </p>
   </div>
   <div class='ocr_carea' id='block_1_99' title="bbox 2174 4107 3764 4186">
    <p class='ocr_par' dir='ltr' id='par_1_99' title="bbox 2174 4107 3764 4186">
     <span class='ocr_line' id='line_1_99' title="bbox 2174 4107 3764 4186; baseline 0.008 -27"><span class='ocrx_word' id='word_1_789' title='bbox 2174 4107 2224 4159; x_wconf 92' lang='lat' dir='ltr'><strong>iu</strong></span> <span class='ocrx_word' id='word_1_790' title='bbox 2251 4108 2353 4162; x_wconf 81' lang='lat' dir='ltr'><strong>line</strong></span> <span class='ocrx_word' id='word_1_791' title='bbox 2381 4111 2707 4178; x_wconf 76' lang='lat' dir='ltr'><strong>exprobrans</strong></span> <span class='ocrx_word' id='word_1_792' title='bbox 2737 4113 2840 4164; x_wconf 90' lang='lat' dir='ltr'><strong>illis</strong></span> <span class='ocrx_word' id='word_1_793' title='bbox 2870 4113 3080 4168; x_wconf 85' lang='lat' dir='ltr'><strong>dicebat</strong></span> <span class='ocrx_word' id='word_1_794' title='bbox 3113 4133 3124 4168; x_wconf 91' lang='lat'><strong>:</strong></span> <span class='ocrx_word' id='word_1_795' title='bbox 3159 4114 3391 4186; x_wconf 78' lang='lat' dir='ltr'><strong>Alligatis</strong></span> <span class='ocrx_word' id='word_1_796' title='bbox 3412 4132 3565 4170; x_wconf 84' lang='lat' dir='ltr'><strong>onera</strong></span> <span class='ocrx_word' id='word_1_797' title='bbox 3584 4119 3764 4186; x_wconf 74' lang='lat' dir='ltr'><strong>gravia</strong></span> 
     </span>
    </p>
   </div>
   <div class='ocr_carea' id='block_1_100' title="bbox 2173 4198 3765 4279">
    <p class='ocr_par' dir='ltr' id='par_1_100' title="bbox 2173 4198 3765 4279">
     <span class='ocr_line' id='line_1_100' title="bbox 2173 4198 3765 4279; baseline 0.01 -31"><span class='ocrx_word' id='word_1_798' title='bbox 2173 4207 2218 4248; x_wconf 89' lang='lat' dir='ltr'><strong>et</strong></span> <span class='ocrx_word' id='word_1_799' title='bbox 2240 4198 2580 4266; x_wconf 85' lang='lat' dir='ltr'><strong>importabitia</strong></span> <span class='ocrx_word' id='word_1_800' title='bbox 2608 4217 2625 4254; x_wconf 92' lang='lat'><strong><em>:</em></strong></span> <span class='ocrx_word' id='word_1_801' title='bbox 2655 4215 2740 4254; x_wconf 79' lang='lat' dir='ltr'><strong>vos</strong></span> <span class='ocrx_word' id='word_1_802' title='bbox 2763 4214 2932 4256; x_wconf 79' lang='lat' dir='ltr'><strong>autent</strong></span> <span class='ocrx_word' id='word_1_803' title='bbox 2963 4221 3060 4258; x_wconf 85' lang='lat' dir='ltr'><strong>non</strong></span> <span class='ocrx_word' id='word_1_804' title='bbox 3088 4208 3232 4259; x_wconf 69' lang='lat' dir='ltr'><strong>vultis</strong></span> <span class='ocrx_word' id='word_1_805' title='bbox 3271 4224 3329 4261; x_wconf 82' lang='lat' dir='ltr'><strong>ea</strong></span> <span class='ocrx_word' id='word_1_806' title='bbox 3369 4209 3526 4279; x_wconf 85' lang='lat' dir='ltr'><strong>digito</strong></span> <span class='ocrx_word' id='word_1_807' title='bbox 3566 4221 3765 4264; x_wconf 77' lang='lat' dir='ltr'><strong>utovere</strong></span> 
     </span>
    </p>
   </div>
   <div class='ocr_carea' id='block_1_101' title="bbox 2175 4289 3764 4366">
    <p class='ocr_par' dir='ltr' id='par_1_101' title="bbox 2175 4289 3764 4366">
     <span class='ocr_line' id='line_1_101' title="bbox 2175 4289 3764 4366; baseline 0.01 -27"><span class='ocrx_word' id='word_1_808' title='bbox 2175 4289 2387 4356; x_wconf 82' lang='lat' dir='ltr'><strong>(Matth.</strong></span> <span class='ocrx_word' id='word_1_809' title='bbox 2411 4291 2501 4345; x_wconf 66' lang='lat'><strong>25.</strong></span> <span class='ocrx_word' id='word_1_810' title='bbox 2529 4294 2586 4363; x_wconf 71' lang='grc'><strong>4)</strong></span> <span class='ocrx_word' id='word_1_811' title='bbox 2611 4310 2624 4358; x_wconf 91' lang='grc'><strong>;</strong></span> <span class='ocrx_word' id='word_1_812' title='bbox 2668 4304 2740 4358; x_wconf 86' lang='lat' dir='ltr'><strong>et,</strong></span> <span class='ocrx_word' id='word_1_813' title='bbox 2766 4294 3042 4351; x_wconf 84' lang='lat' dir='ltr'><strong>Decimatis</strong></span> <span class='ocrx_word' id='word_1_814' title='bbox 3070 4300 3324 4352; x_wconf 80' lang='lat' dir='ltr'><strong>ment/tam</strong></span> <span class='ocrx_word' id='word_1_815' title='bbox 3351 4311 3395 4354; x_wconf 87' lang='lat' dir='ltr'><strong>et</strong></span> <span class='ocrx_word' id='word_1_816' title='bbox 3425 4303 3684 4366; x_wconf 80' lang='lat' dir='ltr'><strong>anethum,</strong></span> <span class='ocrx_word' id='word_1_817' title='bbox 3715 4309 3764 4356; x_wconf 82' lang='lat' dir='ltr'><strong>et</strong></span> 
     </span>
    </p>
   </div>
   <div class='ocr_carea' id='block_1_102' title="bbox 2174 4382 3765 4462">
    <p class='ocr_par' dir='ltr' id='par_1_102' title="bbox 2174 4382 3765 4462">
     <span class='ocr_line' id='line_1_102' title="bbox 2174 4382 3765 4462; baseline 0.01 -31"><span class='ocrx_word' id='word_1_818' title='bbox 2174 4382 2503 4448; x_wconf 68' lang='lat' dir='ltr'><strong>dereliquistia</strong></span> <span class='ocrx_word' id='word_1_819' title='bbox 2532 4402 2590 4437; x_wconf 86' lang='lat' dir='ltr'><strong>ea</strong></span> <span class='ocrx_word' id='word_1_820' title='bbox 2605 4403 2716 4453; x_wconf 70' lang='lat' dir='ltr'><strong>(luce</strong></span> <span class='ocrx_word' id='word_1_821' title='bbox 2737 4389 2969 4455; x_wconf 74' lang='lat' dir='ltr'><strong>graviora</strong></span> <span class='ocrx_word' id='word_1_822' title='bbox 2993 4401 3110 4441; x_wconf 83' lang='lat' dir='ltr'><strong>sunt</strong></span> <span class='ocrx_word' id='word_1_823' title='bbox 3136 4391 3280 4460; x_wconf 85' lang='lat' dir='ltr'><strong>legis,</strong></span> <span class='ocrx_word' id='word_1_824' title='bbox 3295 4392 3548 4462; x_wconf 79' lang='lat' dir='ltr'><strong>judicium</strong></span> <span class='ocrx_word' id='word_1_825' title='bbox 3566 4433 3580 4456; x_wconf 94' lang='lat'><strong>,</strong></span> <span class='ocrx_word' id='word_1_826' title='bbox 3611 4394 3765 4446; x_wconf 40' lang='lat' dir='ltr'><strong>misce</strong></span> 
     </span>
    </p>
   </div>
   <div class='ocr_carea' id='block_1_103' title="bbox 2174 4473 3764 4552">
    <p class='ocr_par' dir='ltr' id='par_1_103' title="bbox 2174 4473 3764 4552">
     <span class='ocr_line' id='line_1_103' title="bbox 2174 4473 3764 4552; baseline 0.011 -28"><span class='ocrx_word' id='word_1_827' title='bbox 2174 4476 2441 4527; x_wconf 82' lang='lat' dir='ltr'><strong>ricordiam</strong></span> <span class='ocrx_word' id='word_1_828' title='bbox 2472 4490 2517 4529; x_wconf 79' lang='lat' dir='ltr'><strong>ct</strong></span> <span class='ocrx_word' id='word_1_829' title='bbox 2546 4478 2697 4544; x_wconf 79' lang='lat' dir='ltr'><strong>ﬁdem</strong></span> <span class='ocrx_word' id='word_1_830' title='bbox 2725 4478 2881 4548; x_wconf 79' lang='lat' dir='ltr'><strong>(Ibid.</strong></span> <span class='ocrx_word' id='word_1_831' title='bbox 2916 4498 2960 4533; x_wconf 83' lang='grc' dir='ltr'><strong>υ.</strong></span> <span class='ocrx_word' id='word_1_832' title='bbox 2993 4473 3104 4552; x_wconf 67' lang='lat'><strong>9.3).</strong></span> <span class='ocrx_word' id='word_1_833' title='bbox 3129 4481 3340 4536; x_wconf 82' lang='lat' dir='ltr'><strong>Iuda-os</strong></span> <span class='ocrx_word' id='word_1_834' title='bbox 3366 4484 3526 4552; x_wconf 79' lang='lat' dir='ltr'><strong>igitur</strong></span> <span class='ocrx_word' id='word_1_835' title='bbox 3549 4485 3764 4541; x_wconf 58' lang='lat' dir='ltr'><strong>videtur</strong></span> 
     </span>
    </p>
   </div>
   <div class='ocr_carea' id='block_1_104' title="bbox 2174 4566 3760 4641">
    <p class='ocr_par' dir='ltr' id='par_1_104' title="bbox 2174 4566 3760 4641">
     <span class='ocr_line' id='line_1_104' title="bbox 2174 4566 3760 4641; baseline 0.011 -25"><span class='ocrx_word' id='word_1_836' title='bbox 2174 4566 2224 4617; x_wconf 88' lang='lat' dir='ltr'><strong>in</strong></span> <span class='ocrx_word' id='word_1_837' title='bbox 2256 4568 2432 4620; x_wconf 87' lang='lat' dir='ltr'><strong>animo</strong></span> <span class='ocrx_word' id='word_1_838' title='bbox 2460 4567 2676 4633; x_wconf 88' lang='lat' dir='ltr'><strong>habere,-</strong></span> <span class='ocrx_word' id='word_1_839' title='bbox 2698 4571 2805 4638; x_wconf 84' lang='lat' dir='ltr'><strong>jam</strong></span> <span class='ocrx_word' id='word_1_840' title='bbox 2837 4581 2962 4625; x_wconf 90' lang='lat' dir='ltr'><strong>ante</strong></span> <span class='ocrx_word' id='word_1_841' title='bbox 3007 4573 3126 4625; x_wconf 88' lang='lat' dir='ltr'><strong>illos</strong></span> <span class='ocrx_word' id='word_1_842' title='bbox 3156 4574 3453 4641; x_wconf 89' lang='lat' dir='ltr'><strong>reprimens</strong></span> <span class='ocrx_word' id='word_1_843' title='bbox 3497 4576 3564 4629; x_wconf 90' lang='lat' dir='ltr'><strong>ob</strong></span> <span class='ocrx_word' id='word_1_844' title='bbox 3604 4593 3665 4630; x_wconf 85' lang='lat' dir='ltr'><strong>ea</strong></span> <span class='ocrx_word' id='word_1_845' title='bbox 3691 4577 3760 4632; x_wconf 80' lang='lat' dir='ltr'><strong>tle</strong></span> 
     </span>
    </p>
   </div>
   <div class='ocr_carea' id='block_1_105' title="bbox 2172 4658 3761 4731">
    <p class='ocr_par' dir='ltr' id='par_1_105' title="bbox 2172 4658 3761 4731">
     <span class='ocr_line' id='line_1_105' title="bbox 2172 4658 3761 4731; baseline 0.011 -23"><span class='ocrx_word' id='word_1_846' title='bbox 2172 4659 2361 4727; x_wconf 87' lang='lat' dir='ltr'><strong>quibus</strong></span> <span class='ocrx_word' id='word_1_847' title='bbox 2386 4658 2671 4731; x_wconf 78' lang='lat' dir='ltr'><strong>discipulos</strong></span> <span class='ocrx_word' id='word_1_848' title='bbox 2700 4665 2996 4717; x_wconf 87' lang='lat' dir='ltr'><strong>accusaturi</strong></span> <span class='ocrx_word' id='word_1_849' title='bbox 3025 4674 3193 4718; x_wconf 86' lang='lat' dir='ltr'><strong>erant.</strong></span> <span class='ocrx_word' id='word_1_850' title='bbox 3218 4666 3328 4721; x_wconf 79' lang='lat' dir='ltr'><strong>Etsi</strong></span> <span class='ocrx_word' id='word_1_851' title='bbox 3352 4668 3492 4721; x_wconf 88' lang='lat' dir='ltr'><strong>enim</strong></span> <span class='ocrx_word' id='word_1_852' title='bbox 3519 4668 3594 4722; x_wconf 92' lang='lat' dir='ltr'><strong>illi</strong></span> <span class='ocrx_word' id='word_1_853' title='bbox 3624 4670 3761 4725; x_wconf 73' lang='lat' dir='ltr'><strong>nihil</strong></span> 
     </span>
    </p>
   </div>
   <div class='ocr_carea' id='block_1_106' title="bbox 2174 4753 3760 4828">
    <p class='ocr_par' dir='ltr' id='par_1_106' title="bbox 2174 4753 3760 4828">
     <span class='ocr_line' id='line_1_106' title="bbox 2174 4753 3760 4828; baseline 0.008 -24"><span class='ocrx_word' id='word_1_854' title='bbox 2174 4753 2274 4804; x_wconf 91' lang='lat' dir='ltr'><strong>tale</strong></span> <span class='ocrx_word' id='word_1_855' title='bbox 2297 4764 2682 4819; x_wconf 83' lang='lat' dir='ltr'><strong>peccaverant,</strong></span> <span class='ocrx_word' id='word_1_856' title='bbox 2713 4753 2952 4825; x_wconf 66' lang='lat' dir='ltr'><strong>quaedam</strong></span> <span class='ocrx_word' id='word_1_857' title='bbox 2984 4762 3163 4812; x_wconf 83' lang='lat' dir='ltr'><strong>tamen</strong></span> <span class='ocrx_word' id='word_1_858' title='bbox 3195 4759 3321 4826; x_wconf 89' lang='lat' dir='ltr'><strong>ipsis</strong></span> <span class='ocrx_word' id='word_1_859' title='bbox 3349 4770 3562 4828; x_wconf 87' lang='lat' dir='ltr'><strong>peccata</strong></span> <span class='ocrx_word' id='word_1_860' title='bbox 3609 4765 3760 4817; x_wconf 70' lang='lat' dir='ltr'><strong>vitle-</strong></span> 
     </span>
    </p>
   </div>
   <div class='ocr_carea' id='block_1_107' title="bbox 2174 4846 3760 4916">
    <p class='ocr_par' dir='ltr' id='par_1_107' title="bbox 2174 4846 3760 4916">
     <span class='ocr_line' id='line_1_107' title="bbox 2174 4846 3760 4916; baseline 0.009 -19"><span class='ocrx_word' id='word_1_861' title='bbox 2174 4846 2364 4900; x_wconf 85' lang='lat' dir='ltr'><strong>bantur</strong></span> <span class='ocrx_word' id='word_1_862' title='bbox 2385 4863 2524 4913; x_wconf 89' lang='lat' dir='ltr'><strong>esse,</strong></span> <span class='ocrx_word' id='word_1_863' title='bbox 2557 4858 2632 4914; x_wconf 92' lang='lat' dir='ltr'><strong>ut,</strong></span> <span class='ocrx_word' id='word_1_864' title='bbox 2660 4849 2936 4906; x_wconf 82' lang='lat' dir='ltr'><strong>sabbatum</strong></span> <span class='ocrx_word' id='word_1_865' title='bbox 2962 4866 3063 4905; x_wconf 89' lang='lat' dir='ltr'><strong>non</strong></span> <span class='ocrx_word' id='word_1_866' title='bbox 3092 4857 3380 4907; x_wconf 86' lang='lat' dir='ltr'><strong>observare</strong></span> <span class='ocrx_word' id='word_1_867' title='bbox 3401 4895 3414 4916; x_wconf 93' lang='lat'><strong>,</strong></span> <span class='ocrx_word' id='word_1_868' title='bbox 3449 4855 3610 4910; x_wconf 82' lang='lat' dir='ltr'><strong>illutis</strong></span> <span class='ocrx_word' id='word_1_869' title='bbox 3642 4873 3760 4910; x_wconf 79' lang='lat' dir='ltr'><strong>ma-</strong></span> 
     </span>
    </p>
   </div>
   <div class='ocr_carea' id='block_1_108' title="bbox 2172 4938 3758 5017">
    <p class='ocr_par' dir='ltr' id='par_1_108' title="bbox 2172 4938 3758 5017">
     <span class='ocr_line' id='line_1_108' title="bbox 2172 4938 3758 5017; baseline 0.008 -27"><span class='ocrx_word' id='word_1_870' title='bbox 2172 4938 2325 4991; x_wconf 75' lang='lat' dir='ltr'><strong>nibus</strong></span> <span class='ocrx_word' id='word_1_871' title='bbox 2375 4941 2714 5007; x_wconf 87' lang='lat' dir='ltr'><strong>manducare,</strong></span> <span class='ocrx_word' id='word_1_872' title='bbox 2747 4959 2866 4996; x_wconf 90' lang='lat' dir='ltr'><strong>cum</strong></span> <span class='ocrx_word' id='word_1_873' title='bbox 2912 4944 3205 5012; x_wconf 84' lang='lat' dir='ltr'><strong>publicanis</strong></span> <span class='ocrx_word' id='word_1_874' title='bbox 3235 4949 3581 5010; x_wconf 85' lang='lat' dir='ltr'><strong>recumbere;</strong></span> <span class='ocrx_word' id='word_1_875' title='bbox 3611 4949 3758 5017; x_wconf 68' lang='lat' dir='ltr'><strong>quc-tl</strong></span> 
     </span>
    </p>
   </div>
   <div class='ocr_carea' id='block_1_109' title="bbox 2167 5028 3759 5108">
    <p class='ocr_par' dir='ltr' id='par_1_109' title="bbox 2167 5028 3759 5108">
     <span class='ocr_line' id='line_1_109' title="bbox 2167 5028 3759 5108; baseline 0.008 -30"><span class='ocrx_word' id='word_1_876' title='bbox 2167 5037 2221 5080; x_wconf 83' lang='lat' dir='ltr'><strong>ct</strong></span> <span class='ocrx_word' id='word_1_877' title='bbox 2250 5028 2372 5081; x_wconf 82' lang='lat' dir='ltr'><strong>alibi</strong></span> <span class='ocrx_word' id='word_1_878' title='bbox 2404 5031 2476 5082; x_wconf 85' lang='lat' dir='ltr'><strong>ait</strong></span> <span class='ocrx_word' id='word_1_879' title='bbox 2504 5047 2515 5078; x_wconf 89' lang='lat'>:</span> <span class='ocrx_word' id='word_1_880' title='bbox 2553 5030 2858 5085; x_wconf 73' lang='lat' dir='ltr'><strong>Exeolantes</strong></span> <span class='ocrx_word' id='word_1_881' title='bbox 2889 5035 3123 5095; x_wconf 85' lang='lat' dir='ltr'><strong>culicem,</strong></span> <span class='ocrx_word' id='word_1_882' title='bbox 3148 5046 3194 5089; x_wconf 90' lang='lat' dir='ltr'><strong>et</strong></span> <span class='ocrx_word' id='word_1_883' title='bbox 3221 5035 3550 5108; x_wconf 70' lang='lat' dir='ltr'><strong>deglutieutes</strong></span> <span class='ocrx_word' id='word_1_884' title='bbox 3597 5054 3759 5093; x_wconf 82' lang='lat' dir='ltr'><strong>came-</strong></span> 
     </span>
    </p>
   </div>
   <div class='ocr_carea' id='block_1_110' title="bbox 2168 5119 3758 5200">
    <p class='ocr_par' dir='ltr' id='par_1_110' title="bbox 2168 5119 3758 5200">
     <span class='ocr_line' id='line_1_110' title="bbox 2168 5119 3758 5200; baseline 0.01 -30"><span class='ocrx_word' id='word_1_885' title='bbox 2168 5120 2272 5171; x_wconf 83' lang='lat' dir='ltr'><strong>tunt</strong></span> <span class='ocrx_word' id='word_1_886' title='bbox 2301 5119 2460 5190; x_wconf 86' lang='lat' dir='ltr'><strong>(Ibid.</strong></span> <span class='ocrx_word' id='word_1_887' title='bbox 2494 5139 2539 5177; x_wconf 81' lang='grc' dir='ltr'><strong>υ.</strong></span> <span class='ocrx_word' id='word_1_888' title='bbox 2571 5123 2688 5193; x_wconf 67' lang='grc' dir='ltr'><strong>Ἡ).</strong></span> <span class='ocrx_word' id='word_1_889' title='bbox 2716 5125 2975 5179; x_wconf 59' lang='lat' dir='ltr'><strong>Caeterum</strong></span> <span class='ocrx_word' id='word_1_890' title='bbox 3002 5141 3340 5182; x_wconf 87' lang='lat' dir='ltr'><strong>communem</strong></span> <span class='ocrx_word' id='word_1_891' title='bbox 3379 5128 3447 5184; x_wconf 89' lang='lat' dir='ltr'><strong>de</strong></span> <span class='ocrx_word' id='word_1_892' title='bbox 3473 5129 3557 5184; x_wconf 89' lang='lat' dir='ltr'><strong>his</strong></span> <span class='ocrx_word' id='word_1_893' title='bbox 3584 5131 3758 5200; x_wconf 78' lang='lat' dir='ltr'><strong>legem</strong></span> 
     </span>
    </p>
   </div>
   <div class='ocr_carea' id='block_1_111' title="bbox 2167 5211 3757 5300">
    <p class='ocr_par' dir='ltr' id='par_1_111' title="bbox 2167 5211 3757 5300">
     <span class='ocr_line' id='line_1_111' title="bbox 2167 5211 3757 5300; baseline 0.009 -39"><span class='ocrx_word' id='word_1_894' title='bbox 2167 5212 2460 5300; x_wconf 65' lang='lat' dir='ltr'><strong>constituit.</strong></span> <span class='ocrx_word' id='word_1_895' title='bbox 2493 5211 2788 5269; x_wconf 85' lang='lat' dir='ltr'><strong>Corinthiis</strong></span> <span class='ocrx_word' id='word_1_896' title='bbox 2816 5231 2942 5270; x_wconf 86' lang='lat' dir='ltr'><strong>vero</strong></span> <span class='ocrx_word' id='word_1_897' title='bbox 2970 5217 3209 5272; x_wconf 81' lang='lat' dir='ltr'><strong>scribens</strong></span> <span class='ocrx_word' id='word_1_898' title='bbox 3239 5218 3455 5286; x_wconf 78' lang='lat' dir='ltr'><strong>Paulus,</strong></span> <span class='ocrx_word' id='word_1_899' title='bbox 3489 5237 3593 5274; x_wconf 87' lang='lat' dir='ltr'><strong>non</strong></span> <span class='ocrx_word' id='word_1_900' title='bbox 3619 5223 3757 5274; x_wconf 77' lang='lat' dir='ltr'><strong>sitn-</strong></span> 
     </span>
    </p>
   </div>
   <div class='ocr_carea' id='block_1_112' title="bbox 2165 5295 3750 5382">
    <p class='ocr_par' dir='ltr' id='par_1_112' title="bbox 2165 5295 3750 5382">
     <span class='ocr_line' id='line_1_112' title="bbox 2165 5295 3750 5382; baseline 0.007 -23"><span class='ocrx_word' id='word_1_901' title='bbox 2165 5295 2376 5377; x_wconf 69' lang='lat' dir='ltr'><strong>plicitér</strong></span> <span class='ocrx_word' id='word_1_902' title='bbox 2447 5307 2697 5376; x_wconf 85' lang='lat' dir='ltr'><strong>prohibet</strong></span> <span class='ocrx_word' id='word_1_903' title='bbox 2767 5295 3054 5375; x_wconf 84' lang='lat' dir='ltr'><strong>judicare,</strong></span> <span class='ocrx_word' id='word_1_904' title='bbox 3143 5309 3236 5364; x_wconf 87' lang='lat' dir='ltr'><strong>sed</strong></span> <span class='ocrx_word' id='word_1_905' title='bbox 3307 5326 3401 5366; x_wconf 90' lang='lat' dir='ltr'><strong>eos</strong></span> <span class='ocrx_word' id='word_1_906' title='bbox 3462 5314 3551 5382; x_wconf 90' lang='lat' dir='ltr'><strong>qui</strong></span> <span class='ocrx_word' id='word_1_907' title='bbox 3608 5314 3750 5382; x_wconf 74' lang='lat' dir='ltr'><strong>ipsis</strong></span> 
     </span>
    </p>
   </div>
   <div class='ocr_carea' id='block_1_113' title="bbox 2163 5399 3751 5468">
    <p class='ocr_par' dir='ltr' id='par_1_113' title="bbox 2163 5399 3751 5468">
     <span class='ocr_line' id='line_1_113' title="bbox 2163 5399 3751 5468; baseline 0.004 -16"><span class='ocrx_word' id='word_1_908' title='bbox 2163 5414 2433 5468; x_wconf 84' lang='lat' dir='ltr'><strong>praeerant</strong></span> <span class='ocrx_word' id='word_1_909' title='bbox 2479 5399 2721 5463; x_wconf 84' lang='lat' dir='ltr'><strong>judicare</strong></span> <span class='ocrx_word' id='word_1_910' title='bbox 2756 5409 2918 5462; x_wconf 86' lang='lat' dir='ltr'><strong>vetat,</strong></span> <span class='ocrx_word' id='word_1_911' title='bbox 2968 5413 3024 5453; x_wconf 89' lang='lat' dir='ltr'><strong>et</strong></span> <span class='ocrx_word' id='word_1_912' title='bbox 3081 5400 3132 5454; x_wconf 88' lang='lat' dir='ltr'><strong>in</strong></span> <span class='ocrx_word' id='word_1_913' title='bbox 3179 5416 3345 5456; x_wconf 89' lang='lat' dir='ltr'><strong>causa</strong></span> <span class='ocrx_word' id='word_1_914' title='bbox 3403 5418 3509 5455; x_wconf 88' lang='lat' dir='ltr'><strong>non</strong></span> <span class='ocrx_word' id='word_1_915' title='bbox 3572 5412 3751 5458; x_wconf 78' lang='lat' dir='ltr'><strong>mant-</strong></span> 
     </span>
    </p>
   </div>
   <div class='ocr_carea' id='block_1_114' title="bbox 2164 5488 3745 5561">
    <p class='ocr_par' dir='ltr' id='par_1_114' title="bbox 2164 5488 3745 5561">
     <span class='ocr_line' id='line_1_114' title="bbox 2164 5488 3745 5561; baseline 0.006 -21"><span class='ocrx_word' id='word_1_916' title='bbox 2164 5488 2337 5551; x_wconf 79' lang='lat' dir='ltr'><strong>festa,</strong></span> <span class='ocrx_word' id='word_1_917' title='bbox 2402 5503 2498 5542; x_wconf 88' lang='lat' dir='ltr'><strong>nec</strong></span> <span class='ocrx_word' id='word_1_918' title='bbox 2570 5489 2888 5558; x_wconf 89' lang='lat' dir='ltr'><strong>simpliciter</strong></span> <span class='ocrx_word' id='word_1_919' title='bbox 2968 5501 3122 5544; x_wconf 80' lang='lat' dir='ltr'><strong>vetat‘</strong></span> <span class='ocrx_word' id='word_1_920' title='bbox 3191 5505 3480 5561; x_wconf 81' lang='lat' dir='ltr'><strong>peccantes</strong></span> <span class='ocrx_word' id='word_1_921' title='bbox 3553 5510 3745 5549; x_wconf 85' lang='lat' dir='ltr'><strong>emen-</strong></span> 
     </span>
    </p>
   </div>
   <div class='ocr_carea' id='block_1_115' title="bbox 2163 5577 3745 5647">
    <p class='ocr_par' dir='ltr' id='par_1_115' title="bbox 2163 5577 3745 5647">
     <span class='ocr_line' id='line_1_115' title="bbox 2163 5577 3745 5647; baseline 0.006 -17"><span class='ocrx_word' id='word_1_922' title='bbox 2163 5577 2310 5631; x_wconf 84' lang='lat' dir='ltr'><strong>dare.</strong></span> <span class='ocrx_word' id='word_1_923' title='bbox 2364 5577 2548 5647; x_wconf 76' lang='lat' dir='ltr'><strong>Neque</strong></span> <span class='ocrx_word' id='word_1_924' title='bbox 2593 5586 2722 5633; x_wconf 92' lang='lat' dir='ltr'><strong>tunc</strong></span> <span class='ocrx_word' id='word_1_925' title='bbox 2787 5595 2976 5634; x_wconf 81' lang='lat' dir='ltr'><strong>omnes</strong></span> <span class='ocrx_word' id='word_1_926' title='bbox 3027 5583 3142 5635; x_wconf 85' lang='lat' dir='ltr'><strong>sine</strong></span> <span class='ocrx_word' id='word_1_927' title='bbox 3190 5583 3510 5638; x_wconf 87' lang='lat' dir='ltr'><strong>discrimine</strong></span> <span class='ocrx_word' id='word_1_928' title='bbox 3566 5585 3745 5639; x_wconf 75' lang='lat' dir='ltr'><strong>inere-</strong></span> 
     </span>
    </p>
   </div>
   <div class='ocr_carea' id='block_1_116' title="bbox 2170 5665 3752 5738">
    <p class='ocr_par' dir='ltr' id='par_1_116' title="bbox 2170 5665 3752 5738">
     <span class='ocr_line' id='line_1_116' title="bbox 2170 5665 3752 5738; baseline 0.003 -20"><span class='ocrx_word' id='word_1_929' title='bbox 2170 5666 2360 5734; x_wconf 89' lang='lat' dir='ltr'><strong>pabat;</strong></span> <span class='ocrx_word' id='word_1_930' title='bbox 2389 5667 2483 5718; x_wconf 87' lang='lat' dir='ltr'><strong>sed</strong></span> <span class='ocrx_word' id='word_1_931' title='bbox 2514 5665 2802 5736; x_wconf 73' lang='lat' dir='ltr'><strong>discipulos</strong></span> <span class='ocrx_word' id='word_1_932' title='bbox 2842 5669 2928 5736; x_wconf 90' lang='lat' dir='ltr'><strong>qui</strong></span> <span class='ocrx_word' id='word_1_933' title='bbox 2963 5670 3240 5736; x_wconf 75' lang='lat' dir='ltr'><strong>magistros</strong></span> <span class='ocrx_word' id='word_1_934' title='bbox 3285 5683 3567 5738; x_wconf 79' lang='lat' dir='ltr'><strong>arguerent</strong></span> <span class='ocrx_word' id='word_1_935' title='bbox 3597 5688 3752 5724; x_wconf 75' lang='lat' dir='ltr'><strong>coer-</strong></span> 
     </span>
    </p>
   </div>
   <div class='ocr_carea' id='block_1_117' title="bbox 2235 5753 3397 5820">
    <p class='ocr_par' dir='ltr' id='par_1_117' title="bbox 2235 5753 3397 5820">
     <span class='ocr_line' id='line_1_117' title="bbox 2235 5753 3397 5820; baseline 0.006 -17"><span class='ocrx_word' id='word_1_936' title='bbox 2235 5757 2252 5786; x_wconf 74' lang='grc' dir='ltr'><strong>ι</strong></span> <span class='ocrx_word' id='word_1_937' title='bbox 2289 5753 2414 5814; x_wconf 74' lang='lat' dir='ltr'><strong>Vox,</strong></span> <span class='ocrx_word' id='word_1_938' title='bbox 2439 5755 2724 5815; x_wconf 83' lang='lat' dir='ltr'><strong>tardiorum,</strong></span> <span class='ocrx_word' id='word_1_939' title='bbox 2749 5757 2888 5806; x_wconf 78' lang='lat' dir='ltr'><strong>deest</strong></span> <span class='ocrx_word' id='word_1_940' title='bbox 2917 5760 2961 5806; x_wconf 80' lang='lat' dir='ltr'><strong>i.t</strong></span> <span class='ocrx_word' id='word_1_941' title='bbox 2985 5758 3269 5820; x_wconf 80' lang='lat' dir='ltr'><strong>quibusdam</strong></span> <span class='ocrx_word' id='word_1_942' title='bbox 3287 5765 3397 5810; x_wconf 64' lang='lat' dir='ltr'><strong>uss.</strong></span> 
     </span>
    </p>
   </div>
  </div>
