4066 6428
251 613 416 671 cebat
438 653 455 680 ,
496 625 598 666 nec
625 624 729 664 non
757 621 854 664 eos
878 606 968 678 qui
1015 605 1415 660 innumerorum
1443 602 1519 658 rei
1552 602 1813 657 malorum
1839 641 1856 658 .

256 704 514 760 innoxios
546 700 969 756 criminabantur
999 714 1011 750 :
1047 695 1101 750 id
1139 694 1282 766 quod
1307 695 1472 750 etiam
1503 693 1589 747 hic
1615 691 1859 748 Christus

255 794 619 851 subindicavit
637 835 651 859 ,
687 806 786 846 nec
833 789 995 844 modo
1022 787 1400 852 subindieavit,
1430 785 1527 843 sed
1555 794 1610 841 et
1634 786 1857 839 multum

252 888 487 943 incussit
526 888 798 948 timorem,
826 880 1123 951 indixitque
1152 879 1473 949 supplicium
1526 875 1854 932 inevitabile.

257 979 314 1032 Ξ.
343 977 412 1032 In
439 993 539 1048 quo
566 976 699 1030 enim
721 973 940 1046 judicio,
969 971 1172 1042 inqttit,
1197 969 1571 1043 judicaveritis,
1594 967 1858 1039 judicabi-

259 1083 344 1124 tur
367 1072 432 1124 de
455 1069 616 1124 virttis.
663 1066 778 1121 Non
805 1066 948 1121 enim
980 1065 1132 1120 illum
1173 1062 1520 1128 condemnas,
1549 1061 1735 1130 inquit,
1762 1057 1858 1113 sed

260 1163 515 1230 teipsum,
546 1168 600 1214 et
632 1156 1024 1212 formidandum
1047 1155 1142 1209 tibi
1173 1168 1331 1224 paras
1349 1151 1605 1216 tribunal,
1637 1163 1859 1204 accura-

260 1254 563 1320 tioremque
633 1248 962 1303 reddendam
1038 1246 1326 1300 rationem.
1395 1240 1858 1311 Quemadmodum

259 1343 402 1398 enim
455 1343 509 1395 in
563 1339 884 1396 remissione
934 1344 1301 1407 peccatorum,
1333 1332 1598 1406 principia
1646 1347 1674 1384 a
1704 1331 1860 1385 nobis

259 1442 537 1502 petuntur,
570 1432 647 1486 sic
666 1440 722 1486 ct
742 1432 792 1483 in
821 1429 924 1483 hoc
951 1427 1171 1496 judicio.
1203 1424 1564 1480 damnationis
1592 1435 1859 1478 mensuras

260 1538 534 1596 ponuntur
564 1541 591 1578 a
624 1524 797 1578 nobis.
851 1522 965 1577 Non
1012 1522 1154 1576 enim
1182 1519 1507 1588 exprobrare
1536 1524 1748 1586 oportet
1777 1513 1858 1568 vel

258 1619 542 1682 insultare,
569 1616 662 1671 sed
684 1617 976 1670 admonere
1002 1630 1014 1665 :
1045 1628 1152 1668 non
1184 1611 1522 1674 maledicere,
1551 1609 1644 1663 sed
1673 1607 1856 1663 consi-

260 1712 387 1764 lium
438 1711 568 1764 dare
599 1727 611 1761 :
643 1724 742 1763 nec
779 1714 1096 1776 arroganter
1116 1706 1394 1774 insurgere
1419 1743 1434 1768 ,
1467 1701 1561 1757 sed
1582 1716 1706 1757 cum
1726 1700 1861 1754 dile-

257 1805 440 1856 ctione
494 1803 786 1870 corrigere.
835 1799 950 1854 Non
981 1799 1141 1853 'enim
1191 1797 1362 1859 illum,
1410 1794 1504 1850 sed
1539 1804 1589 1849 te
1615 1804 1858 1849 extremo

259 1895 437 1947 trades
467 1892 750 1961 supplicio,
779 1889 904 1944 dum
935 1905 1040 1944 non
1067 1888 1240 1958 parcis
1266 1886 1340 1942 illi
1363 1885 1581 1956 quando
1608 1884 1851 1954 oportuit

255 1985 322 2040 de
346 1986 491 2038 illius
518 1984 726 2036 delictis
751 1983 890 2036 ferre
911 1981 1252 2034 sententiam.

321 2078 378 2131 9..
411 2077 599 2130 Viden‘
618 2073 885 2144 quomodo
916 2073 1030 2126 lucc
1058 2071 1162 2124 duo
1188 2078 1450 2140 praecepta
1475 2078 1528 2123 et
1560 2069 1696 2122 levia
1725 2067 1850 2130 sint,

255 2183 306 2225 et
337 2185 655 2240 magnorum
703 2166 1122 2235 obsequentibus
1151 2179 1327 2218 causa:
1376 2165 1658 2223 bonorum,
1712 2171 1770 2214 ut
1802 2167 1857 2213 et

255 2263 523 2316 malorum
569 2274 676 2313 non
721 2257 1170 2312 attendentibus?
1212 2255 1343 2309 Nam
1385 2265 1440 2308 et
1481 2257 1568 2323 qui
1611 2253 1858 2322 proximo

255 2353 497 2417 dimittit,
525 2367 586 2406 se
617 2351 785 2419 magis
825 2364 983 2418 quam
1014 2348 1161 2402 illum
1193 2347 1311 2401 sine
1335 2347 1445 2400 ullo
1473 2345 1654 2399 labore
1696 2345 1856 2398 reati-

257 2445 352 2499 bus
381 2445 575 2498 liberat
601 2457 615 2505 ;
649 2451 703 2496 et
733 2440 822 2510 qui
854 2439 1190 2508 indulgenter
1222 2447 1438 2506 peccata
1468 2437 1694 2490 aliorum
1729 2450 1857 2488 exa-

256 2541 424 2592 minat
457 2579 470 2600 ,
521 2551 770 2602 magnum
825 2533 923 2588 sibi
974 2534 1148 2588 venia:
1203 2533 1420 2587 fanus‘
1453 2547 1517 2586 ex
1567 2531 1654 2584 tali
1693 2531 1856 2582 allato

255 2630 468 2683 calculo
498 2639 668 2696 parat.
703 2625 838 2693 Quid
873 2625 1048 2695 igitur,
1082 2625 1315 2694 inquies,
1344 2628 1388 2678 si
1421 2623 1708 2676 fornicatus
1739 2624 1853 2672 fue-

257 2726 322 2776 rit
346 2724 370 2774 ἲ
398 2738 506 2776 non
531 2720 704 2776 dicam
731 2719 922 2772 malam
945 2733 1058 2772 rem
1082 2732 1202 2772 esse
1230 2717 1652 2777 fornicationem,
1685 2729 1857 2783 neque

255 2815 546 2881 corripiam
593 2811 1010 2866 lascivientem?
1048 2810 1272 2880 Corripe
1320 2809 1556 2880 quidem,
1607 2808 1700 2862 sed
1750 2823 1853 2859 nou

257 2919 310 2959 ut
359 2905 532 2958 hostis
577 2903 658 2956 vel
701 2901 949 2955 inimicus
999 2902 1258 2954 ultionem
1305 2915 1623 2969 exposcens,
1674 2899 1767 2952 sed
1801 2908 1856 2950 ut

256 2997 496 3049 medicus
536 2992 774 3047 remedia
819 3006 1105 3061 apparans.
1156 2990 1340 3058 Neque
1388 2991 1529 3043 enim
1579 2990 1732 3053 dixit,
1780 2987 1857 3042 Ne

254 3088 512 3141 cobibeas
563 3093 898 3153 peccantem,
949 3083 1065 3146 sed,
1120 3081 1194 3136 Ne
1239 3083 1449 3150 judices
1482 3098 1495 3136 :
1528 3083 1577 3135 id
1619 3090 1720 3142 est.
1780 3079 1856 3134 Ne

257 3180 483 3232 acerbus
506 3177 580 3231 sis
606 3176 790 3244 iudex.
819 3175 1070 3244 Alioquin
1102 3185 1277 3229 autem
1305 3191 1408 3228 non
1441 3175 1507 3228 de
1535 3173 1739 3243 magnis
1767 3188 1853 3226 re—

258 3271 354 3324 bus
380 3278 472 3323 aut
498 3268 805 3338 prohibitis,
839 3267 1043 3331 utdixi,
1077 3268 1169 3321 sed
1194 3268 1260 3321 de
1293 3268 1354 3320 iis
1383 3284 1502 3334 quze
1536 3282 1639 3317 non
1674 3264 1858 3318 viden-

259 3374 344 3414 tur
365 3377 490 3414 esse
511 3361 760 3422 crimina,
793 3358 896 3412 hoc
921 3358 1124 3411 dictum
1157 3357 1271 3410 fuit.
1308 3357 1665 3424 Quamobrem
1706 3355 1855 3408 dice-

259 3455 344 3506 bat
373 3470 388 3507 :
418 3453 474 3506 3.
501 3451 640 3517 Quid
655 3451 791 3504 vides
809 3454 1052 3518 festucam
1068 3450 1120 3501 in
1138 3452 1282 3503 oculo
1305 3451 1478 3517 fratris
1511 3451 1582 3500 mi
1603 3451 1627 3500 Ρ
1651 3449 1854 3501 Etenim

259 3543 410 3597 multi
464 3556 610 3596 nunc
654 3540 706 3595 id
751 3540 987 3605 faciunt,
1040 3542 1128 3608 qui
1177 3541 1222 3593 si
1261 3541 1489 3594 viderint
1535 3540 1856 3593 monachum

257 3632 532 3701 superﬂuo
590 3632 782 3685 vestitu
843 3630 1084 3684 indutum
1118 3670 1131 3694 ,
1184 3630 1353 3699 legem
1413 3631 1486 3684 illi
1535 3632 1858 3684 dominicam

258 3724 554 3792 objiciunt,
585 3723 710 3777 licet
736 3721 834 3790 ipsi
862 3721 1022 3775 millia
1053 3723 1353 3789 abripiant,
1405 3739 1466 3775 ac
1511 3722 1749 3785 quotidie
1780 3723 1862 3776 di-

259 3818 414 3870 vitias
457 3813 845 3869 accumulant:
887 3824 941 3867 et
985 3813 1030 3866 si
1072 3812 1300 3867 viderint
1326 3815 1554 3881 largiore
1599 3816 1674 3867 uti
1703 3814 1856 3878 cibo,

259 3907 436 3961 acerbi
468 3907 670 3958 instant
695 3911 1056 3965 accusatores,
1091 3904 1215 3958 licet
1237 3905 1472 3973 quotidie
1502 3906 1597 3971 ipsi
1625 3905 1860 3974 crapula:

258 4005 310 4049 et
334 3995 583 4050 ebrietati
616 3994 744 4047 dent
763 4008 1002 4062 operam,
1034 3995 1340 4063 ignorantes
1375 4011 1431 4050 se
1469 3997 1700 4064 propriis
1721 4012 1859 4050 onu-

259 4097 370 4140 stos
400 4085 656 4154 peccatis,
695 4084 953 4152 majorem
993 4083 1117 4137 hinc.
1143 4086 1239 4139 sibi
1266 4086 1440 4154 ignem
1477 4088 1727 4156 colligere
1754 4129 1766 4148 ,
1798 4103 1861 4141 ac

259 4194 378 4235 sese
407 4178 557 4232 omni
591 4177 937 4233 excusatione
963 4179 1191 4247 privare.
1227 4181 1375 4244 Quod
1419 4182 1558 4232 enim
1588 4192 1674 4233 tua
1705 4196 1863 4233 aecu-
1941 4222 1943 4224 .

262 4283 375 4328 rate
402 4273 512 4328 sint
553 4271 903 4327 examinanda
923 4315 938 4335 ,
973 4281 1028 4326 tu
1055 4273 1201 4341 prius
1234 4272 1369 4326 bam:
1399 4273 1567 4341 legem
1600 4276 1818 4340 posuisti
1841 4316 1857 4334 ,

259 4380 378 4416 cum
411 4363 481 4416 ita
500 4363 567 4416 de
590 4361 832 4430 proximo
855 4363 1204 4430 tuojuditasti
1255 4362 1327 4414 iw.
1355 4364 1529 4431 itaque
1554 4364 1675 4416 illud
1699 4379 1862 4432 grave.

263 4469 386 4509 esse
429 4454 706 4508 existimes
732 4494 746 4516 ,
788 4455 833 4507 si
882 4455 1019 4507 tales
1050 4468 1103 4507 et
1149 4454 1259 4522 nec
1301 4471 1488 4522 rubas
1515 4457 1734 4511 iia'ttIt‘tls
1765 4457 1857 4511 sis.

263 4547 316 4600 5.
357 4543 678 4615 Hypocrita,
728 4545 849 4614 ejus
902 4546 1063 4612 primo
1097 4549 1285 4599 (mecm
1316 4563 1376 4599 ca.
1425 4551 1571 4599 ornt")
1603 4557 1708 4600 tuo.
1765 4550 1858 4601 ilic

266 4640 398 4692 iram
441 4639 555 4692 vult
600 4638 852 4694 exhiberi:
895 4639 1211 4708 plurimam,
1261 4657 1418 4709 quam
1459 4643 1693 4708 Concipit
1734 4660 1856 4712 ergo

266 4731 380 4784 illos
420 4727 510 4797 qui
563 4728 653 4780 tali
700 4743 758 4782 se
799 4737 989 4796 gerunt
1032 4729 1211 4782 modo.
1245 4730 1377 4784 Nam
1421 4736 1860 4803 quotiescumque

265 4822 372 4874 vult.
409 4818 699 4872 ostendere
737 4834 984 4887 maguum
1033 4835 1152 4873 esse
1188 4833 1457 4888 peccatum
1482 4863 1497 4885 ,
1533 4822 1858 4890 tttultaittqrte

266 4925 475 4976 umnam
505 4919 560 4962 et
589 4909 844 4963 ultionem
879 4909 973 4976 ipsi
1007 4923 1262 4978 paratam.
1299 4927 1326 4964 a
1358 4914 1599 4966 convicto
1627 4915 1852 4966 οτίιιιυς.

267 4997 730 5067 Quemadmodum
769 5008 822 5050 et
847 5010 1031 5052 contra
1063 5000 1210 5053 ilium
1237 5002 1324 5068 qui
1361 5014 1577 5055 centum
1609 5005 1862 5073 denariqg

265 5092 544 5158 i-xigebut,
581 5092 867 5158 indignans
912 5091 1121 5144 diccbat
1172 5109 1184 5142 :
1232 5091 1386 5145 Serve
1436 5110 1664 5161 nequam,
1716 5111 1862 5148 amne

266 5181 485 5234 di-bilum
507 5181 641 5233 illud
680 5181 851 5234 dimisi
892 5182 980 5234 tibi
1011 5181 1231 5250 (Matt/2.
1272 5185 1353 5236 18.
1383 5184 1452 5238 52
1479 5187 1495 5252 )
1527 5206 1539 5239 :
1573 5189 1649 5240 sic
1679 5198 1731 5242 et
1761 5189 1857 5242 hoc

271 5275 383 5326 iuro
433 5273 590 5337 dicit,
645 5270 945 5342 Hypocrita.
995 5274 1108 5328 Non
1156 5279 1296 5331 enim
1342 5293 1523 5331 curam
1563 5285 1697 5348 aequi
1747 5283 1859 5335 ha‘t‘.

269 5367 528 5418 sententia
580 5366 828 5428 exhibet,
880 5367 975 5420 sed
1023 5369 1506 5434 iubumanitatcm;
1561 5384 1613 5428 et
1656 5375 1857 5430 larvam

268 5455 478 5521 quidem
512 5455 861 5511 humanitatis
888 5474 999 5524 orte
1029 5475 1088 5513 se
1111 5459 1231 5524 fert,
1268 5477 1563 5517 ehretnam
1602 5482 1726 5520 vero
1768 5485 1860 5522 ne-

269 5546 486 5612 qu.tiam
526 5558 780 5610 exercet.
827 5551 952 5602 dum
985 5552 1250 5618 superﬂua
1301 5554 1546 5620 proximo
1572 5559 1859 5627 opprobria

269 5644 423 5703 atque
462 5635 688 5691 erimina
737 5626 961 5706 afﬁngit,
1009 5650 1063 5694 et
1113 5642 1288 5695 locum
1335 5644 1570 5713 magistri
1615 5626 1856 5716 invadit,

270 5731 349 5796 qui
416 5744 522 5782 non
569 5729 761 5798 dignus
822 5743 902 5786 cst
947 5748 1068 5787 esse
1117 5735 1407 5803 discipulus
1450 5754 1462 5790 :
1506 5744 1856 5806 quamobrem

271 5819 597 5888 iiypocritam
632 5822 779 5875 illum
803 5824 1028 5877 vocavit.
1061 5824 1190 5878 Nam
1214 5829 1301 5895 qui
1335 5831 1384 5881 in
1406 5829 1596 5886 alienis
1619 5832 1688 5887 ita
1719 5850 1859 5891 accr-

332 5931 344 5960 ¹
383 5929 492 5986 Alii,
515 5945 735 5990 umquam
761 5931 852 5982 sibi
871 5935 1016 5985 venia:
1039 5934 1354 5998 largitionem.

1224 488 1292 544 IN
1327 485 1734 545 MATTHJ‘ZUM
1777 481 2008 541 HOMIL.
2053 480 2220 537 XXlll
2270 485 2343 538 al.
2386 483 2576 539 XXIV.

3477 494 3579 548 3W

1973 597 2072 653 bus
2099 613 2175 664 es,
2224 600 2468 661 uLetiam
2510 602 2698 671 exigua
2726 602 2942 668 videas,
2974 607 3246 673 quomodo
3291 608 3342 663 in
3374 611 3481 663 tuis
3507 613 3579 665 ita

1971 690 2245 760 negligens
2272 690 2441 758 fuisti,
2477 703 2534 748 ut
2558 695 2720 750 etiam
2745 712 2935 768 magna
2957 711 3356 758 trauscurreres
3382 703 3406 755 9
3432 701 3582 775 Bjice

1973 785 2192 851 primum
2239 784 2431 838 trabem
2461 787 2526 840 de
2553 789 2704 841 oculo
2731 798 2836 843 tua.
2883 789 3070 846 Vidcn'
3095 792 3238 862 quod
3284 809 3389 849 nou
3433 803 3579 852 vetet

1964 876 2228 942 judicare,
2257 880 2352 932 sed
2379 878 2567 945 iubeat
2593 881 2825 948 primum
2857 882 3058 952 ejicere
3089 884 3294 940 trabem
3325 902 3392 940 ex
3420 885 3579 941 oculo

1968 976 2082 1031 tuo,
2112 976 2166 1022 et
2197 977 2324 1024 tunc
2366 970 2594 1025 aliorum
2619 982 2794 1027 errata
2823 975 3116 1045 corrigere.
3148 975 3280 1030 Nam
3303 993 3404 1032 sua
3429 980 3581 1048 quis-

1968 1073 2073 1126 que
2104 1060 2276 1128 magis
2322 1060 2469 1114 novit
2501 1077 2661 1129 quam
2703 1063 2878 1118 aliena
2900 1107 2915 1131 ,
2952 1076 3008 1119 et
3051 1065 3255 1136 majora
3287 1068 3433 1122 videt
3459 1069 3579 1138 plus

1968 1164 2127 1216 quam
2157 1150 2399 1214 minora,
2441 1167 2608 1223 seque
2651 1154 2823 1225 magis
2867 1166 3014 1210 amat
3043 1173 3204 1226 quam
3245 1161 3575 1230 proximum.

1969 1237 2152 1308 itaque
2175 1241 2220 1295 si
2241 1257 2424 1296 curam
2448 1259 2643 1313 gerens
2670 1245 2722 1300 id
2757 1244 2911 1314 facis,
2941 1249 3013 1303 tui
3041 1265 3224 1304 curam
3249 1268 3374 1314 cere
3403 1256 3571 1322 prius,

1967 1332 2056 1385 ubi
2085 1343 2140 1387 et
2161 1334 2356 1388 clarius
2380 1344 2434 1389 et
2480 1336 2654 1407 majus
2680 1346 2766 1392 est
2795 1349 3096 1408 peccatum.
3128 1341 3280 1407 Quod
3306 1345 3350 1396 si
3382 1346 3574 1398 teniet-

1967 1428 2139 1495 ipsum
2181 1428 2481 1484 contemnis
2506 1471 2519 1491 ,
2554 1431 2728 1498 palam
2779 1418 2880 1486 εξ(
2916 1442 2971 1488 te
3014 1449 3119 1489 non
3152 1433 3274 1490 ideo
3301 1438 3372 1491 de
3409 1438 3576 1493 fratre

1968 1528 2055 1572 tuo
2080 1520 2325 1587 judicare
2344 1562 2358 1581 .
2403 1523 2546 1591 quod
2572 1523 2686 1592 ejus
2718 1540 2902 1580 curam
2927 1540 3084 1595 geras
3107 1567 3122 1590 ,
3155 1528 3250 1582 sed
3275 1531 3420 1597 quod
3448 1529 3573 1583 odio

1968 1613 2167 1667 habeas
2209 1625 2264 1668 et
2299 1614 2580 1669 diﬂ'amare
2618 1618 2772 1671 velis.
2812 1617 2867 1672 Si
2898 1618 3043 1673 enim
3085 1631 3334 1690 oporteat
3363 1622 3433 1674 de
3480 1621 3572 1676 illo

1960 1703 2208 1772 judicari.
2259 1705 2329 1758 ab
2373 1723 2439 1759 eo
2469 1706 2730 1776 judicium
2783 1708 3092 1780 ferendum.
3149 1716 3238 1780 qui
3291 1712 3422 1771 nihil
3466 1713 3572 1766 tale

1963 1799 2271 1865 commisit,
2315 1814 2420 1854 non
2469 1815 2499 1854 a
2548 1812 2618 1855 te.
2658 1801 2791 1868 Quia
2834 1804 2976 1858 enim
3019 1821 3209 1876 magna
3239 1815 3293 1860 et
3322 1807 3570 1862 sublimia

1964 1891 2144 1960 posuit
2167 1891 2520 1962 pbil050pbia:
2561 1895 2840 1965 dogmata,
2877 1914 2944 1951 ne
2971 1899 3091 1969 quis
3119 1899 3356 1965 diceret,
3386 1900 3438 1956 in
3467 1902 3570 1956 illis

1963 1998 2214 2038 sermone
2257 1983 2630 2054 philosophari
2663 1987 2822 2042 facile
2848 2005 2969 2044 esse
2992 2033 3006 2055 ,
3039 2000 3095 2044 ut
3133 1990 3360 2046 fidenter
3388 2004 3570 2048 osten-

1963 2077 2086 2142 dat,
2120 2092 2181 2132 se
2206 2078 2257 2130 iu
2287 2095 2446 2149 supra
2475 2079 2741 2135 dietorum
2773 2082 2922 2136 nullo
2943 2085 3135 2137 rationi
3163 2084 3448 2140 reddeudre
3472 2085 3570 2139 ob-

1964 2169 2184 2222 noxium
2207 2185 2327 2224 esse
2351 2213 2366 2236 ,
2396 2172 2488 2225 sed
2514 2173 2692 2225 omnia
2720 2174 3016 2244 perfecisse
3051 2193 3064 2229 :
3089 2177 3225 2231 hanc
3256 2177 3563 2246 parabolam

1962 2257 2119 2314 dixit.
2174 2260 2306 2315 Nam
2360 2263 2473 2330 ipse
2515 2279 2730 2334 quoque
2784 2277 2967 2336 postea
3009 2278 3126 2322 erat
3170 2268 3509 2338 judicaturus
3552 2289 3564 2322 :

1973 2352 2061 2407 Vw
2079 2355 2231 2420 vobis,
2251 2357 2429 2409 scriba?
2446 2367 2492 2410 et
2517 2355 2772 2411 Pharistei
2793 2360 3072 2431 hypocrita:
3097 2361 3312 2432 (Matth.
3336 2362 3424 2417 9.3.
3449 2363 3511 2416 li
3524 2363 3540 2431 )
3553 2404 3566 2421 .

1964 2444 2133 2512 inquit
2163 2461 2177 2508 ;
2208 2455 2260 2498 at
2292 2446 2382 2499 ille
2411 2464 2515 2500 non
2540 2459 2657 2502 erat
2696 2450 2822 2515 illis,
2854 2468 2973 2521 qua:
3000 2453 3233 2514 diccbat.
3263 2455 3564 2508 obnoxius:

1963 2549 2136 2601 neque
2164 2536 2306 2588 enim
2336 2535 2594 2591 fesmcam
2625 2540 2875 2607 rjcccrat,
2921 2558 3094 2611 neque
3123 2543 3327 2599 trabem
3361 2545 3411 2598 in
3439 2559 3569 2597 ocu-

1962 2625 2028 2679 lis
2063 2628 2294 2682 habebat
2329 2647 2342 2692 ;
2377 2630 2470 2684 sed
2503 2631 2553 2684 in
2586 2632 2669 2684 bis
2698 2633 2949 2687 omnibus
2979 2635 3165 2690 insons
3192 2650 3238 2690 et
3275 2653 3460 2704 purus,
3490 2636 3569 2690 sic

1961 2722 2201 2775 omnium
2244 2732 2458 2790 peccata
2502 2724 2824 2795 corrigebat.
2857 2725 3041 2797 Neque
3068 2730 3210 2782 enim
3242 2729 3402 2783 debet
3429 2730 3472 2782 is
3499 2729 3570 2782 de

1960 2813 2170 2865 cmteris
2210 2812 2472 2880 judicare,
2498 2817 2586 2885 qui
2616 2817 2803 2870 iisdem
2835 2820 3005 2888 culpis
3037 2821 3150 2888 ipse
3177 2822 3240 2876 sit
3276 2823 3558 2876 obnoxius.

1968 2907 2030 2957 Et
2061 2905 2188 2974 quid
2219 2907 2451 2968 miraris,
2481 2910 2522 2961 si
2553 2909 2687 2962 hanc
2723 2912 2837 2979 ipse
2860 2912 3029 2980 legem
3061 2916 3321 2980 posuerit,
3354 2915 3568 2984 quando

1963 2999 2102 3049 latro
2135 2998 2184 3048 iu
2214 3011 2374 3051 cruce
2425 2998 2594 3065 ipsam
2627 3002 2874 3069 agnovit,
2905 3018 3025 3055 cum
3057 3003 3215 3058 aiteri
3251 3006 3442 3058 latroni
3476 3007 3564 3058 di-

1963 3100 2112 3141 ceret
2141 3106 2152 3142 :
2188 3089 2366 3155 Neque
2401 3101 2454 3142 tu
2482 3093 2625 3144 times
2670 3093 2829 3146 Deum
2867 3110 2883 3147 :
2909 3097 3046 3165 quoii
3073 3075 3242 3149 nos'in
3273 3097 3451 3150 eadem
3473 3101 3569 3150 du-

1965 3183 2221 3233 i.umtione
2238 3199 2412 3235 sumus
2435 3181 2588 3253 (Luc.
2611 3184 2699 3237 25.
2733 3186 2823 3251 40)
2857 3204 2868 3238 :
2899 3185 3098 3240 Christi
3129 3191 3408 3243 sententitc
3433 3206 3566 3245 (του-

1963 3288 2091 3324 sono
2125 3275 2356 3326 dicens?
2399 3275 2476 3327 'l‘u
2512 3291 2640 3328 vero
2685 3277 2887 3330 trabem
2931 3289 3075 3331 tuam
3119 3297 3224 3333 non
3268 3283 3426 3334 modo
3461 3300 3566 3336 non

1962 3365 2142 3429 eiicis,
2193 3366 2285 3419 sed
2331 3380 2397 3419 ne
2440 3368 2588 3420 vides
2632 3369 2849 3436 quidem
2881 3386 2894 3434 ;
2925 3369 3103 3423 fratris
3153 3388 3280 3426 vero
3313 3374 3567 3429 festucam

1966 3474 2069 3508 iton
2103 3458 2263 3510 modo
2293 3458 2473 3521 vides,
2506 3459 2598 3513 sed
2632 3460 2863 3528 judicas,
2911 3461 3161 3531 illamque
3192 3465 3386 3533 ejicere
3407 3480 3570 3519 cona-

1967 3548 2038 3599 ris
2071 3566 2081 3599 :
2113 3562 2172 3600 ac
2213 3550 2254 3602 si
2288 3551 2407 3618 quis
2439 3561 2527 3604 aut
2556 3551 2849 3622 hydropisi,
2885 3563 2979 3607 aut
3003 3556 3107 3608 alio
3137 3558 3324 3610 morbo
3354 3558 3569 3613 incura-

1966 3637 2056 3690 hili
2081 3640 2369 3694 admodum
2413 3641 2663 3696 laborans
2685 3684 2699 3707 ,
2732 3644 2781 3715 id
2815 3646 3111 3715 negligeret
3133 3689 3147 3708 .
3194 3650 3571 3720 iucusaretqne

1963 3731 2123 3784 aiium
2154 3734 2243 3800 qui
2277 3733 2448 3788 levem
2486 3737 2720 3805 aliquem
2768 3747 3033 3794 tumorem
3077 3757 3182 3795 non
3223 3754 3458 3798 eiu-aret.
3512 3745 3567 3797 Si

1966 3840 2096 3878 vero
2133 3827 2332 3880 malum
2374 3837 2458 3882 est
2487 3846 2579 3882 sua
2623 3840 2841 3898 peccata
2872 3847 2978 3885 non
3006 3833 3217 3898 videre,
3249 3835 3442 3906 duplex
3479 3838 3572 3889 tri-

1967 3922 2197 3989 plexque
2221 3924 2416 3976 malum
2448 3933 2531 3977 est
2558 3925 2628 3978 de
2658 3926 2780 3979 aliis
2799 3925 3042 3993 judicare
3064 3943 3178 3991 eos,
3204 3930 3292 3998 qui
3318 3932 3432 3984 sine
3462 3931 3571 3983 ullo

1966 4012 2164 4065 doloris
2196 4028 2355 4066 sensu
2390 4018 2570 4070 trabes
2598 4018 2649 4070 in
2689 4018 2857 4071 oculis
2884 4019 2998 4073 suis
3020 4030 3254 4088 gestant.
3286 4021 3569 4077 Peccatum

1966 4106 2161 4172 quippe
2185 4106 2333 4160 trabe
2358 4111 2572 4174 giavins
2601 4121 2702 4163 est.

2039 4201 2089 4252 5.
2135 4196 2365 4251 Cltrisms
2397 4219 2495 4252 non
2524 4211 2651 4253 vetat
2684 4203 2814 4255 alios
2855 4221 3098 4274 arguere.
3132 4207 3219 4259 scd
3247 4209 3369 4275 quid
3398 4210 3570 4261 velut?

1970 4291 2286 4359 1"..rplunatio
2338 4292 2496 4353 illius,
2528 4293 2698 4347 Nolite
2755 4295 2884 4350 dare
2935 4308 3119 4351 sancta
3171 4301 3426 4367 canibus,
3469 4316 3566 4354 etc.

1970 4384 2219 4450 ﬁt'ysteria
2260 4400 2352 4436 cur
2379 4384 2560 4452 jamtis
2597 4385 2787 4438 clausis
2815 4388 3203 4442 celebrarentur.
3241 4421 3306 4430 -——
3329 4391 3440 4445 lioc
3469 4393 3569 4460 igi-

1970 4489 2054 4526 lttt'
2083 4491 2176 4545 per
2204 4491 2263 4528 ea
2295 4492 2414 4544 qua)
2443 4475 2586 4540 dicta
2616 4488 2738 4531 sunt
2771 4481 3025 4548 prmi-epit
3048 4522 3061 4543 ,
3103 4486 3298 4552 uean
3326 4500 3447 4538 eum
3478 4487 3567 4552 qui

1968 4569 2239 4621 sexcentis
2272 4567 2413 4620 vitiis
2445 4568 2509 4620 sit
2539 4568 2825 4634 obnoxius,
2855 4571 3046 4625 θιίίιιιπξ
3076 4575 3247 4642 cnlpm
3274 4592 3376 4629 non
3410 4593 3565 4631 seve—

1969 4677 2083 4714 rmn
2115 4677 2236 4715 esse
2269 4660 2506 4728 judicent
2541 4673 2812 4729 oportere,
2847 4667 2888 4716 si
2926 4671 3156 4720 inaxime
3185 4669 3413 4722 aliorum
3440 4687 3566 4736 pec-

1967 4764 2083 4807 rata
2111 4755 2367 4808 sintlevia
2405 4771 2416 4807 :
2453 4770 2555 4808 non
2580 4755 2721 4825 quod
2754 4766 2896 4811 vetet
2927 4775 3152 4827 arguere
3170 4772 3220 4814 et
3257 4763 3561 4822 emendare.

1966 4846 2059 4899 sed
2093 4845 2233 4913 quod
2269 4845 2545 4912 prohibeat.
2575 4850 2786 4915 propria
2825 4850 2959 4902 mala
2986 4854 3275 4920 negiigct'e,
3305 4866 3355 4906 et
3379 4854 3570 4908 alienis

1969 4941 2241 4994 insultare.
2271 4939 2482 4994 Etenim
2518 4941 2644 4996 illud
2679 4944 2728 4994 in
2767 4959 3015 5012 maguum
3043 4959 3288 5013 vergeret
3318 4949 3569 5018 nequitia:

1968 5041 2331 5099 augmentum,
2367 5031 2746 5102 dupiicemque
2789 5035 3065 5090 inveberet
3113 5040 3390 5094 malitiam.
3435 5040 3574 5094 Nam‘

1968 5124 2054 5190 qui
2083 5125 2313 5190 peccatis
2337 5123 2466 5180 suis,
2499 5123 2598 5174 etsi
2628 5120 2898 5192 grat'ilms.
2935 5129 3213 5197 neglectis,
3240 5131 3468 5186 aliorum
3494 5134 3569 5184 vi-

1971 5216 2037 5264 tia
2091 5228 2251 5281 parva
2303 5215 2546 5282 leuaqne
2593 5219 2840 5269 acerbius
2891 5219 3158 5276 discutere
3209 5225 3482 5286 studeret.
3517 5229 3567 5281 iu

1967 5305 2233 5370 duplicent
2280 5304 2577 5360 incurreret
2609 5308 2780 5362 labem
2809 5328 2821 5372 ;
2850 5321 2898 5362 et
2926 5312 3066 5379 quod
3105 5317 3320 5384 propria
3350 5332 3565 5385 peccata

1969 5395 2265 5463 negligeret
2312 5405 2790 5466 contemneretqu
2817 5444 2830 5461 ,
2864 5409 2917 5452 et
2947 5402 3088 5470 quod
3121 5406 3360 5459 omnium
3393 5408 3568 5462 elicu-

1966 5491 2172 5539 sionem
2231 5486 2674 5558 inimicitiamque
2725 5492 2776 5542 in
2818 5501 2888 5545 ‘se
2935 5496 3260 5556 concitaret.
3309 5508 3470 5569 atque
3516 5503 3566 5556 in

1967 5585 2262 5628 extremam
2301 5576 2742 5634 inhumanitatem
2779 5581 3154 5656 feritatemque
3173 5591 3416 5658 quotidie
3447 5610 3568 5662 pro-

1966 5665 2203 5718 cederet.
2255 5666 2349 5719 llis
2378 5669 2556 5736 itaque
2598 5672 2846 5725 omnibus
2877 5691 2971 5741 per
3003 5677 3139 5732 hanc
3173 5681 3450 5748 pulchram
3494 5685 3568 5739 le-

1965 5772 2085 5823 gem
2118 5757 2360 5819 sublatis,
2396 5758 2499 5811 bne
2521 5761 2662 5814 aliud
2688 5763 2960 5832 subjungit
2991 5780 3312 5839 praeceptum
3340 5791 3352 5824 :
3383 5775 3436 5829 ϐ.
3466 5774 3565 5828 Νο-

1969 5855 2054 5901 !ttc
2095 5860 2270 5901 sancta
2302 5850 2426 5902 dare
2454 5853 2666 5906 canibus
2688 5896 2700 5916 ,
2741 5872 2899 5922 neque
2945 5861 3231 5930 projiciatia
3260 5871 3565 5938 margaritas

1967 5950 2155 5993 ucstra:
2179 5949 2295 5993 ante
2321 5957 2503 6010 porcos
2529 5943 2544 6009 ί
2571 5943 2757 5999 Matth.
2797 5950 2878 6001 10.
2914 5949 3042 6021 9.7).
3069 5954 3225 6022 Atqui
3259 5960 3308 6011 in
3337 5974 3570 6028 sequen-
