4066 6452
499 491 598 548 811

499 608 642 665 tibus
663 646 679 672 ,
710 604 917 677 inquies
943 645 960 669 ,
1001 602 1279 675 prtecipit,
1315 601 1384 656 Et
1408 600 1542 671 quod
1576 600 1631 655 in
1673 615 1800 655 aure
1838 597 2026 652 auditis
2049 637 2066 663 ,

495 698 770 768 pradieate
784 711 940 768 super
963 702 1113 750 tecta.
1147 693 1341 749 Verum
1366 691 1469 747 hoc
1499 689 1663 760 priori
1698 703 1804 744 non
1835 696 1917 744 est
1939 702 2073 742 con-

498 789 741 845 trarium.
789 786 972 858 Neque
1008 785 1118 841 illic
1155 784 1407 841 omnibus
1442 783 1597 851 jubet
1637 779 1947 849 medicare,
1977 777 2072 832 sed

497 881 563 937 iis
598 880 791 951 quibus
821 878 1218 950 praedicandum
1247 885 1360 944 est,
1401 891 1520 931 cum
1548 873 1738 930 fiducia
1781 873 1834 928 id
1872 870 2070 927 facere.

493 970 670 1028 Canes
696 979 870 1027 autem
901 971 986 1026 hic
1008 977 1162 1025 vocat
1180 969 1270 1039 qui
1299 969 1351 1023 in
1381 968 1653 1036 impietate
1678 962 1841 1021 vitam
1871 963 2076 1020 ducunt

496 1063 791 1125 incurabili,
818 1073 876 1117 et
908 1061 960 1115 in
987 1060 1178 1129 quibus
1207 1074 1331 1129 spes
1363 1060 1508 1114 nulla
1533 1058 1844 1114 mutationis
1880 1061 1935 1112 ln
1968 1070 2077 1112 me-

494 1157 618 1211 lius.
666 1153 867 1208 Porcos
904 1167 1029 1206 vero
1060 1151 1178 1205 illos
1206 1150 1296 1221 qui
1327 1149 1540 1204 luxuria
1570 1149 1826 1216 perditam
1857 1162 2074 1217 semper

492 1245 655 1300 vitam
685 1254 868 1315 agunt,
898 1256 1034 1312 quos
1055 1256 1244 1297 omnes
1270 1239 1573 1310 hnjusmodi
1595 1240 1835 1295 doctrina
1864 1239 2076 1295 dicebat

492 1335 758 1405 indignos.
791 1333 904 1388 lloc
932 1334 1073 1388 enim
1103 1334 1264 1388 etiam
1304 1333 1500 1388 Paulus
1531 1332 1793 1402 signiﬁcat
1830 1330 1914 1386 bis
1947 1348 2074 1388 ver-

493 1426 574 1481 bis
604 1447 618 1480 :
655 1426 904 1479 Animalis
931 1434 1102 1479 autem
1145 1425 1294 1479 Itonia
1318 1441 1419 1478 non
1456 1425 1669 1494 percipit
1710 1441 1769 1477 ea
1804 1438 1917 1494 quat
1944 1423 2072 1492 Spi-

492 1517 621 1570 ritus
645 1525 763 1570 sunt
789 1532 809 1571 :
841 1515 1055 1570 stultitia
1081 1515 1214 1569 enim
1246 1525 1318 1568 est
1341 1515 1423 1585 illi
1452 1516 1530 1585 (1.
1554 1515 1670 1569 Cor.
1699 1515 1754 1569 Ξ.
1788 1515 1900 1585 14).
1933 1512 2069 1567 Alibi

490 1621 704 1676 quoque
745 1620 888 1674 saepe
929 1605 1060 1659 dicit
1102 1605 1225 1659 vitae
1262 1605 1658 1673 corruptionem
1689 1605 1742 1658 in
1769 1619 1926 1659 causa
1953 1618 2072 1658 esse

491 1713 588 1751 cur
611 1697 922 1766 perfectiora
940 1695 1186 1767 dogmata
1219 1710 1324 1750 non
1355 1695 1695 1764 recipiantur.
1728 1694 1904 1762 Quare
1926 1701 2072 1748 vetat

493 1791 622 1858 ipsis
659 1791 850 1858 januas
884 1789 1077 1859 aperiri
1112 1787 1412 1858 :siquidem
1450 1797 1723 1858 postquam
1757 1785 2070 1853 didicerint,

495 1882 783 1942 ferociores
835 1880 1087 1936 evadunt.
1135 1879 1259 1935 "me
1313 1879 1527 1950 quidem
1573 1879 1752 1949 probis
1791 1893 1854 1934 ac
1892 1887 2072 1934 mente

496 1973 792 2029 valentibus
816 1973 1046 2028 revelata
1067 2015 1082 2036 ,
1113 1971 1418 2028 veneranda
1442 1971 1692 2027 videntur
1722 1987 1734 2024 :
1761 1969 2072 2025 socordibns

494 2079 620 2119 vero
650 2066 816 2136 magis
846 2065 1176 2120 honorantur
1207 2065 1463 2133 ignorata.
1503 2061 1571 2117 118
1609 2061 1768 2131 igitur
1802 2061 1923 2131 quia
1965 2076 2072 2114 non

493 2165 717 2224 possunt
739 2170 807 2211 ex
847 2165 1034 2211 natura
1071 2155 1160 2210 illa
1191 2153 1454 2219 ediscere,
1483 2153 1837 2217 occultantur,
1881 2151 2070 2222 inquit,

494 2258 552 2304 nt
585 2250 770 2305 saltem
793 2264 861 2304 ex
887 2248 1186 2318 ignorantia
1213 2247 1300 2301 illa
1325 2254 1690 2302 revereantur.
1720 2244 1901 2314 Neque
1928 2242 2070 2298 enim

492 2355 685 2410 porcus
710 2340 853 2396 norit
893 2341 1020 2411 quid
1046 2343 1115 2395 sit
1155 2338 1458 2409 margarita.
1487 2337 1618 2404 Quia
1647 2337 1804 2406 igitur
1842 2351 1946 2390 non
1973 2350 2068 2388 11οο

494 2433 587 2495 vit,
611 2446 680 2486 ne
698 2431 873 2486 videat
894 2430 1131 2501 quidem,
1163 2444 1229 2485 ne
1250 2429 1528 2484 conculcet
1549 2443 1612 2482 ea
1635 2443 1753 2498 quae
1780 2441 1886 2481 non
1905 2425 2071 2480 norit.

492 2521 633 2575 Nihil
661 2522 802 2576 enim
831 2521 1033 2576 accedit
1059 2521 1121 2575 iis
1143 2519 1233 2590 qui
1269 2521 1339 2574 ita
1376 2532 1499 2573 sunt
1527 2516 1700 2574 allecti
1739 2518 1783 2570 si
1818 2517 2072 2582 audiant,

495 2613 596 2668 nisi
627 2612 801 2683 majus
841 2612 1115 2667 damnum.
1166 2611 1374 2666 Etenim
1410 2619 1593 2665 sancta
1621 2611 1690 2664 ab
1716 2609 1782 2664 iis
1809 2618 2077 2664 temeran-

494 2715 607 2769 tur,
645 2713 829 2774 utpote
867 2703 958 2758 illa
986 2703 1350 2774 ignorantibus
1380 2720 1393 2754 :
1423 2712 1477 2757 et
1507 2701 1605 2770 ipsi
1630 2701 1859 2757 ferocius
1887 2709 2072 2759 contra

494 2811 593 2850 nos
625 2797 905 2866 insurgunt
929 2795 1138 2848 armati.
1172 2793 1282 2847 Hoc
1314 2793 1455 2847 enim
1487 2791 1750 2862 significat
1778 2791 1904 2845 illud
1940 2809 1954 2844 :
1991 2791 2075 2844 Ne

492 2888 782 2947 wnculcent
807 2905 912 2953 eas,
939 2896 988 2942 et
1009 2889 1238 2941 conversi
1265 2887 1560 2955 dirumpunt
1587 2901 1694 2940 vos.
1730 2885 1835 2940 Sed
1865 2887 1933 2938 ita
1962 2883 2074 2938 ior-

495 2983 621 3035 titer
645 2980 851 3035 hmrere
871 2979 1158 3043 debebant,
1182 2988 1236 3033 ut
1263 2979 1428 3033 semel
1454 2979 1642 3032 tradita
1674 2978 1865 3032 invicta
1887 2992 2074 3032 mane-

494 3079 635 3137 rent,
666 3086 764 3126 nee
783 3087 966 3126 ansam
995 3071 1098 3125 illis
1124 3078 1308 3125 contra
1337 3085 1436 3124 nos
1469 3069 1789 3140 praeberent.
1813 3070 1927 3123 Non
1949 3085 2078 3139 prre-

494 3161 618 3215 bent
638 3171 816 3215 autem
837 3161 922 3213 illa
944 3173 1150 3221 ansam,
1170 3159 1262 3213 sed
1285 3158 1336 3212 111
1358 3161 1448 3229 qui
1472 3160 1615 3227 porci
1639 3168 1793 3212 sunt:
1817 3159 2076 3229 quemad-

494 3250 706 3305 modum
728 3249 1006 3319 margarita
1025 3248 1248 3318 pedibus
1262 3248 1482 3312 calcata,
1502 3263 1607 3302 non
1622 3248 1762 3317 quod
1774 3249 2074 3317 spernenda

494 3342 565 3396 sit
603 3340 969 3402 conculcatur,
1002 3338 1095 3393 sed
1125 3339 1245 3408 quia
1293 3339 1346 3392 in
1378 3353 1567 3408 porcos
1597 3339 1798 3393 incidit.
1830 3341 1908 3394 Ac
1951 3339 2076 3408 pul-

493 3434 621 3489 dire
644 3434 778 3489 dixit
804 3451 817 3486 :
841 3432 1077 3488 Conversi
1096 3433 1391 3502 dirumpunt
1416 3447 1520 3487 vos.
1546 3432 1856 3488 Modestiam
1879 3435 2075 3502 quippe

494 3525 780 3590 simulant,
833 3533 890 3578 ut
937 3524 1186 3588 discanz;
1234 3531 1513 3593 postquam
1560 3538 1690 3578 vero
1735 3523 2071 3589 didicerunt,

497 3621 584 3671 alii
639 3634 704 3672 ex
757 3618 877 3672 aliis
926 3616 1096 3672 eﬂ‘ecti
1153 3614 1379 3669 illudunt
1432 3614 1622 3681 nobis,
1687 3615 1970 3669 traducunt
2023 3623 2079 3669 et

498 3710 719 3765 irrident
765 3723 864 3764 nos
905 3709 1056 3780 quasi
1101 3706 1374 3778 deceptos.
1406 3706 1632 3776 Ideoque
1673 3706 1866 3760 Paulus
1897 3705 2079 3760 Timo-

497 3802 621 3856 theo
668 3799 879 3855 dicebat
926 3815 940 3852 :
994 3798 1154 3863 Quem
1185 3809 1231 3851 et
1275 3807 1330 3850 tu
1379 3797 1542 3851 devita
1571 3811 1591 3850 :
1638 3797 1786 3850 ualde
1823 3797 1956 3850 enim
1995 3813 2079 3850 re-

495 3893 618 3944 stitit
668 3892 829 3946 verbis
884 3879 1067 3944 nostris
1114 3887 1229 3960 (2.
1284 3886 1420 3942 Tim.
1480 3889 1533 3942 4.
1577 3884 1729 3960 15);
1787 3902 2079 3955 rursusque

496 3983 642 4047 alibi,
674 3981 742 4037 Et
766 3982 857 4036 ltos
882 3980 1044 4034 devita
1069 3979 1147 4047 (2.
1179 3976 1310 4031 Tim.
1347 3979 1400 4032 '5.
1432 3978 1522 4048 5);
1551 3986 1625 4043 et,
1659 3976 1964 4031 "creticum
1984 3978 2079 4030 lto-
2126 3995 2130 4001 ‘

499 4077 683 4129 minent
712 4083 822 4144 post
848 4089 1004 4127 unam
1026 4083 1072 4126 et
1109 4073 1323 4126 alteram
1345 4071 1734 4124 admonitionem
1760 4069 1925 4124 devita
1945 4068 2074 4138 (Tit.

495 4165 550 4220 3.
581 4164 692 4235 10).
724 4163 838 4218 Non
866 4163 1025 4233 igitur
1050 4161 1118 4216 ab
1144 4162 1249 4217 illis
1269 4169 1565 4226 armantur,
1596 4160 1691 4216 sed
1716 4175 1899 4215 eorum
1923 4174 2080 4214 oeca-

499 4258 652 4314 sione
676 4255 822 4312 stttlti
859 4255 1112 4320 evadunt,
1141 4255 1331 4320 majori
1356 4253 1654 4324 arrogantia
1686 4252 1897 4321 repleti.
1924 4252 2077 4306 lden-

497 4364 603 4419 que
623 4364 730 4403 non
750 4362 935 4417 parum
961 4346 1095 4400 lucri
1124 4344 1246 4399 inde
1267 4343 1490 4407 accedit,
1518 4343 1561 4396 si
1585 4343 1637 4396 in
1660 4356 1757 4396 sua
1784 4341 2080 4410 ignorantia

501 4449 794 4496 maneant:
840 4439 920 4493 sic
940 4437 1090 4492 enim
1134 4451 1241 4490 non
1272 4436 1339 4488 ita
1371 4432 1685 4503 despiciunt.
1735 4431 1790 4486 Si
1833 4446 1960 4484 vero
2002 4430 2086 4485 di-

502 4540 673 4596 scant,
713 4532 909 4600 duplex
938 4528 1162 4597 emergit
1190 4526 1460 4581 damnum.
1510 4523 1589 4578 1111
1629 4523 1770 4577 enim
1803 4521 1924 4577 inde
1949 4521 2082 4576 nihil

504 4625 705 4678 fruetus
731 4621 1053 4691 percipient;
1086 4623 1190 4672 imo
1217 4620 1382 4688 magis
1411 4616 1690 4678 lmdentur,
1717 4614 1914 4684 tibique
1937 4615 2083 4669 mille

505 4715 712 4785 negotia
755 4711 1110 4767 suscitabnnt.
1158 4710 1388 4764 Audiam
1428 4708 1462 4761 ii
1488 4708 1576 4776 qui
1605 4705 1944 4778 impudenter
1970 4720 2086 4760 om-

505 4807 660 4861 nibus
686 4819 744 4859 se
770 4804 1083 4867 admiscent,
1129 4809 1183 4856 et
1210 4798 1503 4853 veneranda
1536 4813 1760 4868 qumque
1783 4795 2082 4866 Spernenda

505 4898 754 4953 reddunt.
801 4896 931 4950 Nam
978 4893 1226 4965 mysteria
1268 4892 1386 4945 ideo
1414 4889 1592 4961 januis
1620 4888 1810 4943 clausis
1844 4887 2086 4942 celebra-

508 5003 647 5055 mus,
670 4997 722 5042 et
752 5003 856 5040 non
898 4984 1130 5038 initiatos
1167 4982 1458 5050 abigimus,
1500 4993 1604 5032 non
1641 4977 1778 5047 quod
1809 4977 2086 5031 infirmita-

510 5091 614 5134 tem
643 5079 922 5147 quamdam
953 5077 1003 5130 in
1035 5075 1137 5129 illis
1166 5073 1649 5142 deprehendamus,
1676 5070 1766 5124 sed
1791 5071 1907 5140 quia
1933 5069 2086 5124 multi

511 5167 927 5238 imperfectiores
971 5174 1117 5228 sunt,
1150 5178 1303 5232 quam
1355 5170 1408 5214 ut
1461 5160 1588 5229 ipsis
1635 5160 1834 5228 pOSsint
1873 5159 2082 5214 adesse.

511 5258 634 5314 Ideo
670 5258 760 5311 ille
795 5255 954 5310 multa
997 5254 1050 5308 in
1093 5253 1356 5324 parabolis
1383 5252 1694 5320 loquebatur
1718 5250 1932 5313 Judmis,
1963 5252 2083 5320 quia

515 5350 754 5405 ridentes
779 5363 884 5402 non
911 5347 1178 5402 videbant.
1204 5345 1534 5413 Quapropter
1560 5343 1753 5397 Paulus
1779 5343 2086 5410 scirejnssit

511 5437 779 5508 quomodo
827 5413 1386 5503 oporteatimicuique
1428 5431 1775 5499 respondere.
1815 5432 1846 5484 7
1902 5430 2084 5494 Petite,

513 5539 557 5581 et
584 5527 784 5581 dabitur
813 5528 977 5588 vobis;
1007 5527 1234 5597 quierim,
1267 5532 1311 5578 et
1333 5522 1626 5585 invenietis;
1655 5522 1868 5588 pulsate,
1901 5529 1948 5574 et
1977 5538 2090 5591 ape-

515 5621 668 5673 rietur
688 5619 841 5673 vobis.
872 5618 1003 5685 Quia
1033 5617 1172 5672 enim
1194 5629 1380 5685 magna
1405 5622 1460 5669 et
1488 5611 1796 5667 admiranda
1820 5613 2086 5682 prmcepit,

517 5707 763 5762 ninnibus
797 5708 958 5777 jussit
984 5705 1262 5763 all'ectibus
1286 5719 1404 5761 esse
1455 5703 1779 5774 superiores,
1810 5700 1878 5755 ad
1921 5702 2090 5772 ipsum

517 5802 705 5857 osclum
738 5798 966 5864 adduxit,
993 5812 1056 5854 ac
1081 5797 1296 5854 studere
1321 5795 1593 5867 praicepit,
1640 5808 1745 5849 non
1785 5800 1843 5847 ut
1890 5793 2090 5862 angelis

1201 486 1254 544 Β.
1291 481 1570 543 JOANNIS
1605 478 2075 540 CIIRYSOSTOMI
2111 475 2411 536 ARCHIEP
2469 470 3028 533 CONSTANTINOP.

3639 464 3749 517 5η

2162 601 2216 647 et
2242 588 2613 661 archangelis,
2639 585 2732 642 sed
2759 585 2860 655 ipsi
2885 583 3131 638 omnium
3158 578 3388 634 Domino
3407 576 3448 642 ⁸,
3477 581 3746 645 quantum

2165 680 2279 735 fieri
2313 679 2462 744 licet,
2505 676 2715 732 similes
2739 674 2930 729 simus.
2981 668 3290 738 Discipulos
3315 680 3444 720 vero
3477 677 3586 718 non
3641 661 3750 716 hoc

2165 772 2340 828 solum
2391 769 2673 841 perlicere,
2703 764 2798 821 sed
2836 772 2891 818 et
2924 764 3064 817 alios
3105 759 3396 816 emendare
3427 755 3615 827 jussit,
3682 766 3752 807 ac

2163 862 2474 918 discernere
2508 859 2647 914 inter
2683 857 2855 912 malos
2884 851 2940 910 ἐι
2971 855 3165 916 bonos,
3195 851 3337 905 inter
3365 860 3529 903 canes
3557 854 3612 900 et
3635 859 3750 899 non

2165 967 2330 1010 canes
2357 951 2551 1019 (multa
2580 959 2762 1004 autem
2786 957 2914 1002 sunt
2937 947 2992 1000 in
3025 943 3343 999 hominibus
3376 935 3640 1004 occulta),
3681 951 3754 991 ne

2164 1044 2408 1100 dicerent
2445 1041 2560 1094 haec
2589 1039 2724 1093 dura
2752 1049 2807 1094 et
2827 1033 3192 1091 intolerabilia
3218 1046 3360 1086 esse.
3417 1028 3552 1083 Nam
3580 1027 3634 1080 in
3662 1041 3755 1081 se-

2166 1132 2459 1206 quentibus
2496 1130 2611 1185 haec
2650 1129 2846 1185 Petrus
2879 1127 3154 1197 loquitur:
3200 1123 3334 1188 Quis
3371 1129 3541 1192 potest
3572 1118 3754 1171 salvus

2167 1228 2321 1282 esse?
2365 1222 2432 1278 Et
2460 1238 2681 1279 rursus:
2733 1220 2795 1276 Si
2816 1221 2893 1274 ita
2922 1228 3001 1273 est
3022 1232 3187 1271 causa
3220 1213 3474 1274 hominis,
3526 1225 3630 1263 non
3658 1223 3759 1262 ex-

2166 1319 2308 1385 pedit
2337 1319 2528 1372 nubere
2559 1313 2780 1383 (Matth.
2809 1312 2893 1366 19.
2930 1309 3004 1364 25
3043 1307 3152 1378 10).

2248 1418 2304 1472 4.
2338 1417 2602 1486 Praecpta
2631 1417 2915 1490 evangelica
2953 1416 3204 1489 precando
3241 1416 3461 1471 alienare
3502 1416 3763 1471 debemus.

2183 1506 2608 1562 Perseverandum
2631 1508 2686 1562 in
2713 1509 2957 1562 oratione.
2997 1537 3071 1548 —
3112 1505 3192 1568 Ne
3237 1507 3399 1576 igitur
3449 1505 3565 1560 hare
3594 1505 3759 1559 etiam

2179 1615 2319 1654 nunc
2347 1598 2558 1662 dicant,
2591 1614 2711 1653 cum
2756 1599 2864 1667 jam
2897 1598 2947 1651 in
2977 1597 3404 1668 prmcedentihus
3443 1595 3768 1651 ostendisset

2181 1690 2265 1744 illa
2317 1705 2436 1745 esse
2479 1689 2688 1755 facilia,
2735 1688 3030 1744 ratiociniis
3068 1689 3434 1758 frequentibus
3480 1687 3768 1762 adductis.

2178 1796 2296 1850 quae
2318 1780 2368 1834 id
2390 1779 2616 1835 suadere
2647 1789 2883 1848 possent,
2913 1780 3130 1834 demum
3165 1778 3428 1833 facilitatis
3453 1774 3768 1832 coronidem

2179 1871 2429 1940 apponit,
2457 1886 2564 1924 non
2605 1870 2806 1940 vulgari
2853 1872 3148 1937 excogitata
3192 1869 3240 1921 in
3271 1861 3542 1922 laboribus
3570 1880 3767 1920 conso-

2181 1964 2416 2028 latione,
2479 1977 2673 2032 nempe
2734 1961 3064 2015 assiduarum
3116 1973 3332 2028 precum
3377 1957 3594 2011 auxilio.
3647 1955 3767 2010 Non
3841 1980 3846 1984 -

2177 2056 2307 2109 satis
2347 2055 2491 2112 enim
2534 2069 2654 2108 esse
2696 2053 2857 2116 dicit,
2899 2052 2941 2106 si
2981 2051 3032 2105 id
3065 2049 3323 2119 perficere
3351 2065 3617 2112 curemus,
3671 2048 3767 2101 sed

2178 2162 2467 2217 supernum
2497 2161 2619 2201 esse
2643 2145 2896 2199 auxilium
2929 2141 3322 2211 implorandum
3355 2159 3366 2193 :
3399 2140 3541 2210 quod
3585 2140 3768 2208 utique

2180 2239 2355 2292 veniet
2381 2246 2436 2292 et
2461 2236 2633 2291 aderit
2659 2277 2673 2297 ,
2718 2235 2876 2303 inque
2901 2233 3284 2288 certaminibus
3309 2245 3407 2286 nos
3432 2231 3672 2300 juvabit,
3715 2240 3769 2284 et

2178 2327 2355 2382 omnia
2398 2325 2567 2380 facilia
2604 2325 2809 2378 reddet.
2845 2323 2968 2377 ideo
2994 2332 3173 2391 petere
3203 2321 3393 2387 jussit,
3430 2335 3495 2373 ac
3528 2333 3586 2373 se
3615 2319 3770 2372 datu-

2178 2433 2295 2484 rum
2323 2417 2630 2485 spopondit.
2659 2415 2855 2470 Verum
2901 2413 3170 2483 postulare
3213 2411 3374 2481 jussit
3421 2425 3525 2462 non
3552 2408 3727 2463 obiter
3749 2447 3768 2473 ,

2178 2507 2272 2562 sed
2302 2521 2423 2562 cum
2453 2507 2762 2560 assiduitate
2786 2517 2838 2558 et
2863 2505 3204 2560 contentione
3252 2516 3460 2570 magna.
3487 2499 3598 2553 Hoc
3624 2502 3771 2555 enim

2179 2597 2442 2669 signiﬁcat
2473 2595 2598 2652 illud
2621 2639 2634 2662 ,
2666 2596 2902 2662 Quaerite.
2931 2593 3063 2649 Nam
3092 2595 3178 2662 qui
3211 2593 3417 2660 quwrit,
3448 2590 3570 2643 aliis
3595 2591 3772 2644 omni-

2141 2683 2285 2745 ‘bus
2317 2705 2380 2744 ex
2428 2697 2608 2742 mente
2654 2686 2973 2749 eliminatis,
3024 2685 3099 2738 rei
3155 2691 3357 2736 tantum
3397 2681 3635 2750 quaesita!
3678 2679 3772 2734 dat

2180 2795 2417 2849 operam,
2447 2779 2752 2846 nullamque
2783 2773 3122 2846 przesentium
3153 2773 3312 2826 habet
3341 2771 3623 2825 rationem.
3655 2768 3770 2823 No-

2180 2880 2305 2925 runt
2329 2878 2474 2925 certe
2502 2868 2628 2922 illud
2655 2875 2915 2938 quotquot
2943 2865 3027 2920 vel
3047 2879 3180 2918 auro
3201 2864 3282 2917 vel
3313 2863 3483 2917 servis
3519 2861 3768 2938 amissis.

2182 2963 2297 3017 haec
2324 2971 2506 3031 postea
2549 2936 2811 3030 qua-runt.
2845 2957 2974 3013 illud
3007 2957 3202 3012 indicat
3248 2971 3343 3024 per
3368 2969 3553 3010 vocem
3587 2936 3771 3019 illam,

2183 3053 2405 3119 Quwrite
2427 3071 2445 3118 ;
2471 3069 2590 3106 cum
2619 3067 2746 3105 vero
2775 3049 2925 3111 dicit,
2963 3049 3190 3107 Pulsate,
3223 3046 3570 3102 vehementer
3599 3053 3656 3098 et
3684 3059 3772 3097 ar~

2180 3146 2326 3201 denti
2367 3147 2546 3199 animo
2591 3142 2950 3197 accedendum
2997 3155 3117 3194 esse
3161 3139 3443 3209 signilieat.
3472 3137 3550 3192 Ne
3593 3138 3773 3206 itaque

2180 3238 2462 3298 concidas,
2497 3237 2567 3289 mi
2610 3235 2805 3300 homo,
2836 3249 3011 3304 neque
3054 3232 3316 3287 minorem
3344 3231 3410 3286 de
3439 3231 3632 3284 virtute
3673 3247 3770 3282 ru-

2180 3343 2292 3380 ram
2321 3326 2608 3391 exhibeas,
2638 3342 2794 3396 quam
2827 3325 2892 3379 de
2942 3325 3198 3394 pecuniis.
3249 3323 3355 3377 llas
3391 3322 3588 3392 quippe
3626 3336 3774 3389 Sa-pe

2180 3433 2426 3485 quatrens
2454 3433 2556 3471 non
2590 3417 2834 3470 invenisti
2861 3432 2875 3480 ;
2908 3426 2960 3471 et
2989 3425 3164 3470 tamen
3205 3429 3324 3468 cum
3363 3413 3526 3482 probe
3554 3413 3694 3467 scias
3721 3423 3776 3467 te

2180 3507 2317 3562 forte
2373 3523 2480 3562 non
2523 3508 2896 3569 inventurum,
2941 3519 3155 3560 omnem
3209 3504 3452 3572 exploras
3497 3502 3771 3572 qumrendt

2182 3600 2397 3653 modum
2433 3617 2446 3652 :
2477 3598 2564 3651 hic
2590 3613 2716 3651 vero
2741 3598 3083 3664 sponsionem
3120 3595 3323 3649 habens
3348 3604 3400 3648 te
3428 3609 3646 3662 prorsus
3673 3607 3768 3647 ac-

2182 3699 2456 3756 cepturum
2485 3703 2603 3741 esse
2620 3728 2634 3752 ,
2660 3701 2726 3740 ne
2753 3686 3025 3740 minimam
3055 3683 3268 3754 quidem
3302 3683 3440 3738 illius
3464 3683 3622 3738 studii
3649 3698 3772 3751 par-

2183 3789 2290 3835 tem
2323 3778 2561 3833 exhibes.
2603 3778 2662 3831 Si
2697 3792 2823 3832 vero
2851 3792 2954 3829 non
2980 3776 3158 3830 statim
3183 3774 3412 3843 accipias
3433 3815 3447 3836 ,
3481 3789 3546 3828 ne
3573 3773 3772 3841 despe-

2181 3888 2289 3926 res.
2323 3871 2445 3926 Ideo
2471 3872 2613 3925 enim
2647 3870 2818 3936 dixit,
2849 3869 3088 3930 Pulsate,
3116 3878 3175 3922 111
3198 3867 3486 3932 ostendat,
3527 3869 3772 3934 quamvis

2182 3981 2288 4018 non
2315 3964 2494 4018 statim
2521 3963 2743 4032 aperiat,
2779 3962 3100 4016 manendum
3136 3972 3310 4014 tamen
3339 3974 3480 4016 esse.
3507 3958 3563 4015 Si
3591 3971 3770 4014 autem

2184 4072 2316 4111 mea:
2371 4071 2473 4110 non
2521 4056 2712 4108 credas
2761 4053 3072 4122 sponsioni,
3129 4051 3318 4106 saltem
3366 4051 3489 4107 huic
3522 4055 3773 4121 exemplo

2181 4147 2361 4203 crede.
2385 4147 2438 4202 9.
2465 4146 2590 4211 Quis
2619 4161 2681 4200 ea:
2710 4144 2844 4197 vobis
2871 4153 2959 4205 est,
2996 4143 3186 4210 inquit,
3221 4150 3365 4213 pater
3384 4143 3428 4205 ',
3458 4143 3537 4195 cui
3564 4143 3610 4196 si
3633 4141 3774 4209 [ilius

2184 4247 2320 4306 petat
2343 4252 2541 4304 panem.
2563 4234 2807 4298 numquid
2832 4233 3053 4303 lapidem
3080 4233 3215 4284 dabit
3241 4247 3282 4283 et
3300 4231 3326 4284 1’
3346 4231 3496 4299 Apud
3525 4231 3773 4286 homines

2185 4326 2396 4397 quidem
2423 4326 2468 4380 si
2498 4326 2548 4379 id
2581 4326 2888 4393 frequenter
2913 4324 3073 4376 facias
3095 4364 3108 4383 .
3150 4321 3406 4384 molestus
3433 4331 3482 4375 et
3511 4336 3776 4377 onerosus

2188 4419 2386 4474 videris
2417 4436 2429 4472 :
2458 4417 2596 4487 apud
2629 4417 2791 4471 Deum
2817 4426 3013 4477 antem,
3043 4415 3086 4467 si
3117 4414 3217 4467 hoc
3247 4429 3352 4466 non
3384 4410 3568 4474 facias.
3603 4413 3775 4482 magis

2185 4509 2252 4562 ad
2301 4509 2432 4562 iram
2471 4521 2796 4560 commoves.
2848 4505 2903 4559 Si
2952 4513 3127 4557 autem
3152 4501 3384 4570 petendo
3410 4515 3770 4570 permaneas,

2187 4601 2390 4654 etiamsi
2443 4614 2546 4653 non
2596 4599 2775 4651 statim
2826 4595 3091 4663 accipias,
3140 4593 3367 4660 accipies
3398 4601 3598 4647 tamen.
3651 4593 3774 4650 Ideo

2189 4706 2415 4761 namque
2453 4692 2631 4744 clausa
2663 4689 2941 4758 estjanua,
2973 4695 3033 4740 ut
3083 4697 3135 4741 te
3171 4684 3238 4738 ad
3270 4683 3583 4754 pulsandum
3617 4685 3773 4739 indu-

2189 4794 2291 4838 rat.
2321 4781 2444 4838 ideo
2471 4797 2574 4834 non
2613 4781 2792 4834 statim
2821 4777 3004 4831 annuit
3025 4817 3040 4839 ,
3081 4785 3136 4828 nt
3182 4784 3326 4842 petas
3360 4792 3373 4826 :
3407 4788 3563 4828 mane
3612 4773 3775 4844 igitur

2190 4873 2239 4927 id
2263 4887 2446 4941 agens,
2474 4881 2528 4925 et
2567 4871 2749 4939 procul
2802 4867 2965 4921 dubio
2995 4868 3239 4932 accipies.
3285 4863 3360 4919 Ne
3404 4864 3545 4918 enim
3573 4864 3724 4920 dicas
3755 4883 3771 4920 :

2190 4964 2326 5030 Quid
2359 4963 2534 5032 igitur,
2559 4963 2604 5017 si
2633 4972 2828 5030 petam,
2870 4967 2916 5010 at
2946 4971 3048 5009 non
3075 4955 3375 5023 accipiam?
3415 4969 3510 5022 per
3541 4954 3774 5023 parabo-

2191 5055 2294 5108 lam
2324 5061 2372 5107 te
2395 5054 2446 5107 in
2469 5068 2561 5120 spe
2584 5050 2812 5103 ﬁrmavit
2835 5087 2848 5110 ,
2879 5045 3168 5101 ratiociniis
3197 5060 3405 5098 rursum
3438 5058 3587 5107 usus,
3614 5053 3775 5113 atque

2193 5146 2437 5201 humanis
2462 5142 2719 5211 exemplis
2754 5149 2804 5193 te
2833 5138 2897 5191 ad
2924 5138 3166 5191 ﬁduciam
3199 5151 3258 5189 ea
3285 5137 3336 5188 in
3370 5152 3428 5188 re
3458 5121 3771 5188 annitendum

2193 5239 2470 5302 inducens,
2491 5236 2616 5290 dum
2641 5249 2735 5301 per
2753 5230 2866 5284 hare
2895 5229 3145 5284 ostendit.
3172 5243 3274 5279 non
3299 5225 3456 5279 modo
3483 5226 3774 5294 petendum

2191 5347 2331 5397 csse,
2386 5328 2480 5384 sed
2531 5339 2647 5394 qua:
2675 5322 2895 5393 petenda
2937 5321 3062 5375 sint.
3109 5319 3236 5385 Quis
3264 5319 3395 5370 enim
3424 5333 3487 5370 ea:
3518 5316 3654 5368 vobis
3699 5325 3774 5368 est

2193 5402 2354 5493 pater:
2378 5419 2458 5473 cui
2485 5419 2529 5471 si
2556 5415 2693 5484 ﬁlius
2723 5422 2857 5482 petat
2884 5426 3084 5480 panem,
3116 5406 3360 5476 numquid
3385 5405 3605 5473 lapidem
3632 5403 3774 5455 dabit

2192 5515 2270 5568 illi
2291 5514 2315 5568 .9
2335 5510 2512 5580 itaque
2544 5508 2586 5562 si
2609 5521 2712 5560 non
2741 5503 2935 5572 accipis
2957 5543 2971 5567 ,
3019 5500 3136 5553 ideo
3166 5513 3270 5552 non
3291 5496 3508 5566 accipis,
3537 5495 3657 5563 quia
3690 5493 3773 5547 la-

2194 5603 2368 5676 pidem
2392 5600 2548 5672 petis.
2571 5595 2788 5652 Etiamsi
2819 5594 2962 5648 enim
2994 5590 3132 5644 filius
3159 5589 3255 5655 sis,
3277 5587 3328 5642 id
3356 5602 3460 5642 non
3485 5585 3683 5642 sufﬁcit
3707 5582 3773 5640 ad

2262 5761 2279 5792 ί
2333 5756 2452 5817 Α111,
2511 5751 2597 5803 sed
2672 5748 2767 5812 ipsi
2885 5744 3102 5797 pentina.
3139 5742 3240 5802 alii,
3264 5741 3349 5792 sed
3375 5743 3654 5805 angesorum
3683 5754 3770 5788 uo-

2196 5831 2444 5939 mlzwi'ox,
2462 5883 2616 5941 pater,
2643 5872 2784 5922 deest
2807 5872 2857 5919 in
2880 5869 3185 5934 quihusdam.
