4066 6462
323 391 414 447 3n
1367 381 1432 433 ΙΝ
1471 377 1886 433 MAT'I'IIA‘SUM
1928 376 2164 433 HOMIL.
2203 376 2393 432 XXIII.
2441 378 2515 433 aI.
2555 377 2750 435 XXIV.

331 516 482 556 σατε
501 500 593 565 εἰς
622 498 692 553 τό
710 496 841 566 οὓς,
865 495 1170 567 κηρύξατε
1192 491 1290 549 ἐπὶ
1315 492 1434 548 τῶν
1461 492 1748 562 δωμάτων
1779 494 1846 546 ⁷⁸.
1875 491 2016 549 nam

331 587 454 642 οὐδὲ
484 585 649 640 τοῦτο
681 583 925 639 ἐναντίον
968 583 1088 637 ἐστὶ
1130 581 1210 653 τῷ
1255 581 1528 652 προτέρῳ.
1570 580 1708 633 Οὐδέ
1739 577 1849 651 γὰρ
1901 580 2022 632 ἐκεῖ

333 678 501 731 πᾶσιν
534 673 725 738 ἀπλῶς
751 671 1015 737 ἐπέταξεν
1043 664 1238 735 εἰπεῖν,
1258 669 1377 725 ἀλλ’
1410 664 1494 730 οἷς
1518 669 1602 722 δεῖ
1628 671 1825 732 εἰπεῖν,
1880 669 2022 740 μετά

332 763 658 836 παρρησίας
695 762 887 815 εἰπεῖν.
945 757 1132 822 Κύνας
1181 759 1240 813 δέ
1265 757 1496 814 ἐνταῦθα
1526 758 1652 821 τοὺς
1708 763 1766 811 ἐν
1795 757 2023 828 ἀσεϐείᾳ

333 848 549 914 ζῶντας
583 848 808 918 ἀνιάτῳ,
838 846 936 901 καὶ
970 845 1274 918 μεταϐολῆς
1306 846 1407 916 τῆς
1433 845 1528 898 ἐπὶ
1557 845 1618 898 τὸ
1651 846 1896 915 κρεῖττον
1921 843 2023 897 οὐκ

334 939 561 1009 ἔχοντας
603 935 795 990 ἐλπίδα
826 935 1068 1008 ⁴ᾐνίξατο,
1109 934 1205 988 καὶ
1238 933 1456 1004 χοίρους
1481 935 1608 997 τοὺς
1638 933 1698 984 ἐν
1738 931 2024 1002 ἀκολάστῳ

337 1026 439 1096 βίῳ
469 1023 847 1094 διατρίϐοντας
892 1023 1205 1084 διαπαντὸς,
1239 1019 1447 1090 οὕσπερ
1493 1019 1741 1083 ἅπαντας
1770 1017 2026 1083 ἀναξίους

335 1114 540 1183 ἔφησεν
565 1106 705 1164 εἶναι
733 1110 833 1181 τῆς
865 1110 1124 1180 τοιαύτης
1162 1107 1501 1179 ἀκροάσεως.
1547 1106 1720 1160 Τοῦτο
1765 1106 1898 1175 γοῦν
1930 1107 2026 1158 καὶ

335 1202 364 1253 ὁ
395 1195 613 1260 Παῦλος
650 1195 826 1266 δηλῶν
868 1192 1056 1264 ελεγε-
1107 1193 1377 1263 Ψυχικός
1416 1192 1486 1245 δὲ
1515 1193 1561 1225 τ’
1613 1192 1924 1260 ἄνθρωπος
1953 1193 2024 1245 οὐ

335 1285 578 1354 δέχεται
611 1283 687 1337 τὰ
714 1284 822 1338 τοῦ
854 1283 1190 1351 πνεύματος
1215 1296 1229 1311 °
1262 1281 1461 1349 μωρία
1507 1280 1617 1350 γὰρ
1660 1278 1822 1344 αὐτῷ
1870 1279 2024 1332 ἐστι.

338 1374 453 1426 Καὶ
485 1369 756 1441 πολλαχοῦ
808 1369 867 1423 δέ
908 1367 1135 1439 ἑτέρωθι
1177 1366 1294 1437 βίου
1335 1364 1634 1438 διαφθοράν
1658 1365 1837 1418 αἰτίαν
1865 1367 2028 1437 φησὶν

336 1457 482 1514 εἰναι
504 1459 599 1512 τοῦ
627 1459 698 1528 μὴ
720 1455 974 1528 δέχεσθαι
1001 1455 1070 1509 τὰ
1092 1455 1402 1526 τελειότερα
1417 1455 1682 1525 δόγματα.
1707 1452 1799 1506 Διὸ
1817 1451 2029 1507 κελεύει

342 1549 419 1618 μὴ
451 1545 789 1600 ἀναπετάσαι
825 1545 926 1608 τάς
968 1543 1138 1614 θύρας
1169 1544 1352 1607 αὐτοῖς
1376 1563 1390 1575 ο
1425 1546 1517 1597 καὶ
1555 1542 1664 1612 7&9
1704 1541 2030 1614 θρασύτεροι

338 1637 582 1706 γίνονται
610 1635 745 1706 μετά
782 1635 844 1688 τὸ
887 1634 1098 1706 μαθεῖν.
1149 1634 1274 1696 Τοῖς
1323 1633 1422 1704 μὲν
1446 1633 1554 1703 γὰρ
1594 1631 1903 1702 εὐγνώμοσι
1936 1630 2032 1684 καὶ

340 1725 466 1778 νοῦν
519 1723 734 1793 ἔχουσιν
779 1720 1238 1790 ἐκκαλυπτόμενα
1273 1721 1447 1788 σεμνά
1478 1719 1762 1789 φαίνεται’
1823 1721 1935 1783 τοῖς
1973 1717 2031 1772 δέ

339 1809 713 1881 ἀναισθήτοις,
762 1809 892 1862 ὅταν
923 1807 1185 1878 ἀγνοῆται
1235 1807 1457 1875 μᾶλλον.
1516 1805 1668 1860 Ἐπεὶ
1707 1807 1753 1838 ⁸ο
1785 1804 1878 1860 οῦν
1927 1807 2036 1859 ἀπὸ

340 1900 443 1969 τῆς
473 1898 689 1968 φύσεως
714 1897 776 1950 οὐ
801 1895 1056 1950 δύνανται
1085 1894 1228 1948 αὐτά
1266 1895 1628 1966 καταμαθεῖν,
1658 1895 1700 1926 ⁸⁸
1738 1895 2031 1967 [καλυπτέ-

341 1988 582 2050 σθωσαν,
617 1986 804 2057 φησὶν,
847 1982 957 2057 ῖνα]
1001 1985 1105 2038 κᾶν
1137 1983 1245 2037 ἀπὺ
1275 1985 1373 2053 τῆς
1413 1985 1638 2052 ἀγνοίας
1689 1984 2034 2039 αἰδεσθῶσιν.

342 2076 482 2131 Οὐδὲ
511 2076 620 2152 γάρ
653 2076 682 2128 ὁ
706 2073 859 2147 [288]
889 2077 1075 2146 χοῖρος
1103 2069 1235 2139 οἶδε,
1262 2073 1315 2125 τί
1353 2073 1485 2126 ποτέ
1519 2076 1634 2126 ἐστι
1666 2073 2035 2145 μαργαρίτης.

341 2164 558 2219 οὐκοῦν
575 2163 760 2234 ἐπειδῆ
783 2163 885 2216 οὐκ
911 2158 1042 2227 οἰδε,
1068 2163 1203 2233 μηδὲ
1228 2161 1427 2233 ὁράτω,
1459 2162 1545 2214 ἵνα
1574 2161 1647 2234 μὴ
1671 2157 1962 2232 κατάπατή
1978 2179 2040 2233 σῃ

342 2253 380 2307 ἀ
408 2252 511 2305 οὐκ
537 2245 696 2304 οἶδεν.
731 2250 900 2304 Οὐδὲν
941 2249 1054 2320 γὰρ
1086 2250 1295 2318 γίνεται
1321 2251 1501 2315 πλέον,
1543 2251 1576 2322 ἢ
1623 2250 1794 2322 βλάϐη
1836 2251 2039 2321 μείζων

341 2341 456 2403 τοῖς
489 2339 633 2393 οὕτω
662 2337 1033 2409 διακειμένοις
1065 2339 1157 2392 καὶ
1189 2338 1470 2392 ἀκούουσι.
1513 2339 1624 2392 Καὶ
1670 2342 1779 2411 7&9
1805 2341 1874 2392 τά
1907 2339 2041 2407 ἀγια

344 2428 763 2499 ἐμπαροινεῖται
806 2428 937 2496 παρ’
983 2425 1247 2490 ἐκείνων,
1305 2427 1405 2479 οὐκ
1469 2427 1686 2480 εἰδότων
1746 2429 1868 2481 τινα
1923 2429 2042 2482 ἐστὶ

343 2515 556 2570 ταῦτα·
590 2517 685 2569 καὶ
715 2517 917 2568 ἐκεῖνοι
966 2514 1170 2583 μᾶλλον
1218 2515 1539 2585 ἐπαίρονται
1587 2517 1683 2568 καὶ
1726 2517 2040 2581 ὁπλίζονται

346 2603 470 2657 καθ’
503 2602 685 2672 ἡμῶν.
728 2601 901 2656 Τοῦτο
932 2601 1042 2672 γάρ
1067 2603 1182 2653 ἐστι
1203 2618 1217 2632 ·
1251 2601 1348 2668 Μὴ
1393 2603 1867 2669 κατιιπατήσωσι
1888 2646 1904 2671 ,
1941 2605 2040 2660 καί

345 2691 721 2761 στραφέντες
762 2689 1038 2759 ῥήξωσιν
1085 2687 1262 2756 ὑμᾶς.
1313 2691 1426 2743 Kal
1473 2691 1581 2762 μὴν
1620 2692 1796 2755 οὓτως
1845 2693 2043 2762 ἰσχυρά

348 2779 456 2833 ἔδει
475 2777 638 2841 εἶναι,
661 2782 846 2849 φησὶν,
876 2779 954 2840 ὡς
983 2778 1087 2836 καὶ
1099 2779 1238 2848 μετά
1256 2778 1316 2830 τὸ
1347 2778 1538 2846 μαθεῖν
1561 2779 1813 2832 ἀνάλωτα
1837 2779 2040 2849 μένειν,

348 2869 445 2922 καὶ
482 2869 557 2937 μὴ
608 2867 869 2938 παρέχειν
900 2866 1111 2937 ἑτέροις
1167 2865 1339 2928 λαϐὰς
1387 2865 1509 2918 καθ’
1542 2865 1720 2936 ἡμῶν.
1768 2867 1906 2918 Ἀλλ’
1942 2870 2044 2920 οὐκ

349 2957 538 3009 ἐκεῖνα
575 2956 804 3024 παρέχει
829 2993 844 3018 ,
872 2953 1012 3025 ἀλλά
1040 2954 1100 3004 τὸ
1131 2954 1348 3023 χοίρους
1386 2947 1527 3005 εἶναι
1555 2952 1780 3016 τούτους
1803 2971 1818 2983 ·
1852 2953 2044 3024 ὥσπερ

348 3040 445 3097 οὖν
463 3044 560 3097 καὶ
580 3046 610 3096 ό
638 3041 990 3113 μαργαρίτης
1013 3040 1331 3093 καταπατού
1341 3057 1520 3109 μενος,
1545 3040 1647 3093 οὐκ
1667 3041 1854 3113 ἐπειδὴ
1887 3042 2048 3095 εὐκα-

349 3130 696 3202 ταφρόνητός
725 3131 863 3196 ἐστι,
896 3130 1323 3192 καταπατεῖται,
1353 3128 1468 3181 ἀλλ’
1498 3129 1684 3198 ἐπειδὴ
1717 3131 1796 3191 εἰς
1832 3129 2046 3200 χοίρους

351 3217 602 3271 ἐνέπεσε.
639 3216 752 3271 Kal
801 3215 984 3279 καλῶς
1014 3212 1135 3268 εἰπε
1163 3234 1174 3245 ·
1231 3214 1606 3283 Στραρέντες
1647 3215 1926 3283 ῥήξωσιν
1974 3217 2043 3270 δ’.

363 3305 787 3375 Ὑποκρίνονται
833 3303 944 3375 γὰρ
968 3303 1292 3367 ἐπιείκειαν,
1324 3302 1466 3356 ὥστε
1495 3302 1688 3372 μαθεῖν
1713 3321 1724 3332 ·
1756 3299 1876 3356 εἶτα
1899 3305 2049 3356 ἐπει-

352 3392 450 3446 δὰν
478 3390 747 3462 μάθωσιν,
781 3389 960 3461 ἕτεροι
993 3389 1114 3442 ἀνθ’
1145 3389 1350 3459 ἐτέρων
1379 3390 1664 3459 γενόμενοι
1699 3389 2046 3459 κωμῳδοῦσι,

352 3478 703 3550 χλευάζουσι,
731 3475 964 3545 γελῶσιν
995 3476 1042 3506 ⁸³
1065 3474 1140 3538 ὡς
1168 3474 1551 3546 ἀπατηθέντας
1573 3477 1742 3546 ἡμᾶς.
1765 3477 1864 3530 Διά
1891 3476 2051 3531 τοῦτο

353 3567 451 3621 ual
474 3568 504 3620 ό
532 3565 747 3627 Παῦλος
777 3564 931 3633 ἔλεγε
971 3561 1048 3634 τῷ
1097 3562 1351 3634 Τιμοθέῳ
1370 3579 1383 3591 ο
1427 3563 1538 3615 ’ον
1566 3562 1667 3615 καί
1695 3563 1776 3616 σὺ
1806 3564 2048 3632 φυλάσ-

355 3671 476 3708 σου
497 3671 511 3684 ·
533 3654 680 3708 λίαν
702 3652 814 3722 τὰρ
840 3650 1179 3719 ἀνθέστηκε
1201 3649 1328 3717 τοῖς
1353 3649 1666 3719 ἡμετέροις
1685 3652 1891 3720 λόγοις
1910 3669 1922 3682 ·
1953 3653 2052 3709 καὶ

358 3741 522 3796 πάλιν
556 3739 819 3810 ἀλλαχοῦ,
879 3739 1028 3805 Τοὺς
1073 3741 1384 3803 τοιούτους
1430 3735 1775 3805 ἀποτρέπου
1810 3738 1890 3770 ⁸⁸·
1931 3739 2048 3805 καὶ,

355 3828 669 3898 Διρετικὸν
688 3827 1009 3896 ἄνθρωπον
1035 3829 1188 3895 μετὰ
1214 3827 1364 3894 μίαν
1394 3827 1490 3879 καὶ
1521 3825 1812 3894 δευτέραν
1841 3831 2052 3882 νουθε-

357 3919 508 3972 σίαν
564 3914 878 3983 παραιτοῦ.
933 3915 1011 3968 Οὐ
1049 3914 1229 3967 τοίνυν
1261 3913 1391 3983 παρ’
1444 3912 1670 3965 ἐκείνων
1713 3914 2048 3978 ὁπλίζονται,

360 4008 475 4060 ἀλλ’
505 4007 660 4061 αὐτοὶ
705 4006 922 4074 ἀνόητοι
969 4004 1143 4076 ταύτῃ
1194 4002 1457 4070 γίνονται,
1516 4002 1762 4066 πλείονος
1793 4003 2051 4067 ἀπονοίας

361 4093 751 4164 πληρούμενοι.
777 4091 874 4144 Διά
906 4091 1065 4144 τοῦτο
1103 4091 1164 4143 οὐ
1197 4089 1392 4161 μικρὸν
1431 4088 1621 4161 κέρδος
1649 4090 1710 4142 τὸ
1749 4091 1810 4143 ἐν
1856 4092 2052 4161 ἀγνοίᾳ

363 4182 547 4251 μένειν
577 4180 803 4242 αὐτούς’
837 4179 958 4232 οὐδὲ
987 4178 1096 4248 7&9
1123 4177 1267 4231 οὕτω
1296 4179 1341 4210 ⁸⁸
1368 4178 1827 4248 καταφρονοῦσιν.
1868 4181 1967 4231 Ἂν
1993 4178 2052 4232 δέ

363 4268 602 4339 μάθωσι,
635 4267 801 4337 διπλῆ
831 4271 865 4337 ή
903 4267 1097 4337 ζημία.
1153 4267 1315 4319 Αὐτοί
1348 4282 1408 4318 τε
1441 4268 1549 4337 γὰρ
1595 4266 1746 4319 οὐδὲν
1795 4265 2049 4320 ἐντεῦθεν

359 4355 768 4426 καρπώσονται,
801 4354 938 4408 ἀλλά
961 4353 1056 4408 καὶ
1083 4354 1444 4426 βλαϐήσονται
1482 4354 1747 4424 μειζόνως
1768 4395 1783 4417 ,
1829 4356 1925 4408 καὶ
1964 4356 2049 4410 col

365 4443 535 4513 μυρία
563 4442 856 4512 παρέξουσι
881 4441 1203 4513 πράγματα.
1235 4441 1609 4494 ’Δκουέτωσαν
1631 4442 1681 4495 οί
1712 4444 1878 4495 πᾶσιν
1898 4444 2051 4496 ἀναι-

358 4531 468 4596 δῶς
499 4529 956 4600 συμπλεκόμενοι,
991 4529 1086 4582 καὶ
1115 4528 1184 4582 τά
1216 4529 1392 4600 σεμνὰ
1434 4529 1892 4601 εὐκαταφρόνητα
1927 4549 2049 4586 ποι-

360 4619 569 4680 οῦντες.
600 4618 710 4670 Καὶ
733 4616 842 4688 7&9
868 4616 942 4670 1&
970 4617 1244 4688 μυστήρια
1269 4616 1357 4669 διά
1391 4615 1546 4668 τοῦτο
1573 4615 1672 4680 τὰς
1699 4615 1870 4688 θύρας
1905 4618 2050 4673 κλεί-

362 4725 514 4772 οντες
537 4708 587 4740 ⁸⁸
613 4706 988 4776 ἐπιτελοῦμεν,
1023 4707 1118 4760 καὶ
1149 4707 1275 4767 τοὺς
1329 4705 1611 4775 ἀμυήτους
1637 4707 1916 4779 εῖργομεν,
1950 4708 2052 4762 οὐκ

363 4795 552 4867 ἐπειδὴ
610 4794 895 4849 ἀσθένειαν
948 4795 1300 4864 κατέγνῳμεν
1356 4791 1469 4847 τῶν
1520 4794 1882 4864 τελουμένων,
1935 4797 2050 4850 ἀλλ’

363 4883 558 4954 ἐπειδὴ
583 4881 934 4952 ἀτελέστερον
963 4883 1013 4936 οἰ
1043 4881 1230 4934 πολλοὶ
1266 4881 1404 4953 πρὸς
1432 4881 1576 4936 αὐτά
1612 4882 1693 4936 ἐτι
1726 4885 2049 4939 διάκεινται.

363 4970 465 5024 Διά
489 4971 553 5040 δὴ
574 4969 733 5023 τοῦτο
756 4969 852 5022 καὶ
871 4968 1033 5030 αὐτὸς
1058 4970 1104 5001 ⁸⁷
1128 4971 1187 5022 ἐν
1222 4968 1559 5040 παραϐολαῖς
1580 4970 1751 5026 πολλά
1775 4976 1893 5035 τοῖς
1915 4974 2051 5026 Ἰου-

363 5058 538 5120 δαίοις
597 5056 909 5126 διελέγετο,
969 5057 1158 5127 ἐπειδὴ
1202 5057 1492 5128 βλέποντες
1545 5059 1647 5112 οὐκ
1677 5059 1924 5113 ἔϐλεπον.
1950 5061 2051 5115 Διά

365 5145 526 5199 τοῦτο
547 5147 643 5198 καὶ
681 5148 718 5201 ό,
739 5144 952 5207 Παῦλος
978 5145 1268 5198 ἐκέλευσεν
1293 5147 1513 5212 εἰδέναι,
1550 5147 1667 5211 πῶς
1703 5148 1787 5201 δεῖ
1815 5149 1896 5202 ἐνὶ
1923 5149 2050 5203 ἐκάο

368 5249 481 5302 στῳ
509 5231 925 5302 ἀποκρίνεσθαι.
959 5233 1203 5300 Αἰτεῖτε,
1252 5234 1352 5288 καὶ
1382 5233 1701 5302 δοθήσεται
1738 5236 1884 5304 ὑμῖν
1913 5255 1926 5270 ο
1959 5236 2054 5304 ζη-

367 5320 541 5383 τεῖτε,
578 5320 680 5373 καί
707 5319 996 5388 εὑρήσετε
1013 5337 1027 5351 ⁸
1065 5324 1332 5390 κρούετε,
1355 5323 1455 5377 καὶ
1479 5322 1865 5394 ἀνοιγήσεται
1886 5325 2049 5394 ὑμῖν.

381 5407 602 5477 Ἐπειδὴ
628 5407 737 5480 7&9
761 5409 976 5479 μεγάλα
1001 5410 1231 5477 ἐπέταξε
1263 5412 1358 5464 xal
1377 5411 1686 5483 θαυμαστὰ,
1711 5415 1805 5466 καὶ
1834 5415 2052 5467 πάντων

3711 380 3823 436 Si".

2132 493 2387 547 ἐκέλευσε
2429 493 2540 546 τῶν
2573 494 2765 547 παθῶν
2807 491 2946 547 εἶναι
2983 495 3312 567 ἀνωτέρους,
3361 495 3455 548 καὶ
3491 494 3625 562 πρὸς
3658 497 3822 550 αὐτὸν

2128 581 2304 649 ἤγαγε
2329 580 2422 633 τὸν
2449 581 2702 652 οὐρανὸν,
2728 582 2824 634 καὶ
2852 581 3177 646 σπουδάζειν
3206 582 3491 649 ἐπέταξεν,
3523 582 3628 635 οὐκ
3655 582 3825 650 ἀγγέ-

2126 665 2262 730 λοις.
2285 667 2406 721 οὐδὲ
2437 669 2825 738 ἀρχαγγέλοις,
2851 668 2970 722 ἀλλ’
3000 669 3152 739 αὐτῷ
3189 668 3270 740 τῷ
3309 669 3421 721 τῶν
3448 668 3587 722 ὅλων
3615 668 3675 702 ³⁸
3726 674 3827 722 Δε-

2130 754 2306 827 σπότῃ
2338 755 2478 809 κατά
2499 758 2562 809 τὸ
2606 756 2887 827 ἐγχωροῦν
2920 757 3141 827 ὁμοίους
3173 753 3446 825 γίνεσθαι,
3480 756 3609 818 τούς
3633 757 3692 810 δέ
3719 775 3827 827 μα-

2130 841 2303 913 θητὰς
2329 842 2430 895 οὐκ
2461 843 2661 906 αὐτοὺς
2706 844 2902 913 μόνους
2952 841 3128 897 ταῦτα
3179 841 3508 914 κατορθοῦν,
3559 841 3696 896 ἀλλά
3729 843 3828 896 καὶ

2131 930 2350 1001 ἐτέρους
2374 931 2620 1002 διορθοῦν
2648 931 2923 995 ἐκέλευσε,
2953 931 3048 985 καὶ
3076 929 3378 1001 διακρίνειν
3402 930 3531 994 τούς
3555 931 3831 1000 πονηροὺς

2130 1020 2227 1073 καὶ
2261 1019 2387 1081 τούς
2420 1021 2481 1071 οὐ
2515 1018 2814 1084 τοιούτους,
2845 1020 2973 1081 τοὺς
3017 1017 3189 1082 κύνας
3233 1017 3326 1071 καὶ
3364 1017 3492 1081 τούς
3534 1017 3596 1070 οὐ
3637 1016 3831 1081 κύνας,

2133 1104 2153 1176 (
2169 1105 2306 1159 πολύ
2333 1104 2392 1165 δέ
2419 1105 2480 1159 τὸ
2508 1105 2994 1176 ἐπικεκρυμμένον
3018 1106 3078 1158 ἐν
3107 1105 3420 1175 ἀνθρώποις
3443 1106 3480 1173 ),
3517 1103 3606 1157 ῖνα
3640 1107 3715 1175 μὴ
3749 1103 3832 1165 λέ-

2131 1209 2321 1262 γωσιν,
2357 1194 2440 1246 ὅτι
2469 1191 2683 1263 χαλεπὰ
2707 1192 2883 1247 ταῦτα
2915 1194 3009 1247 καὶ
3044 1192 3327 1266 ἀφόρητα·
3371 1193 3465 1247 καὶ
3496 1191 3608 1264 7&9
3639 1193 3696 1245 ἐν
3718 1195 3832 1254 τοῖς

2137 1287 2277 1352 μετά
2302 1278 2479 1335 ταῦτα
2505 1283 2534 1335 ό
2571 1280 2780 1351 Πέτρος
2803 1281 3107 1350 ἐφθέγξατό
3132 1299 3186 1336 τι
3221 1280 3466 1335 τοιοῦτον
3495 1277 3667 1335 εἰπών
3690 1288 3708 1310 "
3736 1282 3831 1344 Τίς

2133 1369 2386 1424 δύναται
2418 1367 2728 1438 σωθῆναι;
2756 1369 2853 1423 καὶ
2881 1369 3048 1424 πάλιν
3067 1385 3083 1401 ο
3106 1371 3177 1424 Εἰ
3196 1368 3387 1436 οὕτως
3405 1367 3582 1424 ἐστίν
3613 1368 3652 1436 ἡ
3674 1368 3834 1420 αἰτία

2137 1459 2244 1514 τοῦ
2272 1459 2613 1527 ἀνθρώπου,
2657 1460 2730 1513 οὐ
2767 1459 3065 1529 συμφέρει
3091 1459 3383 1530 γαμῆσαι.

2209 1547 2272 1600 δ’.
2308 1548 2427 1600 Ἵνα
2447 1543 2544 1600 οὖν
2577 1547 2654 1619 μὴ
2701 1546 2879 1604 ταῦτα
2905 1548 3107 1618 λέγωσι
3136 1549 3230 1603 καὶ
3269 1548 3388 1611 νῦν,
3415 1545 3568 1620 [289]
3599 1547 3836 1618 μάλιστα

2143 1633 2243 1703 μὲν
2275 1637 2372 1688 καὶ
2399 1634 2490 1689 διὰ
2520 1635 2630 1690 τῶν
2662 1636 2972 1708 ἔμπροσθεν
3002 1636 3286 1703 ἀπέδειξεν
3326 1636 3533 1692 ,εὐκολα
3564 1637 3713 1694 ὄντα.
3747 1637 3835 1689 λος

2141 1724 2376 1794 γισμούς
2404 1722 2574 1788 τιθεὶς
2611 1724 2842 1788 πολλοὺς
2874 1725 2972 1779 καὶ
3001 1729 3294 1796 -συνεχεῖς,
3343 1726 3470 1790 τούς
3501 1726 3836 1794 δυναμένους

2141 1813 2328 1863 πεῖσαι
2349 1828 2361 1840 ·
2391 1810 2578 1864 λοιπὸν
2599 1810 2658 1865 δέ
2680 1810 2773 1865 καὶ¹
2798 1811 2897 1882 τὴν
2922 1813 3191 1883 κορωνίδα
3216 1812 3417 1882 ἐπάγει
3441 1813 3541 1883 τῆς
3564 1813 3836 1874 εὐκολίας,

2139 1898 2201 1950 οὐ
2231 1899 2331 1970 τὴν
2355 1899 2626 1969 τυχοῦσαν
2672 1899 2906 1954 ἐπινοῶν
2950 1899 3305 1972 παραμυθίαν
3338 1900 3450 1964 τοῖς
3497 1900 3704 1963 πόνοις,
3739 1900 3839 1967 τὴν

2139 1986 2249 2039 ἀπὸ
2275 1986 2386 2038 τῶν
2417 1986 2594 2058 εὐχῶν
2621 1985 2731 2040 τῶν
2763 1987 3114 2060 καρτερικῶν
3141 1987 3186 2020 ⁸⁸
3213 1987 3558 2060 συμμαχίαν.
3603 1987 3678 2041 Οὐ
3729 1989 3839 2057 γὰρ

2140 2075 2340 2137 αὐτοὺς
2395 2074 2716 2139 σπουδάζειν
2771 2074 2855 2128 δεῖ
2909 2075 3124 2146 μόνους,
3186 2076 3377 2147 φησὶν,
3429 2074 3568 2128 ἀλλὰ
3614 2075 3709 2128 καὶ
3741 2074 3840 2144 τὴν

2141 2161 2350 2217 ἀνωθεν
2381 2161 2566 2215 καλεῖν
2585 2162 2842 2234 βοήθειαν
2863 2179 2876 2192 ”
2907 2164 3003 2217 καὶ
3039 2165 3258 2227 πάντως
3278 2162 3398 2234 ἥξει
3424 2163 3840 2233 καῖ’παρέσται,

2143 2252 2237 2304 κα).
2274 2251 2642 2320 συνεφάψεται
2673 2250 2783 2304 τῶν
2809 2249 3039 2320 ἀγώνων
3091 2254 3246 2323 ήμῖν,
3275 2251 3369 2304 καὶ
3419 2250 3600 2304 πάντα
3624 2252 3842 2319 ποιήσει

2143 2339 2321 2410 ῥᾴδια.
2358 2340 2458 2393 Διά
2498 2339 2659 2393 τοῦτο
2707 2340 2803 2393 καὶ
2852 2341 3025 2393 αἰτεῖν
3082 2341 3358 2402 ἐκέλευσε,
3394 2339 3490 2392 καὶ
3541 2337 3639 2409 τὴν
3696 2336 3841 2390 δόσιν

2143 2428 2544 2497 ἐνηγγυήσατο.
2584 2427 2731 2497 Πλὴν
2779 2428 2880 2498 οὐχ
2926 2428 3116 2490 ἁπλῶς
3146 2430 3320 2483 αἰτεῖν
3354 2427 3666 2487 ἐκέλευσεν,
3707 2425 3842 2477 ἀλλά

2149 2515 2287 2587 μετά
2320 2515 2677 2586 προσεδρείας
2701 2515 2902 2585 πολλῆς
2932 2516 3031 2569 καὶ
3062 2516 3329 2579 εὐτονίας.
3372 2515 3546 2571 Τοῦτο
3579 2516 3688 2587 γάρ
3726 2517 3844 2567 ἐστι

2143 2604 2227 2666 τὸ,
2253 2603 2518 2672 Ζητεῖτε.
2548 2604 2660 2657 Kal
2685 2603 2796 2673 7&9
2834 2605 2863 2657 δ
2889 2602 3090 2674 ζητῶν,
3124 2604 3300 2658 πάντα
3332 2602 3581 2656 ἐκϐαλὼν
3605 2603 3705 2670 τῆς
3728 2603 3831 2654 δια-

2143 2692 2313 2755 νοίας,
2355 2690 2492 2761 πρὸς
2514 2693 2693 2746 ἐκεῖνο
2722 2690 2933 2760 γίνεται
2967 2691 3014 2722 ὀ
3042 2692 3204 2760 μόνον
3231 2690 3294 2744 τὺ
3336 2688 3697 2760 ζητούμενον,
3754 2689 3847 2744 καὶ

2143 2781 2335 2833 οὐδένα
2368 2779 2479 2832 τῶν
2517 2780 2803 2849 παρόντων
2840 2779 3032 2834 ἐννοεῖ.
3082 2779 3196 2833 Kal
3237 2779 3387 2831 ίσασι
3427 2776 3589 2830 τοῦτο
3616 2776 3646 2829 ὃ
3679 2776 3845 2842 λέγω,

2144 2869 2257 2920 ὅσοι
2285 2866 2317 2936 ἢ
2350 2867 2572 2937 χρυσίον
2600 2866 2635 2936 ἢ
2659 2865 2880 2928 οἰκέτας
2902 2864 3270 2930 ἀπολέσαντες
3302 2864 3680 2936 ἐπιζητοῦσιν.
3716 2864 3847 2916 Ἀπδ

2150 2955 2248 3026 μὲν
2273 2949 2367 3006 οὖν
2401 2952 2496 3006 τοῦ
2520 2951 2725 3022 ζητεῖν,
2759 2952 2920 3006 τοῦτο
2939 2968 2954 2983 '
2985 2953 3096 3006 ἀπὸ
3125 2952 3184 3006 δέ
3213 2953 3310 3008 τοῦ
3339 2954 3583 3032 κρούειν,
3615 2952 3678 3016 τὸ
3708 2954 3848 3022 μετᾷ

2150 3041 2512 3112 σφοδρότητος
2538 3041 2825 3113 προσιέναι
2847 3043 2945 3095 καὶ
2967 3039 3186 3114 θερμῆς
3200 3035 3444 3104 διανοίας
3466 3040 3733 3112 ἐδήλωσε.
3759 3040 3849 3097 Μὴ

2147 3129 2328 3183 τοίνυν
2382 3129 2728 3201 καταπέσῃς,
2765 3129 3042 3201 ἄνθρωπε,
3092 3130 3229 3201 μηδὲ
3277 3129 3538 3183 ἐλάττονα
3602 3128 3849 3193 ἐπιδείξῃ

2151 3217 2281 3288 περὶ
2328 3217 2426 3287 τὴν
2460 3215 2662 3286 ἀρετὴν
2693 3215 2931 3288 σπουδὴν
2960 3217 3059 3286 τῆς
3094 3216 3224 3288 περὶ
3273 3218 3341 3269 τά
3365 3217 3630 3285 χρήματα
3662 3213 3848 3267 ἐπιθυι-

2153 3304 2302 3374 μίας.
2349 3303 2565 3356 Ἐκεῖνα
2619 3302 2720 3373 μὲν
2770 3303 2882 3374 7&9
2936 3302 3200 3366 πολλάκις
3251 3302 3494 3374 ζητήσας
3515 3302 3617 3372 οὐχ
3647 3294 3806 3373 εὗρες
3837 3317 3848 3330 ·

2150 3391 2266 3444 ἀλλ’
2300 3391 2450 3461 ὅμως
2495 3390 2593 3442 καὶ
2629 3389 2806 3443 ταῦτα
2843 3387 3035 3454 εἰδὼς,
3063 3391 3144 3443 ὅτι
3189 3389 3250 3443 οὐ
3301 3390 3521 3452 πάντως
3569 3390 3849 3460 εὑρήσεις,

2153 3480 2333 3533 πάντα
2362 3480 2536 3540 κινεῖς
2566 3477 2798 3550 ἐρεύνης
2821 3477 3026 3550 τρόπον
3047 3492 3062 3507 ·
3117 3476 3351 3532 ἐνταῦθα
3380 3476 3438 3530 δὲ
3480 3477 3574 3530 καὶ
3605 3477 3850 3545 ἐπαγγε-

2150 3568 2273 3622 λίαν
2301 3567 2442 3639 ἔχων
2497 3568 2577 3620 ὅτι
2626 3566 2773 3638 λήψῃ
2811 3566 3030 3630 πάντως
3053 3606 3067 3632 ,
3119 3564 3240 3619 οὐδὲ
3292 3565 3354 3617 τὸ
3404 3563 3698 3617 πολλοστὸν
3753 3565 3852 3633 τῆς

2154 3656 2394 3726 σπουδῆς
2427 3654 2643 3726 ἐκείνης
2690 3654 3065 3708 ἐπιδείκνυσαι
3102 3653 3290 3724 μέρος.
3338 3653 3402 3706 Εἰ
3441 3652 3500 3705 δὲ
3533 3652 3609 3723 μὴ
3644 3650 3851 3714 εὐθέως

2150 3743 2451 3815 λαμϐάνεις
2474 3786 2489 3808 ,
2526 3742 2664 3813 μηδὲ
2704 3741 2880 3804 οὕτως
2913 3740 3191 3812 ἀωγνῷς.
3231 3740 3331 3793 Διά
3358 3739 3469 3809 γὰρ
3512 3738 3673 3793 τοῦτο
3705 3736 3848 3801 εἷπε,

2153 3831 2402 3903 κρούετε,
2436 3831 2526 3883 ἵνα
2563 3829 2711 3900 δείξῃ
2745 3831 2824 3882 ὅτι
2847 3827 2951 3881 κᾶν
2973 3827 3180 3889 εὐθέως
3209 3827 3283 3899 μή
3314 3828 3504 3900 ἀνοίξῃ
3531 3826 3630 3898 τὴν
3658 3825 3850 3896 θύραν,

2153 3918 2498 3991 παραμένειν
2528 3917 2631 3970 δεῖ.
2661 3917 2726 3970 Εἰ
2773 3916 2831 3970 δὲ
2875 3917 3126 3978 ἀπιστεῖς
3152 3931 3256 3984 μου
3295 3914 3361 3986 τῇ
3396 3915 3708 3983 ἀποφάσει,
3749 3911 3853 3967 κάν

2151 4007 2231 4078 τῷ
2280 4004 2641 4075 ὑποδείγματι
2695 4004 3010 4057 πίστευσον,
3071 4004 3168 4068 Τίς
3197 4001 3309 4072 γάρ
3341 4002 3513 4055 ἐστιν
3551 4002 3624 4067 ἐξ
3645 4001 3817 4070 ὑμῶν
3839 4042 3851 4062 ,

2154 4094 2344 4164 φησὶν,
2379 4092 2454 4145 δν
2500 4095 2534 4145 ό
2576 4090 2706 4156 υίὸς
2751 4087 2937 4143 αὑτοῦ
2978 4088 3218 4155 αἰτήσει
3261 4089 3442 4156 ἄρτον
3467 4087 3648 4158 ⁸⁸,μὴ
3678 4090 3853 4144 ,ῖίοον

2153 4178 2435 4234 ἐπιδώσει
2477 4176 2640 4241 αὐτῷ
2657 4193 2677 4241 ;
2731 4176 2846 4229 Ἐπ’
2876 4175 3184 4244 ἀνθρώπων
3220 4177 3318 4246 μὲν
3347 4178 3480 4246 γὰρ,
3511 4175 3579 4230 ἂν
3611 4176 3853 4247 συνεχῶς

2154 4269 2314 4323 τοῦτο
2346 4269 2529 4338 ποιῇς,
2562 4266 2655 4320 xal
2680 4264 2911 4336 ὀχληρὸς
2936 4265 3032 4318 καὶ
3058 4263 3232 4336 βαρὺς
3262 4260 3404 4317 εἶναι
3435 4265 3615 4328 δοκεῖς
3633 4278 3646 4294 ⁶
3681 4266 3776 4318 ἐπὶ
3796 4264 3853 4318 δὲ

2153 4358 2249 4412 τοῦ
2269 4356 2429 4418 Θεοῦ,
2457 4357 2587 4409 ὅταν
2614 4356 2690 4426 μὴ
2717 4353 2876 4407 τοῦτο
2922 4356 3106 4422 ποιῇς,
3137 4353 3259 4406 τότε
3304 4353 3634 4423 παροξύνεις
3669 4353 3853 4424 μειζό-

2154 4467 2282 4513 νως.
2310 4449 2409 4500 Ἀν
2440 4446 2498 4500 δὲ
2551 4445 2817 4516 ἐπιμένῃς
2848 4445 2894 4476 ⁸³
2923 4442 3110 4505 αἰτῶν,
3149 4441 3254 4497 κάν
3305 4442 3380 4514 μὴ
3411 4443 3616 4508 εὐθέως
3644 4443 3851 4515 λάϐῃς,

2152 4535 2302 4608 λήψῃ
2332 4536 2569 4596 πάντως.
2603 4532 2702 4586 Διά
2729 4531 2839 4602 7&9
2859 4530 3020 4584 10610
3055 4531 3370 4586 κέκλεισται
3411 4532 3446 4602 ή
3476 4530 3641 4603 θύρα,
3673 4533 3761 4585 ἵνα
3791 4529 3852 4584 σε

2155 4628 2235 4689 εἰς
2261 4624 2323 4677 τὸ
2355 4622 2576 4695 κρούειν
2600 4620 2844 4690 ἐναγάγῃ
2864 4635 2882 4652 ο
2907 4618 2996 4672 διὰ
3025 4618 3185 4672 τοῦτο
3220 4619 3324 4672 οὐκ
3351 4617 3556 4682 εὐθέως
3584 4619 3847 4682 ἐπινεύει,

2158 4715 2245 4768 ίνα
2269 4713 2518 4783 αἰτήσῃς.
2541 4710 2688 4762 Μένε
2707 4709 2886 4762 τοίνυν
2907 4706 3081 4761 ταῦτα
3098 4707 3290 4770 ποιῶν,
3311 4708 3406 4760 καὶ
3608 4709 3849 4771 πάντως.

2159 4803 2278 4856 Ἵνα
2309 4797 2419 4869 7&9
2453 4798 2527 4867 μὴ
2583 4796 2756 4868 λέγῃς
2779 4814 2791 4826 ’
2824 4796 2877 4847 τί
2907 4790 3022 4851 οὖν.
3074 4795 3142 4848 ἂν
3186 4796 3396 4866 αἰτήσω
3426 4796 3519 4847 καὶ
3559 4795 3634 4865 μὴ
3658 4794 3850 4858 me»;

2156 4888 2461 4957 ἐπετείχισε
2496 4902 2579 4938 σοι
2609 4885 2706 4954 τὴν
2735 4882 3050 4954 παραϐολὴν
3072 4923 3087 4948 ,
3117 4882 3414 4952 λογισμοὺς
3456 4883 3620 4938 πάλιν
3645 4883 3814 4946 τιθεὶς
3833 4927 3848 4949 ,

2156 4976 2253 5030 καὶ
2279 4976 2390 5028 ἀπὸ
2410 4974 2516 5026 τῶν
2544 4972 2900 5042 ἀνθρωπίνων
2924 4971 3270 5042 πραγμάτιον
3300 4973 3380 5034 εἰς
3404 4971 3466 5024 τὸ
3488 4972 3616 5041 περὶ
3642 4973 3851 5025 τούτων

2157 5059 2384 5132 θαρρεῖν
2424 5058 2634 5124 ἐνάγων
2655 5074 2668 5086 ·
2698 5056 2912 5119 δεικνὺς
2933 5055 3022 5108 διὰ
3056 5056 3386 5120 τούτων,ὂτι
3415 5056 3516 5109 οὐκ
3549 5058 3720 5110 αἰτεῖν
3741 5057 3849 5126 χρὴ

2165 5150 2346 5220 μόνον,
2368 5145 2506 5199 ἀλλά
2525 5146 2619 5199 καὶ
2647 5144 2682 5198 ἀ
2699 5145 2804 5215 χρὴ
2837 5146 3029 5197 αἰτεῖν.
3061 5145 3157 5210 Τίς
3185 5143 3296 5212 γάρ
3318 5146 3491 5198 ἐστιν
3516 5144 3561 5178 ’³
3589 5144 3659 5210 ἐξ
3683 5143 3850 5213 ὑμῶν

2159 5239 2378 5306 πατὴρ,
2397 5237 2470 5291 ὃν
2501 5239 2531 5290 ό
2562 5235 2691 5300 υἱὸς
2711 5235 2898 5289 αὐτοῦ
2927 5233 3164 5303 αἰτήσει
3194 5233 3394 5303 ἅρτον,
3420 5233 3506 5304 μὴ
3527 5235 3703 5289 λίθον
3721 5235 3850 5288 ἐπι-

2159 5327 2339 5380 δώσει
2371 5321 2562 5387 αὑτῷ;
2589 5324 2754 5376 Ὥστε
2788 5323 2855 5377 ἂν
2911 5324 2986 5392 μὴ
3014 5321 3209 5393 λάϐῃς,
3247 5321 3436 5393 ἐπειδὴ
3479 5321 3626 5375 λίθον
3654 5325 3848 5385 αἰτεῖς,

2160 5416 2220 5468 οὐ
2270 5413 2588 5484 λαμϐάνεις.
2626 5413 2690 5465 Εἰ
2728 5410 2836 5481 γὰρ
2871 5409 2967 5464 καὶ
2994 5410 3106 5474 υίὸς
3136 5405 3207 5475 εἰ,
3239 5411 3356 5463 οὐκ·
3383 5413 3544 5481 ἀρκεῖ
3575 5410 3734 5464 τοῦτο
3770 5414 3850 5473 εἰς

432 5589 751 5658 ἐδομάτων
788 5589 850 5667 ε.
882 5591 1068 5667 p.__"
1097 5593 1154 5645 δε
1196 5608 1321 5667 om._
1354 5598 1424 5667 ᾼ.
1464 5593 1526 5648 c.
1570 5594 1630 5648 F.
1711 5595 1757 5627 ιο
1799 5596 2018 5667 Ἐπειδὴ

2187 5639 2199 5651 .
2276 5596 2322 5628 ⁸³
2345 5593 2522 5667 γεεῖη
2555 5593 2765 5649 inclusa
2796 5593 2848 5646 in
2881 5592 3032 5647 nullo
3069 5592 3260 5647 codice
3298 5589 3507 5656 inveni,
3531 5599 3586 5645 et
3618 5601 3847 5667 ιλιι-τηρεε

370 5659 648 5736 ἰηιετμτεε
684 5663 942 5732 neglexit.
971 5660 1050 5717 Ne
1078 5673 1257 5736 ιιι-πλευ
1291 5664 1552 5736 ἀνίει-ειη,
1577 5667 1750 5722 movit
1791 5659 2204 5736 conjunétivum
2232 5665 2576 5731 αἰδεσθῶσιν,
2613 5680 2713 5734 pro
2749 5679 2859 5732 quo
2884 5678 3200 5736 inoniausgs
3230 5677 3351 5736 sul_n
3392 5678 3462 5736 εκ
3493 5659 3845 5736 uno_cod_.'_B.

370 5730 1074 5805 Ignperaliguln'regnnerc.
1111 5733 1250 5805 Ergo
1289 5734 1575 5792 cancellos.
1615 5746 1818 5791 temere
1847 5730 2045 5793 a'Sav.

2188 5739 2297 5793 Sen.
2335 5730 2919 5799 sublatos,'revdca\-i.
2985 5734 3038 5805 ,κ’
3065 5731 3322 5805 ῥήξωσιν]
3360 5734 3487 5787 add.
3515 5733 3670 5805 ὐμᾷς
3709 5733 3846 5805 Εςίιί.

371 5799 815 5880 ¹¹¹οκαταγελῶσιν
854 5801 934 5880 Ε..
960 5805 1055 5872 Ep.
1131 5799 1538 5880 ⁸⁸ᾂποοτρὲφου
1579 5811 1641 5859 Α.
1717 5808 1763 5849 ⁸-⁵
1795 5806 1938 5860 οῦτω
1980 5808 2046 5875 γά

2187 5810 2238 5862 δὲ
2285 5807 2344 5860 F.
2422 5807 2802 5880 δί’-κλείσαντες
2951 5804 3023 5880 __"
3053 5799 3367 5880 a61b;|_$'ic
3419 5805 3478 5880 I‘1_.
3515 5799 3575 5856 FQ
3603 5801 3700 5880 ϐε.
3735 5803 3845 5857 Do-

371 5873 561 5950 mimus~
584 5873 732 5950 ,ξι-ιιι.
757 5873 938 5950 cat-teri
958 5876 1177 5950 αὐτοῖς..
1283 5885 1622 5950 ευιειιι-ευιιι
1655 5877 1714 5931 F.
1747 5882 1898 5950 Atyn.
1923 5873 2034 5941 τοῖς

2187 5880 2348 5940 Ξαίοις
2387 5876 2664 5950 ominum.
2715 5876 2788 5950 _"
2810 5875 3082 5950 τῷνῦλων
3116 5873 3233 5950 o_l_n.'
3259 5873 3412 5950 Mor;
3435 5873 3571 5950 Βεηἶ
3642 5873 3845 5950 ’θ-μκαρο

368 5939 941 6022 τξρικῶνξι-ἐπιμὸνων
971 5943 1146 6022 Edd.“
1183 5946 1233 6022 _’°
1259 5943 1766 6022 ‘(IVETGLITEIVﬁﬁGL
1803 5948 1864 6002 Ε.
1892 5939 2177 6022 ἐπείγεται,
2209 5950 2268 6003 I“.
2335 5939 2386 5981 7"
2417 5948 2565 6019 φησι,
2598 5947 2799 6018 πατὴρ,
2828 5946 2886 6000 ὃν
2922 5947 3017 6000 ἐὰν
3046 5947 3074 5999 ὁ
3109 5946 3223 6011 υίὸς
3251 5943 3415 6001 αὐτοῦ
3456 5944 3655 6016 αἰτήσῃ
3681 5939 3844 6016 ἄρτον

372 6010 510 6067 Edd.
589 6010 943 6084 η’ἐπιμεένῃς
964 6012 1026 6070 C.
1101 6015 1148 6049 ”
1180 6010 1327 6069 ἐστιν
1350 6010 1553 6074 οω.Ἀ.
1574 6017 1632 6074 ὃν
1661 6020 1823 6076 ἐὰν...
1854 6029 1910 6075 ιιι
1946 6037 2046 6092 sup

2187 6021 2301 6077 ﬁdd.
