4066 6444
237 447 350 503 313

237 563 612 635 accipiendum
646 580 660 617 :
684 563 790 616 into
814 557 937 614 illud
962 560 1131 627 ipsum
1155 557 1398 628 impedit,
1421 555 1708 626 quominus
1737 565 1828 608 ac-

238 655 409 724 cipias
429 696 444 718 ,
472 653 648 724 quod,
701 650 837 705 ﬁlius
862 666 982 704 cum
1011 651 1088 704 sis
1112 691 1126 713 ,
1154 649 1240 702 illa
1272 658 1421 717 petas
1464 662 1586 716 quae
1607 660 1713 699 non
1742 645 1834 698 tibi

241 745 551 812 expediant.
582 743 649 797 Et
695 753 746 795 tu
791 743 969 810 itaque
995 740 1123 794 nihil
1166 739 1494 792 nmndanum
1522 748 1672 806 petas
1697 776 1712 799 ,
1739 734 1833 789 sed

239 835 539 904 Spiritualia
568 833 745 885 omnia
771 841 861 896 ;et
888 842 1038 886 certo
1062 830 1312 898 accipies.
1339 830 1548 883 Etenim
1574 826 1833 881 Salomon

243 926 361 993 quia
404 924 492 978 illa
534 923 684 992 petiit
713 938 830 992 qum
859 932 1039 991 petere
1060 920 1361 988 oportebat,
1393 919 1512 974 vide
1540 934 1699 988 quam
1729 918 1837 972 cito

242 1017 523 1083 acceperit.
563 1016 676 1066 Duo
707 1013 864 1083 igitur
888 1013 1177 1066 observare
1204 1019 1418 1080 oportet
1447 1020 1691 1063 orantem
1715 1049 1728 1068 .
1782 1020 1837 1060 ut

240 1117 293 1159 et
321 1105 669 1159 vehementer
698 1114 858 1173 petat,
881 1114 936 1158 et
964 1119 1024 1159 ea
1055 1112 1199 1172 petat
1228 1118 1348 1172 qua:
1373 1101 1474 1156 sibi
1501 1099 1792 1170 expediunt
1821 1117 1832 1151 :

243 1196 670 1265 quandoquidem
715 1204 768 1249 et
799 1210 923 1257 vos,
975 1195 1175 1264 inquit,
1222 1194 1430 1248 etiamsi
1463 1202 1642 1261 patres
1682 1191 1833 1254 sitis,

244 1289 380 1340 lilios
412 1296 624 1341 vestros
647 1295 825 1355 petere
847 1285 1019 1338 sinitis
1045 1301 1058 1349 ;
1104 1297 1158 1338 et
1196 1284 1238 1338 si
1265 1283 1583 1337 damnosum
1611 1283 1677 1335 sit
1709 1282 1834 1335 illud

244 1377 383 1444 quod
417 1385 636 1446 petunt,
669 1376 910 1446 negatis;
942 1376 1022 1430 sin
1051 1376 1179 1453 utile
1207 1375 1295 1441 sit,
1325 1375 1559 1428 annuitis
1593 1382 1647 1427 et
1675 1373 1833 1426 datis.

243 1468 318 1520 Tn
347 1468 506 1537 igitur
528 1468 640 1521 hmc
665 1469 924 1536 cogitans,
950 1482 1015 1520 ne
1048 1467 1275 1521 absistas
1293 1508 1306 1530 ,
1331 1465 1504 1520 donec
1527 1467 1833 1534 acceperis;

242 1575 306 1611 ne
333 1558 586 1621 recedas,
614 1559 786 1612 donec
829 1558 1099 1612 inveneris
1127 1575 1142 1622 ;
1196 1574 1264 1612 ne
1289 1559 1523 1612 studium
1557 1558 1798 1612 remittas
1819 1599 1832 1620 ,

240 1651 410 1702 dnch
433 1650 704 1715 aperiatur
723 1648 905 1717 janua.
939 1649 993 1701 Si
1016 1649 1158 1703 enim
1190 1648 1289 1701 hoc
1318 1649 1497 1704 animo
1520 1648 1830 1709 accesseris,

242 1740 546 1808 dixerisqne
567 1780 579 1801 ,
609 1739 716 1792 Nisi
747 1739 997 1807 recipiam
1023 1780 1036 1798 .
1082 1753 1185 1792 non
1217 1740 1351 1793 abeo
1376 1781 1388 1800 .
1420 1755 1639 1808 prorsus
1691 1738 1834 1792 acci-

243 1834 352 1899 pies
379 1872 393 1894 ,
427 1832 470 1884 si
523 1841 697 1884 tamen
731 1831 817 1884 illa
847 1841 1030 1899 petas,
1074 1845 1192 1898 qme
1222 1840 1277 1884 et
1301 1830 1348 1883 ci
1378 1846 1407 1884 a
1443 1846 1549 1898 quo
1595 1830 1730 1898 petis
1784 1838 1834 1883 et

241 1924 329 1975 tibi
361 1921 578 1989 expedit
624 1934 681 1976 ut
709 1921 920 1976 dentur.
965 1922 1220 1987 Quaenam
1248 1937 1408 1990 porro
1436 1934 1561 1974 sunt
1587 1921 1701 1975 btec
1725 1921 1748 1973 ?
1778 1920 1832 1974 Si

238 2015 539 2082 spiritualia
574 2027 721 2083 petas
764 2015 973 2077 omnia;
1015 2015 1058 2068 si
1089 2021 1367 2083 postquam
1409 2013 1641 2068 oll‘ensas
1671 2014 1832 2067 remi-

237 2108 378 2168 sisti,
417 2107 495 2159 sic
533 2107 756 2158 accedas
796 2105 1164 2160 remissionem
1198 2116 1419 2175 petens;
1453 2106 1496 2158 si
1523 2105 1728 2174 absque
1759 2105 1835 2158 ira

237 2209 290 2248 et
357 2195 833 2263 disceptationibus
887 2205 1098 2250 sanctas
1146 2210 1333 2250 manus
1380 2196 1686 2250 attollamus
1735 2197 1831 2264 (Ι.

239 2285 372 2338 Tim.
403 2285 455 2337 9..
488 2286 578 2354 8).
623 2286 680 2340 Si
713 2287 790 2340 sic
820 2296 1099 2355 petamus,
1121 2285 1463 2353 accipiemus.
1521 2285 1674 2341 Nunc
1710 2301 1836 2340 vero

237 2388 421 2432 nostra
454 2379 638 2447 petitio
671 2379 846 2433 irrisio
883 2386 996 2443 est,
1035 2379 1315 2448 potiusque
1355 2379 1625 2433 ebriorum
1660 2378 1833 2432 homi-

237 2487 389 2536 num,
417 2487 577 2540 quam
601 2471 922 2524 sobriorum.
963 2471 1100 2536 Quid
1134 2470 1322 2540 igitur,
1367 2471 1612 2540 inquies,
1652 2472 1695 2524 si
1725 2471 1835 2538 spi-

239 2565 453 2617 ritualia
483 2573 694 2630 petam,
740 2578 839 2617 nec
864 2563 1162 2631 accipiam?
1199 2562 1316 2617 Non
1342 2562 1581 2616 studiose
1622 2563 1837 2630 procul-

236 2656 400 2710 dubio
450 2657 762 2726 postulasti,
795 2657 877 2710 vel
929 2657 1154 2725 teipsum
1215 2655 1490 2724 indignum
1539 2655 1709 2710 fecisti
1746 2655 1835 2724 qui

236 2750 544 2817 acciperes,
591 2758 682 2802 aut
727 2750 886 2803 citius
923 2764 1081 2818 quam
1125 2762 1220 2818 par
1248 2757 1362 2802 crat
1397 2747 1724 2804 abseessisti.
1773 2748 1838 2802 Et

237 2856 358 2905 cur,
396 2841 602 2911 inquies
625 2881 640 2906 ,
675 2857 782 2895 non
812 2841 945 2895 dixit
988 2857 1107 2909 qua:
1141 2850 1386 2909 oporteat
1426 2841 1650 2908 petere?
1677 2840 1836 2894 Certe

236 2935 344 3004 iam
394 2934 573 2989 omnia
605 2934 752 3004 prius
776 2932 946 2995 dixit,
979 2941 1033 2986 et
1063 2931 1295 2986 ostendit
1336 2947 1430 3000 pro
1460 2931 1652 3001 quibus
1680 2946 1835 2985 acce-

237 3028 367 3081 dere
391 3034 657 3096 oporteat.
685 3025 760 3080 Ne
780 3028 958 3094 itaque
978 3023 1146 3090 dicas,
1173 3014 1412 3090 Accessi,
1430 3032 1607 3077 etnon
1630 3025 1830 3092 accepi.

237 3120 353 3174 Non
394 3122 538 3175 enim
571 3135 666 3188 per
696 3121 860 3174 Deum
901 3119 1051 3173 stetit
1077 3107 1365 3188 quiiminus
1391 3119 1663 3186 acceperis
1684 3157 1698 3180 ,
1747 3118 1836 3186 qui

237 3213 372 3267 adeo
415 3213 626 3282 diligit,
677 3221 736 3266 ut
769 3221 947 3280 patres
1006 3209 1107 3264 hac
1164 3211 1214 3263 in
1265 3227 1320 3263 re
1373 3219 1576 3264 tantum
1616 3210 1834 3275 vincat,

235 3314 495 3372 quantum
525 3307 659 3357 hanc
687 3303 977 3372 nequitiam
1013 3300 1217 3354 bonitas
1248 3309 1485 3368 superat.
1513 3302 1598 3353 ll.
1619 3300 1678 3354 Si
1706 3294 1851 3353 enim

239 3412 341 3456 vos.
373 3412 486 3448 cum
511 3396 621 3448 sitis
651 3394 793 3458 mali,
828 3394 981 3446 nostis
1009 3392 1139 3444 bona
1180 3392 1300 3442 data
1330 3391 1453 3443 dare
1479 3391 1601 3458 ﬁliis
1624 3391 1799 3442 vestris
1820 3432 1834 3454 ,

238 3498 423 3555 quanto
464 3487 624 3554 magis
650 3484 804 3538 Pater
842 3493 999 3537 vester
1027 3482 1282 3536 cwlestis?
1320 3481 1443 3535 llaec
1474 3496 1634 3550 porro
1664 3480 1791 3534 dixit
1821 3523 1834 3546 ,

240 3598 343 3634 non
390 3581 698 3650 vituperans
747 3577 1033 3632 humanam
1078 3583 1320 3629 naturam
1347 3615 1361 3638 ,
1395 3589 1494 3627 nec
1535 3588 1706 3643 genus
1744 3589 1838 3626 no-

239 3681 406 3722 strum
439 3670 636 3723 malum
666 3683 788 3722 esse
829 3668 1216 3738 pronuntians;
1262 3665 1433 3719 absit:
1466 3666 1559 3718 sed
1601 3679 1837 3717 amorem

241 3773 542 3829 paternum,
575 3761 620 3814 si
651 3776 770 3814 curn
803 3761 1038 3813 bonitate
1064 3758 1152 3813 Dei
1178 3766 1521 3826 comparetur
1541 3799 1554 3820 ,
1581 3757 1834 3810 malitiam

239 3855 516 3923 appellans
542 3871 554 3906 :
586 3862 730 3906 tanta
761 3851 962 3906 scilicet
991 3852 1130 3904 inest
1161 3850 1236 3903 illi
1265 3849 1582 3916 benignitas.

311 3949 365 4003 5.
414 3946 656 4000 Vidistin‘
710 3945 963 3997 invictum
1013 3951 1426 4012 argumentum,
1480 3941 1619 4010 quod
1671 3945 1838 4010 possit

237 4043 404 4095 etiam
438 4039 813 4108 desperantem
861 4037 910 4089 in
961 4035 1154 4089 bonam
1199 4050 1348 4103 spem
1392 4035 1693 4088 revocare?
1743 4035 1837 4088 llic

240 4130 455 4202 quidem
509 4129 758 4198 exemplo
815 4136 1020 4195 patrum
1072 4125 1361 4180 bonitatem
1415 4125 1506 4178 Dei
1557 4124 1830 4178 ostendit:

239 4226 486 4296 superius
533 4232 708 4277 autem
738 4237 802 4276 ex
830 4220 985 4275 donis
1013 4234 1122 4273 suis
1153 4218 1476 4286 majoribus,
1509 4233 1574 4272 ex
1624 4218 1834 4281 anima,

238 4335 297 4372 ex
327 4332 595 4385 corpore;
628 4325 682 4368 et
721 4327 983 4382 nusquam
1008 4323 1166 4381 caput
1214 4311 1477 4364 bonorum
1503 4311 1691 4377 affert,
1742 4327 1836 4365 uc-

236 4425 341 4477 qne
395 4407 562 4477 ipsius
604 4407 891 4461 adventum
937 4406 987 4458 in
1018 4405 1252 4459 medium
1287 4403 1501 4457 adducit
1532 4421 1545 4456 :
1577 4419 1700 4458 nam
1749 4405 1836 4472 qui

238 4501 409 4552 tilium
432 4495 785 4552 occidendum
824 4495 997 4557 dedit,
1030 4493 1300 4564 quomodo
1329 4493 1482 4548 nobis
1510 4508 1615 4548 non
1659 4496 1836 4547 omnia

237 4587 502 4642 donabit?
549 4587 672 4640 llaec
717 4601 845 4639 vero
876 4586 1110 4639 nondum
1155 4595 1466 4639 evenerant.
1497 4584 1600 4640 Sed
1644 4585 1838 4641 Paulus

240 4680 370 4734 illud
395 4678 555 4734 affert
593 4677 676 4732 bis
701 4677 880 4732 verbis
913 4693 924 4729 :
958 4676 1059 4740 Qui
1085 4677 1292 4745 proprio
1333 4677 1441 4743 ﬁlio
1464 4693 1562 4730 non
1592 4680 1833 4746 pepercit,

237 4771 493 4840 quomodo
515 4786 617 4824 non
634 4769 787 4823 etiam
815 4784 931 4821 cum
954 4784 1012 4821 eo
1038 4769 1210 4821 omnia
1237 4769 1378 4821 nobis
1408 4769 1615 4822 donabit
1642 4768 1659 4841 (
1684 4770 1830 4823 Itoni.

237 4865 290 4919 8.
325 4860 468 4930 32)?
514 4861 631 4932 Ipse
662 4877 790 4917 vero
815 4861 1060 4915 Christus
1110 4875 1176 4914 ex
1223 4860 1469 4915 humanis
1497 4861 1671 4916 adhuc
1714 4878 1838 4918 cum

238 4957 350 5010 illis
394 4954 631 5009 disserit.
685 4953 888 5008 Deinde
914 4952 1200 5008 ostendens
1224 4992 1241 5014 ,
1271 4967 1369 5007 nec
1398 4953 1624 5007 orationi
1667 4954 1836 5008 fiden-

237 5048 366 5102 dum
397 5061 550 5110 esse,
575 5047 620 5099 si
645 5060 707 5099 ea
728 5060 849 5114 qua:
875 5045 927 5099 in
956 5045 1110 5100 nobis
1137 5054 1262 5100 sunt
1290 5044 1638 5115 negligamus,
1666 5063 1838 5116 neque

237 5139 281 5192 si
315 5138 404 5192 illa
451 5150 738 5200 curemus,
768 5143 966 5188 nostra
1010 5148 1154 5189 curze
1197 5150 1259 5189 ac
1299 5135 1587 5206 diligentiae
1632 5146 1836 5192 tantum

239 5228 514 5285 tidendum
559 5242 681 5285 esse
701 5267 715 5293 ,
742 5226 837 5282 sed
867 5242 1156 5296 supernum
1184 5242 1306 5282 esse
1333 5228 1710 5294 requirendum
1739 5245 1804 5284 au
1826 5261 1838 5270 -

240 5322 466 5384 xilium,
497 5329 553 5374 et
599 5327 781 5375 nostra
827 5319 984 5372 simul
1034 5318 1303 5374 afferenda
1353 5334 1509 5383 esse,
1554 5320 1736 5375 ethoc
1785 5333 1839 5376 et

241 5413 368 5468 illud
415 5413 723 5483 frequenter
767 5415 1007 5482 apponit.
1064 5412 1198 5466 Nam
1256 5424 1373 5484 post
1426 5414 1588 5468 multa
1637 5416 1835 5469 monita

240 5506 460 5560 modum
490 5504 673 5560 orandi
700 5505 902 5569 docuit,
935 5514 988 5559 et
1018 5515 1296 5574 postquam
1324 5506 1375 5558 id
1401 5505 1690 5570 docuerat,
1721 5522 1839 5560 rur-

240 5611 332 5651 sus
378 5597 442 5649 ad
484 5595 749 5666 agendum
776 5595 1084 5651 cohortatus
1109 5607 1192 5651 est
1217 5614 1229 5658 ;
1273 5596 1469 5652 abhinc
1499 5597 1691 5653 iterum
1720 5615 1835 5652 mo-

241 5689 355 5742 nuit
384 5688 642 5741 orandum
672 5703 795 5743 esse
840 5687 1181 5758 frequenter,
1234 5704 1355 5743 cum
1405 5690 1577 5753 ditit,
1635 5688 1834 5754 Petite,

239 5778 468 5845 quarrite,
506 5777 734 5847 βιαιως
766 5780 865 5833 sub
894 5778 1008 5834 hare
1048 5795 1284 5845 rursum,
1315 5781 1526 5835 virtutis
1567 5782 1842 5838 studiosos

239 5884 359 5926 esse
384 5880 668 5939 oportere;
716 5887 837 5926 nam
870 5873 982 5939 ait,
1013 5869 1098 5926 η
1136 5871 1319 5926 Omnia
1346 5891 1464 5944 ergo
1512 5889 1835 5946 quotcumque

1157 443 1222 496 IN
1262 437 1670 497 MAT'l‘ll/Elill
1713 437 1945 494 HOMIL.
1991 435 2180 491 XXIII.
2232 437 2302 490 al.
2348 433 2534 489 XXIV.

3451 436 3550 492 5H

1945 549 2096 604 vultis
2127 559 2181 603 ut
2212 549 2406 620 faciant
2453 549 2590 603 vobis
2639 550 2901 616 laetantes,
2932 560 2978 603 ct
3020 565 3107 603 vos
3133 548 3281 618 facile
3311 549 3450 612 illis;
3501 553 3554 605 iu

1947 643 2091 696 brevi
2121 643 2295 711 spatio
2325 651 2518 696 cuncta
2546 656 2827 696 resumens
2860 683 2874 706 ,
2927 641 3324 711 ostendensque
3343 681 3358 706 ,
3400 656 3551 695 com-

1948 733 2289 802 pendiosam,
2316 733 2562 799 facilem,
2601 733 2958 803 omnibusque
3001 743 3184 786 uotum
3227 747 3351 788 esse
3386 732 3556 788 virtu-

1948 834 2075 879 tem.
2125 824 2311 896 Neque
2362 825 2679 894 simpliciter
2724 825 2892 889 dixit,
2935 826 3302 894 Quaecumque
3356 824 3551 886 vultis;

1946 918 2061 979 sed,
2095 918 2279 971 Omnia
2301 935 2421 988 ergo
2451 935 2782 987 qutvctttitque
2824 919 2994 972 vultis.
3035 918 3171 974 Nam
3201 917 3351 983 illud,
3387 917 3550 990 Ergo,

1949 1024 2053 1059 non
2112 1008 2228 1062 sine
2279 1023 2441 1062 eausa
2481 1008 2713 1078 adjecit,
2769 1009 2862 1064 scd
2899 1009 3000 1064 hoc
3039 1009 3386 1064 subindicans
3434 1028 3447 1062 :
3497 1012 3558 1064 Si

1948 1099 2132 1164 vultis,
2188 1101 2622 1170 inquit,audiri,
2653 1117 2775 1156 cum
2807 1092 2948 1168 illis,
2991 1119 3112 1172 quae
3151 1101 3295 1168 dixi,
3342 1113 3398 1158 et
3441 1103 3557 1158 hare

1949 1189 2122 1244 facite.
2154 1189 2412 1258 Quaenam
2455 1190 2589 1244 illa?
2621 1190 2965 1259 Queatmque
2990 1191 3140 1245 vultis
3170 1201 3222 1244 ut
3249 1192 3442 1261 faciant
3469 1207 3556 1246 vo-

1945 1282 2019 1334 bis
2062 1281 2306 1335 homines.
2366 1281 2551 1336 \‘iden'
2575 1282 2848 1353 quomodo
2877 1283 3210 1350 ostenderit,
3260 1299 3383 1338 cum
3433 1300 3557 1338 ora-

1948 1369 2093 1424 tione
2138 1371 2303 1424 etiam
2349 1371 2521 1441 probo
2549 1373 2672 1428 vita:
2717 1373 2961 1427 instituto
3007 1373 3162 1428 nobis
3209 1388 3346 1443 opus
3389 1375 3552 1429 esse?

1947 1461 2130 1534 Neque
2158 1464 2323 1529 dixit,
2377 1464 2742 1536 Quaecumque
2784 1467 3019 1521 volueris
3051 1466 3143 1520 tibi
3177 1481 3205 1519 a
3241 1467 3353 1522 Deo
3397 1467 3509 1522 lieri
3537 1510 3551 1531 ,

1950 1552 2064 1609 hare
2094 1555 2174 1608 lac
2223 1563 2277 1609 et
2327 1557 2611 1623 proximo:
2646 1572 2715 1611 ne
2753 1557 2994 1620 diceres,
3033 1559 3096 1612 Et
3141 1559 3416 1628 quomodo
3454 1559 3567 1613 hoc»

1946 1642 2084 1696 effici
2115 1645 2327 1713 potest?
2359 1645 2446 1699 ille
2477 1646 2618 1699 Deus
2644 1656 2765 1712 est,
2796 1657 2849 1700 ct
2879 1662 2978 1717 ego
3005 1647 3208 1714 homo;
3239 1649 3334 1703 sed
3353 1689 3367 1714 ,
3399 1648 3556 1716 Quar-

1946 1748 2176 1803 cumque
2227 1736 2462 1791 volueris
2512 1737 2606 1789 tibi
2666 1738 2779 1790 fieri
2823 1754 2850 1790 a
2912 1752 3215 1804 conservo,
3268 1738 3389 1794 lucc
3415 1749 3467 1794 et
3500 1750 3554 1792 tu

1949 1827 2198 1894 proximo
2250 1837 2342 1882 tuo
2392 1829 2670 1884 exhibeas.
2727 1831 2863 1897 Quid
2908 1830 3006 1885 hac
3047 1848 3104 1886 rc
3153 1832 3370 1886 levius?
3425 1833 3553 1901 quid

1941 1921 2181 1989 justius?
2210 1921 2410 1976 Deinde
2439 1931 2563 1976 ante
2590 1924 2807 1992 prmmia
2834 1923 3036 1993 grande
3059 1926 3387 1979 encomium.
3423 1923 3552 1978 "tu:

1945 2020 2019 2064 est
2046 2012 2179 2064 enim
2208 2012 2291 2065 lea:
2319 2053 2331 2076 ,
2363 2024 2408 2065 et
2446 2015 2726 2083 praphetat.
2757 2014 2911 2070 Unde
2957 2016 3298 2070 manifestum
3348 2026 3432 2070 est
3471 2031 3557 2070 se-

1947 2102 2179 2157 cundum
2237 2114 2480 2158 naturam
2531 2107 2687 2160 nobis
2739 2107 2916 2161 inesse
2964 2109 3253 2174 virtutem,
3282 2119 3336 2164 et
3379 2123 3479 2162 nos
3518 2093 3558 2161 la

1949 2196 2103 2250 nobis
2132 2197 2260 2265 ipsis
2281 2197 2408 2267 quid
2439 2198 2509 2252 sit
2551 2198 2817 2269 agendum
2845 2200 3017 2264 scire,
3061 2215 3236 2270 neque
3284 2214 3444 2269 posse
3488 2201 3554 2255 ad

1949 2288 2262 2355 ignorantia:
2293 2289 2694 2343 excusationem
2737 2305 2986 2359 umquam
3014 2289 3326 2360 confugere.

2018 2380 2173 2432 Arcto
2204 2389 2272 2433 est
2300 2381 2380 2431 via
2406 2396 2519 2449 qua:
2562 2382 2700 2434 ducit
2750 2382 2818 2433 ad
2861 2382 3051 2445 vitam;
3101 2383 3351 2450 quomodo
3389 2384 3560 2453 facilis

1948 2472 2143 2523 evadat.
2177 2501 2245 2509 —
2275 2471 2361 2525 15.
2406 2470 2604 2524 Intrate
2629 2487 2718 2540 per
2747 2483 3015 2542 angustant
3048 2483 3270 2538 portam,
3314 2474 3555 2541 quoniam

1948 2564 2052 2614 lata
2079 2572 2149 2615 cst
2182 2575 2330 2630 porta
2351 2604 2366 2628 ,
2397 2574 2443 2615 et
2466 2564 2692 2631 spatiosa
2730 2564 2810 2615 via
2838 2573 2929 2626 est,
2975 2579 3090 2630 qua:
3119 2565 3254 2616 ducit
3281 2565 3348 2617 ad
3387 2565 3560 2634 perdi-

1949 2655 2154 2714 tionem.
2188 2666 2235 2708 et
2282 2655 2431 2707 multi
2457 2663 2593 2717 sunt,
2625 2655 2710 2723 qui
2751 2655 3107 2724 ingrediuntur
3145 2671 3238 2723 per
3276 2671 3387 2708 eam
3418 2671 3436 2709 :
3469 2656 3553 2709 l4.

1947 2758 1994 2800 et
2023 2758 2164 2800 arcta
2180 2730 2265 2801 ἐει
2295 2757 2443 2817 porta
2470 2788 2482 2808 ,
2518 2757 2564 2800 et
2605 2758 2818 2817 angusta
2848 2749 2948 2811 via,
2973 2763 3086 2815 quat
3115 2749 3253 2800 ducit
3290 2749 3358 2799 ad
3379 2748 3552 2811 vitam,

1949 2849 1994 2890 et
2019 2839 2166 2905 pauci
2195 2850 2333 2901 sunt,
2377 2839 2462 2905 qui
2491 2838 2750 2890 inveniunt
2797 2855 2929 2890 eam.
2971 2840 3130 2904 Atqui
3163 2845 3345 2905 postea
3377 2838 3507 2892 dicit
3543 2857 3554 2889 :

1945 2928 2142 2999 Iugum
2189 2946 2354 2983 meum
2395 2945 2548 2982 suave
2591 2942 2662 2983 est
2685 2972 2698 2994 ,
2729 2942 2776 2982 et
2815 2946 2941 2983 onus
2983 2947 3150 2984 incinit
3178 2932 3286 2984 {eve
3321 2930 3553 2999 (Matth.

1952 3023 2038 3074 ll.
2081 3023 2224 3091 50)’;
2275 3034 2437 3091 atque
2461 3024 2622 3076 etiam
2656 3023 2706 3075 in
2738 3023 2836 3087 iis,
2871 3038 2992 3092 qu:e
3037 3024 3198 3092 paulo
3241 3037 3368 3078 ante
3409 3023 3550 3079 dicta

1948 3124 2112 3174 sunt.
2170 3113 2401 3183 idipsum
2445 3113 2803 3168 subiudicavit
2856 3132 2867 3165 :
2916 3116 3188 3183 quomodo
3229 3124 3411 3170 autem
3470 3116 3557 3170 hic

1948 3215 2149 3260 arctam
2178 3207 2320 3259 illam
2347 3215 2738 3276 angustamque
2764 3207 2895 3262 dicit
2919 3223 3039 3263 esse
3060 3211 3083 3262 ’ἓ
3112 3210 3273 3264 Certe
3303 3211 3348 3263 si
3376 3220 3553 3266 atten-

1947 3297 2092 3352 deris
2115 3339 2127 3361 ,
2160 3298 2245 3352 hic
2273 3297 2437 3352 etiam
2468 3297 2706 3352 declarat
2746 3296 2888 3352 illam
2919 3298 3205 3353 admodum
3233 3314 3356 3354 esse
3382 3301 3555 3356 levem

1948 3401 2000 3442 et
2030 3390 2259 3443 facilem.
2290 3389 2358 3442 Et
2397 3391 2698 3458 quomodo,
2733 3390 2940 3459 inquies
2960 3432 2975 3455 ,
3009 3391 3098 3445 illa
3120 3433 3134 3457 ,
3179 3407 3299 3460 qua:
3329 3403 3475 3448 arcta
3506 3405 3559 3447 et

1946 3491 2192 3551 angusta,
2223 3482 2393 3535 facilis
2422 3482 2567 3537 erit?
2620 3483 2750 3550 Quia
2782 3484 2867 3537 via
2920 3493 3034 3546 est,
3086 3495 3139 3539 et
3184 3495 3370 3554 porta;
3420 3489 3558 3540 sicut

1947 3578 2109 3628 etiam
2135 3576 2222 3629 illa
2251 3576 2354 3628 alia
2381 3617 2395 3637 ,
2427 3577 2528 3629 etsi
2562 3575 2667 3630 lata
2695 3595 2748 3631 ei
2778 3578 3014 3645 spatiosa
3035 3619 3050 3642 ,
3095 3578 3177 3630 via
3208 3587 3292 3631 est
3316 3588 3371 3633 et
3418 3579 3552 3646 ipsa.

1950 3667 2003 3720 ln
2044 3667 2125 3720 his
2155 3677 2332 3720 autem
2365 3666 2494 3720 nihil
2530 3678 2734 3732 manet
2788 3668 2883 3722 sed
2932 3677 3213 3724 transeunt
3261 3670 3438 3724 omnia
3488 3672 3574 3724 ad-

1950 3759 2086 3813 lianc
2129 3761 2290 3814 vitam
2346 3744 2704 3827 pertinentia,
2752 3762 2867 3815 sive
2896 3761 3067 3815 tristia
3089 3803 3102 3823 .
3135 3763 3248 3816 sive
3277 3776 3553 3831 prospera.

1946 3853 2056 3907 Nec
2096 3852 2219 3906 ideo
2251 3861 2458 3907 tantum
2503 3852 2673 3907 facilis
2708 3863 2791 3908 est
2817 3854 3018 3919 virtus;
3051 3854 3147 3909 sed
3177 3870 3206 3907 a
3255 3855 3359 3910 fine
3397 3855 3555 3909 etiam

1947 3946 2154 4000 facilior
2201 3946 2463 4000 redditur.
2502 3944 2686 4014 Neque
2726 3946 2870 4000 enim
2917 3955 3121 4000 tantum
3151 3947 3295 4015 quod
3346 3946 3576 4001 labores-

1947 4045 2003 4088 et
2028 4037 2253 4090 sudores
2302 4045 2597 4100 transeant,
2629 4036 2724 4093 sed
2749 4037 2911 4092 etiam
2943 4039 3084 4108 quod
3115 4038 3257 4094 bono
3290 4039 3415 4104 litae,
3449 4040 3558 4092 vita

1949 4141 2140 4193 nempe
2161 4167 2175 4190 ,
2209 4127 2583 4190 terminentur,
2619 4129 2670 4180 id
2696 4127 3122 4183 consolationem
3151 4129 3558 4185 deccrtantibus

1949 4232 2141 4285 parere
2170 4215 2353 4272 debet.
2385 4216 2566 4284 Itaque
2594 4227 2648 4271 et
2669 4219 2902 4273 brevitas
2923 4219 3168 4273 laborum
3199 4228 3254 4275 et
3283 4221 3560 4275 aeternitas

1945 4325 2291 4373 coronarum,
2326 4319 2381 4364 et
2407 4310 2548 4380 quod
2581 4317 2696 4366 tunc
2717 4312 2826 4366 sint
2851 4312 3029 4382 priora
3056 4354 3070 4375 ,
3105 4313 3192 4366 illa
3224 4329 3350 4367 vero
3375 4327 3556 4383 poste-

1948 4403 2125 4466 riora;
2162 4402 2277 4457 lnec
2303 4409 2450 4457 certe
2475 4403 2656 4456 omnia
2703 4403 2992 4458 maximam
3034 4405 3086 4458 in
3131 4403 3406 4459 laboribus
3430 4405 3558 4459 affe-

1949 4503 2068 4548 rant
2093 4494 2539 4548 eonsolationem.
2569 4501 2908 4564 Quapropter
2943 4495 3141 4551 Paulus
3167 4496 3341 4551 levem
3389 4497 3555 4551 tribu-

1949 4589 2204 4642 lationem
2271 4588 2525 4653 vocavit,
2583 4605 2691 4642 non
2739 4588 2812 4643 ob
2874 4597 3122 4643 naturam
3194 4589 3555 4644 accidentium

1949 4696 2165 4743 rerum,
2207 4679 2301 4734 sed
2334 4680 2404 4732 ob
2436 4691 2734 4749 promptam
2769 4680 3098 4736 voluntatem
3129 4681 3472 4742 certantium,
3503 4694 3556 4734 rt

1947 4786 2096 4839 spem
2144 4769 2467 4824 futurorum.
2520 4769 2650 4826 Leve
2709 4773 3048 4826 tribulationis
3081 4814 3096 4836 ,
3150 4771 3356 4841 inquit,
3398 4789 3556 4839 supra

1945 4864 2174 4929 modum,
2227 4875 2473 4918 wternum
2497 4863 2677 4931 gloria:
2706 4864 2905 4933 pondus
2951 4875 3213 4933 operatur,
3257 4881 3358 4918 non
3386 4866 3554 4917 consi-

1947 4957 2240 5012 derantibus
2293 4956 2438 5010 nobis
2489 4973 2604 5024 quae
2645 4957 2901 5020 videntur,
2932 4957 3021 5011 sed
3049 4973 3164 5026 ante
3197 4974 3296 5010 non
3324 4958 3555 5010 videntur

1947 5055 1962 5116 (
1991 5049 2046 5103 2.
2076 5048 2193 5103 Cor.
2225 5051 2282 5105 4.
2318 5050 2407 5104 l7.
2437 5049 2562 5119 l8).
2606 5049 2740 5104 Nam
2769 5049 2815 5104 si
2841 5049 3034 5104 fluctus
3058 5058 3113 5104 et
3139 5052 3307 5104 maria
3335 5049 3512 5103 nautis
3538 5092 3549 5104 .

1946 5159 2008 5196 ac
2060 5143 2237 5199 caedes
2277 5145 2610 5213 vulneraque
2658 5143 2947 5209 militibus,
2994 5142 3167 5197 hiems
3220 5152 3382 5211 atque
3433 5142 3552 5210 gelu

1945 5235 2215 5302 agricolis,
2247 5234 2620 5304 pugilibusque
2649 5234 2957 5303 frequentes
2992 5234 3194 5304 plagae,
3232 5235 3381 5289 leves
3414 5234 3542 5288 tole-

1947 5326 2252 5397 rabilesque
2285 5327 2535 5381 videntur
2557 5369 2572 5394 ,
2605 5326 2674 5381 ob
2706 5341 2856 5396 spem
2903 5326 3269 5395 praemiorum,
3301 5341 3423 5394 quae
3469 5336 3552 5379 ta-

1947 5434 2068 5472 men
2121 5417 2260 5472 ﬂuxa
2315 5419 2656 5488 perituraque
2709 5427 2874 5472 sunt:
2910 5417 3080 5472 multo
3128 5418 3298 5488 magis
3335 5419 3553 5488 quando

1946 5513 2135 5565 caelum
2164 5511 2316 5565 nobis
2338 5554 2352 5577 ,
2385 5510 2671 5565 ineffabilia
2702 5511 2876 5576 bona,
2903 5511 3232 5580 praemiaque
3275 5513 3522 5564 immorta

1947 5604 2014 5657 lia
2067 5612 2437 5673 proponuntur
2463 5644 2477 5664 ,
2525 5602 2729 5656 nullum
2759 5603 2878 5672 quis
2907 5603 3253 5672 praisentium
3284 5600 3558 5657 malorum

1947 5709 2161 5748 sensum
2195 5693 2472 5768 percipiat.

2018 5787 2071 5842 6.
2113 5786 2264 5855 Quod
2295 5788 2336 5839 si
2376 5785 2463 5854 qui
2502 5786 2564 5838 iis
2594 5787 2753 5840 etiam
2796 5786 3006 5855 positis,
3050 5786 3189 5840 viam
3224 5785 3364 5839 illam
3395 5782 3543 5839 labu—

1952 5880 2146 5935 riosam
2175 5889 2292 5936 esse
2322 5884 2530 5948 putant,
2560 5891 2630 5932 es
2657 5877 2872 5934 illorum
2913 5878 3124 5935 desidia
3143 5888 3348 5934 tantum
3377 5876 3546 5931 oritur
