4066 6446
541 457 644 512 515

540 566 656 621 haec
674 564 929 634 suspicio.
963 564 1096 621 Vide
1116 566 1261 620 enim
1276 580 1436 635 quam
1460 566 1631 622 levem
1658 567 1805 622 illam
1831 567 1936 623 alio
1960 567 2124 623 modo

537 657 768 719 cfliciat,
798 655 1092 726 cnmjubet
1139 671 1244 709 non
1285 657 1622 711 commisceri
1663 657 1916 720 canibus,
1954 671 2127 726 neque

541 748 718 817 porcis
743 763 804 802 se
830 746 1061 808 tradere,
1090 758 1142 800 et
1169 761 1358 801 cavere
1382 761 1410 798 a
1442 746 1940 817 pseudoprophetis,
1967 747 2124 801 dum-

537 854 641 908 que
675 853 772 894 eos
805 839 1042 909 undique
1081 839 1337 894 sollicitos
1366 838 1560 893 reddit.
1595 839 1710 894 Hoc
1752 841 1926 908 ipsum
1970 854 2122 904 vero,

538 931 680 998 quod
713 931 855 984 illam
885 943 1086 985 arctam
1128 929 1383 999 appellat,
1413 932 1651 986 maxime
1674 932 1886 985 confert
1911 931 1976 984 ad
2005 947 2121 985 eam

539 1022 749 1076 facilem
776 1021 1117 1084 reddendam,
1149 1021 1444 1075 admonens
1475 1022 1593 1077 illos
1624 1031 1682 1075 ut
1705 1023 1944 1092 vigilent.
1975 1022 2125 1077 Sicut

541 1115 684 1167 enim
715 1114 925 1178 Paulus,
955 1128 1076 1167 cum
1113 1113 1266 1176 dixit,
1300 1113 1420 1167 Non
1446 1125 1518 1168 est
1547 1113 1690 1168 nobis
1715 1115 2003 1168 colluctatio
2031 1115 2126 1167 ad-

540 1216 708 1254 versus
754 1204 1051 1272 sanguinem
1088 1213 1135 1255 et
1175 1219 1378 1257 carnem
1407 1202 1622 1272 (Eplies.
1670 1204 1723 1259 6.
1758 1203 1871 1274 12),
1927 1219 2031 1258 non
2065 1215 2123 1258 ut

540 1291 795 1359 dejiciat,
817 1292 911 1344 sed
943 1304 999 1345 ut
1042 1296 1211 1363 erigat
1254 1295 1476 1348 militum
1510 1296 1740 1361 animos,
1772 1296 1820 1348 id
1853 1295 1981 1349 dicit
2011 1318 2022 1352 :
2049 1297 2126 1350 sic

540 1380 654 1449 ipse
694 1382 946 1436 Dominus
973 1393 1028 1436 ut
1057 1385 1290 1438 viatores
1327 1401 1355 1439 a
1400 1401 1591 1440 somno
1619 1388 1835 1451 excitet,
1879 1401 2122 1455 aSperant

541 1472 670 1525 dicit
716 1473 852 1526 viam
884 1491 895 1527 :
922 1491 1095 1543 ueqtte
1141 1475 1240 1529 hoc
1277 1479 1646 1531 tantummodo
1694 1479 1758 1531 ad
1801 1477 2122 1547 vigi'anduin

541 1560 760 1629 inducit,
789 1564 881 1618 sed
912 1565 1072 1618 etiam
1110 1582 1228 1618 eum
1259 1567 1460 1635 adjicit,
1493 1570 1687 1622 multos
1725 1583 1846 1623 esse
1876 1572 1962 1639 qui
1996 1586 2122 1640 sup—

541 1652 782 1720 plautare
817 1655 1097 1720 Studeaut;
1126 1658 1371 1734 quodque
1400 1662 1614 1728 gravius
1656 1673 1757 1724 est,
1796 1680 1899 1716 non
1938 1675 2126 1734 aperte

543 1741 862 1812 irrumpunt,
909 1745 1002 1800 sed
1045 1732 1164 1800 sese
1201 1750 1511 1804 occultant:
1546 1751 1848 1819 lmjnsmodi
1895 1769 2124 1822 natoque

541 1842 622 1883 est
661 1835 1239 1906 pseudoprophetarum
1276 1856 1464 1908 genus.
1491 1840 1594 1896 Sed
1625 1861 1692 1899 ne
1724 1845 1849 1898 illud
1882 1847 2126 1901 conside-

542 1935 651 1984 res,
686 1923 872 1992 inquit,
903 1927 1044 1994 quod
1070 1927 1138 1981 sit
1163 1944 1346 1998 aspera
1375 1942 1426 1983 et
1462 1941 1630 1998 arcta,
1660 1935 1753 1988 sed
1783 1952 1888 2005 quo
1916 1937 2127 1991 desinat

542 2013 846 2081 perpende;
877 2031 1046 2085 neque
1076 2018 1215 2086 quod
1243 2023 1505 2074 contraria
1548 2025 1630 2077 via
1673 2026 1742 2078 sit
1773 2028 1874 2079 lata
1914 2036 1969 2081 et
2006 2042 2127 2095 spa-

543 2103 699 2167 tiosa,
733 2104 824 2157 sed
867 2121 1024 2173 quem
1056 2108 1211 2161 linem
1247 2111 1455 2164 habeat.
1487 2115 1611 2167 Hzec
1641 2131 1799 2183 porro
1842 2120 2019 2172 omnia
2046 2118 2127 2172 di-

543 2191 632 2254 rit,
661 2203 718 2244 ut
749 2195 899 2248 nobis
926 2198 1157 2251 animum
1183 2200 1371 2268 erigat,
1401 2211 1532 2256 utet
1561 2205 1685 2258 alibi
1718 2206 1920 2260 dicebat
1955 2228 1966 2260 :
2006 2208 2125 2260 Vio-

543 2279 666 2333 lcnti
710 2285 914 2353 rapiunt
941 2286 1071 2338 illud
1094 2286 1303 2356 (Matth.
1346 2293 1431 2346 Η.
1467 2293 1576 2365 l2).
1621 2295 1749 2348 Nam
1780 2299 1868 2365 qui
1909 2298 1974 2351 ad
2017 2314 2122 2353 cer-

544 2382 719 2426 tamen
792 2376 1121 2446 ingreditur,
1188 2381 1273 2436 ubi
1331 2385 1472 2437 clare
1541 2385 1684 2440 videt
1748 2389 2123 2455 agonothetam

544 2466 894 2518 certaminum
929 2467 1164 2523 laborem
1203 2472 1576 2539 admirantem,
1618 2479 1842 2530 alacrior
1875 2480 2124 2534 efficitur.

547 2550 625 2606 Ne
655 2553 811 2622 igitur
848 2559 1084 2610 animum
1123 2561 1569 2631 despondeamus,
1610 2582 1728 2621 cum
1769 2572 1931 2623 multa
1975 2572 2128 2626 nobis

542 2639 667 2695 hinc
694 2641 861 2696 tristia
895 2648 1205 2703 acciderint.
1239 2653 1390 2705 Arcta
1420 2657 1560 2707 enim
1589 2669 1670 2711 est
1695 2660 1799 2723 via,
1832 2670 1884 2713 et
1905 2673 2128 2731 angusta

542 2741 691 2800 porta
724 2750 738 2786 :
767 2745 821 2787 at
857 2751 960 2788 non
991 2739 1175 2792 cititas
1205 2741 1310 2793 illa.
1349 2742 1574 2814 ideoque
1605 2764 1710 2801 itan
1737 2749 1821 2804 hic
1861 2753 2124 2820 speranda

539 2822 692 2888 quies
716 2832 818 2885 est,
849 2841 1018 2895 neque
1049 2828 1157 2883 illic
1184 2832 1472 2898 putandum
1504 2837 1699 2906 aliquid
1738 2841 1914 2897 ineSSe
1949 2845 2121 2900 triste.

539 2910 672 2963 Cum
701 2910 837 2965 dixit
863 2925 1064 2981 autem,
1101 2918 1261 2974 Pauci
1288 2933 1404 2976 sunt
1439 2929 1524 2993 qui
1551 2930 1807 2984 inveniunt
1834 2949 1966 2998 eam,
2000 2952 2124 2988 rur-

539 3014 632 3055 sus
675 3005 964 3061 multorum
1011 3008 1097 3063 hic
1142 3010 1401 3079 ignaviam
1452 3017 1704 3087 declarat,
1753 3032 1808 3076 et
1855 3025 2126 3080 auditores

539 3094 792 3164 instituit,
818 3114 886 3154 ne
913 3102 1198 3157 multorum
1223 3106 1380 3161 rebus
1411 3115 1681 3180 prosperis
1711 3116 1946 3169 animum
1975 3117 2128 3172 adbi-

538 3185 718 3252 beant,
742 3190 835 3243 sed
865 3206 1150 3259 paucorum
1178 3197 1468 3253 laboribus.
1498 3203 1713 3258 Plurimi
1744 3222 1993 3276 namque,
2025 3212 2120 3275 ait,

535 3291 644 3330 non
686 3279 846 3335 modo
886 3297 981 3350 per
1025 3285 1166 3339 illam
1212 3289 1349 3342 viam
1402 3308 1504 3345 non
1551 3295 1825 3360 incedunt,
1877 3300 1969 3354 sed
2024 3319 2122 3357 nec

536 3367 683 3422 illam
727 3371 930 3442 eligunt
976 3377 1226 3444 quidem;
1270 3383 1411 3443 utiod
1461 3395 1758 3441 extremum
1804 3391 2122 3460 insipientia:

537 3470 640 3514 cst.
673 3461 864 3518 Verum
907 3483 1010 3518 non
1041 3481 1123 3522 est
1150 3473 1471 3528 multitudini
1503 3480 1920 3542 attendendum;
1953 3500 2123 3555 neque

541 3548 666 3604 inde
705 3555 900 3608 turbari
930 3569 1161 3626 oportet,
1192 3566 1285 3616 Sed
1329 3580 1524 3632 paucos
1555 3570 1669 3623 illos
1694 3573 1908 3638 itnitari,
1938 3587 1991 3630 et
2022 3593 2120 3630 titi-

541 3639 701 3710 dique
735 3659 852 3698 sese
891 3647 1204 3716 colligentes
1242 3655 1320 3707 sic
1363 3672 1459 3725 per
1505 3675 1624 3712 eum
1671 3662 1940 3718 incedere.
1989 3667 2122 3723 Nam

540 3744 890 3804 praeterquam
938 3741 1077 3807 quod
1129 3755 1346 3811 angusta
1400 3749 1483 3800 illa
1527 3761 1628 3813 est,
1672 3755 1820 3806 multi
1863 3766 1986 3810 sunt
2035 3762 2123 3828 qui

540 3827 880 3892 supplantare
922 3831 1173 3896 student,
1218 3850 1284 3889 ne
1326 3837 1416 3889 illo
1463 3839 1724 3907 intretur;
1774 3827 2123 3914 quamobrem

541 3914 960 3983 subjunxitdb’.
1010 3922 1263 3976 Attendite
1314 3944 1345 3978 a
1389 3930 1532 3996 falsis
1581 3934 1855 4000 prophetis.
1918 3936 2125 3991 Vcaient

543 4005 676 4056 enim
714 4008 781 4057 ait
821 4023 906 4061 vos
945 4010 995 4063 in
1035 4014 1334 4069 vestimentis
1378 4034 1543 4072 aviaui
1573 4039 1591 4074 :
1615 4024 1913 4082 intrinsecus
1955 4041 2123 4084 autent

542 4111 658 4148 sunt
684 4098 791 4162 lupi
819 4117 1047 4170 rapaces.
1094 4104 1231 4158 Ecce
1259 4122 1379 4160 cum
1415 4112 1638 4168 (mnibus
1665 4125 1717 4169 et
1759 4120 1933 4185 porcis
1977 4121 2120 4176 aliud

543 4187 851 4243 insidiarum
897 4208 1080 4259 genus,
1132 4198 1296 4250 multo
1327 4201 1672 4265 periculosius
1712 4208 1822 4261 illo.
1870 4211 1947 4264 llli
1979 4213 2119 4266 enim

542 4287 664 4330 sunt
705 4282 992 4347 manifesti,
1025 4296 1079 4337 et
1109 4289 1278 4354 palam
1310 4292 1716 4360 aggrediuntur;
1765 4298 1818 4351 bi
1859 4317 1988 4356 vero
2029 4318 2123 4356 oc-

542 4369 692 4422 culti.
735 4370 859 4426 ldeo
897 4371 965 4425 ab
1010 4375 1113 4430 illis
1155 4379 1367 4446 quidem
1399 4383 1667 4439 abstinere
1704 4389 1883 4455 jussit,
1931 4393 1999 4444 ab
2043 4393 2125 4449 his

545 4475 670 4512 vero
705 4460 1108 4532 diligentissime
1143 4484 1349 4532 cavere,
1378 4487 1441 4525 ac
1480 4475 1522 4526 si
1563 4476 1778 4532 difficile
1819 4481 1888 4535 sit
1927 4484 1994 4537 ad
2027 4486 2127 4553 pri-

544 4563 691 4604 mum
723 4552 839 4606 illos
869 4569 1213 4625 congressum
1238 4562 1516 4631 explorare
1541 4583 1553 4617 :
1589 4568 1815 4638 ideoque
1843 4573 1996 4639 dixit,
2027 4552 2123 4627 Ἁι-

542 4643 744 4707 tendite,
773 4656 827 4698 ut
852 4647 915 4700 ad
934 4648 1050 4701 illos
1079 4651 1516 4710 internosceodos
1542 4660 1786 4716 redderet
1816 4664 2123 4733 diligentio-

545 4748 649 4785 res.
682 4734 878 4790 Deinde
900 4754 963 4790 ne
988 4741 1283 4808 audientes,
1318 4745 1368 4799 in
1398 4758 1538 4799 arcta
1568 4761 1621 4803 et
1651 4765 1871 4821 angusta
1917 4759 2124 4813 multis-

542 4839 648 4890 que
690 4828 953 4880 contraria
1003 4831 1083 4884 via
1145 4835 1496 4890 incedendum
1553 4855 1712 4904 esse,
1763 4859 1792 4896 a
1847 4853 2022 4914 porcis
2071 4861 2125 4905 et

544 4915 765 4968 canibus
793 4920 1107 4987 cavendum,
1146 4925 1465 4997 insuperque
1502 4945 1532 4982 a
1569 4933 1864 5002 maligniori
1902 4955 2118 5008 genere,

545 5021 737 5074 nempe
765 5008 1038 5075 luporum;
1064 5029 1128 5067 ne
1153 5016 1378 5070 tristiutn
1407 5035 1582 5074 rerum
1623 5025 1960 5083 multitudine
1989 5048 2120 5085 con-

543 5096 746 5162 cidant,
777 5099 827 5150 iii
859 5105 1181 5157 contrariam
1215 5108 1394 5162 inultis
1435 5112 1693 5168 incessuri
1720 5118 1879 5182 viam,
1907 5134 2124 5189 printer—

543 5202 716 5255 eaque
745 5188 828 5244 his
869 5191 934 5245 de
971 5195 1131 5250 rebus
1157 5200 1369 5253 Solliciti
1402 5203 1580 5267 futuri,
1611 5209 1853 5276 qumdam
1886 5188 2124 5282 tempore

545 5290 750 5345 patrum
774 5295 990 5336 suorum
1020 5297 1166 5355 gesta
1190 5293 1522 5360 iiteiiioravit,
1554 5298 2042 5369 pseudoprophetis
2070 5307 2122 5361 iit

543 5371 775 5424 medium
806 5373 1108 5438 adducens;
1139 5383 1310 5448 prisce
1346 5399 1572 5454 namque
1599 5390 1718 5441 talia
1762 5395 2119 5463 contigerunt.

543 5456 718 5513 Nolite
760 5478 878 5531 ergo
921 5468 1097 5520 terreri
1136 5469 1287 5536 (Luc.
1318 5472 1408 5526 21.
1455 5476 1531 5545 9),
1585 5480 1788 5547 inquit:
1819 5456 1947 5537 nihil
1979 5489 2119 5542 enim

543 5569 763 5622 nthim,
819 5557 952 5612 nihil
1002 5559 1294 5617 inauditum
1344 5569 1566 5622 accidet.
1616 5572 1835 5628 Veritati
1894 5594 2121 5647 namque

542 5645 801 5699 fallaciam
841 5666 1050 5720 semper
1078 5656 1347 5711 substituit
1374 5660 1637 5718 diabolus.
1670 5645 2117 5742 Pseudoprophc-

545 5745 624 5787 tas
644 5748 817 5792 autem
841 5737 924 5793 hic
947 5759 1048 5796 non
1073 5743 1350 5803 luereticm
1379 5753 1505 5807 mihi
1529 5757 1865 5814 subindicare
1889 5762 2117 5829 videtur,

541 5824 633 5878 sed
688 5843 802 5896 eos,
849 5833 936 5900 qui
985 5847 1106 5888 cum
1148 5844 1383 5910 corrupti
1434 5847 1669 5902 moribus
1726 5859 1778 5903 et
1833 5853 1939 5905 vita
1986 5857 2113 5923 sint,

1287 455 1346 510 S.
1384 455 1660 511 JOANNIS
1694 455 2164 513 CHRYSOSTOMI
2205 455 2525 513 ARClllEP.
2564 456 3100 518 CONSTANTINOP.

3719 466 3822 522 316

2235 567 2445 620 virtutis
2468 565 2668 622 larvam
2688 564 3091 636 circumferunt,
3123 585 3258 642 quos
3281 573 3595 631 seductores
3627 592 3823 635 vocare

2234 656 2385 710 multi
2429 657 2622 712 solent.
2656 658 3015 725 Quamobrem
3054 662 3332 733 subjnnxit
3364 663 3572 731 dicens,
3617 668 3706 721 16.
3745 667 3824 724 επ

2231 749 2479 818 fructibus
2516 767 2690 803 eorum
2715 753 3025 821 cognoscetis
3063 769 3166 807 eos.
3200 755 3331 810 Nam
3359 757 3501 824 apud
3543 757 3828 814 haereticos

2230 839 2445 908 quidem
2470 840 2688 894 honesta
2718 841 2818 895 rita
2843 857 2987 910 saepe
3015 846 3273 914 reperitur
3296 863 3310 911 ;
3333 847 3472 916 apud
3499 847 3600 903 hos
3620 861 3828 914 autem,

2232 944 2367 998 quos
2408 930 2536 990 dixi,
2575 946 2885 998 numquam.
2912 933 3047 998 Quid
3079 936 3258 1004 igitur,
3288 937 3518 1006 inquies,
3551 939 3596 992 si
3642 954 3826 994 mores

2235 1020 2434 1090 ﬁngant
2471 1023 2760 1075 honesms?
2801 1022 2905 1077 Sed
2944 1025 3095 1078 facile
3125 1026 3422 1094 capientur.
3450 1029 3594 1084 Talis
3624 1031 3832 1100 quippe

2234 1122 2315 1165 est
2357 1112 2511 1181 hujus
2541 1113 2640 1166 vi.e
2671 1124 2880 1181 natura,
2931 1131 3034 1185 qua
3081 1118 3332 1172 incedere
3371 1121 3527 1188 jussi.
3560 1121 3830 1177 laboriosa

2233 1221 2426 1276 nempe
2462 1218 2514 1260 et
2552 1208 2702 1260 dura.
2735 1208 3024 1279 Ilypocrita
3064 1226 3191 1264 vero
3214 1212 3451 1267 laborem
3484 1214 3625 1269 ferre
3668 1215 3830 1281 nolit,

2234 1296 2328 1350 sed
2369 1298 2619 1353 simulare
2648 1309 2853 1354 tantum
2880 1320 2892 1356 :
2921 1301 3147 1372 ideoque
3183 1300 3339 1357 facile
3378 1302 3826 1373 deprehenditur.

2234 1387 2364 1454 Quia
2387 1389 2528 1442 enim
2551 1389 2702 1454 dixit,
2732 1390 2896 1445 Pauci
2915 1403 3030 1446 sunt
3054 1394 3138 1462 qui
3163 1395 3418 1446 inveniunt
3438 1411 3572 1460 eam,
3597 1398 3832 1451 secernit

2232 1492 2325 1529 eos
2354 1479 2420 1529 ab
2451 1478 2572 1543 illis,
2597 1481 2685 1547 qui
2721 1497 2843 1534 cum
2870 1496 2974 1534 non
2999 1483 3318 1545 invenerint,
3348 1483 3615 1539 invenisse
3649 1495 3833 1539 tamen

2233 1581 2291 1618 se
2318 1567 2590 1634 simulant,
2615 1570 2808 1636 jubens
2832 1588 2935 1625 non
2968 1573 3032 1626 ad
3063 1574 3204 1638 illos,
3239 1576 3329 1644 qui
3359 1576 3558 1629 larvam
3587 1577 3828 1631 circum-

2233 1655 2430 1724 ferunt,
2461 1660 2748 1727 respicere,
2783 1662 2877 1716 sed
2905 1662 2973 1715 ad
3017 1664 3136 1716 illos
3164 1664 3252 1733 qui
3293 1681 3418 1720 vere
3457 1676 3512 1720 et
3548 1682 3616 1720 ex
3642 1669 3833 1721 animo

2234 1748 2285 1801 in
2317 1750 2406 1803 illa
2449 1751 2721 1805 incedunt.
2762 1753 2829 1807 Et
2867 1770 2967 1822 qua
2992 1754 3061 1808 de
3088 1771 3266 1819 causa,
3306 1757 3534 1825 inquies,
3568 1774 3672 1811 non
3704 1759 3833 1813 illos

2233 1850 2388 1896 notos
2417 1841 2562 1906 fecit,
2587 1843 2678 1897 Sed
2706 1859 2804 1898 nos
2838 1845 2889 1898 in
2913 1846 3226 1916 explorandi
3254 1864 3434 1903 curam
3462 1851 3730 1918 conjecit?
3765 1851 3833 1907 Ut

2236 1933 2531 2000 vigilemus,
2566 1943 2621 1988 et
2660 1936 2872 1990 solliciti
2912 1953 3125 2006 semper
3165 1940 3352 2004 simus,
3394 1941 3520 1995 dum
3569 1959 3833 1998 cavemus

2234 2035 2338 2073 non
2368 2021 2526 2075 modo
2551 2023 2617 2076 ab
2646 2024 2876 2078 inimicis
2905 2025 3008 2080 illis
3035 2029 3123 2096 qui
3154 2028 3325 2097 palam
3368 2031 3502 2085 tales
3539 2044 3666 2087 sunt
3689 2075 3704 2097 ,
3733 2033 3834 2088 sed

2231 2111 2299 2164 ah
2343 2111 2406 2164 iis
2454 2114 2613 2167 etiam
2657 2118 2744 2185 qui
2797 2131 2919 2172 sese
2966 2119 3437 2191 occultant:quos
3482 2124 3838 2180 subindicans

2234 2202 2426 2256 Paulus
2452 2203 2662 2260 dicebat
2693 2226 2705 2260 :
2736 2206 2800 2260 Et
2827 2226 2915 2277 per
2935 2208 3106 2263 dulces
3133 2229 3385 2266 sermones
3403 2213 3645 2267 seducunt
3673 2218 3837 2269 corda

2231 2295 2568 2349 innocsntium
2601 2298 2774 2367 (llam.
2807 2303 2891 2355 lli.
2927 2302 3034 2371 18).
3064 2302 3139 2356 Ne
3169 2305 3346 2373 itaque
3377 2306 3672 2372 turbemur,
3705 2324 3835 2363 cum

2235 2388 2427 2440 multos
2474 2389 2836 2457 hujuscemodi
2881 2394 3043 2446 etiam
3088 2409 3230 2448 nunc
3275 2397 3541 2452 videmus.
3595 2398 3728 2453 Nam
3779 2411 3835 2454 et

2236 2477 2363 2531 illud
2393 2495 2549 2547 supra
2579 2480 2819 2534 Christus
2851 2483 3115 2552 prwdixit.

2307 2569 2360 2622 7.
2403 2569 2470 2622 Et
2513 2571 2779 2640 perpende
2823 2573 2948 2648 ejus
2983 2577 3464 2634 mansuetudinem.
3517 2577 3632 2634 Non
3677 2582 3825 2635 enim

2235 2657 2366 2711 dixit
2390 2699 2403 2720 ,
2435 2660 2624 2716 Punite
2653 2664 2767 2716 illos
2791 2704 2805 2729 ,
2838 2666 2954 2728 sed,
2984 2665 3177 2720 Cavete
3207 2685 3270 2723 ne
3295 2671 3360 2722 ab
3387 2671 3492 2723 illis
3523 2671 3790 2726 lindtlll’lltti
3814 2715 3830 2738 ,

2234 2763 2300 2799 ne
2332 2749 2522 2802 incauti
2569 2752 2618 2803 in
2670 2753 2786 2805 illos
2835 2755 3098 2810 incidatis.
3144 2759 3383 2824 Deinde,
3419 2777 3484 2815 ne
3531 2762 3679 2815 dicas
3724 2779 3832 2817 non

2235 2853 2390 2905 posse
2441 2840 2739 2910 hujusmodi
2782 2843 3028 2901 homines
3070 2849 3358 2903 internosci
3395 2893 3407 2910 .
3438 2853 3506 2905 ab
3550 2851 3830 2908 hominum

2232 2932 2482 3000 cxcuqilo
2510 2949 2693 2988 rursus
2724 2938 3056 2991 ratiocinium
3077 2940 3290 2994 adhibet
3319 2943 3503 2996 dicens
3527 2962 3539 2998 :
3563 2945 3833 3018 Numquid

2233 3022 2476 3092 colligunt
2508 3023 2570 3075 de
2596 3025 2756 3092 spinis
2793 3043 2914 3080 uvas
2937 3070 2954 3093 ,
2982 3039 3068 3080 aut
3100 3029 3162 3082 de
3191 3033 3385 3085 tribulis
3419 3036 3548 3100 ﬁcus
3570 3036 3596 3088 .’
3627 3039 3712 3092 17.
3742 3038 3836 3093 Sic

2235 3113 2394 3181 omnis
2420 3114 2572 3166 arbor
2595 3118 2757 3179 bona,
2784 3117 2939 3172 bonos
2967 3124 3162 3187 fructus
3190 3125 3350 3191 facit;
3380 3127 3512 3177 mala
3543 3137 3711 3180 autent
3740 3148 3833 3182 or-

2234 3204 2322 3255 bor
2364 3205 2560 3272 fructus
2613 3209 2772 3259 malos
2821 3210 2962 3278 facit.
3005 3211 3089 3263 18.
3137 3212 3258 3266 Non
3305 3227 3465 3284 potest
3508 3218 3660 3271 urbor
3701 3222 3834 3273 bona

2232 3296 2426 3361 fructus
2453 3296 2614 3348 malos
2635 3301 2801 3366 facere
2819 3338 2834 3362 ,
2859 3316 2948 3351 nec
2977 3301 3127 3354 arbor
3157 3305 3292 3357 mala
3329 3306 3522 3373 fructus
3555 3307 3713 3363 bonos
3742 3317 3826 3376 [a-

2232 3400 2360 3436 cere.
2395 3384 2547 3450 Quod
2588 3398 2763 3441 autem
2794 3389 2922 3443 dicit
2952 3389 3254 3447 huiusmodi
3299 3407 3381 3448 est
3405 3417 3417 3449 :
3442 3397 3582 3451 Nihil
3631 3401 3834 3456 habent

2234 3475 2360 3527 mite
2379 3478 2458 3529 vel
2489 3477 2676 3541 dulce;
2707 3480 2897 3547 pellem
2929 3483 3100 3535 solum
3129 3485 3244 3538 ovis
3268 3501 3498 3554 gi-Siant,
3534 3490 3654 3543 idco
3675 3492 3834 3546 facile

2236 3567 2684 3622 internoscantur.
2711 3570 2776 3623 Et
2807 3587 2876 3624 ne
2904 3573 2985 3625 vel
3016 3576 3288 3628 minimum
3320 3579 3552 3645 dubites,
3584 3585 3838 3636 naturali-

2237 3656 2334 3708 bus
2371 3660 2773 3713 necessitatibus
2797 3674 3084 3730 comparat
3126 3680 3187 3719 ea
3219 3684 3338 3735 qua:
3379 3670 3534 3723 aliter
3564 3675 3676 3725 tieri
3726 3691 3830 3725 non

2235 3757 2474 3814 possunt.
2507 3750 2658 3815 Quod
2688 3754 2843 3805 etiam
2884 3753 3076 3808 Paulus
3111 3757 3320 3812 dicebat
3345 3777 3356 3812 :
3383 3761 3652 3824 Sapientia
3698 3767 3834 3817 enim

2234 3840 2400 3891 carnis
2423 3880 2436 3903 ,
2471 3857 2605 3894 mors
2630 3853 2701 3894 est
2725 3858 2743 3896 .'
2766 3843 2862 3913 legi
2898 3848 3028 3897 enim
3074 3847 3168 3901 Dei
3209 3867 3308 3904 non
3348 3853 3652 3921 subjicitur:
3675 3873 3835 3925 neque

2233 3933 2364 3983 enim
2391 3942 2547 3999 potest
2573 3935 2749 4002 (Rom.
2783 3938 2834 3991 8.
2868 3940 2914 3993 (ἰν
2951 3940 3023 4009 7).
3051 3943 3200 4008 Quod
3228 3955 3403 3999 autem
3437 3949 3561 4002 illud
3590 3955 3833 4006 secundo

2234 4035 2414 4095 ponat,
2451 4043 2554 4081 non
2582 4038 2664 4082 est
2691 4033 2958 4099 superflua
2993 4037 3238 4103 repetitio
3265 4041 3574 4095 verborum.
3606 4043 3685 4099 Ne
3711 4050 3834 4115 quis

2232 4118 2372 4169 enim
2402 4118 2624 4182 diceret,
2650 4122 2826 4176 Arbor
2853 4127 2989 4176 mala
3021 4126 3224 4181 fructus
3253 4132 3465 4199 quidem
3496 4134 3598 4187 fert
3625 4141 3830 4201 mans,

2232 4206 2327 4259 sed
2356 4209 2454 4261 fert
2484 4210 2643 4262 etiam
2676 4211 2880 4276 bonos;
2906 4223 2959 4266 et
2987 4230 3108 4268 cum
3148 4217 3383 4286 duplices
3408 4221 3578 4286 ferat,
3609 4225 3834 4280 difﬁcile

2233 4307 2317 4349 cst
2347 4298 2468 4352 illos
2497 4301 2894 4358 internoscere:
2922 4309 2989 4359 At
3009 4323 3094 4361 res
3114 4351 3126 4373 ,
3154 4310 3324 4380 inquit
3350 4356 3364 4378 ,
3399 4331 3501 4367 non
3536 4317 3607 4368 ita
3637 4331 3697 4371 se
3731 4319 3829 4372 ba-

2236 4384 2322 4438 bct
2347 4403 2360 4439 :
2386 4388 2556 4442 malos
2600 4401 2802 4446 tantum
2846 4394 2994 4448 all‘ert
3016 4436 3033 4461 ,
3059 4399 3226 4453 bonos
3268 4418 3593 4471 numquam;
3629 4417 3686 4460 ut
3716 4419 3771 4462 et
3801 4425 3833 4464 e

2234 4479 2519 4532 contrario.
2551 4479 2684 4545 Quid
2712 4484 2904 4550 igitur?
2931 4488 3122 4542 Annon
3164 4502 3244 4546 est
3272 4493 3352 4546 vir
3381 4493 3572 4559 bonus,
3602 4500 3695 4567 qui
3720 4517 3834 4552 ma-

2238 4570 2317 4622 lus
2342 4570 2630 4628 efficiatur?
2648 4577 2725 4632 Ac
2742 4580 2970 4634 vicissim
2998 4583 3281 4640 dicendum
3310 4606 3339 4642 e
3359 4593 3630 4647 contrario
3657 4612 3670 4646 :
3695 4599 3834 4650 nuit-

2237 4666 2303 4717 tis
2335 4665 2632 4734 hujusmodi
2663 4675 2923 4740 exemplis
2953 4676 3168 4743 plenum
3196 4689 3278 4733 est
3318 4682 3592 4737 hominum
3633 4704 3826 4756 genus.

2234 4757 2335 4811 Sed
2363 4758 2600 4814 Christus
2622 4777 2726 4816 non
2756 4763 2880 4817 illttd
2909 4766 3055 4830 dicit,
3082 4784 3275 4838 nempe
3303 4786 3406 4824 non
3439 4788 3595 4841 posse
3624 4778 3829 4830 malum

2235 4848 2502 4903 hominem
2535 4856 2745 4917 tnntari,
2778 4871 2949 4925 neque
2973 4859 3164 4913 bonum
3196 4862 3419 4918 cadere:
3447 4881 3628 4920 verum
3653 4868 3830 4924 donec

2235 4939 2284 4992 in
2318 4952 2548 5010 nequitia
2590 4959 2931 5013 perseverat,
2967 4949 3163 5004 bonum
3206 4970 3310 5008 non
3341 4956 3527 5011 afferet
3565 4960 3826 5016 fructum.

2235 5031 2420 5086 Mutari
2449 5035 2588 5088 enim
2623 5048 2796 5106 potest
2820 5080 2834 5103 ,
2863 5052 2916 5093 et
2945 5057 3007 5093 ex
3047 5042 3291 5112 improbo
3320 5047 3489 5102 bonus
3518 5051 3693 5116 etii-i;
3729 5056 3829 5109 sed

2234 5123 2284 5174 io
2335 5127 2564 5193 nequitia
2611 5145 2868 5194 manens,
2927 5131 3153 5188 fructum
3205 5153 3310 5190 non
3363 5141 3547 5196 afferet
3598 5145 3825 5200 bonum.

2232 5219 2510 5281 Quomodo
2530 5235 2656 5289 ergo
2688 5222 2850 5276 David
2872 5266 2884 5285 ,
2915 5226 3087 5280 bonus
3109 5247 3229 5282 eum
3260 5244 3419 5298 esset,
3447 5234 3672 5290 fructum
3706 5257 3824 5292 tua-

2232 5309 2340 5362 luut
2382 5312 2538 5363 tulit?
2570 5311 2680 5366 Non
2715 5331 2934 5370 manens
2973 5319 3144 5374 bonus
3169 5365 3182 5386 ,
3217 5325 3308 5378 sed
3359 5336 3590 5381 inritatus
3615 5347 3625 5380 :
3654 5332 3745 5400 qui
3780 5336 3821 5387 si

2233 5415 2492 5469 perpetuo
2516 5406 2798 5461 mansisset
2825 5410 2994 5477 qualis
3017 5423 3134 5465 erat
3154 5455 3167 5477 ,
3193 5431 3477 5485 numquam
3514 5421 3672 5475 talem
3703 5424 3822 5477 fru-

2229 5503 2370 5545 ctum
2405 5495 2629 5549 tulisset.
2655 5497 2783 5552 Nam
2815 5501 2855 5552 si
2890 5501 2939 5553 in
2959 5504 3167 5557 virtutis
3194 5507 3360 5575 gradu
3381 5512 3684 5577 mansisset,
3707 5534 3815 5570 non

2229 5600 2389 5638 ausus
2418 5597 2560 5641 esset
2592 5590 2708 5642 talia
2743 5603 3070 5660 perpetrare.
3105 5597 3228 5650 Haec
3269 5610 3444 5653 autem
3487 5604 3725 5666 dicebat,
3764 5616 3819 5662 ut

2231 5685 2430 5731 triuerc
2461 5679 2859 5750 obloquentium
2893 5696 2947 5738 et
2988 5689 3382 5745 criminantium
3428 5710 3521 5748 ora
3555 5697 3812 5754 frenaret.

2228 5767 2360 5834 Quia
2399 5771 2537 5822 enim
2583 5773 2790 5840 plurimi
2823 5775 2992 5831 bonos
3027 5793 3095 5832 ex
3128 5780 3383 5849 improbis
3423 5787 3686 5842 instituant
3710 5833 3723 5851 ,
3757 5804 3812 5846 ut

2230 5860 2332 5914 illis
2359 5878 2568 5917 onmem
2601 5871 2995 5926 excusationem
3022 5873 3304 5941 adimeret,
3332 5877 3435 5931 hoc
3455 5879 3606 5935 dixit.
3630 5880 3813 5952 Neque
