4066 6428
238 315 341 369 517

230 433 377 482 enim
429 427 610 482 dicere
653 424 826 497 possis
846 467 862 489 ,
889 424 1299 480 Circumveutus
1329 436 1448 474 sunt
1477 429 1636 489 atque
1677 417 1838 474 decc-

232 529 355 585 ptus
385 537 400 572 :
431 533 553 572 nam
582 523 885 570 accuratam
914 515 1007 569 tibi
1034 513 1157 568 dedi
1184 529 1250 566 ex
1276 512 1530 579 operibus
1557 509 1796 565 notitiam
1822 552 1837 574 ,

229 611 430 678 jubens
457 626 554 680 per
582 609 724 677 ipsos
743 615 894 660 actus
912 603 1225 675 procedere,
1247 618 1420 676 neque
1438 601 1614 655 omnia
1641 610 1841 654 temere

234 703 473 754 turbare.
508 697 708 752 Deinde
734 700 857 766 quia
885 712 990 750 non
1016 709 1108 749 eos
1131 693 1504 761 ulcisci-jussit,
1531 692 1624 746 sed
1651 707 1840 745 cavere

228 791 296 844 ab
318 791 429 844 illis
448 799 504 842 ut
521 803 616 843 eos
630 790 718 858 qui
736 788 802 840 ah
824 788 928 841 illis
952 773 1276 840 laederentur
1302 786 1626 847 consoletur,
1651 785 1838 838 simul-

229 899 332 949 que
358 891 417 934 ut
440 881 698 952 laideutes
725 879 995 932 deterreat
1014 887 1069 930 et
1087 877 1136 928 in
1158 876 1376 930 meliora
1395 883 1691 933 convertat.
1721 890 1837 944 pm-

232 990 354 1025 nam
375 973 522 1027 abse
542 972 669 1040 ipsis
691 970 1028 1040 iulligeudam
1053 952 1234 1022 statuit
1261 967 1590 1033 et’lirinavit,
1623 967 1836 1020 dicens:

234 1067 318 1119 l9.
344 1066 527 1118 Omnis
543 1063 712 1128 arbor,
725 1079 837 1133 quia
851 1080 950 1115 non
963 1063 1087 1132 facit
1101 1066 1321 1132 fructum
1339 1061 1544 1124 bonum,
1560 1060 1835 1122 excidetur,

228 1167 273 1208 rt
321 1159 374 1209 in
419 1158 587 1226 ignem
616 1158 854 1209 mittetur.
886 1154 1088 1208 Deinde
1116 1168 1419 1206 sermonem
1449 1151 1836 1221 aliquantulum

233 1257 565 1314 temperans,
589 1246 763 1300 intulit
781 1263 793 1298 :
811 1244 900 1299 20.
923 1243 949 1296 Ι
956 1246 1090 1315 gitur
1119 1260 1180 1296 ea:
1198 1243 1446 1313 fructibus
1466 1259 1633 1295 eorum
1651 1260 1838 1311 wgttov

230 1340 380 1390 sectis
401 1355 506 1391 eos.
526 1337 604 1392 Ne
620 1345 796 1390 autem
815 1335 1284 1400 commiuatiouem
1311 1335 1542 1388 maxime
1567 1334 1838 1388 videretur

234 1428 513 1490 inducere,
535 1427 684 1496 quasi
710 1443 801 1494 per
814 1425 1230 1479 admonitionem
1249 1435 1302 1478 et
1326 1425 1608 1478 consilium
1633 1426 1839 1477 videtur

233 1517 447 1572 illorum
480 1519 715 1572 animum
747 1533 986 1571 movere.
1018 1517 1114 1571 IIic
1140 1532 1266 1569 vero
1296 1518 1422 1570 llllIII
1452 1517 1665 1570 Judmos
1703 1519 1838 1571 sub-

233 1609 474 1664 indicarc
507 1609 733 1670 videtur,
774 1609 864 1677 qui
898 1609 1029 1661 tales
1063 1606 1403 1675 proferebant
1441 1609 1662 1661 fructus.
1689 1607 1840 1661 Ideo-

230 1715 336 1768 que
361 1698 586 1753 Joannis
611 1699 750 1752 dicla
783 1699 1118 1760 memoravit,
1146 1714 1238 1765 per
1267 1699 1452 1751 eadem
1483 1699 1590 1766 ipsa
1625 1700 1836 1750 nomina

232 1790 554 1859 Supplicium
588 1789 692 1843 illis
718 1789 1046 1843 describens.
1077 1788 1209 1842 Nam
1243 1797 1291 1841 ct
1323 1788 1412 1841 ille
1450 1787 1563 1841 lucc
1591 1788 1800 1842 diccbat
1822 1831 1836 1854 ,

233 1884 504 1946 securim,
537 1882 784 1935 :nborem
821 1880 1168 1934 excidendam
1202 1889 1256 1932 et
1285 1884 1458 1947 ignem
1490 1880 1839 1948 iueitstiogui-

233 1970 397 2025 bilem
439 1971 543 2025 illis
577 1985 1008 2026 commemorans
1036 1969 1252 2042 (illattlt.
1281 1971 1332 2023 ὃ.
1369 1970 1479 2038 10).
1513 1970 1839 2038 Videturque

173 2054 178 2058 ’
233 2078 337 2116 una
381 2073 584 2115 tantum
625 2077 780 2130 pix-na
822 2077 977 2127 esse,
1010 2077 1202 2129 nempe
1242 2062 1582 2125 combustio;
1619 2063 1661 2115 si
1712 2077 1839 2116 vero

231 2153 354 2220 quis
406 2158 521 2206 haec
563 2163 811 2206 accurate
840 2154 1119 2222 exploret,
1149 2153 1343 2221 duplex
1389 2152 1476 2206 hic
1518 2153 1836 2222 supplicium

229 2253 336 2298 est.
360 2243 494 2296 Nam
521 2245 610 2313 qui
635 2242 984 2304 comburitur,
1004 2259 1034 2296 a
1059 2259 1220 2311 regno
1244 2243 1440 2314 excidit
1463 2246 1701 2306 omnino;
1727 2244 1840 2297 lucc

233 2349 364 2388 vero
392 2349 550 2404 paena
581 2335 751 2401 major
777 2345 878 2388 est.
906 2334 1037 2387 Novi
1079 2344 1226 2388 certe
1263 2335 1459 2388 multos
1483 2350 1548 2388 ex
1577 2336 1840 2404 gehenna:

233 2437 440 2479 tantum
475 2428 688 2479 nomine
721 2427 940 2479 horrere
965 2442 980 2490 ;
1008 2441 1105 2494 ego
1139 2437 1312 2477 tamen
1345 2425 1512 2479 multo
1538 2427 1840 2495 graviorem

232 2534 354 2572 esse
384 2499 598 2588 pdauam
627 2518 764 2572 duco
785 2533 813 2570 a
841 2518 1003 2587 gloria
1037 2517 1124 2570 illa
1150 2517 1418 2582 excidere,
1449 2534 1607 2586 quam
1639 2519 1842 2588 gehen-

231 2623 356 2661 nam
379 2607 565 2680 subire
584 2608 623 2662 '.
647 2607 698 2662 Si
726 2623 850 2662 vero
872 2608 924 2662 id
948 2623 1050 2660 non
1074 2610 1242 2677 possit
1264 2624 1511 2662 sermone
1531 2610 1840 2674 monstrari,

233 2700 364 2754 nihil
406 2704 622 2754 mirum.
649 2701 835 2771 Neque
871 2702 1013 2755 enim
1048 2703 1290 2754 novimus
1325 2702 1586 2754 IJOllOl‘lIlll
1629 2703 1838 2752 illorum

233 2792 644 2858 beatitudinem,
669 2803 723 2846 ut
748 2793 964 2862 perdita!
984 2793 1148 2862 ipsius
1177 2793 1446 2846 miseriam
1475 2793 1838 2846 aestimemus:

232 2885 502 2953 siquidem
536 2884 730 2938 Paulus
763 2925 778 2950 ,
802 2899 889 2952 qui
918 2884 1032 2937 haec
1065 2882 1228 2951 probe
1254 2892 1495 2947 noverat,
1521 2883 1721 2936 sciebat
1751 2901 1843 2937 es-

231 2975 416 3028 cidere
443 2989 474 3029 e
502 2975 670 3044 gratia
697 2973 897 3028 Christi
922 2989 1032 3028 rem
1055 2987 1175 3027 esse
1202 2973 1441 3024 omnium
1469 2973 1840 3042 gravissimam

235 3065 379 3129 (Gal.
415 3066 468 3120 5.
505 3067 582 3134 4).
617 3067 682 3119 Et
711 3065 810 3118 hoc
841 3079 938 3118 nos
969 3080 1180 3133 quoque
1225 3062 1493 3129 sciemus,
1524 3079 1646 3116 cum
1677 3065 1727 3116 in
1760 3063 1836 3115 rei

234 3161 666 3228 experimentum
699 3158 1061 3211 iuciderimus.

309 3253 342 3306 8
388 3249 648 3315 Quantum
679 3251 741 3302 sit
775 3249 963 3301 malum
995 3249 1224 3301 excidere
1250 3265 1279 3298 ιι
1307 3263 1460 3317 regno
1492 3245 1586 3299 Dei
1612 3247 1842 3313 exemplo

234 3345 590 3396 adumbratur.
616 3339 840 3392 Christus
871 3340 1013 3392 nobis
1053 3340 1221 3390 omnia
1259 3348 1347 3390 est.
1377 3368 1447 3376 -——
1473 3335 1577 3390 Sed
1617 3337 1748 3389 faxis
1778 3352 1845 3389 ne

237 3438 337 3490 hoc
370 3437 657 3504 patiamur,
682 3451 714 3486 ο
741 3433 1011 3502 unigenite
1042 3431 1136 3485 Dei
1171 3431 1291 3493 Fili,
1317 3446 1492 3498 neque
1525 3429 1842 3482 iutolerandi

238 3529 392 3582 istius
459 3527 703 3595 ευιψιὶοἱὶ
763 3540 1014 3593 umquam
1066 3525 1494 3592 experimentum
1548 3538 1841 3575 sumamus.

238 3620 512 3685 Quantum
533 3620 677 3671 enim
706 3618 774 3671 sit
803 3617 1000 3669 malum
1029 3631 1056 3667 a
1086 3615 1242 3668 bonis
1272 3615 1376 3667 illis
1404 3614 1675 3678 excidere,
1701 3614 1846 3667 t-larc

238 3711 488 3777 cognosci
514 3709 715 3776 nequit.
742 3709 988 3760 Attamen
1009 3721 1104 3775 pro
1128 3706 1263 3758 virili
1289 3720 1404 3758 mea
1430 3705 1664 3758 conabor
1687 3714 1846 3771 atque

237 3799 581 3864 contendam,
604 3799 704 3852 hoc
724 3798 874 3852 vobis
900 3812 993 3866 per
1020 3798 1324 3866 exemplum
1357 3797 1548 3849 saltem
1581 3796 1842 3848 tantillum

239 3903 562 3946 monstrare.
594 3890 969 3960 Supponamns
998 3904 1116 3944 esse
1145 3889 1378 3957 puellum
1405 3889 1722 3951 mirabilem,
1756 3890 1844 3956 qui

238 3986 438 4038 virtute
466 3984 664 4037 ﬂorens
702 3983 862 4037 totius
887 3983 1047 4035 etiam
1079 3982 1225 4035 orbis
1255 3983 1536 4048 imperium
1565 3981 1804 4034 obtineat
1829 4020 1842 4042 ,

242 4086 494 4146 tantaque
523 4076 718 4129 virtute
740 4074 1041 4144 prteditum,
1069 4083 1125 4127 ut
1148 4073 1315 4142 possit
1339 4074 1579 4126 omnium
1599 4071 1845 4125 allectum

243 4170 294 4222 in
324 4183 382 4222 se
409 4169 480 4220 ita
508 4181 848 4220 commovere
871 4207 886 4229 ,
922 4175 978 4219 ut
1007 4164 1243 4218 universi
1281 4164 1434 4217 illum
1467 4175 1687 4232 paterno
1722 4163 1844 4216 dili-

243 4269 372 4330 gant
399 4275 603 4313 amore.
641 4257 777 4324 Quid
811 4273 917 4311 non
950 4259 1146 4326 putatis
1175 4269 1379 4326 patrem
1406 4257 1522 4324 ejus
1565 4271 1845 4324 passurum

244 4367 385 4416 esse,
419 4367 486 4404 ne
515 4351 634 4404 talis
661 4350 753 4402 lilii
785 4351 1021 4416 privetur
1041 4349 1345 4417 colloquio?
1362 4348 1485 4416 quid
1513 4357 1601 4400 aut
1630 4362 1853 4414 parvum

245 4453 336 4497 aut
365 4458 616 4512 magnum
652 4442 772 4494 ntali
803 4457 906 4493 non
939 4451 1310 4509 suscepturum
1334 4482 1348 4503 ,
1379 4451 1434 4490 ut
1461 4438 1608 4491 illum
1637 4426 1846 4498 videat,

248 4537 448 4602 illoque
481 4534 826 4603 perfruatur?
848 4533 962 4587 Hoc
990 4535 1148 4602 igitur
1169 4542 1222 4588 ct
1248 4533 1315 4586 de
1339 4532 1508 4596 gloria
1534 4533 1620 4585 illa
1651 4533 1825 4599 cogite

249 4641 392 4681 mus.
417 4625 597 4695 Neque
627 4625 769 4680 enim
800 4623 938 4678 ﬁlius
963 4625 1294 4693 quantalibet
1323 4624 1518 4676 virtute
1543 4622 1848 4687 decoretur,

251 4721 323 4773 ita
350 4718 486 4786 patri
517 4717 889 4772 desiderabilis
916 4727 969 4770 et
995 4715 1237 4768 amabilis
1262 4722 1364 4775 est,
1393 4725 1449 4766 ιιι
1475 4723 1673 4766 sortem
1709 4713 1849 4766 illam

250 4815 517 4865 bonorum
566 4809 809 4878 accipere
833 4850 848 4874 ,
877 4823 940 4862 ac
981 4805 1211 4868 resolvi,
1247 4815 1299 4858 et
1327 4820 1446 4858 esse
1474 4820 1593 4856 cum
1639 4803 1852 4856 Christo

251 4903 516 4974 (Philipp.
540 4903 592 4957 I.
612 4901 732 4970 23).
757 4899 1113 4954 lntolerabilis
1139 4899 1334 4967 quippe
1360 4906 1443 4948 est
1471 4896 1554 4947 illa
1584 4894 1849 4964 gehenna,

253 5000 453 5067 illaque
481 5009 657 5064 pana.
684 4997 931 5046 Attamen
963 4992 1087 5046 licet
1113 4991 1257 5045 mille
1281 4989 1400 5059 quis
1428 4988 1700 5055 gehenuas
1729 5002 1852 5053 pro-

255 5089 492 5158 posuerit
519 5086 692 5151 ,_uilii|
729 5084 831 5140 tale
859 5083 1097 5138 dicturus
1128 5092 1243 5145 est,
1272 5081 1429 5149 quale
1467 5089 1552 5134 est
1588 5093 1654 5131 ex
1701 5077 1852 5130 beata

256 5187 344 5241 illa
373 5183 621 5238 excidere
661 5180 825 5249 gloria
850 5219 865 5240 ,
900 5176 1116 5232 Christo
1139 5191 1360 5231 exosum
1388 5188 1507 5228 esse
1531 5215 1547 5233 ,
1580 5171 1764 5224 audire
1790 5172 1855 5222 ab

261 5277 353 5330 illo
381 5317 398 5339 ,
433 5273 556 5327 Non
599 5274 710 5325 novi
751 5286 837 5323 vos
878 5268 1088 5339 (Matth.
1120 5267 1209 5321 25.
1257 5267 1366 5332 I2),
1405 5264 1642 5318 accusari
1667 5304 1681 5325 ,
1713 5263 1854 5328 quod

261 5377 584 5423 esurientem
611 5366 758 5417 illum
781 5378 902 5416 cum
927 5362 1250 5422 videremus,
1267 5360 1442 5412 cibum
1463 5354 1852 5424 negaverimus.

265 5457 475 5513 Etenim
507 5455 698 5508 melius
725 5462 806 5507 est
836 5451 978 5505 mille
1006 5449 1313 5503 fulminibus
1341 5446 1514 5508 obrui,
1549 5459 1706 5512 quam
1740 5443 1856 5495 vul-

265 5560 375 5602 tum
408 5547 556 5599 illum
587 5551 920 5597 inausuetum
949 5540 1129 5594 videre
1156 5555 1252 5591 nos
1279 5545 1638 5599 aversantem,
1667 5546 1720 5588 et
1748 5533 1858 5602 pla-

326 5705 341 5734 ι
383 5704 462 5750 Ili:
487 5702 624 5750 locus
641 5715 711 5749 sic
737 5700 916 5760 legitur
943 5699 988 5746 in
1017 5694 1312 5760 Morel..,Ae,qo
1334 5701 1488 5744 tantm
1521 5689 1856 5755 gravissimam

264 5778 363 5816 csse
380 5778 571 5828 ριεηαίιι
594 5766 719 5813 duco
744 5780 770 5810 ιι
791 5757 944 5824 gloria.
971 5761 1051 5808 illa
1077 5757 1323 5807 excidere.

1187 306 1250 360 IN
1290 302 1699 359 MATTIIIEUM
1743 299 1972 355 IIOMIL.
2019 304 2207 360 XXIII.
2246 313 2315 368 al.
2358 313 2546 378 XXIV.

3444 327 3544 380 7-H

1949 421 2126 477 cidum
2160 428 2374 482 oculum
2406 446 2503 484 nos
2533 433 2773 504 aspicere
2802 451 2906 489 non
2937 437 3312 492 sustinentem.
3342 438 3473 492 Nam
3503 443 3543 491 si

1951 531 2036 570 me
2062 517 2150 569 ille
2180 518 2451 573 inimicum
2481 537 2540 576 se
2570 523 2695 578 odio
2722 525 3004 580 habentem
3035 538 3090 582 et
3113 538 3446 583 aversantem
3478 530 3545 581 ita

1955 615 2280 672 prosecutus
2295 615 2400 669 est,
2423 616 2478 660 ut
2499 623 2596 662 nec
2620 608 2720 661 sibi
2741 609 2842 678 ipsi
2860 621 3103 664 oarceret
3116 653 3129 674 ,
3150 612 3243 666 sed
3257 628 3315 666 se
3329 612 3393 666 ad
3409 628 3553 666 mor-

1955 706 2058 749 tem
2077 699 2334 762 traderet;
2353 714 2417 752 cn
2429 714 2476 751 tu
2491 709 2615 766 post
2631 700 2722 753 illa
2738 704 2919 756 omnia
2935 718 3036 756 nec
3046 719 3139 758 esu
3151 705 3306 757 rit-nti
3327 705 3546 775 quidem

1948 801 2138 853 panem
2173 790 2445 859 porrigere
2472 790 2720 857 dignatus
2750 790 2919 857 fuero,
2951 793 3149 861 quibus
3176 794 3392 849 demum
3423 812 3546 848 ocu-

1949 877 2014 930 lis
2063 877 2232 946 ipsutn
2285 881 2606 948 respiciam?
2638 881 2732 934 Hic
2762 896 2891 935 vero
2939 883 3206 952 perpende
3246 885 3362 952 ejus
3394 902 3547 938 titan-

1947 967 2303 1022 suetudinem.
2333 970 2516 1038 Neque
2543 972 2684 1025 enim
2716 971 2970 1025 beneﬁcia
3014 989 3109 1027 sua
3137 985 3549 1038 commemorat,

1948 1075 2119 1126 neque
2153 1074 2223 1124 te,
2253 1064 2336 1115 cui
2369 1073 2446 1116 tot
2477 1064 2614 1117 bona
2647 1066 2894 1124 contulit,
2931 1066 3076 1120 illum
3107 1066 3386 1134 deSpicerc
3416 1085 3550 1140 que-

1947 1151 2098 1202 ritur.
2131 1151 2313 1221 Neqne
2341 1154 2481 1206 enim
2514 1153 2679 1208 dicit:
2706 1155 2858 1208 Mene
2883 1156 3136 1224 despicis,
3165 1159 3254 1226 qui
3291 1167 3342 1212 te
3371 1174 3435 1212 ex
3469 1160 3551 1210 ni-

1947 1243 2058 1295 hilo
2087 1245 2330 1312 produxi,
2361 1247 2448 1316 qui
2480 1245 2570 1300 tibi
2598 1247 2829 1300 animam
2862 1247 3144 1312 iusufllavi,
3179 1251 3268 1318 qui
3305 1264 3354 1304 te
3374 1255 3548 1305 eruni-

1945 1333 2060 1395 bus,
2091 1351 2209 1404 quae
2233 1336 2282 1388 in
2314 1346 2454 1390 terra
2482 1346 2624 1402 sunt,
2649 1336 2882 1406 pra-feci,
2907 1340 2994 1408 qui
3020 1351 3236 1408 propter
3263 1350 3314 1395 te
3335 1343 3549 1407 caelum,

1947 1435 2143 1478 terram
2165 1467 2180 1490 ,
2213 1441 2389 1490 mare,
2424 1442 2602 1481 aerem
2625 1469 2639 1494 ,
2671 1439 2725 1482 et
2754 1431 2932 1482 omnia
2959 1446 3078 1496 qua:
3109 1432 3375 1485 exsistunt
3407 1432 3506 1486 l'eei
3536 1474 3549 1496 ,

1944 1517 2034 1584 qui
2065 1533 2092 1569 a
2125 1526 2176 1569 te
2204 1517 2557 1571 inhonoratos
2601 1536 2718 1572 sum
2765 1530 2818 1573 et
2854 1520 3065 1573 diabolo
3096 1521 3252 1575 vilior
3275 1523 3553 1575 existima-

1949 1615 2034 1658 tus
2056 1648 2068 1670 ,
2104 1607 2190 1673 qui
2223 1622 2395 1674 neque
2425 1608 2504 1662 sic
2531 1608 2745 1673 destiti,
2776 1611 2868 1664 sed
2900 1610 3062 1662 millia
3094 1621 3214 1678 post
3256 1613 3369 1666 lucc
3399 1614 3449 1666 in
3481 1616 3551 1668 tui

1943 1697 2166 1764 gratiam
2199 1699 2493 1767 excogitavi
2522 1741 2535 1760 ,
2569 1701 2657 1767 qui
2691 1715 2883 1754 servus
2910 1716 3031 1754 esse
3059 1702 3236 1766 volui,
3269 1704 3356 1771 qui
3383 1706 3554 1772 alapis

1945 1801 2138 1852 caesus,
2167 1798 2458 1857 conspulus
2485 1798 2536 1843 et
2561 1793 2771 1844 occisus
2793 1805 2932 1855 smn,
2962 1802 3190 1845 mortem
3221 1808 3408 1862 passus
3441 1805 3552 1848 tur—

1946 1877 2219 1947 pissimam
2247 1880 2376 1947 ,qui
2420 1882 2579 1934 etiam
2625 1882 2678 1934 in
2723 1882 2856 1936 ca'Io
2907 1897 3001 1950 pro
3052 1892 3102 1936 te
3152 1886 3436 1953 supplico,
3465 1887 3555 1955 qui

1947 1967 2204 2034 Spiritum
2235 1969 2327 2021 tibi
2356 1970 2575 2039 largitus
2602 1985 2741 2036 sum,
2768 1972 2857 2041 qui
2884 1981 2932 2027 te
2958 1988 3122 2041 regno
3141 1973 3388 2043 dignatus
3411 1982 3572 2040 suui,’

1946 2057 2034 2125 qui
2068 2058 2188 2110 talia
2220 2059 2439 2127 promisi
2471 2061 2602 2125 tibi,
2631 2062 2720 2130 qui
2750 2073 2908 2130 caput
2941 2072 3085 2116 tuum
3116 2079 3238 2118 esse
3275 2065 3436 2130 volui,
3466 2073 3556 2135 qui

1948 2161 2180 2216 sponsus
2210 2164 2351 2215 sum,
2383 2151 2564 2214 vestis,
2597 2153 2808 2216 domus,
2841 2145 2988 2207 radix
3015 2196 3029 2220 ,
3065 2170 3185 2209 esca
3207 2196 3222 2220 ,
3251 2166 3429 2226 potus.
3462 2175 3557 2228 pa-

1946 2249 2078 2301 stor,
2112 2256 2223 2306 rex,
2247 2241 2430 2306 frater,
2457 2245 2544 2312 qui
2567 2254 2618 2298 te
2648 2243 2898 2298 heredem
2921 2256 2975 2299 et
3003 2246 3324 2301 coheredem
3353 2251 3369 2279 ⁸
3392 2250 3554 2319 elegi,

1946 2331 2037 2398 qui
2079 2347 2142 2384 ex
2191 2333 2425 2386 tenebris
2465 2335 2531 2387 ad
2565 2339 2925 2403 potestatem‘
2957 2338 3089 2391 lucis
3134 2349 3184 2390 te
3210 2338 3390 2392 eduxi.
3421 2339 3556 2393 Cum

1950 2421 2063 2474 h:r.c
2094 2433 2147 2476 et
2190 2423 2270 2477 his
2298 2425 2446 2492 plura
2476 2424 2658 2480 dicere
2685 2438 2910 2497 posset,
2944 2427 3074 2480 nihil
3107 2430 3209 2482 tale
3263 2430 3418 2483 dixit.
3450 2430 3554 2484 Sed

1949 2512 2073 2581 quid
2092 2514 2114 2566 ?
2142 2514 2326 2568 Solum
2359 2516 2487 2569 illud
2519 2517 2739 2586 protulit
2770 2528 3067 2586 peccatum.
3104 2519 3202 2574 llic
3241 2535 3369 2573 vero
3417 2520 3558 2574 dile-

1947 2603 2178 2654 ctionem
2212 2603 2446 2658 ostendit
2474 2618 2524 2658 et
2551 2621 2812 2672 amorem,
2847 2624 2952 2675 quo
2981 2617 3031 2661 te
3059 2609 3419 2678 prosequitur.
3449 2609 3555 2664 Nc-

1947 2707 2052 2758 que
2085 2694 2229 2744 enim
2260 2693 2413 2757 dixit,
2441 2694 2513 2747 Ite
2541 2695 2591 2747 in
2625 2697 2801 2764 ignem
2834 2706 3076 2764 paratum
3105 2698 3274 2760 Vobis,
3299 2699 3416 2761 sed,
3454 2697 3559 2751 Pu-

1948 2793 2112 2834 Tutum
2136 2784 2357 2837 diabolo.
2389 2786 2648 2857 Prinsque
2669 2787 2799 2841 dicit
2819 2804 3064 2858 quamam
3089 2790 3170 2874 illi.
3191 2795 3557 2859 peccaverint.

1911 2892 2123 2962 ‘ncque
2173 2887 2350 2932 tamen
2389 2884 2566 2933 omnia
2607 2881 2789 2935 dicere
2832 2883 3099 2945 sustinet,
3129 2883 3222 2936 sed
3270 2898 3460 2953 pauca.
3494 2884 3561 2938 Ει

1947 2976 2072 3020 autc
2102 2968 2199 3020 hos
2232 2969 2348 3022 illos
2377 2981 2526 3023 vocat
2551 2971 2639 3039 qui
2673 2972 2811 3025 bona
2841 2971 3101 3037 fecerunt,
3133 2981 3190 3026 ut
3219 2973 3346 3028 hinc
3372 2985 3558 3030 osten-

1949 3061 2101 3115 deret
2131 3076 2191 3115 se
2234 3073 2379 3115 recte
2408 3078 2677 3116 accusare.
2707 3064 2918 3128 Quanto
2963 3079 3090 3133 ergo
3139 3067 3402 3135 supplicio
3444 3067 3562 3122 hare

1948 3151 2108 3202 verba
2157 3166 2261 3204 non
2310 3152 2414 3205 sint
2458 3154 2728 3207 sa:vinra?
2755 3154 2809 3210 Si
2854 3155 2972 3224 quis
3018 3155 3160 3208 enim
3212 3157 3486 3212 hominem
3528 3177 3558 3214 a

1949 3258 2055 3311 quo
2097 3242 2356 3296 beneficio
2387 3245 2607 3297 allectus
2637 3246 2707 3298 sit
2733 3248 3056 3300 esurientem
3083 3248 3266 3302 videns
3290 3290 3304 3313 ,
3331 3265 3436 3302 non
3464 3249 3562 3303 de-

1950 3335 2170 3401 Spieiat;
2204 3336 2344 3403 quod
2394 3337 2436 3389 si
2478 3335 2772 3405 dc5piciat,
2806 3340 3160 3406 exprobratos
3193 3341 3369 3408 potius
3399 3342 3564 3410 eligat

1953 3426 2003 3478 ιιι
2036 3435 2230 3478 tet-ratu
2255 3427 2458 3490 defodi,
2491 3443 2649 3496 quam
2683 3421 2892 3482 duobus
2920 3431 3003 3484 vel
3037 3431 3208 3484 tribus
3243 3433 3432 3485 amicis
3474 3443 3559 3488 to-

1952 3518 2121 3571 stihus
2147 3519 2265 3571 Ialia
2289 3520 2475 3573 audire
2504 3539 2514 3572 :
2551 3520 2675 3588 qttid
2704 3537 2802 3574 nos
2834 3522 3097 3589 patiemur
3127 3534 3237 3576 toto
3269 3526 3398 3578 orbe
3426 3534 3565 3578 teste

1954 3611 2073 3662 talia
2106 3611 2408 3678 audientes,
2440 3629 2558 3682 qua:
2589 3629 2657 3668 ne
2689 3613 2903 3683 quidem
2931 3624 3056 3669 tunc
3085 3617 3174 3670 ille
3201 3617 3426 3679 diceret,
3455 3619 3556 3672 nisi

1951 3717 2168 3754 causam
2214 3704 2328 3771 ipse
2366 3719 2516 3758 suam
2547 3705 2840 3760 defendere
2872 3708 3030 3761 vellet
3050 3708 3071 3758 ?
3099 3708 3250 3776 Quod
3283 3710 3424 3763 enim
3456 3727 3561 3764 non

1953 3797 2286 3864 exprobrans
2324 3796 2376 3848 id
2410 3797 2498 3850 ille
2521 3797 2698 3862 dicat,
2727 3797 2822 3852 sed
2852 3813 2974 3853 sese
3004 3816 3264 3870 purgans,
3299 3811 3354 3854 et
3387 3812 3441 3855 ut
3471 3819 3560 3852 os-

1956 3887 2135 3940 tendat
2180 3904 2239 3940 se
2279 3903 2384 3940 non
2433 3887 2625 3941 frustra
2678 3889 2759 3942 vel
2800 3891 2918 3942 sine
2964 3907 3124 3944 causa
3171 3892 3382 3952 dicere,
3437 3891 3560 3944 Dia-

1953 3981 2115 4032 cedite
2159 3997 2190 4032 a
2224 3997 2320 4042 me,
2353 3981 2525 4049 palam
2558 3992 2639 4034 est
2681 3997 2747 4034 ex
2775 3981 2893 4051 ejus
2923 3983 3228 4052 ingentibus
3260 3983 3558 4038 beneficiis.

1956 4072 2083 4125 Nam
2117 4073 2158 4126 si
2190 4074 2518 4141 exprobrare
2550 4073 2848 4139 voluisset,
2883 4075 2973 4126 illa
3020 4075 3194 4128 omnia
3227 4075 3277 4128 in
3326 4077 3558 4130 medium

1955 4164 2264 4218 adduxisset
2295 4182 2308 4218 :
2337 4179 2479 4218 nunc
2513 4173 2693 4218 autem
2732 4180 2792 4218 ea
2823 4167 2997 4219 solum
3039 4166 3168 4219 dicit
3209 4183 3327 4235 quae
3374 4181 3564 4236 passus

1955 4269 2056 4312 CSI.

2029 4351 2081 4405 9.
2110 4349 2419 4403 Timeamus
2466 4348 2646 4417 itaque
2671 4391 2686 4416 ,
2719 4350 2940 4413 dilecti,
2973 4349 3086 4404 haec
3140 4352 3326 4404 audire
3380 4353 3562 4404 verba.

1955 4440 2073 4494 Non
2109 4449 2192 4494 est
2220 4441 2368 4494 lusus
2414 4440 2530 4492 Ιιῑιεο
2560 4441 2706 4501 vita;
2742 4440 2848 4492 imo
2878 4441 3051 4508 potius
3099 4440 3212 4494 lucc
3259 4443 3367 4494 vita
3418 4441 3568 4496 lusus

1959 4542 2060 4593 est,
2081 4532 2253 4586 futura
2276 4548 2405 4585 vero
2432 4546 2537 4585 non
2566 4531 2714 4584 lusus
2743 4541 2885 4585 sunt.
2912 4531 3070 4585 Forte
3088 4542 3264 4586 autem
3287 4549 3392 4586 non
3421 4534 3568 4586 lusus

1960 4636 2166 4680 tantum
2193 4634 2278 4679 est
2308 4625 2446 4689 vita,
2478 4624 2570 4677 sed
2601 4624 2717 4678 lusu
2744 4625 2998 4678 deterior.
3030 4623 3145 4677 Non
3178 4627 3321 4677 enim
3368 4625 3570 4678 desinit

1961 4720 2012 4770 in
2041 4718 2240 4782 risum,
2274 4717 2366 4770 sed
2413 4731 2662 4785 magnum
2709 4715 2870 4768 infert
2912 4715 3164 4768 damnum
3197 4716 3261 4768 iis
3287 4757 3301 4781 ,
3333 4716 3423 4783 qui
3459 4732 3564 4768 non

1959 4803 2243 4872 diligenter
2266 4816 2442 4854 mores
2460 4815 2586 4853 suos
2607 4814 2932 4868 eumponere
2959 4800 3159 4852 volunt.
3195 4800 3247 4853 In
3270 4815 3377 4867 quo
3399 4800 3566 4863 enim,

1961 4909 2144 4963 quzcso
2170 4934 2182 4956 ,
2212 4909 2241 4947 a
2293 4893 2472 4963 pueris
2514 4891 2822 4946 ludentibus
2855 4900 2909 4944 et
2938 4891 3130 4944 domos
3178 4890 3569 4945 :cdilicantihus

1959 4984 2258 5039 differimus
2283 5025 2297 5050 ,
2325 4985 2416 5053 qui
2471 4982 2778 5051 splendidas
2825 4983 3190 5035 construimus
3228 4983 3374 5036 28ch
3399 4981 3422 5033 ?
3451 4998 3572 5050 qua:

1960 5080 2258 5134 differentia
2297 5079 2433 5132 inter
2482 5078 2602 5131 illos
2632 5067 2955 5145 prandenles
2993 5086 3045 5128 et
3078 5090 3175 5130 nos
3218 5077 3356 5129 laute
3390 5076 3574 5128 convi-

1962 5175 2188 5226 vantes?
2219 5172 2367 5225 Nulla
2395 5213 2407 5235 ,
2451 5171 2550 5224 nisi
2601 5171 2650 5222 iu
2693 5180 2950 5238 quantum
2999 5181 3098 5220 nos
3145 5167 3406 5235 supplicio
3452 5165 3568 5233 ple-

1963 5266 2140 5321 cteudi
2181 5265 2233 5318 id
2276 5266 2517 5318 facimus.
2543 5263 2695 5331 Quod
2739 5262 2782 5315 si
2828 5259 3064 5314 nondum
3109 5258 3362 5312 harumce
3391 5273 3570 5311 rerum

1965 5359 2222 5412 vilitatem
2270 5356 2624 5426 perspicimus
2649 5394 2663 5418 ,
2695 5370 2798 5407 non
2845 5361 2928 5406 est
2963 5349 3304 5415 mirandum;
3336 5348 3571 5404 nondum

2033 5626 2052 5652 ι
2085 5629 2194 5670 Haec
2219 5621 2384 5674 verba,
2412 5625 2456 5666 et
2478 5615 2779 5671 coheredem,
2806 5611 2986 5660 desunt
3012 5613 3058 5658 in
3079 5607 3268 5670 δια-ειη
3286 5605 3375 5657 sed
3399 5605 3569 5654 iualus

1968 5686 2194 5733 omnibus
2214 5683 2473 5731 habentur.
2566 5740 2573 5742 _
2740 5735 2750 5742 _
2824 5735 2829 5742 _

2037 5749 2054 5776 ²
2090 5746 2201 5805 Alii,
2227 5745 2275 5794 in
2301 5740 2710 5806 littl‘lltflj‘altollCtll
2736 5735 2876 5796 Ini-is;
2898 5748 2993 5784 non
3019 5731 3167 5783 tuale.
