4066 6446
539 362 646 420 519

536 471 682 526 enim
713 470 778 525 ad
806 469 1040 524 virorum
1067 462 1426 520 maturitatem
1468 457 1810 531 pervenimus
1838 468 1854 508 :
1881 464 2002 508 cum
2027 464 2123 503 au-

543 579 647 619 tem
682 560 1080 635 pervenerimus
1099 599 1115 624 ,
1145 552 1505 623 intelligemus
1533 550 1648 605 Ιιωο
1676 546 1850 602 omnia
1897 540 2122 612 puerilia

539 672 682 713 esse.
711 655 841 710 Nam
871 663 926 706 et
949 652 1037 706 illa
1073 647 1285 720 quando
1311 647 1405 699 viri
1449 655 1632 697 sumus
1670 637 1976 700 irridemus,
2003 647 2124 702 qua:

540 763 660 802 cum
712 743 863 815 pueri
913 757 1153 798 essemus
1205 738 1519 808 putabamus
1569 729 1792 798 alicnjus
1839 741 1958 780 esse
2010 738 2124 776 mo-

542 839 708 896 menti
735 855 749 892 :
781 845 941 890 testas
967 842 1020 886 et
1047 833 1211 882 lutum
1240 833 1552 896 a‘ggerentes
1578 865 1592 887 ,
1624 837 1729 875 non
1759 820 1935 872 minus
1959 815 2122 869 altum

544 930 917 998 sapiebamus,
947 925 1101 991 quam
1146 919 1178 972 ii
1223 918 1312 987 qui
1354 931 1538 984 magna
1589 921 1738 980 septa
1787 914 2120 964 construunt.

546 1019 740 1073 Verum
773 1015 886 1069 haec
911 1013 1088 1067 statim
1119 1016 1344 1081 pereunt
1368 1015 1423 1060 et
1461 1003 1659 1060 cadunt
1680 1043 1693 1064 ,
1723 1014 1896 1068 neque
1923 998 1966 1050 si
2011 1005 2121 1049 sta-

547 1118 661 1164 rent
689 1148 704 1169 ,
733 1104 884 1158 nobis
913 1102 1060 1155 utilia
1090 1106 1269 1153 essent
1293 1136 1308 1160 ,
1336 1092 1783 1164 quemadmodum
1814 1102 1984 1154 neque
2022 1083 2124 1138 illae

545 1197 689 1252 ades
725 1193 1033 1263 splendidae.
1074 1188 1206 1244 Nam
1261 1188 1366 1241 illan
1409 1186 1523 1240 caeli
1571 1183 1743 1237 civem
1783 1191 1974 1247 capere
2020 1189 2122 1228 non

545 1295 782 1357 possent.
815 1297 986 1350 neque
1009 1282 1062 1334 in
1093 1280 1198 1332 illis
1228 1276 1468 1332 habitare
1490 1275 1795 1341 dignaretur
1818 1269 1906 1339 qui
1936 1278 2124 1334 snper-

547 1356 668 1430 nam
696 1375 900 1428 obtinet
932 1370 1155 1440 patriam
1179 1387 1191 1421 :
1216 1383 1399 1423 verum
1443 1374 1498 1417 ut
1529 1379 1623 1417 nos
1652 1360 1873 1430 pedibus
1897 1356 2124 1424 puerilia

545 1465 632 1520 illa
656 1465 1000 1526 destruimus,
1019 1461 1096 1514 sic
1113 1457 1202 1512 ille
1230 1458 1408 1510 animo
1427 1455 1555 1508 tales
1581 1453 1722 1505 mdes
1751 1451 2027 1503 subvertit.
2059 1445 2128 1500 Et

545 1552 990 1625 quemadmodum
1021 1564 1145 1613 nos,
1177 1547 1302 1600 dum
1335 1546 1479 1613 pueri
1503 1545 1568 1596 de
1600 1544 1748 1595 ruina
1781 1541 2022 1610 plorant,
2058 1536 2128 1590 ri-

545 1646 732 1700 demus
758 1661 772 1696 :
793 1644 869 1695 sic
887 1649 944 1695 et
962 1639 1069 1704 isti,
1097 1637 1248 1691 nobis
1273 1636 1339 1690 de
1363 1633 1709 1688 subversione
1736 1628 2082 1685 nicerentibus
2107 1665 2123 1691 ,

547 1752 650 1790 non
675 1734 832 1788 modo
849 1749 950 1786 non
971 1731 1164 1794 rident,
1191 1728 1285 1783 sed
1307 1729 1463 1782 etiam
1491 1725 1697 1795 plorant
1723 1740 1735 1777 :
1759 1722 2007 1793 quoniam
2035 1735 2128 1773 eo-

548 1841 665 1880 rnm
691 1827 892 1878 viscera
914 1821 1376 1876 commiseratione
1405 1819 1556 1887 plena
1584 1825 1728 1878 sunt,
1756 1829 1819 1868 ac
1845 1813 1966 1881 quia
1993 1809 2130 1866 mul-

543 1926 660 1968 tum
693 1914 845 1966 nobis
875 1910 994 1966 inde
1021 1911 1188 1965 oritur
1212 1909 1608 1962 detrimentum.
1640 1905 1816 1960 Simus
1846 1918 1973 1971 ergo
2004 1901 2122 1955 viri.

548 2000 833 2072 Usquequo
859 2000 1002 2053 humi
1043 2013 1324 2070 serpemus
1348 2039 1363 2060 ,
1398 1998 1450 2049 in
1477 1994 1737 2063 lapidibus
1762 2001 1814 2046 et
1860 1990 2012 2059 lignis
2052 1988 2130 2041 al-

549 2100 657 2145 tuin
689 2089 991 2158 sapientes?
1019 2102 1292 2156 usquequo
1321 2087 1559 2141 ludemns
1579 2085 1602 2136 ?
1624 2088 1793 2152 Atque
1820 2082 2015 2135 utinam
2039 2095 2127 2132 so-

549 2181 656 2234 lum
685 2180 984 2234 Iuderemus
1011 2197 1025 2233 :
1049 2193 1186 2232 nunc
1214 2185 1390 2230 autem
1422 2185 1658 2229 nostram
1689 2172 1962 2244 prodimus
1986 2169 2129 2223 salu-

553 2282 656 2325 tem
684 2286 698 2336 ;
735 2285 797 2325 ac
823 2267 1265 2338 quemadmodum
1298 2266 1442 2334 pueri
1464 2308 1474 2326 ,
1500 2281 1619 2318 cum
1661 2261 1915 2332 neglectis
1962 2259 2130 2313 literis

549 2364 602 2418 in
635 2363 716 2416 his
745 2363 880 2415 ludis
909 2362 1074 2415 otium
1099 2367 1451 2421 consumunt,
1479 2355 1778 2409 durissimis
1819 2350 2131 2405 verberibus

551 2455 858 2524 subiacent:
881 2453 959 2506 sic
983 2460 1037 2506 et
1057 2464 1153 2504 nos
1180 2449 1266 2518 qui
1298 2452 1350 2503 in
1383 2447 1463 2500 his
1488 2455 1654 2499 totum
1679 2441 1912 2497 studium
1940 2453 2132 2494 consu-

553 2548 780 2606 mimus,
810 2559 931 2598 cum
971 2557 1001 2595 a
1044 2542 1194 2596 nobis
1221 2539 1620 2608 disciplinarum
1666 2534 1803 2588 ratio
1841 2547 1934 2602 per
1970 2545 2130 2598 opera

553 2643 792 2705 exigetur
819 2676 833 2698 ,
863 2635 983 2703 quia
1031 2633 1252 2686 reddere
1299 2641 1404 2692 non
1458 2627 1750 2697 poterimus
1779 2665 1794 2689 ,
1832 2633 2129 2678 extremum

552 2727 758 2780 luemus
783 2723 1114 2794 supplicium.
1138 2721 1410 2789 Nemoqne
1431 2720 1531 2771 erit
1559 2717 1644 2786 qui
1673 2716 1894 2778 liberet,
1924 2709 2130 2765 etiamsi

555 2827 700 2886 pater
727 2858 740 2880 ,
763 2815 967 2870 etiamsi
1009 2813 1174 2866 frater
1198 2812 1286 2865 vel
1311 2811 1484 2876 quivis
1510 2810 1665 2861 alius.
1691 2807 1794 2860 Sed
1819 2807 1932 2857 haec
1957 2805 2132 2855 omnia

552 2905 877 2967 alisredeut,
930 2919 1084 2973 pinna
1137 2912 1316 2956 autem
1369 2916 1434 2953 ex
1484 2899 1585 2953 illis
1639 2906 1788 2966 parta
1825 2904 2021 2948 mterna
2073 2904 2136 2944 ac

552 3009 805 3070 perpetua
861 2993 1206 3055 manebitzid
1262 2992 1400 3062 quod
1458 2992 1615 3045 etiam
1667 2987 1846 3059 pueris
1896 2983 2132 3048 accidit,

551 3090 619 3144 ob
646 3102 874 3158 quorum
903 3085 1276 3154 negligentiam
1307 3091 1485 3152 patres
1509 3084 1522 3111 ¹
1559 3078 1753 3132 ludicra
1786 3076 1873 3128 illa
1913 3072 2133 3142 puerilia

551 3180 616 3234 de
667 3177 842 3232 medio
893 3175 1394 3243 tollunt,ipsosquc
1448 3170 1514 3223 ad
1569 3167 1810 3222 assiduas
1868 3167 2133 3235 lacrymas

551 3271 892 3339 compellunt.
925 3267 995 3323 Ut
1037 3277 1216 3320 autem
1260 3267 1433 3318 discas
1481 3263 1548 3316 ita
1580 3276 1690 3315 rem
1723 3275 1780 3312 se
1822 3254 2132 3311 haberezid

552 3363 690 3432 quod
744 3360 974 3413 maxime
1022 3356 1194 3408 studia
1242 3355 1512 3406 hominum
1572 3364 1833 3418 occupare
1887 3346 2133 3412 videtur,

553 3462 748 3518 nempe
787 3447 1016 3508 divitias,
1048 3444 1102 3497 in
1133 3443 1361 3497 medium
1392 3441 1736 3502 adducamus,
1779 3439 2010 3506 ipsisque
2033 3450 2130 3504 op-

553 3553 807 3605 ponamus
826 3548 1210 3606 quamcumque
1225 3533 1454 3586 volueris
1469 3533 1628 3584 animi
1650 3531 1914 3595 virtutem,
1939 3539 1992 3582 et
2009 3538 2136 3582 tunc

557 3630 784 3683 maxime
810 3643 992 3681 earum
1019 3626 1273 3680 vilitatem
1303 3626 1580 3692 agniturns
1609 3637 1688 3676 es.
1718 3621 1983 3675 l’onamus
2007 3634 2136 3689 ergo

552 3721 687 3772 duos
723 3732 841 3772 esse
875 3717 1153 3780 homines;
1185 3715 1407 3768 necdum
1439 3713 1628 3780 loquar
1659 3712 1726 3766 de
1750 3712 1971 3765 avaritia
1992 3752 2007 3778 ,
2039 3712 2133 3764 sed

553 3811 620 3864 de
643 3809 844 3864 divitiis
869 3811 1010 3877 juste
1030 3807 1226 3877 partis:
1249 3821 1316 3860 ex
1341 3806 1484 3864 hisce
1512 3806 1718 3859 duobus
1744 3805 1877 3857 alius
1906 3817 2133 3871 congre-

553 3912 640 3972 get
665 3903 875 3956 divitias
901 3942 915 3965 ,
945 3914 1091 3954 mare
1117 3900 1339 3953 navibus
1366 3909 1655 3954 transmeet
1680 3939 1692 3959 ,
1728 3906 1919 3950 terram
1947 3895 2089 3949 colat
2113 3936 2127 3957 ,

553 3995 852 4059 multosque
882 3991 1014 4044 alios
1043 3987 1414 4058 negotiationis
1440 3987 1626 4042 modos
1647 3989 1896 4052 inveniat;
1925 3986 2131 4041 etiamsi

555 4087 786 4137 nesciam
809 4089 988 4134 utrum
1019 4078 1133 4132 bam
1162 4077 1364 4133 faciens
1390 4079 1559 4146 possit
1582 4078 1722 4144 juste
1744 4080 1934 4131 lucrari
1962 4093 1976 4138 ;
2006 4086 2134 4130 atta-

555 4189 677 4228 men
734 4183 1094 4240 supponamus
1138 4169 1252 4222 lucc
1297 4168 1442 4220 lucra
1495 4167 1727 4236 legitima
1775 4182 1894 4220 esse
1928 4184 1941 4218 :
1979 4180 2134 4234 agros

553 4275 712 4327 emat,
743 4277 946 4325 servos,
982 4270 1036 4315 et
1055 4261 1243 4315 similia
1277 4259 1459 4326 multa,
1490 4261 1740 4328 nullaque
1769 4261 1835 4314 sit
1866 4261 1916 4312 in
1942 4259 2024 4313 his
2051 4274 2135 4314 re-

558 4357 660 4409 bus
690 4352 941 4422 injustitia
965 4367 980 4404 :
1001 4352 1136 4405 alter
1162 4364 1291 4404 vero
1331 4363 1481 4417 atque
1510 4349 1693 4411 dives,
1726 4351 1919 4404 vendat
1944 4350 2134 4404 domos

554 4454 611 4502 et
627 4461 749 4499 vasa
776 4459 935 4499 aurea
955 4431 1328 4513 argenteaque,
1351 4442 1530 4511 egenis
1545 4440 1818 4511 largiatur,
1839 4440 2133 4512 pauperes-

555 4553 657 4609 que
685 4537 880 4602 foveat,
910 4550 1078 4604 aegros
1104 4543 1272 4600 curet,
1301 4534 1355 4588 in
1376 4535 1690 4590 necessitate
1717 4535 1916 4606 positos
1941 4538 2130 4602 solvat,

554 4630 689 4684 alios
711 4643 740 4682 a
764 4627 986 4682 vinculis
1005 4626 1202 4682 eximat
1218 4666 1236 4693 ,
1257 4624 1324 4681 ad
1350 4626 1562 4682 metalla
1593 4625 1869 4683 damnatos
1908 4628 2130 4696 liberet,

556 4720 747 4788 laqueo
794 4735 855 4774 se
893 4717 1280 4789 suspendentes
1325 4717 1542 4788 dejiciat
1567 4759 1584 4786 ,
1612 4720 1850 4788 captivos
1891 4735 1921 4773 a
1963 4721 2132 4789 poenis

558 4811 765 4866 liberet.
809 4809 973 4878 Cujus
1012 4824 1140 4880 ergo
1180 4808 1347 4880 partis
1388 4823 1510 4864 esse
1552 4809 1841 4864 mavultis?
1891 4810 2130 4864 Nondum

557 4915 735 4959 tamen
760 4903 827 4958 de
851 4903 1072 4967 futuris,
1102 4901 1197 4957 sed
1225 4899 1294 4956 de
1320 4902 1672 4972 prasentibus
1698 4902 1898 4972 loquuti
1928 4919 2129 4958 sumus.

556 4994 725 5060 Quam
764 4994 920 5063 igitur
977 5002 1178 5063 partem
1215 4993 1464 5061 amplecti
1504 4994 1796 5048 mavultis?
1824 4997 1904 5047 An
1947 5010 2131 5050 aurum

556 5083 928 5153 congregantis
949 5124 966 5148 ,
996 5097 1064 5137 an
1107 5083 1331 5137 aliorum
1375 5082 1702 5139 calamitates
1742 5085 1994 5139 solventis
2017 5087 2040 5138 ἵ
2065 5103 2132 5141 an

559 5188 718 5242 agros
740 5173 967 5227 ementis
987 5214 1001 5237 ,
1033 5187 1100 5227 an
1121 5173 1235 5242 ejus
1262 5173 1352 5243 qui
1381 5188 1501 5228 sese
1532 5187 1742 5244 portum
1777 5175 2008 5231 bmnano
2035 5192 2130 5247 ge—

560 5263 674 5317 neri
701 5263 1014 5316 constituit?
1040 5261 1154 5332 ejus
1179 5263 1267 5333 qui
1294 5264 1460 5319 multo
1485 5265 1846 5320 circumdatur
1867 5283 1998 5321 auro
2017 5309 2033 5334 ,
2065 5285 2132 5323 an

556 5356 673 5421 ejus
698 5354 786 5424 qui
811 5353 958 5408 mille
979 5355 1219 5410 laudibus
1239 5370 1522 5411 coronatur
1542 5358 1565 5411 ?
1583 5357 1663 5412 An
1695 5373 1796 5413 non
1821 5361 1903 5414 ille
1922 5361 2132 5430 quidem

559 5445 778 5512 angelus
801 5454 901 5509 est,
920 5445 1006 5514 qui
1028 5445 1095 5500 de
1118 5446 1250 5500 crelo
1278 5446 1344 5502 ad
1375 5459 1684 5503 cancrorum
1711 5454 2130 5508 emendationem

561 5534 869 5602 descendit,
899 5535 985 5592 hic
1012 5553 1137 5593 vero
1167 5555 1273 5593 non
1301 5538 1537 5604 homini,
1579 5543 1672 5597 sed
1723 5560 1888 5612 puero
1925 5545 2133 5602 cuidam

624 5735 644 5763 ‘
682 5739 826 5794 Unus,
850 5741 1042 5797 propter
1061 5749 1265 5802 quonon
1285 5741 1547 5802 profectum
1561 5747 1740 5805 patres,
1767 5751 1845 5794 etc

1273 341 1332 400 8.
1370 336 1650 399 JOANNIS
1671 331 2143 392 CHRYSOSTOMI
2182 331 2500 388 ABCHIEP.
2539 326 3070 387 CONSTANTINOP.

3713 313 3822 370 3'20

2228 443 2439 506 similis,
2469 443 2647 498 omnia
2676 441 2870 495 frustra
2900 435 3172 508 colligenti
3193 434 3215 490 ?
3235 431 3292 490 Si
3322 446 3449 488 vero
3481 432 3644 488 etiam
3673 435 3823 501 juste

2227 533 2480 605 pecunias
2507 531 2776 602 colligere,
2809 544 2897 584 res
2922 528 3059 583 adeo
3090 526 3309 582 ridicula
3349 535 3402 578 et
3430 534 3692 579 extrema
3719 521 3821 576 de-

2227 625 2442 680 mentiaa
2469 631 2588 678 est:
2611 621 2824 692 quando
2852 619 2972 688 quis
3001 633 3104 673 non
3129 618 3276 687 juste
3295 617 3514 685 colligit,
3545 613 3823 686 quomodo

2227 730 2334 768 non
2385 714 2621 766 omnium
2669 710 3004 765 miserrimus
3029 707 3302 763 fuerit?Si
3346 717 3527 762 autem
3557 719 3648 760 res
3687 703 3823 759 adeo

2228 805 2298 858 sit
2331 805 2571 868 ridicula,
2600 817 2721 858 cum
2754 801 2913 855 etiam
2941 799 3028 853 bis
3049 797 3270 854 accedat
3297 806 3350 851 et
3375 797 3623 865 gehenna
3649 804 3710 850 et
3735 809 3823 847 re-

2229 897 2316 966 gni
2345 897 2584 960 amissio,
2612 902 2744 965 quot
2771 893 2861 947 ille
2890 892 3139 963 lacrymis
3169 889 3363 961 dignus
3389 889 3548 944 fuerit
3583 897 3640 944 et
3665 887 3826 942 vivus

2229 1001 2284 1042 et
2311 986 2587 1042 mortuus?

2303 1082 2390 1135 10.
2425 1079 2589 1147 Quam
2620 1086 2820 1147 priests:
2843 1076 2920 1130 vir
2948 1074 3153 1129 Ιηιηιὶιίε
3179 1073 3286 1127 viro
3314 1073 3507 1142 potenti
3533 1081 3579 1126 et
3608 1072 3822 1141 inﬂato.

2228 1202 2300 1213 ——
2320 1169 2424 1225 Sed
2454 1169 2611 1222 aliam
2641 1183 2854 1236 quoque
2875 1209 2891 1232 ,
2921 1166 2967 1220 si
2995 1165 3074 1220 vis
3095 1205 3110 1228 ,
3141 1165 3350 1219 virtutis
3393 1173 3601 1234 partem
3630 1161 3823 1230 explo-

2232 1275 2431 1316 remus.
2463 1258 2670 1312 Rursus
2697 1259 2858 1310 alium
2890 1256 2940 1309 in
2971 1254 3204 1308 medium
3255 1267 3472 1322 agamus
3511 1251 3819 1314 hominem,

2233 1352 2283 1404 in
2311 1349 2540 1418 potentia
2564 1348 2928 1409 constitutum,
2960 1345 3208 1399 omnibus
3238 1346 3586 1414 imperantem
3609 1383 3623 1406 ,
3646 1342 3826 1412 digni-

2233 1451 2338 1496 tate
2365 1455 2554 1509 magna
2595 1439 2848 1507 stipatum
2870 1479 2884 1503 ,
2917 1451 3217 1506 praeconem
3247 1434 3584 1502 splendidum
3619 1433 3828 1488 baben-

2234 1543 2360 1597 tem,
2391 1531 2620 1586 balteum
2653 1529 2775 1582 item
2804 1569 2818 1591 ,
2860 1527 3072 1582 lictores
3095 1567 3111 1592 ,
3164 1540 3519 1596 magnumque
3545 1524 3832 1579 clientium

2232 1637 2528 1678 numerum.
2566 1622 2756 1674 Annon
2787 1620 2886 1673 hoc
2911 1633 3155 1688 magnum
3193 1597 3401 1671 videtur
3425 1630 3546 1670 esse
3571 1626 3624 1669 et
3657 1614 3824 1669 felici-

2235 1725 2339 1769 tate
2369 1713 2620 1784 plenum?
2645 1714 2756 1781 Age
2775 1753 2788 1773 ,
2814 1719 2869 1765 et
2897 1711 2971 1764 illi
3000 1725 3207 1763 rursum
3231 1723 3562 1779 opponamus
3591 1709 3827 1762 alterum

2234 1806 2520 1874 patientem
2545 1845 2560 1868 ,
2593 1803 2798 1862 mitem,
2845 1801 3098 1855 humilem
3120 1840 3138 1866 ,
3169 1807 3225 1853 et
3268 1800 3662 1870 magnanimum
3691 1812 3706 1849 :
3739 1799 3833 1853 hic

2236 1911 2362 1950 vero
2407 1895 2611 1963 injuriis
2663 1895 2969 1962 impetatur,
3014 1892 3266 1962 vapulet,
3292 1900 3347 1946 et
3400 1891 3514 1945 hac
3558 1891 3832 1961 patienter

2235 1989 2385 2050 ferat,
2409 1997 2567 2055 atque
2595 1985 2708 2039 haec
2742 1984 3090 2040 inferentibus
3115 1982 3412 2038 benedicat.
3439 1983 3592 2046 Uter,
3616 1997 3830 2052 quzrso,

2235 2076 2489 2130 mirabilis
2510 2115 2526 2140 ,
2555 2076 2716 2129 illene
2763 2075 2973 2128 inﬂatus
2997 2083 3050 2128 et
3077 2082 3288 2128 tumens
3308 2116 3324 2139 ,
3358 2089 3424 2127 an
3456 2072 3544 2126 hic
3573 2074 3645 2127 ita
3672 2072 3829 2143 deje-

2232 2169 2392 2225 ctus?
2424 2169 2612 2221 Annon
2667 2167 2751 2221 hic
2803 2166 2988 2220 similis
3019 2176 3100 2219 est
3147 2165 3451 2220 caalestibus
3493 2163 3787 2218 virtutibus
3813 2207 3829 2229 ,

2233 2277 2353 2330 quze
2378 2261 2529 2314 nullo
2557 2259 2720 2313 animi
2767 2270 2912 2312 motu
2957 2259 3270 2321 turbantur,
3300 2258 3389 2312 ille
3427 2267 3604 2310 autem
3629 2257 3833 2312 vesicae

2237 2352 2453 2417 inﬂatze,
2480 2360 2572 2404 aut
2597 2349 2795 2403 homini
2847 2348 3173 2418 hydropico,
3224 2358 3384 2416 atque
3411 2346 3698 2401 admodum
3740 2356 3834 2400 tu-

2237 2440 2442 2494 menti?
2473 2455 2649 2492 nonne
2677 2438 2761 2490 hic
2787 2438 2994 2491 medico
3025 2438 3285 2506 spirituali
3312 2478 3326 2499 ,
3357 2437 3446 2492 ille
3482 2447 3658 2490 autem
3692 2451 3833 2506 pue-

2240 2547 2300 2586 ro
2347 2533 2567 2586 buccam
2611 2531 2811 2583 inllanti
2838 2541 2892 2584 et
2941 2530 3200 2584 ridiculo?
3227 2530 3334 2583 Cur
3381 2531 3544 2583 altum
3574 2531 3754 2598 sapis,
3798 2545 3834 2584 o

2238 2624 2440 2679 homo?
2469 2641 2534 2678 an
2568 2625 2711 2694 quod
2741 2624 2982 2678 sublimis
3024 2624 3078 2678 in
3108 2639 3266 2678 curru
3295 2623 3547 2678 veheris?
3583 2639 3650 2676 an
3679 2623 3828 2693 quod

2239 2726 2290 2770 te
2322 2717 2482 2771 trahit
2511 2718 2781 2772 mulorum
2820 2718 3046 2787 jugum?
3090 2717 3292 2787 Ecquid
3335 2717 3473 2771 hoc?
3505 2716 3738 2786 ldipsuin
3772 2717 3828 2770 in

2239 2810 2395 2879 lignis
2424 2820 2479 2864 et
2502 2811 2554 2863 in
2577 2811 2718 2863 saxis
2740 2811 2921 2863 videre
2941 2819 3040 2863 est.
3068 2811 3146 2862 An
3183 2811 3304 2878 quia
3347 2808 3627 2878 magniﬁco
3656 2806 3833 2877 fulges

2240 2901 2464 2956 vestitu?
2490 2901 2595 2956 Sed
2623 2901 2824 2969 respice
2854 2901 2998 2954 illum
3029 2901 3221 2953 virtute
3242 2900 3679 2964 vestimentorum
3711 2899 3833 2965 vice

2239 2995 2490 3048 amictum
2511 3033 2526 3053 ,
2555 3003 2607 3048 et
2642 3003 2690 3045 te
2719 2991 2921 3046 videbis
2966 2989 3115 3045 {renuo
3138 2991 3350 3059 putrido
3376 2989 3605 3044 similem
3631 3032 3645 3050 ,
3677 2989 3830 3043 illum

2239 3101 2368 3140 vero
2393 3085 2568 3140 arbori
2600 3085 2875 3155 pulchrum
2905 3085 3168 3138 emittenti
3208 3083 3457 3147 fructum,
3490 3084 3577 3152 qui
3606 3083 3831 3137 multam

2239 3177 2599 3247 spectantibus
2657 3175 2893 3228 lzetitiam
2934 3174 3138 3238 aﬁ'erat.
3170 3173 3249 3228 Tu
3306 3174 3521 3244 quidem
3564 3175 3830 3229 vermium

2237 3281 2416 3322 escam
2438 3268 2751 3322 circumfers
2770 3307 2786 3332 ,
2816 3277 2974 3336 atque
3001 3267 3285 3330 tinearum,
3313 3281 3453 3336 qum,
3482 3265 3526 3320 si
3559 3275 3830 3336 te-aggre-

2238 3359 2468 3422 diantur,
2500 3360 2607 3412 cito
2648 3368 2699 3411 te
2745 3358 2846 3411 hoc
2892 3357 3145 3411 nudatum
3176 3368 3364 3411 ornatu
3397 3356 3640 3410 reddent.
3689 3356 3828 3410 Nam

2238 3451 2638 3512 vestimentum,
2671 3463 2860 3501 aurum
2882 3458 2936 3502 et
2961 3457 3260 3516 argentum,
3291 3447 3432 3500 aliud
3459 3447 3672 3515 quidem
3699 3462 3828 3500 vcr-

2242 3539 2406 3592 mium
2458 3538 2558 3592 lilis
2597 3547 2836 3602 constat,
2881 3537 3020 3590 aliud
3069 3545 3207 3591 terra
3249 3547 3305 3592 et
3355 3537 3524 3606 pulvis
3552 3545 3667 3600 est,
3723 3537 3830 3591 itc-

2243 3645 2466 3700 rumque
2497 3633 2634 3683 terra
2656 3671 2668 3692 ,
2701 3639 2755 3683 et
2786 3642 3040 3695 praeterea
3087 3629 3259 3692 nihil;
3291 3630 3381 3698 qui
3424 3636 3599 3682 autem
3632 3630 3830 3683 virtute

2240 3720 2438 3774 circum
2461 3728 2699 3782 ornatur,
2727 3719 2883 3772 talem
2915 3718 3073 3773 habet
3101 3729 3325 3782 vestem,
3348 3735 3505 3789 quam
3533 3735 3638 3772 non
3663 3718 3830 3773 modo

2239 3810 2377 3862 tinea
2399 3848 2415 3874 ,
2442 3809 2534 3862 sed
2584 3825 2650 3862 ne
2699 3823 2844 3862 mors
2874 3809 3088 3878 quidem
3119 3810 3231 3878 ipsa
3265 3810 3582 3864 labefactare
3608 3811 3824 3876 valeat;

2238 3913 2292 3954 et
2316 3902 2435 3969 jure
2462 3901 2675 3971 quidem
2707 3902 2915 3955 merito.
2951 3899 3130 3968 Neque
3167 3902 3308 3954 enim
3344 3903 3425 3955 ha:
3455 3903 3618 3955 animi
3652 3903 3827 3957 virtu-

2239 4002 2319 4046 tes
2355 4007 2419 4046 ex
2469 4002 2609 4046 terra
2642 3992 2918 4046 exordium
2960 3993 2976 4022 ί
3020 3991 3252 4056 ducunt,
3301 3992 3395 4047 sed
3443 4004 3568 4048 sunt
3620 3992 3828 4050 fructus

2239 4083 2485 4151 Spiritus;
2519 4095 2846 4152 quapropter
2876 4084 3133 4137 vermium
3179 4086 3258 4137 ori
3299 4100 3404 4138 non
3438 4096 3617 4153 patent
3650 4106 3663 4140 :
3697 4103 3825 4142 nam

2242 4174 2294 4226 in
2326 4173 2458 4225 caelo
2489 4173 2788 4242 hujnsmodi
2839 4175 3154 4229 vestimenta
3183 4185 3463 4240 texuntur,
3492 4177 3579 4230 ubi
3620 4193 3719 4233 nec
3753 4180 3825 4232 ti-

2242 4279 2336 4317 nea
2359 4305 2373 4328 ,
2416 4280 2514 4318 nec
2545 4266 2760 4332 vermis,
2785 4280 2884 4320 nec
2908 4265 3105 4335 aliquid
3133 4265 3310 4321 simile
3339 4277 3440 4322 est.
3473 4267 3608 4333 Quid
3639 4270 3821 4339 igitur,

2239 4369 2418 4424 quaeso
2443 4397 2457 4421 ,
2489 4355 2678 4410 melius
2697 4397 2711 4418 ,
2742 4356 2958 4410 divitem
2983 4397 2998 4422 ,
3027 4374 3092 4410 an
3122 4373 3405 4426 pauperem
3437 4360 3595 4414 esse?
3621 4376 3688 4414 an
3726 4377 3826 4430 po-

2241 4453 2438 4498 tentem
2461 4485 2475 4509 ,
2505 4461 2572 4498 an
2604 4446 2975 4500 inhonoratum
2998 4447 3164 4501 ease?
3203 4448 3346 4503 lauta
3376 4448 3475 4504 frui
3505 4466 3687 4505 mensa
3708 4492 3726 4517 ,
3753 4469 3824 4509 an

2241 4533 2432 4589 famem
2461 4537 2733 4602 experiri?
2764 4537 3116 4592 Proculdubio
3140 4578 3154 4601 ,
3207 4539 3258 4592 in
3309 4539 3512 4595 honore
3536 4583 3551 4607 ,
3578 4542 3823 4612 deliciis,

2239 4625 2539 4696 divitiisque
2568 4629 2765 4683 vivere.
2798 4629 2851 4682 Si
2883 4644 3011 4699 ergo
3033 4644 3121 4684 res
3146 4631 3318 4699 ipsas,
3353 4647 3456 4686 non
3490 4637 3702 4689 nomina
3733 4653 3823 4692 ve-

2215 4716 2326 4778 .lis,
2355 4725 2492 4769 terra
2521 4727 2677 4786 atque
2699 4719 2925 4773 terrenis
2946 4720 3163 4783 relictis,
3193 4720 3244 4773 in
3267 4723 3456 4776 cazlnm
3481 4732 3534 4779 te
3555 4728 3820 4782 transier-

2238 4807 2499 4876 siquidem
2542 4811 3035 4876 priesentia‘iunbra
3082 4824 3248 4886 sunt,
3271 4815 3358 4880 illa
3375 4831 3548 4883 -vero,
3599 4835 3688 4875 res
3716 4822 3821 4874 Im-

2240 4907 2397 4951 motze
2417 4939 2432 4962 ,
2463 4899 2647 4964 tirone,
2673 4917 2794 4970 quae
2832 4917 2936 4955 non
2968 4905 3135 4972 abripi
3171 4906 3392 4974 possint.
3427 4907 3553 4964 Haec
3580 4925 3680 4966 nos
3717 4912 3825 4983 igi-

2243 4998 2328 5042 tur
2348 5005 2464 5043 cuin
2497 4991 2671 5046 studio
2714 4993 3008 5062 deligamus
3031 5038 3046 5059 ,
3077 5007 3212 5050 utet
3250 5013 3280 5050 a
3322 5001 3546 5055 tumultu
3579 5018 3823 5072 praesen-

2242 5081 2369 5134 tium
2423 5098 2600 5135 rerum
2655 5084 2973 5150 liberemur,
3015 5094 3070 5141 et
3102 5085 3169 5141 ad
3218 5092 3552 5160 tranquillum
3607 5106 3822 5162 portum

2240 5175 2564 5243 appellentes
2585 5218 2599 5238 ,
2628 5193 2744 5232 cum
2776 5179 2957 5233 multis
2976 5181 3200 5234 sarcinis
3219 5191 3273 5236 et
3297 5183 3648 5240 inell'abilibus
3673 5189 3825 5245 elee-

2243 5279 2479 5336 mosyna:
2518 5268 2707 5336 opibus
2753 5269 2861 5324 illic
2919 5285 3271 5339 appareamus
3316 5290 3330 5326 :
3374 5274 3569 5344 quibus
3617 5280 3824 5335 utin‘am

2241 5371 2426 5410 omnes
2459 5357 2595 5426 pleni
2625 5359 2689 5412 ad
2716 5359 3041 5416 horrendum
3066 5361 3297 5420 tribunal
3317 5365 3528 5421 adducti
3548 5407 3562 5430 ,
3593 5384 3823 5438 regnum

2241 5447 2492 5500 cmlorum
2519 5463 2907 5518 consequamur
2930 5453 3099 5521 gratia
3129 5463 3184 5508 et
3208 5455 3574 5512 misericordia
3608 5459 3824 5518 Domini

2240 5540 2406 5594 nostri
2434 5539 2561 5596 Jesu
2584 5542 2778 5597 Christi
2803 5585 2817 5609 ,
2847 5546 2930 5599 cui
2956 5546 3125 5617 gloria
3154 5555 3210 5603 et
3237 5547 3516 5620 imperium
3543 5549 3597 5607 iu
3628 5557 3826 5611 secula

2243 5635 2578 5690 uitulorum.
2611 5637 2801 5690 Amen.

2309 5745 2326 5777 ⁸
2361 5745 2573 5809 Quidam,
2595 5759 2636 5796 ο)
2651 5745 2844 5810 iginrm.
