4066 6426
277 350 372 404 39.1

295 350 372 405 59.1
1274 342 1342 399 IV
1379 343 1789 402 ΜΑΤΤΗΕΗΜ
1831 344 1861 400 ll

1971 345 2060 400 llL.
2108 344 2276 401 XXIV

2337 348 2407 402 al.
2453 345 2616 401 XXV.
3480 347 3587 403 περ

285 523 3587 555 NW

1403 617 1754 704 HOMILIA
1799 618 2040 680 xxxv.
2076 619 2162 680 al.
2211 620 2419 682 xxv.

265 815 400 876 CAP.
436 815 490 870 'l.
526 829 575 865 ν.
612 813 661 867 1.
695 811 816 866 Non
852 810 1016 866 omnis
1045 809 1130 878 qui
1168 809 1288 862 dicit
1319 807 1464 870 mihi,
1497 803 1736 864 Domine.
1763 800 1872 854 Do-

340 907 519 969 mine,
564 903 770 957 intrabit
809 905 864 956 in
905 918 1116 972 regnan
1160 901 1398 953 telorum
1425 940 1439 956 .
1483 897 1573 952 sed
1619 896 1704 966 qui
1749 895 1874 968 facit

342 996 659 1048 voluntatem
695 991 873 1046 Patris
901 993 1000 1044 mei
1027 991 1114 1062 qui
1138 991 1191 1042 in
1216 990 1353 1042 aclis
1381 998 1454 1042 cs‘

343 1089 393 1141 1.
441 1085 564 1140 Non
592 1085 698 1138 alia
742 1082 902 1149 Filii,
930 1083 1036 1134 alia
1085 1079 1260 1134 Patris
1299 1081 1557 1134 voluntas.
1592 1077 1872 1148 Signormn

267 1179 501 1246 Operatio
529 1177 639 1229 sine
665 1175 848 1228 virtute
874 1172 1003 1225 nihil
1026 1171 1232 1242 prodest
1251 1170 1504 1238 aperanti.
1531 1199 1602 1211 -—
1626 1168 1738 1223 Cur
1761 1183 1866 1222 noo

266 1270 436 1333 dixit,
465 1267 575 1324 Sed
607 1267 696 1336 qui
728 1265 853 1321 facit
876 1265 1204 1318 voluntatem
1236 1261 1450 1316 meum?
1479 1261 1613 1326 Quia
1655 1259 1757 1315 hoc
1790 1259 1874 1312 in-

269 1363 428 1415 terim
479 1367 727 1430 poterant
772 1357 1031 1411 libentius
1059 1355 1318 1425 accipere.
1374 1353 1507 1406 Illud
1549 1355 1691 1407 enim
1744 1366 1867 1420 per-

267 1467 434 1520 pensa
492 1449 703 1504 illorum
761 1447 1068 1510 infirmitate
1113 1455 1238 1500 tunc
1287 1459 1536 1513 magnum
1579 1440 1866 1495 admodum

262 1550 402 1595 erat.
436 1540 688 1609 Alioquin
718 1554 843 1592 vero
875 1553 968 1606 per
996 1538 1124 1591 illud
1156 1536 1257 1590 hoc
1289 1538 1459 1604 ipsum
1489 1536 1650 1589 etiam
1676 1534 1865 1587 subin-

262 1632 486 1686 dicavit.
517 1630 597 1685 Ad
628 1631 742 1683 huic
767 1639 948 1684 autem
984 1627 1110 1682 illud
1142 1629 1363 1696 insuper
1397 1626 1683 1680 dicendum
1709 1669 1723 1688 ,
1759 1640 1864 1679 non

263 1737 390 1778 esse
437 1723 596 1776 aliam
637 1719 795 1782 Filii,
829 1722 986 1775 aliam
1015 1720 1190 1774 Patris
1211 1722 1561 1774 voluntatem.
1598 1718 1693 1773 llic
1734 1733 1865 1772 vero

262 1813 396 1868 mihi
451 1813 686 1866 maxime
735 1811 943 1866 videtur
983 1811 1199 1866 inda-os
1243 1812 1630 1880 perstringere,
1674 1810 1766 1878 qui
1812 1811 1864 1864 in

258 1903 622 1970 dogmatibus“
650 1916 913 1956 summam
955 1916 1134 1955 rerum
1169 1901 1475 1969 ponebant,
1510 1916 1608 1954 nec
1646 1901 1714 1955 de
1757 1901 1865 1955 vita

262 1995 434 2063 probe
463 1993 667 2063 agenda
691 1994 967 2047 curabant.
1003 1991 1128 2046 Ideo
1152 1994 1269 2046 illos
1301 1994 1499 2047 Paulus
1518 1994 1760 2063 coarguit
1785 1994 1867 2047 dio

257 2097 391 2137 cens
422 2101 435 2134 :
474 2082 605 2136 Ecce
645 2093 698 2136 ω
722 2081 941 2134 Judaztts
984 2083 1356 2152 cognominat-is
1377 2125 1389 2142 .
1418 2095 1465 2136 et
1505 2085 1772 2149 ret/uincis
1811 2084 1864 2135 in

257 2177 390 2245 lege,
423 2185 470 2228 et
497 2172 737 2244 gloriaris
767 2175 819 2227 in
845 2173 970 2237 Deo,
1000 2185 1048 2228 et
1074 2176 1208 2228 nosti
1244 2178 1551 2228 voluntatem
1578 2179 1595 2246 (
1622 2176 1770 2231 llam.
1803 2177 1857 2232 2.

261 2266 348 2320 17.
383 2265 499 2335 18).
531 2265 724 2319 Verum
755 2266 890 2320 nihil
913 2265 1002 2320 tibi
1025 2279 1090 2321 ex
1115 2265 1202 2320 illa
1231 2267 1469 2328 accedit,
1502 2267 1714 2333 quando
1742 2271 1862 2322 vitae

258 2365 312 2414 et
337 2371 564 2424 operum
603 2356 909 2424 exemplum
939 2372 1044 2411 non
1082 2357 1253 2410 adest.
1286 2358 1380 2413 llle
1422 2368 1599 2412 autem
1630 2375 1735 2413 non
1774 2359 1860 2414 hic

256 2449 494 2504 substitit
517 2491 533 2514 ,
562 2449 654 2502 sed
678 2449 819 2518 quod
853 2449 1022 2503 multo
1048 2451 1219 2514 majus
1245 2459 1360 2504 erat
1383 2452 1514 2505 dixit
1542 2469 1556 2506 :
1586 2451 1676 2506 22.
1708 2452 1860 2505 Multi

257 2541 390 2592 enim
418 2541 586 2593 (licent
616 2540 737 2592 mihi
767 2543 817 2592 in
855 2542 938 2595 die
965 2541 1057 2595 illa
1079 2581 1095 2606 ,
1128 2540 1363 2606 Don.ine,
1413 2542 1650 2607 Domine,
1696 2561 1864 2597 nonne

257 2632 307 2683 in
338 2631 544 2683 nomine
577 2639 663 2683 tuo
701 2631 1154 2699 prop/telttvimtts?
1197 2632 1310 2686 Non
1345 2633 1488 2687 enim
1534 2635 1707 2687 Solum
1730 2677 1743 2697 ,
1777 2636 1859 2688 in-

256 2721 404 2786 quit.
439 2722 530 2789 qui
577 2719 734 2775 ﬁdem
785 2722 981 2786 habet,
1016 2725 1061 2774 si
1104 2724 1207 2774 vita
1253 2722 1580 2793 negligatur,
1623 2741 1686 2778 ex
1715 2725 1860 2780 etelis

255 2814 599 2876 excluditur;
627 2814 719 2868 sed
753 2815 960 2868 etiamsi
993 2830 1114 2869 cum
1157 2815 1260 2871 title
1296 2818 1458 2871 multa
1489 2819 1640 2886 signa
1672 2819 1860 2872 edide-

255 2905 325 2957 rit
349 2945 364 2968 ,
399 2919 500 2958 nec
522 2904 646 2958 boni
668 2905 937 2974 quidpiam
967 2906 1184 2970 fecerit,
1212 2923 1239 2958 a
1271 2909 1438 2962 sacris
1463 2908 1710 2964 similiter
1739 2926 1862 2978 por-

257 2997 322 3049 tis
351 2996 667 3064 repelletur.
703 2996 856 3051 Multi
880 2999 1012 3051 enim
1051 3000 1174 3052 mihi
1195 2998 1363 3052 dicent
1403 3001 1456 3053 in
1484 3000 1566 3053 die
1593 3001 1717 3065 illa,
1752 3001 1856 3054 Do-

255 3091 410 3154 mine,
452 3088 704 3156 Domine,
751 3107 920 3144 nonne
963 3093 1016 3145 in
1062 3092 1267 3146 nomine
1295 3103 1380 3147 tuo
1409 3095 1863 3165 prapltetavintw?

263 3177 451 3231 Viden‘
478 3179 749 3247 quomodo
780 3195 902 3234 sese
948 3182 1173 3235 latenter
1203 3193 1384 3251 postea
1417 3185 1574 3236 simul
1606 3184 1855 3251 inducat,

255 3279 541 3338 postquam
572 3279 732 3324 totam
758 3271 988 3326 absolvit
1015 3273 1353 3337 concionem,
1395 3289 1452 3327 se
1480 3289 1691 3344 quoque
1711 3275 1857 3342 judi-

254 3376 370 3414 cem
402 3361 678 3416 Ostendit?
723 3361 854 3417 Nam
886 3363 1026 3432 quod
1071 3363 1202 3418 ultio
1239 3376 1549 3434 peccatores
1599 3365 1667 3417 sit
1716 3366 1860 3417 inva-

255 3450 403 3515 sura,
434 3453 546 3520 jam
574 3455 721 3523 prius
749 3456 1091 3520 ostenderat;
1121 3457 1240 3527 quis
1266 3469 1444 3512 autem
1475 3458 1617 3512 ultor
1647 3457 1858 3512 futurus

254 3555 429 3609 esset,
456 3547 541 3600 hic
567 3547 783 3602 demum
814 3549 1051 3613 revelat;
1085 3565 1182 3604 nec
1210 3552 1352 3604 clare
1377 3552 1530 3612 dixit.
1566 3551 1677 3620 Ego
1699 3567 1854 3624 sum;

255 3649 371 3697 seu,
404 3635 563 3690 Multi
600 3639 766 3692 dicent
792 3640 939 3705 milii,
973 3640 1202 3710 idipsmn
1234 3657 1421 3696 rursus
1453 3641 1712 3696 iudicans.
1745 3643 1856 3695 Nisi

255 3727 399 3782 enim
432 3733 544 3796 ipse
570 3728 734 3797 judcx
765 3738 930 3796 esset,
959 3732 1231 3799 quomodo
1257 3732 1484 3786 dixisset
1513 3734 1591 3786 eis
1626 3751 1637 3786 :
1663 3733 1755 3788 25.
1793 3731 1858 3785 Et

257 3831 378 3874 tunc
403 3821 681 3888 conﬁtebor
701 3822 788 3884 eis,
818 3820 1070 3875 Discedite
1097 3839 1129 3875 τι
1150 3839 1248 3886 me,
1277 3840 1553 3893 numquam
1593 3826 1708 3878 novi
1730 3825 1858 3879 vos?

255 3911 372 3966 Non
403 3909 580 3965 solum
629 3912 681 3965 in
707 3911 795 3965 die
821 3911 1004 3980 iudicii
1025 3953 1039 3978 ,
1068 3915 1162 3968 sed
1211 3929 1383 3983 neque
1408 3915 1568 3967 etiam
1598 3931 1718 3968 cum
1751 3915 1856 3968 mi-

257 4005 436 4058 racula
469 4002 762 4058 edideritis.
798 4002 1030 4074 ideoque
1075 4004 1353 4071 discipulis
1399 4006 1651 4059 dicebat:
1680 4003 1859 4058 Nolite

255 4097 477 4166 gaudere
495 4138 510 4163 ,
539 4096 659 4166 quia
687 4097 940 4150 daemonia
967 4098 1106 4151 vobis
1125 4098 1482 4169 subjiciuntur,
1506 4099 1596 4151 sed
1619 4099 1737 4168 quia
1768 4116 1859 4151 no-

255 4189 394 4242 mina
420 4199 586 4243 vestra
615 4189 801 4258 scripta
820 4199 938 4242 sunt
963 4189 1018 4242 in
1048 4191 1184 4244 cretis
1206 4188 1355 4258 (Luc.
1389 4190 1470 4242 10.
1504 4189 1622 4260 20).
1657 4191 1714 4242 1⁶Ζι
1742 4189 1859 4243 μιή-

255 4293 362 4348 que
391 4279 615 4332 multam
641 4277 791 4344 jubet
807 4278 930 4332 vitae
955 4292 1140 4333 curam
1160 4294 1342 4347 agere.
1366 4278 1547 4349 Neque
1569 4281 1712 4333 enim
1741 4279 1856 4333 ﬁeri

189 4421 199 4430 ,
261 4384 514 4438 umquam
547 4377 745 4438 potest,
777 4377 834 4423 ut
871 4368 1033 4424 homo
1072 4380 1220 4424 recte
1249 4372 1409 4423 vitam
1453 4371 1772 4435 instituens,
1806 4383 1860 4425 et

256 4460 508 4512 cruribus
550 4459 714 4512 animi
761 4459 963 4513 morbis
1008 4460 1304 4524 liberatus,
1348 4462 1707 4531 dcspicialur;
1763 4463 1857 4517 sed

257 4551 357 4604 etsi
386 4549 676 4618 aliquando
705 4551 969 4604 erraverit
993 4591 1007 4612 ,
1035 4552 1144 4605 cito
1175 4553 1322 4605 illum
1351 4553 1491 4606 Deus
1515 4553 1582 4606 ad
1613 4554 1855 4608 notitiam

257 4640 502 4696 scribitis
534 4639 826 4708 pertrahet.
859 4638 1055 4694 Verum
1085 4642 1302 4710 quidam
1347 4652 1470 4696 sunt
1507 4643 1596 4712 qui
1627 4643 1812 4698 dicunt
1842 4687 1856 4709 ,

259 4734 407 4802 ipsos
454 4731 526 4785 ita
577 4731 776 4786 dixisse
819 4733 1165 4798 n-ienticndo,
1220 4733 1449 4803 ideoque
1493 4735 1720 4789 salutem
1752 4753 1857 4789 non

261 4836 382 4877 esse
407 4830 793 4890 consequutos.
841 4821 982 4892 Ergo
1013 4831 1222 4886 contra,
1251 4838 1410 4892 quam
1452 4827 1694 4880 voluerat
1716 4868 1729 4889 ,
1762 4825 1856 4888 ad-

259 4915 441 4969 struit.
489 4910 617 4967 Illud
644 4916 843 4984 quippe
887 4916 999 4968 vult
1037 4912 1126 4968 hic
1165 4914 1450 4970 estendcre
1475 4957 1488 4978 ,
1519 4916 1676 4970 ﬁdem
1729 4917 1858 4970 nihil

260 5010 378 5060 sine
406 5005 663 5075 operibus
689 5006 887 5059 valere.
917 5005 1118 5059 Deinde
1158 5005 1209 5060 id
1237 5008 1557 5072 extendens,
1589 5009 1738 5078 signa
1768 5008 1862 5062 ad-

262 5097 432 5151 didit:
461 5096 752 5151 osteudetas
793 5113 898 5150 non
941 5096 1101 5152 in.)th
1133 5097 1288 5154 ﬁdem
1311 5142 1323 5163 ,
1369 5100 1461 5154 sed
1491 5103 1651 5154 etiam
1677 5103 1860 5171 signo-

264 5205 381 5244 rum
403 5175 768 5260 ope'ratiouem
795 5191 1040 5258 aperanti
1063 5191 1320 5257 prodesse
1347 5192 1476 5246 nihil
1501 5192 1619 5248 sine
1647 5194 1859 5247 virtute.

267 5279 373 5334 Nisi
405 5289 585 5334 autem
635 5280 712 5335 illi
760 5279 912 5349 signa
960 5280 1243 5345 fecissent,
1273 5283 1545 5353 quomodo
1575 5284 1687 5338 haec
1719 5295 1862 5339 stare

266 5372 367 5425 hoc
398 5374 520 5425 loco
552 5371 893 5436 potuissent?
919 5371 1165 5441 Alioquin
1212 5383 1390 5427 autem
1438 5390 1542 5428 non
1572 5376 1687 5430 ausi
1736 5375 1863 5429 fuis-

266 5471 406 5527 sent,
436 5473 702 5530 praesente
725 5461 949 5529 judicio,
981 5463 1063 5518 his
1090 5464 1236 5517 illum
1276 5465 1494 5534 alloqui.
1530 5467 1646 5536 Ipsa
1681 5479 1862 5524 autem

271 5554 572 5624 res-pensio,
598 5563 708 5606 tum
740 5555 904 5609 etiam
931 5555 1073 5625 quod
1103 5556 1202 5624 ipsi
1234 5557 1614 5627 interrogando
1641 5559 1866 5631 loquan-

271 5655 374 5710 tur,
409 5645 644 5699 ostendit
674 5645 820 5714 ipsos
848 5643 900 5698 id
939 5660 1066 5701 vere
1094 5647 1304 5702 fecisse.
1342 5649 1477 5714 Quia
1508 5651 1650 5704 enim
1674 5667 1866 5722 exspe-

273 5728 490 5786 ctationi
520 5743 632 5788 sua:
659 5734 987 5791 contrarium
1038 5735 1199 5792 tinem
1233 5755 1352 5797 esse
1379 5737 1631 5799 videbant
1653 5784 1668 5812 ,
1691 5751 1746 5800 et
1775 5750 1862 5799 tuc

1994 800 2257 856 mirabilia
2287 804 2547 873 patrando
2589 807 2904 876 conspicui,
2935 809 3040 864 illic
3088 823 3148 864 se
3178 810 3441 882 supplicio
3475 817 3598 885 ple~

1982 891 2206 948 etendos
2249 895 2574 961 cernebant,
2623 898 2906 968 stupefacti
2952 910 3006 954 et
3051 904 3309 958 mirantes
3355 904 3590 978 dicunt:

1983 979 2222 1050 Domine,
2255 984 2493 1051 Domine,
2527 1005 2694 1043 nonne
2713 992 2765 1043 in
2792 1007 2997 1046 nomine
3025 1001 3112 1046 tuo
3143 996 3589 1064 prop/tetaoimns!

1979 1074 2252 1140 quomodo
2298 1091 2428 1146 ergo
2476 1094 2620 1134 nunc
2665 1095 2765 1135 nos
2807 1083 3122 1137 aversaris?
3165 1085 3290 1156 quid
3341 1086 3442 1142 sibi
3472 1090 3587 1144 Vult

1980 1163 2380 1232 inexspectatus
2431 1169 2518 1222 ille
2563 1168 2724 1224 linis?
2769 1170 2875 1228 Sed
2926 1173 3000 1228 illi
3040 1175 3256 1245 quidem
3298 1180 3586 1240 mirantur.

1977 1253 2120 1322 quod
2153 1265 2272 1324 post
2316 1257 2442 1312 talia
2489 1259 2633 1314 edita
2679 1275 2843 1332 opera
2895 1264 3186 1333 puniantur
3215 1283 3229 1321 :
3257 1276 3312 1321 tu
3357 1284 3583 1342 verone

1977 1345 2209 1400 mireris.
2251 1345 2442 1404 Omnis
2469 1352 2668 1421 quippe
2693 1355 2863 1423 gratia
2891 1371 2954 1410 ex
2983 1355 3165 1411 dantis
3195 1373 3423 1416 munere
3455 1377 3586 1431 pro-

1973 1436 2052 1490 dit
2082 1455 2094 1491 :
2122 1439 2199 1493 illi
2226 1455 2355 1522 vero
2381 1441 2514 1497 nihil
2545 1459 2575 1497 a
2603 1445 2796 1514 seipsis
2824 1431 3156 1525 attulerunt,
3195 1450 3425 1523 ideoque
3461 1455 3585 1524 jure

1973 1531 2237 1600 supplicio
2259 1533 2564 1602 traduntur,
2586 1552 2653 1591 eo
2674 1539 2814 1606 quod
2834 1554 2957 1610 erga
2978 1556 3100 1596 etttn
3128 1543 3217 1612 qui
3241 1543 3318 1598 sic
3340 1545 3462 1602 illos
3482 1548 3583 1600 lto-

1973 1633 2277 1689 intraverat,
2303 1636 2362 1680 ut
2383 1627 2617 1698 indignis
2639 1629 2796 1685 talem
2826 1634 3052 1702 gratiam
3077 1636 3361 1704 tribueret,
3386 1639 3580 1710 ingrati

1974 1711 2190 1768 fuerint.
2229 1713 2339 1770 Cur
2371 1733 2520 1790 ergo,
2555 1721 2784 1790 inquies,
2822 1723 3084 1793 iniquitati
3117 1727 3308 1783 dantes
3333 1745 3579 1800 Operam,

1973 1802 2094 1857 talia
2125 1805 2275 1875 signa
2301 1806 2574 1862 edebant?
2591 1809 2728 1863 Sunt
2745 1812 2834 1880 qui
2861 1811 3062 1882 dicant,
3079 1830 3174 1871 eos
3199 1833 3306 1888 quo
3335 1829 3579 1891 tempore

1973 1895 2225 1969 miracula
2252 1898 2551 1966 patrabant,
2572 1901 2753 1971 inique
2777 1919 2882 1957 non
2910 1906 3106 1976 egisse,
3130 1907 3226 1963 sed
3249 1920 3436 1979 postea
3454 1928 3579 1966 inn--

1972 1993 2129 2050 latos,
2155 1989 2294 2042 mala
2314 1988 2970 2060 luisseopcratos.Verum
2996 1997 3038 2051 si
3069 1997 3172 2054 hoc
3197 1999 3267 2053 ita
3283 2012 3446 2066 esset,
3469 2019 3578 2058 non

1971 2090 2153 2147 posset
2167 2090 2312 2136 stare
2327 2084 2613 2138 sententia.
2629 2084 2762 2141 Nam
2781 2087 2923 2155 quod
2943 2087 3189 2147 Christus
3205 2092 3580 2154 demonstrare

1970 2170 2201 2236 volebat,
2225 2171 2325 2227 hoc
2342 2185 2487 2228 erat:
2507 2192 2680 2246 neque
2701 2177 2882 2245 ﬁdem,
2903 2196 3078 2251 neque
3102 2183 3356 2240 miracula
3377 2187 3578 2252 valere,

1969 2264 2076 2316 vita
2105 2279 2212 2318 non
2235 2267 2642 2323 consentiente:
2672 2271 2814 2339 quod
2840 2284 2892 2326 et
2911 2273 3108 2329 Paulus
3127 2275 3366 2331 diccbat:
3394 2260 3455 2333 Si
3477 2278 3576 2332 lia-

1966 2353 2124 2406 buero
2149 2355 2324 2421 ﬁdem,
2343 2356 2414 2410 ita
2442 2368 2496 2410 ut
2527 2370 2720 2413 montes
2749 2363 3142 2432 transferam,ct
3172 2384 3355 2421 novero
3383 2382 3576 2440 myste-

1967 2447 2044 2494 ria
2071 2447 2262 2510 omnia,
2285 2457 2332 2500 ct
2359 2463 2559 2501 onmem
2590 2452 2843 2516 notitiam,
2867 2455 3132 2508 caritatem
3153 2468 3323 2512 autent
3355 2477 3457 2512 non
3483 2465 3580 2514 Im-

1967 2537 2130 2602 bmm,
2150 2538 2280 2591 nihil
2291 2556 2402 2592 sum
2425 2540 2500 2608 (l.
2525 2538 2644 2596 Cor.
2672 2543 2756 2598 l3.
2773 2542 2853 2614 2).
2875 2545 3105 2612 Quinam
3134 2548 3315 2617 igitur,
3343 2552 3574 2619 inquies.

1968 2629 2050 2681 isti
2083 2631 2251 2683 sunt?
2278 2631 2427 2685 Multi
2459 2633 2794 2688 credentium
2836 2636 2977 2692 dona
3009 2653 3364 2707 acceperant;
3401 2643 3577 2711 qualis

1966 2729 2084 2772 erat
2113 2719 2222 2780 ille.
2251 2723 2339 2789 qui
2374 2737 2494 2776 cum
2522 2723 2694 2792 ipsum
2726 2740 2831 2779 non
2873 2739 3215 2797 sequeretur,
3247 2741 3434 2786 tamen
3462 2735 3573 2787 dze-

1967 2809 2144 2861 monia
2175 2811 2420 2879 ejiciebat
2451 2831 2464 2876 ;
2496 2815 2669 2882 qualis
2697 2825 2814 2869 erat
2832 2815 2998 2871 Judas
3026 2836 3039 2870 :
3075 2834 3195 2874 nam
3220 2820 3309 2876 hic
3334 2837 3571 2894 quoque,

1967 2917 2089 2954 cum
2124 2902 2298 2958 malus
2325 2914 2484 2962 esset.
2509 2906 2709 2960 donum
2742 2919 3044 2979 acceperat.
3077 2910 3326 2968 ln'vcteri
3357 2930 3576 2986 quoque

1970 2991 2084 3060 lege
2123 2994 2173 3045 id
2207 2998 2443 3062 reperire
2469 3009 2548 3050 est
2572 3039 2585 3060 ,
2611 3000 2838 3067 gratiam
2863 3017 3056 3070 nempe
3088 3003 3140 3056 in
3171 3003 3403 3075 indignis
3429 3023 3576 3075 sa-pe

1965 3095 2320 3153 apol-antem,
2371 3098 2424 3141 ut
2468 3088 2586 3142 aliis
2630 3090 2891 3146 beneﬁcia
2937 3094 3226 3150 conterret.
3261 3098 3396 3161 Quia
3425 3100 3572 3152 enim

1969 3191 2072 3228 non
2103 3192 2291 3232 onlnes
2341 3178 2406 3230 ad
2455 3182 2632 3232 omnia
2687 3181 2864 3236 idonei
2891 3194 3084 3249 erant;
3116 3186 3208 3240 scd
3235 3187 3323 3241 alii
3354 3189 3571 3258 quidem

1966 3266 2128 3319 vitam
2159 3283 2341 3335 puram
2373 3269 2620 3338 agebant,
2653 3287 2828 3341 neque
2857 3283 3001 3326 tanta
3028 3274 3133 3330 ﬁde
3160 3277 3372 3345 prtediti
3393 3289 3571 3343 erant,

1965 3356 2053 3410 alii
2086 3372 2214 3410 vero
2242 3373 2274 3412 e
2304 3359 2576 3413 contrario
2609 3379 2623 3414 :
2657 3370 2710 3414 et
2739 3361 2826 3416 his
2855 3364 3020 3417 utitur
3041 3406 3054 3430 ,
3081 3375 3138 3419 ut
3170 3367 3292 3422 illos
3317 3382 3571 3437 moneat,
3649 3360 3652 3363 ’

1967 3456 2016 3498 ut
2053 3448 2272 3501 multam
2299 3449 2456 3502 [idem
2482 3449 2794 3517 exhibeant,
2821 3465 2876 3508 et
2900 3454 3022 3509 illos
3055 3473 3149 3525 per
3176 3457 3441 3515 ineffabile
3471 3461 3574 3518 hoc

1964 3539 2163 3591 donum
2193 3549 2381 3593 evocat
2401 3581 2414 3601 .
2451 3549 2508 3594 ut
2539 3542 2790 3597 meliores
2821 3545 3072 3599 evadant.

2037 3630 2091 3682 2.
2125 3629 2358 3684 Potestas
2389 3636 2802 3696 supernaturalis
2827 3637 2936 3690 sine
2966 3639 3146 3691 virtute
3175 3640 3382 3694 exitium
3409 3643 3568 3711 parit.

1979 3722 2187 3775 Virtutis
2214 3725 2585 3794 prterogatit'at.
2614 3756 2675 3766 ——
2710 3725 2942 3798 Ideoque
2965 3731 3427 3788 almndantissime
3443 3749 3570 3804 gra-

1967 3818 2091 3868 tiam
2138 3816 2319 3869 dabat.
2373 3815 2612 3882 Virtutes,
2649 3820 2918 3889 inquiunt,
2968 3823 3157 3876 multus
3202 3825 3433 3893 fecimus.
3466 3827 3575 3881 Sed

1965 3907 2241 3976 conﬁtebor
2292 3909 2395 3962 illis
2441 3917 2588 3974 tunc,
2623 3908 2746 3962 Non
2781 3913 2897 3964 novi
2927 3928 3028 3966 vos.
3071 3913 3224 3967 Nunc
3265 3916 3480 3985 quidem
3512 3933 3573 3971 se

1966 3999 2164 4050 amicos
2209 4013 2358 4051 meos
2383 4015 2505 4052 esse
2534 4009 2765 4068 putant;
2803 4011 2929 4056 tunc
2962 4020 3090 4057 vero
3129 4017 3459 4074 cttgnosct-nt
3486 4023 3573 4061 me

1969 4092 2073 4145 illis
2124 4106 2227 4143 non
2276 4102 2334 4144 ut
2387 4093 2576 4144 amicis
2618 4091 2850 4148 dedisse.
2890 4094 3097 4165 Ecquid
3128 4098 3340 4152 miraris
3366 4099 3410 4152 si
3442 4101 3573 4153 viris

1965 4183 2180 4251 quidem
2211 4183 2261 4234 in
2293 4183 2465 4252 ipsum
2498 4184 2868 4240 credentibus.
2893 4187 2986 4241 sed
3019 4189 3182 4242 vitam
3212 4207 3319 4243 non
3362 4190 3539 4245 haben
3559 4221 3572 4232 ο

1967 4275 2107 4328 tibus
2133 4289 2449 4337 ('OIISOlliNll,
2475 4293 2695 4330 mune-ra
2729 4279 2818 4330 illa
2847 4279 3014 4342 dedit,
3040 4283 3256 4350 quando
3276 4283 3328 4336 in
3355 4283 3418 4336 iis
3437 4299 3570 4352 quo-

1964 4382 2069 4436 que
2093 4367 2181 4434 qui
2207 4379 2434 4436 utroque
2464 4366 2775 4435 huiusmodi
2812 4373 2951 4423 bono
2982 4375 3132 4426 vacui
3159 4384 3334 4439 erant,
3363 4375 3570 4428 inveni--

1967 4468 2052 4510 tur
2078 4458 2376 4526 operatus?
2407 4459 2622 4512 Balaam
2640 4461 2847 4530 "quippe
2871 4471 2925 4516 et
2947 4477 2975 4516 a
3014 4463 3119 4519 {ide
3149 4476 3202 4518 ct
3228 4482 3258 4520 a
3293 4467 3428 4523 bona
3461 4474 3567 4524 vita

1963 4551 2170 4604 alienus
2198 4560 2315 4603 erat
2352 4549 2371 4621 (
2405 4547 2564 4603 Num.
2597 4551 2668 4605 24
2695 4551 2754 4622 );
2803 4561 3039 4609 attamen
3066 4559 3236 4626 gratia
3277 4559 3328 4612 iu
3367 4561 3463 4614 illo
3502 4565 3568 4616 ad

1963 4643 2191 4694 aliorum
2225 4657 2312 4722 res
2345 4641 2702 4709 providendas
2729 4656 2950 4712 operata
2979 4657 3079 4700 est.
3115 4647 3402 4722 Etiamque
3433 4653 3571 4708 Pha-

1966 4747 2059 4786 rao
2107 4734 2228 4786 talis
2253 4743 2408 4797 erat;
2438 4741 2494 4786 ct
2519 4741 2700 4787 tamen
2733 4735 2833 4804 ipsi
2872 4752 3084 4807 quoque
3114 4738 3288 4795 fultura
3312 4747 3570 4799 ostendit.

1966 4824 2031 4878 Et
2079 4823 2595 4878 Nabuchodonosori
2639 4827 2976 4895 iniquissimo
3022 4845 3084 4882 ea
3129 4847 3248 4898 quae
3281 4846 3401 4902 post
3429 4837 3570 4890 mul-

1969 4931 2048 4974 tas
2096 4920 2474 4994 generationes
2517 4919 2694 4974 futura
2743 4932 2899 4976 erant
2947 4923 3248 4997 revelavit(
3279 4926 3418 4980 Dan.
3466 4927 3502 4983 Ξ
3533 4929 3573 4998 ).

1971 5012 2138 5080 ipsius
2169 5026 2385 5081 quoque
2416 5009 2542 5075 lilio,
2574 5011 2666 5081 qui
2696 5021 2905 5083 patrem
2941 5015 3225 5084 iniquitate
3255 5019 3568 5087 superabat,
3614 5045 3618 5050 -

1970 5105 2144 5158 futura
2194 5103 2466 5164 Ostendit;
2502 5103 2777 5156 mirabiles
2817 5120 3148 5175 magnasque
3188 5124 3277 5162 res
3331 5110 3402 5162 ita
3457 5112 3572 5166 (lis-

1970 5209 2200 5264 pensans
2239 5195 2426 5264 (Dan.
2457 5195 2545 5262 5).
2583 5194 2718 5263 Quia
2767 5195 2925 5264 igitur
2967 5200 3363 5268 praedicationis
3409 5217 3572 5256 exor-

1970 5285 2056 5339 dia
2081 5293 2191 5338 tum
2221 5294 2399 5349 erant,
2432 5277 2707 5355 multaque
2733 5285 3016 5356 oportebat
3057 5288 3173 5356 ejus
3203 5293 3457 5358 potentize
3485 5310 3565 5345 ar-

1971 5386 2221 5446 gumenta
2253 5376 2579 5440 monstrari,
2608 5377 2760 5432 multi
2785 5393 2853 5432 ex
2879 5377 3220 5447 indiguerunt
3269 5385 3436 5436 etiam
3470 5400 3561 5437 nu-

1973 5483 2124 5521 mero
2153 5468 2292 5523 dona
2320 5468 2675 5538 accipiebant.
2704 5469 3045 5525 Attamenilli
3064 5485 3132 5525 ex
3165 5471 3466 5529 istiusmodi
3498 5478 3562 5529 si-

1971 5563 2087 5632 gnis
2120 5561 2253 5615 nihil
2295 5553 2664 5627 lucrabantur,
2705 5562 2799 5618 sed
2836 5563 2996 5618 etiam
3040 5568 3276 5634 graviori
3311 5569 3574 5639 supplicio

1973 5656 2286 5725 puniuntur.
2342 5654 2572 5725 Ideoque
2624 5655 2764 5711 hanc
2810 5656 3105 5711 terribilem
3162 5674 3349 5715 vocem
3397 5665 3572 5720 emisit

1982 5742 2115 5816 ipsis
2141 5763 2154 5798 :
2186 5743 2481 5816 Numquam
2511 5747 2626 5800 novi
2655 5763 2760 5802 vos.
2813 5746 3009 5802 Multos
3057 5763 3203 5806 etum
3247 5751 3335 5808 hic
3366 5754 3500 5818 odit.
3520 5764 3571 5815 et
