4066 6444
473 350 580 408 895

475 480 600 524 ante
627 463 879 536 judicium
909 460 927 492 ί
957 464 1254 540 aversatur.
1284 451 1592 508 Timeamus
1618 446 1817 516 itaque,
1849 439 2050 503 dilecti,

481 569 536 614 et
557 556 778 612 multam
807 536 1294 608 instituenda'vita:
1317 556 1500 597 curam
1526 536 1932 608 impendamus;
1965 549 2058 588 ne-

475 663 581 718 que
607 655 848 716 putemus
878 642 1057 696 minus
1082 654 1182 692 nos
1209 637 1426 697 habere,
1451 632 1572 701 quia
1603 631 1750 699 signa
1779 640 1921 681 nunc
1951 639 2056 679 non

478 740 723 795 facimus.
753 738 892 792 Nihil
921 737 1064 791 enim
1095 745 1344 800 umquam
1377 726 1609 796 amplius
1634 739 1697 778 ex
1721 721 1884 789 signis
1907 718 2059 773 nobis

482 829 910 894 reddetur,sicut
931 824 1062 878 nihil
1085 822 1260 875 minus
1289 832 1353 873 eo
1367 815 1508 886 quod
1534 815 1683 882 signa
1707 827 1812 865 non
1833 808 2056 864 edamus

482 921 524 972 si
551 918 833 973 virtutibus
852 915 1099 970 omnibus
1121 912 1309 965 demus
1339 923 1575 977 operam.
1597 904 1883 972 Signorum
1907 901 2060 970 quip-

484 1028 550 1081 pu
581 1012 847 1067 debitores
877 1023 981 1061 non
999 1019 1205 1069 sumus,
1236 1017 1330 1071 pro
1359 1003 1494 1053 bona
1517 1005 1692 1050 autem
1720 997 1823 1047 vita
1848 1003 1902 1047 et
1931 1007 2062 1060 ope-

485 1103 629 1157 ribus
655 1142 669 1164 ,
704 1100 868 1153 Deum
920 1098 1177 1150 habemus
1220 1093 1542 1147 debitorem".
1587 1085 1721 1156 Quia
1766 1085 1925 1154 igitur
1975 1082 2064 1135 ille

483 1201 671 1247 cuncta
704 1189 940 1259 perfecit.
970 1196 1023 1241 et
1052 1185 1119 1240 de
1149 1186 1344 1238 virtute
1369 1179 1771 1234 accuratissime
1792 1172 2060 1234 disseruit,

485 1297 547 1338 ac
565 1281 812 1336 virtutem
844 1279 1214 1334 simulantes'a
1246 1273 1425 1343 probis
1463 1271 1705 1324 diversos
1730 1281 1851 1321 esse
1876 1275 2060 1319 osten-

483 1374 598 1438 dit;
626 1374 744 1428 illos
782 1387 971 1441 nempe
992 1371 1078 1439 qui
1102 1369 1407 1437 jejunarent
1434 1365 1517 1417 vel
1547 1370 1764 1416 orarent
1789 1361 1852 1412 ad
1882 1367 2063 1414 osten-

487 1465 762 1528 tationem,
791 1477 885 1517 eos
924 1463 1012 1528 qui
1042 1460 1142 1513 sub
1192 1457 1330 1524 pelle
1370 1455 1547 1507 ovium
1613 1451 1946 1513 accederent,
1971 1461 2066 1502 eos

487 1558 573 1626 qui
605 1555 854 1609 virtutem
886 1550 1302 1613 labefactareut,
1336 1560 1469 1615 quos
1513 1553 1567 1598 et
1596 1556 1788 1611 porcos
1815 1551 1870 1595 et
1905 1553 2065 1593 canes

489 1645 718 1710 vocavit,
748 1641 1038 1697 Ostendens
1069 1639 1281 1694 domum
1313 1645 1569 1705 quantum
1599 1641 1744 1687 esset
1769 1631 1850 1685 vel
1885 1631 1935 1683 in
1968 1629 2067 1684 hac

495 1742 601 1793 vita
633 1739 844 1790 virtutis
870 1736 1072 1789 lucrttm
1103 1772 1118 1798 ,
1162 1738 1522 1800 quantumque
1551 1732 1847 1793 emergeret
1875 1736 1940 1775 ex
1970 1721 2068 1774 im-

491 1829 750 1898 probitate
801 1836 1174 1880 nocumentum
1199 1863 1215 1888 ,
1265 1821 1394 1876 dicit
1443 1836 1455 1871 :
1487 1818 1579 1872 24.
1613 1815 1790 1871 Omnis
1817 1814 1902 1883 qui
1925 1812 2067 1866 audit

493 1921 640 1974 verba
663 1935 771 1972 mea
798 1919 904 1973 haec
928 1959 944 1983 ,
972 1927 1018 1970 et
1049 1916 1169 1986 facit
1193 1931 1272 1979 ea,
1317 1911 1677 1966 assimitabitur
1705 1910 1808 1961 viro
1829 1907 2064 1974 sapienti.

494 2010 624 2065 Nam
660 2011 750 2079 qui
782 2008 941 2062 verba
971 2006 1085 2075 ejus
1114 2021 1218 2058 non
1247 2003 1552 2064 observant,
1583 1999 1790 2054 etiamsi
1821 1998 1966 2066 signa
1995 1995 2070 2047 fa-

495 2102 660 2164 ciant,
689 2116 806 2168 qua:
828 2098 1032 2168 passuri
1062 2096 1168 2150 sint
1196 2094 1416 2148 audistis
1445 2108 1458 2143 :
1491 2090 1669 2145 sciatis
1697 2099 1874 2142 autem
1897 2101 2057 2155 opor~

495 2202 592 2256 tet,
625 2192 815 2261 quibus
847 2175 1086 2243 fruentur
1106 2186 1256 2239 benis
1283 2185 1314 2237 ii
1342 2185 1431 2252 qui
1459 2183 1614 2235 dictis
1640 2181 1888 2232 omnibus
1911 2177 2070 2230 obse-

489 2293 744 2353 quuntur,
774 2296 878 2334 non
912 2281 963 2332 in
989 2277 1168 2330 futuro
1199 2284 1402 2328 tantmn
1436 2271 1634 2325 sa~culo
1657 2311 1670 2333 ,
1700 2268 1793 2324 sed
1822 2267 1980 2322 etiam
2016 2268 2066 2320 in

492 2371 762 2442 presenti.
795 2369 994 2433 Omnis,
1028 2367 1225 2435 inquit,
1257 2365 1344 2433 qui
1371 2363 1514 2415 audit
1553 2360 1702 2413 verba
1729 2375 1839 2412 mea
1865 2363 1988 2419 Itazc,
2022 2366 2071 2410 et

491 2463 612 2534 facit
651 2479 709 2514 ea
735 2501 750 2522 ,
799 2457 1160 2514 assimiiabitur
1200 2456 1305 2506 viro
1333 2452 1569 2520 sapienti.
1620 2449 1778 2503 Vides
1805 2448 2072 2518 quomodo

489 2568 791 2609 sermonem
817 2551 1010 2612 variet,
1038 2547 1199 2601 modo
1229 2546 1414 2599 dicens
1437 2583 1449 2604 ,
1481 2541 1601 2595 Non
1642 2542 1805 2594 omnis
1843 2540 1928 2608 qui
1953 2539 2075 2592 dicit

490 2645 616 2699 mihi
646 2685 662 2710 ,
687 2643 920 2704 Domine,
958 2639 1186 2699 Domine,
1216 2649 1444 2703 seseque
1486 2633 1758 2690 revelans:
1794 2631 1951 2685 modo
1978 2646 2072 2685 au-

491 2747 618 2802 tem,
651 2733 747 2800 Qui
775 2734 898 2803 facit
923 2730 1233 2784 uoluntatem
1272 2726 1442 2779 Patris
1469 2723 1581 2786 mei,
1615 2731 1669 2775 ct
1698 2737 1884 2775 rursus
1905 2736 1961 2773 se
1982 2721 2070 2786 ju-

490 2827 661 2880 dicem
691 2824 992 2885 declarans,
1014 2819 1164 2873 Multi
1182 2817 1349 2870 dicent
1371 2815 1494 2866 mihi
1515 2815 1567 2865 in
1589 2813 1679 2866 illa
1695 2811 1775 2864 die
1796 2828 1812 2863 :
1839 2809 2068 2871 Domine,

497 2916 724 2976 Domine,
741 2929 905 2968 nonne
929 2912 981 2965 in
1009 2909 1213 2963 nomine
1241 2917 1325 2959 tua
1355 2900 1800 2973 praphetarimns?
1823 2899 1886 2953 Et
1909 2899 2074 2951 dicunt

492 3008 593 3070 eis,
622 3004 740 3058 Non
769 3003 880 3056 novi
906 3018 1012 3054 vos.
1061 2999 1158 3053 Hic
1207 3009 1420 3067 quoque
1450 2990 1684 3045 ostendit
1732 3004 1792 3044 se
1837 2989 2073 3041 omnium

493 3105 806 3166 potestatem
860 3092 1060 3146 habere
1107 3107 1119 3140 :
1162 3095 1487 3155 quapropter
1529 3080 1780 3142 dicebat,
1808 3078 1904 3144 Qui
1934 3077 2077 3129 audi!

493 3190 640 3244 verba
670 3204 778 3240 mea
799 3187 924 3240 Ita’c.
960 3182 1089 3249 Quia
1119 3181 1262 3234 enim
1292 3177 1468 3230 omnia
1498 3174 1562 3228 de
1590 3171 1777 3226 futuris
1803 3169 2071 3232 disseruit,

499 3290 552 3335 ct
573 3293 794 3349 regnum
837 3287 1142 3330 memorans
1167 3312 1181 3335 ,
1211 3279 1266 3323 et
1285 3259 1609 3321 mercedem
1653 3260 1996 3323 ineffabilem,
2023 3270 2075 3312 et

495 3371 911 3427 consolationem
934 3375 990 3419 et
1019 3362 1211 3416 similia
1239 3401 1255 3424 ,
1286 3358 1396 3412 vult
1422 3371 1514 3411 eos
1551 3356 1675 3409 hinc
1702 3352 1939 3423 proferre
1963 3351 2075 3404 fru-

497 3473 613 3517 ctus
657 3475 817 3523 suos,
861 3466 914 3509 et
943 3453 1224 3509 ostendere
1270 3457 1458 3517 quanta
1503 3448 1569 3500 sit
1612 3447 1660 3499 in
1692 3445 1938 3514 praesenti
1971 3443 2076 3495 vita

497 3553 702 3606 virtutis
719 3549 817 3602 vis.
846 3545 973 3611 Qute
999 3557 1125 3611 ergo
1146 3550 1227 3595 est
1247 3537 1459 3592 virtutis
1487 3537 1610 3588 vis?
1634 3533 1766 3589 Cum
1794 3532 2080 3588 securitate

498 3645 693 3706 vivere,
727 3637 883 3692 nullis
923 3633 1115 3688 cedere
1142 3630 1424 3692 :nrumnis,
1474 3625 1792 3679 laedentibus
1827 3622 2080 3676 omnibus

498 3731 830 3801 superiorem
883 3737 1000 3778 esse
1050 3738 1063 3773 :
1115 3720 1199 3774 cui
1253 3716 1380 3787 quid
1428 3731 1522 3785 par
1551 3729 1671 3768 esse
1701 3711 2074 3782 possitilllud

499 3825 643 3877 enim
671 3834 738 3873 ne
769 3819 814 3871 is
835 3815 1045 3886 quidem
1072 3812 1160 3879 qni
1179 3807 1480 3862 diademate
1527 3805 1821 3867 redimitur,
1855 3801 1957 3854 sibi
1986 3816 2080 3870 po-

503 3921 606 3968 test
627 3921 960 3976 comparare,
991 3901 1084 3956 sed
1113 3901 1202 3954 ille
1227 3898 1374 3953 solus
1402 3898 1491 3966 qui
1522 3895 1703 3950 virtuti
1724 3894 1816 3949 dat
1838 3907 2077 3961 operam.

503 4005 619 4069 ipse
643 3998 836 4069 quippe
866 3994 1009 4050 solus
1040 3991 1153 4046 ba-c
1185 4004 1306 4043 cum
1347 3999 1538 4057 magno
1563 3985 1780 4041 cumulo
1817 3983 2078 4053 possidet,

505 4095 558 4146 in
589 4091 690 4142 hoc
717 4085 1056 4156 praesentium
1085 4095 1263 4134 rerum
1293 4079 1484 4146 euripo
1527 4076 1690 4130 multa
1725 4077 1905 4128 frttens
1936 4084 2081 4127 trau-

505 4181 784 4253 quillitate.
814 4176 944 4230 Nam
974 4172 1115 4242 quod
1156 4168 1396 4224 mirabile
1423 4175 1523 4232 est,
1561 4181 1680 4221 cum
1709 4167 1854 4220 nulla
1881 4167 2085 4219 sereni-

506 4285 586 4326 tas
609 4273 696 4332 sit.
728 4269 820 4325 sed
846 4274 1131 4334 tempestas
1154 4262 1444 4316 vehemens
1463 4267 1519 4313 et
1549 4259 1709 4312 multa
1734 4256 2082 4326 perturbatio,

507 4365 853 4435 plurimaeque
880 4359 1219 4418 tentationes,
1247 4369 1349 4406 non
1377 4358 1551 4420 potest
1578 4351 1690 4416 ipse
1718 4347 1800 4402 vel
1821 4348 2083 4401 tantillum
2115 4379 2122 4383 -

510 4468 714 4510 nutare.
745 4451 874 4505 Nam
924 4450 997 4502 ait
1022 4491 1036 4512 ,
1065 4446 1156 4499 25.
1207 4442 1472 4497 Descendit
1500 4440 1688 4506 pluvia,
1710 4448 1949 4497 venerum
1983 4438 2085 4508 flu-

508 4548 644 4601 mina
665 4587 678 4606 ,
719 4544 965 4611 ﬂaverant
993 4539 1140 4597 renti,
1171 4547 1213 4589 et
1237 4537 1493 4588 irruerunt
1517 4534 1570 4585 in
1606 4533 1810 4584 domum
1845 4528 2006 4592 illaut,
2038 4539 2085 4581 et

507 4653 608 4690 non
639 4633 815 4687 recidit
837 4650 853 4682 :
884 4630 1094 4698 fundata
1129 4627 1258 4679 enim
1279 4633 1383 4677 erat
1405 4639 1560 4688 supra
1590 4635 1782 4690 petram
1809 4635 1828 4671 .'
1857 4621 2084 4686 pluviam

511 4730 594 4784 hic
624 4738 678 4782 et
707 4724 943 4784 ﬁumina,
973 4731 1023 4771 et
1066 4730 1251 4770 ventos
1280 4713 1640 4780 metaphorice
1671 4726 1870 4765 vocans
1903 4711 2088 4764 imma—

512 4833 607 4874 nis
627 4815 958 4871 calamitates
982 4822 1034 4863 et
1059 4818 1348 4868 a‘rumuas,
1378 4801 1622 4854 videlicet
1648 4800 1939 4853 calumnias
1961 4840 1974 4859 .
2009 4800 2089 4852 in-

509 4909 669 4965 sidias
700 4946 714 4970 ,
744 4908 915 4958 luctus
942 4945 951 4956 .
987 4909 1186 4952 mortes
1206 4939 1220 4960 ,
1249 4895 1542 4949 domestica
1581 4892 1795 4956 damna,
1821 4892 2090 4946 molestias

511 5001 579 5053 ab
610 4999 796 5051 alienis
821 5003 1043 5048 creatas.
1071 4989 1352 5056 omniaque
1379 4993 1571 5038 caetera
1598 4983 1734 5037 mala
1765 4983 1814 5035 in
1849 4998 2088 5051 prtcsen-

514 5100 620 5145 tam
652 5093 814 5141 vitam
848 5083 1167 5153 ingruentia.
1199 5079 1303 5132 Sed
1327 5074 1629 5145 huiusmodi
1661 5075 1866 5134 anima,
1899 5073 2083 5141 inquit,

524 5183 650 5235 nnlti
681 5180 755 5232 rei
796 5176 938 5230 cedit
971 5194 984 5228 :
1018 5174 1173 5242 hujus
1203 5181 1378 5224 autem
1424 5170 1499 5222 rei
1526 5182 1686 5221 causa
1713 5176 1827 5227 est,
1855 5167 1993 5234 quod
2023 5165 2092 5220 sit

517 5287 678 5343 supra
712 5280 913 5339 petram
943 5265 1176 5319 fundata.
1207 5262 1416 5315 Petram
1447 5267 1625 5313 autem
1656 5265 1811 5312 vocat
1833 5255 2092 5312 doetrinzn

517 5377 627 5415 Sttar.
657 5359 979 5413 firmitatem.
1011 5354 1216 5408 Etenim
1242 5361 1385 5420 petra
1413 5348 1628 5403 fortiora
1657 5356 1781 5401 sunt
1804 5356 2090 5417 praecepta,

1212 335 1269 393 S.
1307 329 1584 392 JOANNIS
1620 321 2099 386 οιιιιῐςοετοιπ
2132 320 2455 380 ARCIﬂEP.
2483 321 3021 381 CONSTANTINOP.

3650 320 3756 376 524

2165 437 2470 493 hominibus
2496 450 2690 492 nocere
2713 434 3041 490 tentantibus
3067 431 3312 504 superior
3332 433 3453 500 erit,
3473 429 3568 486 sed
3590 434 3755 486 etiam

2166 530 2296 600 ipsis
2323 529 2655 584 dazmonibus
2680 526 3074 580 insidiantibus.

2261 623 2312 676 5.
2359 622 2486 676 Sola
2531 622 2686 673 uirtus
2715 620 3064 672 inconcussam
3117 619 3253 686 parit
3304 616 3463 668 animi
3510 615 3754 684 quietem.

2167 711 2334 766 Probo
2355 712 2524 765 nullus
2545 719 2702 782 potest
2720 724 2920 763 nocere.
2949 707 2976 760 Ι
2983 707 3176 776 mprobi
3212 705 3394 759 multos
3413 707 3658 760 sustinent
3680 707 3760 757 la-

2165 804 2402 856 bores.-—
2421 800 2571 869 Quod
2605 809 2781 854 autem
2813 799 2926 852 htec
2946 813 3050 850 non
3081 811 3179 867 per
3194 796 3504 865 jactantiam
3541 795 3652 849 sint
3683 796 3763 848 di-

2163 903 2272 956 cta,
2298 896 2450 947 testis
2481 893 2633 945 nobis
2661 901 2744 945 est
2775 888 2906 954 Job,
2939 889 3026 958 qui
3067 900 3256 940 omnes
3288 886 3485 938 diaboli
3524 887 3765 953 impetus

2165 986 2416 1054 excepit,
2460 985 2817 1049 immotusque
2867 981 3059 1034 mansit
3090 997 3102 1032 :
3134 978 3404 1033 testificari
3435 987 3663 1048 possunt
3708 987 3764 1031 et

2166 1078 2419 1146 apostoli,
2450 1077 2539 1146 qtti
2565 1076 2814 1130 omnibus
2835 1074 2984 1127 orbis
3013 1072 3259 1127 fluctibus
3289 1072 3340 1124 in
3363 1087 3420 1126 se
3451 1072 3753 1139 irrumpen-

2175 1169 2338 1235 tibus,
2375 1169 2585 1237 pepulis
2625 1168 2772 1229 item,
2804 1167 3076 1237 tyrannis,
3110 1163 3420 1216 domesticis
3461 1173 3510 1216 et
3541 1163 3765 1223 alienis,

2167 1261 2520 1321 daemonibus,
2547 1259 2781 1319 diabolo,
2815 1259 3067 1326 omnique
3096 1259 3308 1309 admota
3362 1255 3603 1308 machina
3629 1296 3641 1314 .
3676 1253 3768 1308 his

2170 1352 2358 1406 solutis
2379 1351 2628 1404 omnibus
2651 1390 2666 1410 ,
2697 1357 2843 1417 petra
2877 1345 3137 1400 firmiores
3177 1353 3460 1399 Steterunt.
3494 1344 3630 1410 Quid
3665 1343 3766 1413 igi-

2170 1449 2254 1494 tur
2284 1438 2583 1508 hujusmodi
2613 1439 2719 1492 vita
2737 1436 2944 1491 beatius
2970 1450 3089 1491 esse
3115 1435 3323 1505 pinsit?
3354 1435 3464 1488 Hoc
3483 1434 3625 1488 enim
3653 1449 3763 1488 non

2169 1533 2386 1597 divitiae,
2416 1549 2520 1587 non
2550 1533 2794 1603 corporis
2839 1533 3005 1586 robur
3025 1572 3041 1594 ,
3070 1546 3175 1583 non
3201 1529 3370 1599 gloria
3391 1570 3407 1593 ,
3438 1544 3542 1582 non
3573 1541 3736 1598 pttten

2173 1624 2262 1686 tia,
2293 1639 2463 1693 neque
2488 1624 2630 1676 aliud
2654 1621 3076 1692 quidpiamgsed
3108 1622 3221 1674 sola
3248 1620 3456 1672 virtutis
3489 1619 3768 1687 possessio

2171 1718 2366 1783 poterit
2384 1714 2689 1767 conciliare.
2714 1712 2825 1766 Non
2858 1720 3031 1779 potest
3070 1713 3233 1770 enim,
3275 1725 3383 1764 non
3413 1719 3584 1776 potest
3613 1720 3765 1762 certe

2170 1804 2271 1856 alia
2304 1804 2521 1871 reperiri
2555 1803 2660 1856 vita
2696 1802 2851 1856 malis
2877 1802 3130 1856 omnibus
3160 1801 3342 1862 libera,
3378 1800 3476 1852 nisi
3519 1802 3632 1852 btec
3662 1813 3770 1851 una

2174 1904 2396 1948 tantum.
2431 1893 2539 1948 Vos
2572 1909 2784 1962 quoque
2817 1902 2978 1947 testes
3004 1894 3157 1956 estis,
3186 1893 3275 1958 qtti
3311 1892 3503 1946 videtis
3535 1892 3599 1944 in.
3620 1895 3768 1959 regia

2173 1986 2413 2049 insidias,
2433 1987 2519 2056 qui
2553 1986 2814 2040 tumultus
2841 1995 2896 2038 et
2926 1985 3359 2054 perturbationes
3381 1985 3692 2053 conspicitis
3713 1982 3770 2035 in

2173 2076 2397 2129 divitum
2453 2077 2676 2131 aedibus.
2725 2076 2831 2130 Sed
2885 2075 3024 2143 apud
3075 2076 3344 2143 apostolos
3393 2074 3520 2127 nihil
3569 2071 3765 2128 simile.

2174 2165 2312 2232 Quid
2343 2167 2547 2236 igitur?
2578 2182 2643 2219 an
2671 2166 2804 2220 nihil
2853 2166 2959 2219 tale
2993 2165 3198 2233 experti
3229 2167 3391 2217 sunt?
3423 2165 3622 2218 nihilne
3649 2178 3771 2217 mo-

2175 2257 2364 2309 lestum
2394 2256 2461 2310 ab
2486 2257 2663 2326 aliquo
2691 2266 2813 2309 sunt
2843 2255 3121 2324 perpessi?
3151 2254 3256 2309 Sed
3283 2255 3382 2308 hoc
3402 2256 3639 2309 omnium
3665 2256 3736 2307 mi
3756 2286 3771 2295 -

2173 2346 2552 2401 rabilissimum
2579 2347 2829 2416 est,quod
2861 2345 3057 2399 multas
3080 2346 3218 2415 passi
3249 2347 3352 2399 sint
3379 2343 3773 2412 insidias,quod

2177 2439 2356 2495 multa:
2384 2448 2729 2507 tempestates
2776 2440 2825 2492 in
2867 2454 2961 2494 eos
3013 2440 3338 2507 irruperint,
3379 2454 3497 2508 qum
3530 2440 3773 2506 ipsorum

2176 2532 2410 2585 animum
2446 2546 2550 2584 non
2579 2539 2919 2591 everterunt,
2955 2544 3126 2598 neque
3156 2528 3366 2581 illorum
3407 2530 3773 2583 constantiam

2177 2620 2446 2690 fregerunt
2473 2635 2486 2682 ;
2521 2622 2627 2672 imo
2657 2619 2815 2673 etiam
2849 2619 3003 2673 nudis
3031 2619 3343 2686 corporibus
3366 2630 3662 2690 pugnantes
3687 2621 3774 2674 vi-

2175 2719 2396 2776 cerunt,
2455 2710 2864 2778 superioresque
2894 2717 3200 2764 evaserunt.
3227 2708 3292 2764 Et
3322 2721 3373 2763 tu
3401 2688 3579 2779 itaque
3609 2711 3651 2761 si
3683 2725 3776 2765 ve-

2175 2803 2241 2857 lis
2274 2801 2390 2856 htnc
2418 2811 2669 2856 accurate
2713 2801 3020 2862 observare,
3051 2801 3228 2854 omnia
3256 2787 3528 2855 deridebis
3560 2818 3572 2852 :
3607 2801 3775 2855 modo

2179 2894 2319 2946 enim
2350 2894 2533 2945 harum
2573 2892 3005 2946 adhortationum
3035 2889 3369 2959 philosophia
3405 2890 3643 2944 munitus
3671 2889 3772 2956 sis,

2180 2984 2308 3036 nihil
2343 2993 2395 3037 te
2421 2984 2472 3036 in
2497 2997 2783 3036 maerorem
2805 2981 3073 3049 conjicere
3101 2983 3312 3049 poterit.
3342 2979 3398 3034 In
3425 2997 3532 3048 quo
3553 2982 3696 3035 enim
3724 2991 3777 3036 te

2183 3074 2337 3127 lzcdet
2367 3073 2409 3126 is
2438 3073 2525 3141 qui
2571 3071 2792 3126 insidias
2818 3072 3110 3124 struxerit?
3141 3087 3207 3124 an
3240 3072 3493 3138 pecunias
3514 3070 3718 3125 auferet
3748 3069 3775 3124 ?

2181 3165 2284 3218 Sed
2308 3173 2433 3219 ante
2460 3163 2632 3216 minas
2663 3162 2799 3215 illius
2827 3162 3009 3231 jussus
3035 3176 3096 3214 es
3124 3161 3262 3214 ~illas
3291 3171 3637 3215 contemnere
3661 3202 3674 3224 ,
3724 3170 3780 3216 et

2182 3256 2251 3309 ita
2279 3253 2346 3307 ab
2377 3255 2480 3309 illis
2509 3255 2748 3310 animum
2775 3254 3064 3319 abducere,
3093 3263 3151 3306 ttt
3178 3270 3465 3322 numquam
3497 3269 3525 3307 a
3550 3253 3778 3308 Domino

2181 3346 2485 3415 huiusmodi
2518 3345 2788 3415 quidpiam
2825 3356 2997 3414 petas.
3025 3346 3128 3399 Sed
3167 3355 3216 3397 te
3260 3346 3310 3397 in
3339 3359 3608 3400 carcerem
3645 3357 3778 3398 con-

2177 3438 2368 3503 jiciet?
2398 3440 2465 3490 At
2495 3448 2619 3490 ante
2652 3451 2924 3490 carcerem
2976 3437 3046 3489 ita
3080 3447 3131 3488 te
3159 3437 3343 3489 vivere
3390 3437 3646 3504 praecepit
3670 3476 3685 3499 ,
3715 3445 3776 3489 ut

2183 3529 2381 3582 amndo
2396 3528 2613 3582 omnino
2639 3527 2926 3581 crucifixus
2945 3527 3039 3580 sis.
3066 3527 3169 3582 Sed
3190 3527 3327 3581 male
3350 3527 3416 3582 de
3439 3536 3490 3584 te
3516 3529 3780 3596 loquitur?

2185 3618 2382 3673 Verum
2437 3617 2540 3671 hoc
2583 3629 2634 3672 te
2667 3617 2854 3670 dolore
2901 3617 3151 3670 liberavit
3187 3617 3435 3671 Christus
3460 3660 3472 3683 ,
3507 3619 3634 3673 dum
3676 3619 3776 3677 tibi

2184 3711 2426 3774 multam,
2459 3710 2590 3762 citra
2634 3709 2892 3772 laborem,
2928 3709 3198 3777 patientia:
3223 3709 3492 3776 pollicitus
3521 3719 3605 3764 est
3628 3725 3779 3765 mer-

2182 3800 2573 3868 cedem,atque
2602 3801 2670 3852 ita
2701 3808 2751 3853 te
2794 3814 2982 3866 purum
3013 3800 3079 3853 ab
3120 3798 3422 3868 hujusmodi
3480 3802 3558 3855 ira
3599 3812 3653 3855 et
3696 3802 3781 3856 Ia;

2184 3893 2314 3949 bore
2344 3892 2594 3955 reddidit,
2627 3901 2684 3945 ut
2706 3893 2927 3959 jusserit
2956 3892 3119 3945 etiam
3150 3907 3249 3960 pro
3288 3893 3520 3949 inimicis
3548 3907 3709 3950 orare
3733 3895 3774 3948 ³.

2183 3983 2287 4038 Sed
2315 3983 2461 4050 pellit
2486 3992 2536 4036 te
2554 3990 2608 4035 ci.
2633 3982 2929 4035 innumeris
2956 3981 3170 4036 obsidet
3195 3982 3397 4035 malis?
3429 3985 3496 4036 At
3527 3984 3777 4051 Splendi-

2185 4075 2388 4129 diorem
2410 4073 2502 4127 tibi
2533 4082 2684 4141 parat
2710 4087 2982 4126 coronam.
3009 4074 3110 4126 Sed
3143 4083 3196 4126 te
3226 4073 3420 4127 occidit
3445 4074 3723 4144 etjugulat
3747 4077 3774 4130 ?

2186 4165 2276 4220 Sic
2313 4164 2434 4218 ideo
2480 4163 2713 4218 maxime
2743 4163 2834 4216 tibi
2863 4163 3176 4217 beneficium
3206 4173 3442 4232 pratstat,
3473 4176 3777 4238 martyrum

2193 4256 2281 4310 tibi
2315 4255 2529 4324 prtemia
2553 4269 2764 4322 parans,
2782 4263 2836 4308 et
2859 4254 3014 4309 citius
3039 4265 3089 4308 te
3116 4260 3334 4309 mittens
3350 4255 3402 4309 in
3423 4257 3772 4326 tranquillum

2193 4356 2423 4416 portum,
2453 4346 2772 4413 majorisquc
2815 4345 2908 4398 tibi
2950 4346 3315 4399 retributionis
3360 4346 3503 4399 dans-
3532 4348 3783 4402 occasiu-

2192 4455 2336 4503 nem,
2362 4454 2426 4492 ac
2453 4438 2546 4492 tibi
2592 4438 2878 4506 providens
2898 4479 2912 4501 ,
2944 4448 3001 4491 ut
3028 4453 3056 4490 a
3087 4439 3359 4490 communi
3384 4438 3467 4490 illa
3501 4439 3782 4494 reddenda

2194 4531 2398 4584 ratione
2428 4539 2478 4583 te
2506 4529 2772 4598 expedias.
2813 4526 2975 4596 idque
3013 4529 3246 4581 maxime
3289 4529 3528 4581 omnium
3571 4531 3782 4584 miran-

2189 4622 2314 4678 dum
2345 4633 2448 4684 est,
2479 4623 2617 4690 quod
2650 4634 2839 4686 nempe
2863 4635 2967 4674 non
2995 4621 3152 4673 modo
3171 4619 3301 4672 nihil
3331 4619 3526 4674 laedant
3551 4621 3783 4678 insidia-

2195 4726 2359 4777 tores,
2393 4715 2484 4768 stau'
2513 4716 2668 4768 etiam
2696 4712 3085 4782 splendidiores
3112 4712 3230 4766 illos
3257 4713 3484 4767 reddant
3507 4729 3645 4782 quos
3672 4715 3781 4768 im-

2193 4818 2398 4876 petunt.
2445 4805 2537 4860 Cui
2577 4804 2717 4860 bono
2747 4804 2874 4875 quid
2916 4818 3009 4871 par
3054 4819 3302 4871 umquam
3337 4802 3533 4866 fuerit,
3565 4805 3790 4874 quando

2193 4900 2314 4953 talis
2356 4897 2603 4966 deligitur
2645 4897 2768 4957 vita,
2822 4895 2994 4964 qualis
3034 4896 3148 4948 haec
3198 4893 3308 4947 sola
3343 4895 3600 4968 exsistit?
3645 4895 3789 4962 Quia

2192 4991 2334 5045 enim
2358 4988 2561 5043 dixerat
2586 5001 2786 5042 aretam
2815 4994 2866 5040 et
2896 4996 3171 5054 angustam
3202 5000 3323 5038 esse
3346 4987 3505 5052 viam.
3528 4987 3662 5041 hinc
3694 4988 3778 5040 la-

2193 5083 2339 5137 boris
2359 5081 2774 5136 consolationem
2801 5077 3048 5142 afferens,
3080 5077 3313 5132 ostendit
3340 5093 3584 5147 magnam
3615 5079 3668 5132 in
3687 5079 3784 5134 illa

2195 5191 2316 5230 esse
2344 5175 2707 5236 securitatem,
2741 5187 2982 5240 magnam
3006 5170 3335 5239 voluptatem
3360 5210 3376 5234 ,
3401 5171 3536 5223 sicut
3568 5169 3619 5224 in
3647 5187 3788 5225 con-

2194 5259 2360 5324 traria
2388 5283 2633 5338 magnam
2664 5267 2978 5335 pravitatem
2999 5264 3042 5326 ¹,
3070 5265 3268 5333 ingens
3285 5261 3556 5316 damnum.
3589 5262 3792 5330 Quem-

2195 5359 2480 5414 admodum
2509 5359 2650 5414 enim
2681 5359 2804 5410 hinc
2837 5355 3044 5410 virtutis
3076 5356 3291 5424 praemia
3323 5354 3679 5420 monstravit‘,
3702 5357 3786 5410 sic

519 5453 893 5517 hominemque
917 5445 1118 5501 faciunt
1137 5444 1393 5499 humanis
1407 5440 1655 5494 omnibus
1675 5438 1925 5494 ﬂuctibus
1945 5455 2096 5508 supe-
2191 5459 2250 5506 ει
2266 5450 2515 5521 nequitia
2534 5448 2959 5504 τευ-Ῑδυιίοηεηι,
2986 5445 3116 5500 Nam
3140 5446 3282 5516 quod
3305 5441 3482 5500 dicere
3502 5445 3789 5509 consuevi.

520 5544 739 5597 riorem.
758 5540 858 5606 Qui
885 5537 1026 5593 enim
1058 5535 1172 5589 lucc
1195 5534 1475 5604 diligenter
1500 5530 1767 5596 observat,
1799 5542 1905 5584 non
1933 5528 2093 5586 modo

577 5709 591 5737 ⁸
618 5711 817 5767 Quidam
851 5714 1177 5772 \ianuscripti,
1194 5714 1239 5758 et
1262 5715 1367 5758 ante
1384 5704 1696 5774 partitionem.

2262 5647 2280 5677 ί
2316 5642 2410 5694 Αιῑί
2427 5655 2525 5692 non
2548 5643 2706 5704 pauci,
2729 5641 2873 5704 etiam
2896 5655 2985 5702 pro
3005 5639 3090 5692 illo
3109 5653 3272 5703 orare.

2263 5708 2284 5736 ‘
2316 5705 2430 5764 Alii,
2454 5703 2676 5768 magnam
2698 5703 3027 5754 temeritatem.
