4066 6428
156 420 262 476 Ώῖἱ

162 531 262 585 hoc
303 529 472 586 etiam
513 543 654 584 nunc
701 525 900 591 dicam,
939 537 1007 578 ex
1056 530 1285 591 utroque
1326 519 1552 575 salutem
1603 515 1759 571 audi-

160 634 337 677 torum
365 622 564 692 ubique
587 627 860 688 operatur,
891 630 957 671 ex
995 613 1206 667 virtutis
1242 611 1440 674 studio,
1468 619 1522 664 et
1543 623 1608 663 ex
1640 608 1765 661 odio

159 715 434 785 nequitiae.
467 713 602 779 Quia
633 709 778 765 enim
823 707 1040 779 quidam
1083 704 1244 759 futuri
1291 711 1447 757 erant
1490 702 1583 770 qui
1615 700 1759 754 dicta

161 807 380 878 quidem
432 815 781 868 miraremur,
833 816 1006 870 neque
1051 809 1226 853 tamen
1268 797 1415 855 bona
1447 795 1765 850 exhiberem

158 914 345 968 opera,
371 897 496 951 illos
524 895 865 965 prmveniens
892 900 1058 948 terret
1095 905 1160 946 ac
1188 889 1317 942 dicit
1349 905 1362 940 :
1398 887 1608 942 etiamsi
1641 885 1762 956 pul-

156 992 285 1046 ebra
306 990 418 1043 sint
437 1004 499 1044 ea
530 1003 650 1058 qnze
684 986 960 1047 dicuntur,
991 998 1096 1035 non
1125 980 1376 1035 sufticere
1403 989 1580 1033 tamen
1608 976 1764 1031 audi—

157 1092 268 1137 tum
298 1082 368 1136 ad
397 1084 648 1142 salutem,
677 1079 770 1134 sed
805 1085 1057 1147 oportere
1090 1091 1185 1144 per
1211 1089 1373 1144 opera
1393 1072 1615 1143 obsequi
1644 1090 1655 1124 :
1684 1081 1765 1125 to-

155 1184 268 1229 tum
298 1183 476 1228 autem
506 1173 608 1227 hac
659 1171 710 1224 in
750 1186 810 1224 re
851 1168 1119 1239 prmcipue
1149 1178 1413 1222 versatur.
1465 1166 1642 1236 Atque
1674 1165 1762 1219 hic

155 1280 462 1322 sermonem
496 1262 770 1317 concludit
797 1303 811 1326 ,
840 1262 1186 1331 validumque
1228 1261 1357 1327 ipsis
1391 1261 1642 1314 timorem
1671 1274 1760 1313 re-

155 1355 370 1426 linquit.
402 1353 864 1421 Quemadmodum
892 1354 1034 1407 enim
1055 1394 1070 1417 ,
1103 1367 1224 1407 eum
1257 1351 1324 1406 de
1351 1353 1548 1406 virtute
1577 1365 1761 1420 agere-

155 1457 260 1512 tur,
292 1463 400 1501 non
445 1447 617 1501 solum
673 1461 736 1501 ex
771 1445 960 1500 futuris
992 1445 1265 1509 incitabat,
1295 1461 1516 1514 regnum
1547 1460 1758 1499 memo-

155 1553 300 1598 rans.
329 1538 516 1603 caelos,
550 1538 854 1593 mercedem
883 1537 1205 1592 ineffabilem
1229 1579 1243 1601 ,
1279 1537 1706 1591 consolationem
1736 1578 1752 1602 ,

154 1631 545 1699 innumeraque
595 1629 758 1691 bona,
812 1628 906 1683 sed
935 1629 1095 1682 etiam
1142 1644 1169 1681 a
1224 1629 1601 1698 praesentibus,
1631 1628 1757 1682 dum

153 1720 465 1776 firmitatem
497 1720 1036 1789 immobilitatemque
1078 1729 1245 1788 petra:
1287 1720 1566 1774 ostendit:
1599 1720 1679 1774 sic
1704 1728 1758 1772 ct

153 1826 274 1865 eum
307 1810 377 1865 de
405 1811 605 1864 malitia
650 1811 861 1880 agitur,
895 1827 999 1863 non
1046 1810 1206 1864 modo
1234 1819 1399 1865 terret
1443 1810 1512 1864 ab
1544 1811 1608 1864 iis
1637 1825 1757 1880 qum

152 1910 552 1970 exspectantur,
583 1912 640 1954 ut
663 1902 730 1955 ab
758 1902 936 1956 excisa
966 1901 1159 1956 arbore
1181 1944 1194 1965 ,
1239 1904 1360 1972 igne
1404 1903 1758 1972 inexstingui-

151 1993 266 2059 bili,
299 1993 544 2063 ingreSsu
574 1992 727 2063 regni
757 1993 1068 2056 intercluso,
1094 1992 1162 2046 ab
1185 1992 1286 2047 hoc
1306 1992 1471 2052 dicto.
1500 1991 1622 2046 Non
1638 1994 1754 2046 novi

150 2101 234 2138 ros
259 2101 277 2146 ;
305 2083 398 2138 sed
423 2083 582 2138 etiam
615 2098 679 2136 ex
708 2084 1100 2152 praesentibus.
1133 2098 1326 2152 nempe
1375 2099 1438 2138 ex
1470 2083 1623 2137 ruina
1654 2084 1751 2136 do-

147 2190 289 2230 mus.
321 2175 556 2242 Ideoque
585 2189 705 2227 cum
748 2175 938 2241 majori
986 2175 1229 2244 Emplnsi
1260 2190 1565 2230 sermonem
1601 2176 1752 2230 insli-

147 2269 269 2332 tuit,
305 2264 558 2334 parabola
608 2264 758 2317 illum
790 2279 1077 2318 exornans.
1119 2265 1232 2319 Non
1283 2267 1426 2320 enim
1475 2269 1606 2323 satis
1641 2279 1757 2323 erat

146 2356 376 2420 dixisse,
406 2356 601 2410 virtute
632 2354 911 2423 prteditum
963 2356 1221 2410 invictum
1277 2357 1414 2423 fore,
1445 2359 1753 2429 improbum

148 2458 310 2519 captu
350 2447 559 2502 facilem
586 2465 601 2513 ;
630 2447 722 2502 sed
755 2455 960 2518 petram
993 2450 1192 2518 posuit,
1222 2449 1465 2514 domum,
1500 2451 1745 2519 flumina,

149 2542 386 2613 pluviam
419 2550 473 2596 et
498 2551 741 2605 ventum,
762 2556 826 2595 ac
853 2541 1067 2595 similia.
1095 2541 1186 2596 26.
1222 2541 1420 2607 Omnis,
1453 2545 1644 2614 inquit,
1670 2545 1758 2614 qui

149 2635 290 2686 audit
321 2649 576 2686 sermones
602 2633 692 2687 hos
719 2648 877 2697 meos,
908 2642 954 2686 et
984 2649 1084 2688 non
1117 2636 1239 2704 facit
1263 2651 1368 2698 eos,
1390 2636 1756 2691 assinttlabilur

148 2725 256 2778 uiro
292 2724 473 2790 stulto,
503 2723 590 2792 qui
619 2724 890 2792 adi/ienuit
918 2725 1125 2778 domum
1154 2741 1298 2779 suam
1332 2744 1485 2796 super
1523 2744 1752 2783 arenam.

150 2813 321 2869 Recte
355 2822 536 2868 autem
567 2814 790 2868 stultum
835 2815 976 2870 hunc
1007 2817 1232 2869 vocavit.
1274 2817 1412 2885 Quid
1436 2820 1579 2872 enim
1614 2820 1752 2874 stul-

147 2907 254 2960 tius
284 2905 444 2962 fuerit
471 2905 690 2960 homine
714 2920 878 2976 super
906 2923 1124 2963 arenam
1158 2910 1492 2977 a‘tlificanlc,
1523 2920 1576 2966 et
1601 2913 1752 2968 labo-

148 3012 261 3052 rem
284 2995 505 3067 quidem
537 2995 742 3052 ferente
767 3039 782 3064 ,
819 2999 987 3053 fructu
1021 3016 1149 3054 vero
1188 3010 1241 3054 et
1272 3003 1456 3071 requie
1483 3018 1605 3059 sese
1633 3004 1747 3073 pri-

149 3100 346 3155 vante,
376 3104 582 3160 proque
615 3090 713 3145 hae
739 3107 797 3145 re
842 3093 1160 3162 supplicium
1206 3097 1554 3150 sustinente?
1596 3097 1750 3166 Quod

148 3191 331 3237 autem
359 3183 393 3235 ii
439 3183 529 3251 qui
574 3184 824 3252 nequitia:
872 3199 931 3238 se
979 3183 1183 3239 dedunt
1221 3186 1495 3252 laborent,
1546 3191 1751 3245 nemini

147 3289 253 3328 non
281 3283 471 3328 notum
501 3285 583 3329 est
616 3293 629 3327 :
656 3290 778 3328 nam
804 3286 1007 3344 raptor,
1041 3277 1338 3344 adulteras,
1372 3280 1708 3351 sycophanta
1731 3322 1744 3347 ,

148 3368 378 3422 multum
426 3365 672 3420 laborant
724 3367 997 3436 multaque
1038 3369 1327 3434 sustinent,
1381 3380 1441 3426 ut
1495 3373 1753 3426 malitiam

149 3472 298 3512 suam
327 3456 393 3510 ad
425 3457 585 3511 finem
618 3455 884 3512 deducant
916 3475 929 3520 ;
959 3459 1052 3513 sed
1087 3476 1190 3514 non
1239 3462 1398 3516 modo
1439 3463 1643 3519 nullum
1672 3480 1758 3519 re-

149 3549 330 3604 ferunt
356 3548 609 3613 fructum,
636 3563 822 3603 verum
843 3534 1012 3604 etiam
1044 3551 1297 3608 damnum
1320 3557 1520 3625 grande
1547 3560 1758 3627 patiun-

149 3649 254 3694 tur.
299 3638 434 3694 Nam
489 3647 544 3694 et
593 3639 791 3694 Paulus
843 3641 1074 3712 idipsum
1131 3646 1476 3701 subindicans
1502 3642 1752 3704 dicebat:

152 3732 252 3797 Qui
279 3733 497 3786 seminat
524 3732 577 3784 in
597 3748 750 3785 carne
769 3749 881 3796 sua,
919 3734 981 3787 de
1005 3751 1158 3790 carne
1179 3755 1272 3792 sua
1300 3750 1448 3794 metet
1475 3746 1757 3812 corruptio-

149 3823 493 3891 nem((.‘alat.
521 3824 574 3878 6.
608 3824 710 3898 8).
744 3827 880 3880 l-luie
919 3829 1121 3882 similes
1153 3841 1280 3885 sunt
1314 3835 1402 3902 qui
1445 3850 1608 3904 super
1633 3853 1755 3892 are-

149 3931 270 3969 nam
307 3915 610 3982 aedificant;
637 3919 781 3972 verbi
811 3921 981 3989 gratia
1014 3922 1104 3991 qui
1150 3924 1201 3976 in
1236 3922 1614 3994 fornicatione,
1661 3931 1753 3999 qui

149 4013 200 4062 in
229 4009 464 4075 luxuria,
496 4010 587 4079 qui
619 4010 671 4064 in
704 4012 967 4068 ebrietate
990 4015 1028 4079 ί,
1059 4015 1147 4083 qui
1174 4015 1228 4069 in
1260 4017 1557 4086 iracundia,
1587 4021 1677 4092 qui
1702 4024 1752 4077 in

151 4103 267 4156 aliis
294 4101 571 4156 omnibus.

217 4196 273 4249 4.
315 4193 643 4264 Comparatio
668 4195 837 4250 Achab
860 4208 905 4252 et
927 4198 1080 4266 Elite,
1107 4204 1452 4271 apostolorum
1477 4215 1523 4259 et
1543 4206 1756 4262 ludam-

149 4302 285 4338 rum.
333 4286 693 4355 Apostolorum
741 4289 931 4355 ﬁducia
979 4301 1026 4344 ct
1074 4292 1312 4359 ﬁrmitas.
1350 4326 1419 4336 —-
1461 4298 1603 4353 Talis
1641 4311 1758 4356 erat

148 4376 370 4440 Achab;
414 4378 507 4431 sed
554 4394 659 4434 non
695 4381 813 4435 talis
859 4381 1020 4438 Elias.
1069 4385 1280 4441 Etenim
1333 4405 1363 4444 e
1401 4393 1617 4462 regione
1656 4410 1754 4465 po-

149 4479 342 4523 nentes
369 4468 592 4524 virtutes
622 4479 676 4524 et
707 4471 829 4525 vitia
856 4514 870 4536 ,
907 4474 1114 4530 illormu
1144 4479 1496 4536 differentiam
1535 4501 1757 4540 accura-

149 4559 252 4613 tius
273 4573 647 4628 agnoscemus.
676 4560 767 4614 Ille
790 4577 1021 4632 namque
1039 4581 1203 4637 super
1225 4581 1428 4638 petram
1451 4575 1756 4642 atdilicavit,

147 4647 233 4703 hic
263 4664 399 4704 vero
424 4664 587 4717 super
613 4666 833 4706 arenam
871 4672 882 4707 :
923 4655 1151 4727 ideoque
1181 4677 1272 4715 rex
1305 4677 1425 4716 eum
1457 4678 1600 4721 esset
1627 4683 1754 4736 pro-

147 4741 368 4812 phetam
397 4744 667 4799 metuebat
693 4755 745 4799 et
775 4745 1130 4814 formidabat,
1161 4754 1249 4822 qui
1273 4756 1530 4824 propheta
1562 4763 1756 4818 melote

148 4843 357 4889 tantum
406 4845 524 4889 erat
565 4835 799 4892 indutus.
853 4838 1013 4894 Tales
1057 4853 1209 4898 erant
1251 4846 1457 4914 .Iutlazi;
1509 4853 1602 4906 sed
1647 4870 1753 4910 non

147 4929 380 4996 apostoli
412 4944 425 4979 :
454 4930 799 4996 quamobrem
831 4931 884 4985 hi
925 4935 1074 5002 pauci
1112 4952 1232 4990 cum
1264 4953 1444 4996 essent
1471 4955 1523 4998 ct
1549 4947 1709 5000 vincti
1737 4992 1749 5011 ,

148 5022 459 5078 firmitatem
493 5026 1071 5092 petrae—ostendebant;
1120 5031 1191 5085 illi
1229 5049 1356 5089 vero
1383 5038 1480 5091 etsi
1525 5042 1676 5095 multi
1703 5051 1757 5096 et

149 5116 381 5180 armati,
425 5115 788 5171 infirmitatem
837 5134 1035 5176 arenae.
1087 5123 1342 5180 Dicebant
1386 5131 1526 5183 enim
1573 5136 1756 5198 :Quid

151 5211 398 5278 faciemus
435 5208 722 5262 hominibus
750 5211 859 5264 istis
890 5214 906 5280 (
932 5213 1042 5266 Act.
1072 5215 1125 5268 4.
1159 5218 1224 5271 16
1249 5218 1305 5284 )?
1343 5220 1523 5276 Viden’
1554 5225 1669 5279 illos
1703 5227 1752 5280 in

149 5300 396 5370 angustia
435 5299 670 5364 versari;
702 5317 806 5356 non
838 5313 1014 5359 autem
1041 5322 1138 5362 eos
1177 5311 1265 5377 qui
1303 5314 1495 5382 captivi
1523 5327 1674 5371 erant
1702 5329 1756 5373 et

151 5392 314 5446 vincti
337 5433 352 5456 ,
384 5391 478 5447 sed
509 5393 594 5461 qui
628 5393 939 5449 detinebant
965 5407 1015 5451 et
1039 5399 1363 5456 vinxerant?
1390 5422 1494 5473 quo
1524 5410 1648 5477 quid
1678 5411 1756 5464 in-

151 5483 414 5537 solentius
441 5483 722 5538 videatur?
765 5485 841 5539 Tu
868 5487 1077 5542 detines
1103 5502 1159 5544 et
1185 5492 1440 5549 dubitas?
1479 5497 1608 5553 Jure
1635 5503 1754 5570 qni-

152 5573 295 5626 dem.
326 5571 464 5640 Quia
494 5574 636 5628 enim
663 5578 841 5630 omnia
873 5592 1036 5648 super
1071 5596 1288 5637 arenam
1319 5586 1711 5645 aedificaverant
1739 5613 1752 5659 ;

152 5665 273 5719 ideo
299 5664 626 5721 infirmiores
653 5668 905 5724 omnibus
931 5683 1101 5725 erant.
1149 5673 1350 5732 Idcirco
1381 5678 1632 5737 dicebant
1657 5684 1752 5740 de-

216 5837 230 5868 ⁸
269 5843 353 5888 me
380 5849 544 5896 voces,
571 5836 654 5901 qui
676 5837 725 5888 in
753 5836 995 5901 ebrietate,
1020 5840 1202 5897 desum;
1228 5845 1282 5897 in
1305 5848 1467 5898 Morel.

1104 408 1170 465 IN
1209 405 1624 465 ΜΑΤΊἪΑΕΙΙΜ
1662 405 1896 464 ηολιιιλ.
1943 404 2131 460 XXIV.
2175 407 2246 459 al.
2292 406 2458 461 XXV.

3378 418 3483 478 326

1874 530 1982 568 uno
2010 533 2022 568 :
2052 516 2190 583 Quid
2210 521 2379 589 facitis
2401 521 2617 576 volentes
2638 522 2876 578 iudurcrc
2895 541 3049 595 super
3069 544 3160 582 nos
3180 534 3479 600 sanguinem

1871 606 2090 661 hominis
2118 611 2272 678 hujus
2299 611 2438 679 (Act.
2461 612 2513 666 5.
2539 614 2671 680 ‘28)?
2701 616 2836 683 Quid
2862 617 3031 672 dicit?
3057 621 3134 676 Tu
3162 625 3350 693 ca'dis,
3375 639 3482 686 ter-

1871 711 1988 761 res,
2016 699 2192 763 lzcdis.
2227 713 2279 756 et
2309 715 2362 756 tu
2398 706 2595 760 times?
2622 719 2675 762 tu
2701 710 2932 776 iudicas,
2967 724 3019 768 et
3050 723 3102 768 tu
3135 719 3360 775 tremis?
3389 719 3481 778 Sic

1871 790 2082 845 infirma
2112 803 2192 847 cst
2223 796 2444 850 malitia.
2477 799 2580 853 Sed
2609 803 2837 868 apostoli
2866 820 2970 857 non
2996 808 3074 862 sic
3103 826 3115 860 :
3149 805 3268 864 Non
3294 831 3477 883 possu-

1870 897 1981 933 mus
2003 899 2094 935 nos
2115 900 2227 951 qum
2247 887 2531 943 audirimus
2551 900 2595 944 et
2620 891 2836 948 vidimus
2858 913 2957 949 non
2980 899 3120 969 loqui
3137 902 3268 968 (Act.
3289 904 3325 958 4
3340 905 3476 971 .90).

1871 970 2116 1028 Vidistin’
2146 976 2382 1031 animum
2423 981 2750 1037 sublimem?
2790 987 3022 1042 vidistin’
3049 1003 3250 1060 petram
3284 995 3478 1054 fluctus

1868 1065 2171 1124 ridentem?
2194 1071 2424 1125 vidiStiu'
2449 1073 2669 1130 domum
2698 1079 3068 1137 immobilem?
3089 1086 3477 1159 Quodque‘tni-

1868 1159 2089 1214 rabilius
2115 1202 2128 1224 ,
2163 1177 2268 1215 non
2316 1164 2476 1219 Inudo
2507 1168 2674 1222 timidi
2725 1187 2831 1223 non
2862 1185 3016 1227 erant
3039 1217 3055 1240 ,
3095 1179 3238 1248 quod
3269 1181 3476 1237 insidia:

1868 1253 1998 1320 ipsis
2041 1267 2374 1324 pararentur,
2406 1261 2499 1314 sed
2528 1263 2688 1316 etiam
2727 1267 2984 1334 majorem
3016 1268 3264 1327 fiduciam
3293 1277 3476 1346 capie-

1866 1344 2032 1410 bant,
2085 1346 2308 1417 illosqne
2348 1351 2400 1404 in
2447 1354 2706 1421 majorem
2751 1364 3049 1427 angustiam
3092 1366 3474 1434 conjicicbant.

1866 1434 1998 1489 Nam
2029 1439 2115 1506 qui
2144 1440 2483 1497 adamantem
2512 1449 2760 1514 percutit,
2787 1451 2900 1518 ipse
2923 1463 3003 1507 est
3024 1455 3114 1524 qui
3140 1459 3471 1527 percutitur;

1866 1539 1921 1584 et
1941 1533 2029 1601 qui
2053 1543 2236 1588 contra
2262 1536 2533 1592 stimulum
2556 1540 2819 1609 caicitrat,
2846 1544 2959 1614 ipse
2981 1550 3170 1619 estqui
3201 1555 3471 1623 pungitur,

1865 1634 1917 1678 et
1946 1627 2127 1693 gravia
2159 1631 2353 1698 accipit
2378 1633 2633 1698 vulnera;
2660 1645 2714 1690 et
2740 1637 2828 1706 qui
2854 1639 3052 1694 virtute
3077 1645 3318 1712 pra'ditis
3345 1648 3474 1703 insi-

1865 1714 2042 1771 diatur
2065 1759 2079 1782 ,
2115 1718 2229 1788 ipse
2253 1730 2334 1776 est
2365 1724 2453 1792 qui
2483 1726 2835 1794 periclitatur.
2871 1730 3066 1787 Malitia
3099 1735 3296 1806 quippe
3325 1726 3473 1794 tanto

1864 1806 2130 1864 infirmior
2149 1812 2394 1880 efficitur,
2418 1827 2616 1886 quanto
2635 1822 2803 1891 magis
2824 1833 3007 1878 contra
3027 1827 3275 1884 virtutem
3298 1834 3468 1888 aciem

1863 1901 2100 1958 instruit.
2148 1905 2227 1959 Ac
2251 1908 2702 1975 quemadmodum
2731 1915 2820 1984 qui
2854 1915 3028 1984 ignem
3060 1918 3184 1988 ligat
3227 1922 3277 1976 in
3308 1928 3469 1978 vcsti-

1864 2005 2049 2047 mento
2074 2036 2086 2059 ,
2133 1995 2398 2052 flammam
2439 2001 2654 2070 quidem
2687 2020 2792 2058 non
2826 2009 3156 2079 exstinguit,
3187 2015 3278 2067 sed
3310 2018 3472 2071 vcsti-

1863 2095 2101 2139 meutum
2147 2091 2416 2145 consumit
2448 2093 2566 2147 :sie
2605 2096 2693 2164 qui
2740 2097 2939 2154 virtute
2983 2102 3238 2171 prmditos
3283 2106 3468 2173 ludit,

1861 2177 2086 2244 detinet,
2123 2180 2279 2249 ligat;
2311 2182 2434 2238 illos
2458 2185 2671 2255 quidem
2699 2189 3092 2258 splendidiores
3120 2197 3283 2252 efficit
3305 2241 3318 2264 ,
3350 2215 3472 2257 sese

1863 2283 1994 2323 vero
2035 2272 2230 2339 perdit.
2284 2274 2494 2330 Etenim
2528 2291 2727 2348 quanto
2762 2285 3006 2352 graviora
3040 2303 3228 2357 passus
3267 2291 3468 2360 fueris,

1861 2361 1986 2414 dum
2020 2364 2185 2431 probe
2217 2366 2375 2419 vitam
2407 2367 2591 2434 duris,
2623 2381 2771 2427 tanto
2800 2373 2988 2431 fortior
3017 2381 3238 2464 evadis:
3271 2395 3473 2454 quanto

1863 2454 2032 2522 magis
2061 2457 2200 2507 enim
2237 2456 2630 2527 philosophiam
2661 2465 2901 2521 colemus
2924 2511 2937 2534 ,
2971 2479 3119 2524 tanto
3151 2454 3320 2544 magis
3347 2478 3474 2531 nul-

1862 2543 1964 2599 lius
1995 2547 2304 2616 egebimus;
2334 2558 2386 2605 et
2406 2564 2606 2621 quanto
2635 2558 2803 2628 magis
2829 2561 2977 2615 nullo
3003 2556 3300 2633 egebimus,
3325 2579 3472 2625 tanto

1861 2634 2112 2692 fortiores
2148 2640 2349 2695 erimus
2372 2685 2387 2708 ,
2428 2652 2481 2698 et
2519 2648 2769 2704 onmibus
2797 2654 3124 2720 superiores.
3178 2659 3320 2713 'l'alis
3355 2672 3472 2717 erat

1861 2727 2117 2785 Joannes.
2153 2721 2513 2800 Quamobrem
2547 2755 2705 2796 nemo
2747 2743 2821 2798 illi
2867 2747 3166 2803 molestiam
3208 2756 3429 2810 creabat
3455 2798 3468 2820 ,

1862 2819 1952 2874 ille
1977 2831 2155 2876 autem
2180 2826 2439 2882 molestus
2461 2841 2576 2884 erat
2603 2833 2836 2900 Herodi;
2864 2848 2918 2892 et
2943 2842 3032 2909 qui
3062 2842 3194 2897 nihil
3220 2819 3470 2914 habebat,

1859 2911 2121 2968 adversus
2148 2928 2459 2986 regnantem
2489 2922 2815 2991 insurrexit;
2859 2929 2947 2999 qui
2976 2931 3280 2992 diademate
3299 2980 3314 3004 ,
3346 2954 3474 3008 pur-

1862 3019 1992 3075 pura
2012 3049 2027 3073 ,
2055 3008 2331 3080 multoque
2359 3022 2550 3067 ornatu
2580 3015 2810 3087 fulgens,
2837 3023 3087 3078 omnibus
3115 3027 3373 3084 nudatum
3407 3033 3472 3086 ti-

1860 3098 2046 3154 mebat
2087 3097 2515 3174 formidabatque
2535 3147 2550 3171 ,
2585 3123 2759 3179 neque
2785 3110 2935 3166 illum
2967 3117 3142 3185 capite
3169 3127 3469 3178 truncatum

1862 3199 2075 3260 poterat
2117 3193 2235 3248 sine
2277 3205 2422 3250 metu
2452 3200 2740 3267 respicere.
2791 3204 2943 3269 Quod
2982 3207 3125 3262 enim
3157 3211 3317 3266 etiam
3353 3225 3472 3283 post

1861 3294 2091 3338 mortem
2124 3299 2229 3340 non
2273 3301 2438 3355 parvo
2482 3289 2673 3346 timore
2711 3292 2935 3351 affectus
2965 3307 3150 3363 esset,
3181 3304 3304 3357 audi
3345 3307 3468 3374 quid

1862 3373 2004 3428 dicat
2033 3394 2044 3427 :
2078 3375 2178 3429 Hic
2205 3387 2276 3430 est
2305 3379 2531 3434 Joannes
2553 3425 2566 3446 ,
2599 3399 2746 3449 quem
2777 3389 2941 3442 occidi
2969 3407 3061 3460 ego
3085 3392 3104 3464 (
3128 3393 3254 3448 Luc.
3284 3397 3337 3452 9.
3364 3373 3403 3454 79
3421 3401 3467 3470 ).

1861 3461 1995 3518 Illud
2018 3475 2194 3521 autem
2222 3509 2237 3534 ,
2270 3467 2448 3524 Occidi
2471 3513 2486 3538 ,
2520 3489 2625 3528 non
2652 3484 2735 3529 est
2764 3493 2864 3531 vox
2891 3495 3012 3537 sese
3037 3461 3307 3544 efl‘erentis
3331 3531 3346 3556 ,
3376 3494 3470 3548 sed

1862 3567 2064 3610 metum
2091 3574 2246 3612 suum
2281 3561 2523 3625 solantis,
2558 3575 2611 3620 et
2642 3569 2853 3624 turbato
2883 3577 3062 3628 animo
3089 3582 3381 3649 suadentis,
3415 3598 3472 3640 ut

1861 3650 2237 3711 recordaretur
2265 3653 2532 3710 homicidii
2566 3659 2616 3713 in
2662 3661 2808 3716 illam
2845 3672 3153 3735 perpetrati.
3187 3673 3356 3729 Tanta
3389 3690 3472 3732 est

1861 3742 2075 3796 virtutis
2102 3743 2375 3814 fortitudo,
2408 3759 2464 3804 ut
2489 3753 2648 3806 etiam
2672 3766 2793 3824 post
2821 3768 3049 3814 mortem
3075 3763 3376 3821 viventibus
3403 3772 3472 3823 sit

1863 3834 2152 3900 potentior.
2205 3837 2436 3908 Ideoque
2471 3842 2538 3897 ad
2573 3860 2694 3899 eum
2726 3846 2854 3901 dum
2886 3852 3126 3917 viveret,
3169 3859 3257 3926 qui
3291 3862 3470 3915 nmltis

1863 3936 2018 3979 erant
2058 3931 2298 3997 pecuniis
2328 3933 2609 4002 instructi,
2647 3939 2964 3998 accedentes
3003 3945 3296 4004 dicebant:
3333 3952 3469 4021 Quid

1862 4021 2107 4089 faciemus
2135 4023 2285 4096 (Lua.
2314 4027 2366 4082 5.
2393 4028 2516 4099 i0)?
2546 4031 2645 4086 Tot
2675 4031 2882 4089 habetis
2902 4078 2917 4100 ,
2945 4046 3000 4092 et.
3027 4039 3094 4093 ab
3123 4056 3188 4096 eo
3216 4045 3305 4112 qui
3338 4047 3466 4100 nihil

1862 4111 2026 4168 habet
2055 4117 2218 4170 vultis
2257 4118 2498 4175 ediscere
2525 4122 2662 4177 viam
2706 4137 2898 4183 vestrae
2936 4111 3252 4190 felicitatis?
3282 4155 3310 4192 a
3345 4157 3471 4208 pau-

1863 4217 1992 4274 pere
2021 4205 2252 4262 divites?
2300 4208 2368 4262 ab
2399 4226 2465 4264 eo
2488 4253 2503 4274 ,
2551 4215 2640 4283 qui
2681 4232 2746 4270 ne
2776 4217 2992 4276 domum
3024 4225 3238 4293 quidem
3270 4205 3467 4298 habet,

1863 4296 2099 4352 milites?
2148 4298 2292 4353 Talis
2320 4316 2530 4372 quoque
2557 4314 2675 4358 erat
2714 4307 2891 4364 Helias
2922 4329 2933 4362 :
2966 4316 3315 4381 quamobrem
3345 4296 3469 4377 eum

1863 4388 2052 4442 eadem
2102 4389 2348 4446 libertate
2395 4409 2458 4447 ac
2505 4394 2696 4450 fiducia
2746 4401 2941 4470 popqu
2991 4405 3326 4474 loquebatur.
3377 4413 3473 4470 Ille

1865 4495 2096 4549 namque
2123 4481 2354 4548 dicebat,
2391 4482 2660 4540 Genimina
2684 4489 2972 4556 viperarum
3001 4495 3018 4563 (
3043 4495 3231 4552 Matth.
3266 4503 3316 4556 5.
3354 4505 3383 4557 7
3412 4509 3428 4573 )
3455 4529 3469 4572 ;

1865 4572 1953 4627 hic
1984 4589 2110 4628 vero
2133 4617 2147 4638 ,
2198 4575 2466 4647 Usquequo
2494 4580 2795 4635 claudicatis
2832 4593 3044 4655 utroque
3074 4593 3265 4658 poplite
3308 4607 3469 4651 vestro

1865 4662 1942 4735 (5.
1975 4663 2102 4736 Reg.
2129 4667 2215 4720 i8.
2240 4665 2368 4737 2!)?
2395 4668 2492 4723 llic
2516 4671 2643 4725 item
2669 4672 2900 4740 dicebat,
2933 4677 3198 4744 Occidisti,
3227 4695 3274 4737 ct
3298 4702 3471 4754 possc-

1865 4757 1984 4810 disti
2011 4760 2086 4826 (5.
2119 4758 2248 4830 Reg.
2281 4760 2368 4814 2|.
2403 4761 2525 4832 l9);
2559 4763 2648 4820 ille
2677 4782 2833 4832 vero,
2867 4767 2987 4823 Non
3021 4773 3134 4825 licet
3164 4777 3253 4829 tibi
3288 4780 3472 4835 habere

1864 4865 2073 4903 uxorem
2117 4850 2348 4924 Philippi
2381 4857 2557 4925 franis
2593 4859 2665 4911 tui
2702 4860 2718 4928 (
2749 4860 2934 4913 Matth.
2968 4865 3053 4917 Η.
3084 4867 3116 4920 4
3143 4867 3183 4938 ).
3223 4871 3468 4929 \‘idistiu’

1863 4944 2115 5008 petram?
2163 4946 2398 5000 vidistin’
2442 4963 2659 5005 arenam
2706 4956 2973 5022 quomodo
3017 4957 3168 5018 facile
3214 4963 3468 5023 decidat?

1864 5035 2134 5102 quomodo
2161 5036 2549 5096 calamitatibus
2576 5043 2762 5112 cedat,
2793 5053 3063 5117 quomodo
3090 5056 3433 5114 subvertatur
3452 5102 3465 5123 ,

1865 5128 1962 5181 etsi
2007 5129 2146 5196 apud
2194 5147 2414 5201 regem,
2444 5136 2544 5188 etsi
2587 5139 2727 5206 apud
2779 5144 3034 5211 populum
3075 5149 3180 5213 sit,
3215 5152 3315 5204 etsi
3346 5169 3466 5208 cum

1865 5222 2137 5286 potentia?
2170 5223 2295 5278 Illos
2321 5225 2462 5279 enim
2491 5229 2579 5296 qui
2610 5243 2667 5283 se
2696 5231 2894 5286 adeunt
2920 5239 3160 5294 omnium
3190 5244 3468 5300 stolidissi-

1865 5325 1981 5365 mos
2012 5313 2202 5368 reddit.
2251 5315 2434 5386 Neque
2465 5320 2635 5373 sulum
2666 5322 2856 5378 decidit
2885 5367 2899 5390 ,
2935 5329 3026 5383 sed
3059 5340 3111 5384 et
3141 5349 3260 5387 cum
3303 5339 3467 5393 multa

1865 5403 2186 5460 Calamilate.
2236 5408 2443 5462 Etenim
2473 5410 2563 5465 97.
2595 5412 2758 5467 Facta
2795 5428 2866 5470 est
2889 5460 2902 5478 ,
2948 5421 3151 5491 inquit,
3183 5427 3333 5481 ruina
3359 5431 3468 5499 ejus

1867 5514 2053 5568 magna
2079 5501 2243 5554 valde.
2291 5503 2474 5574 Neque
2500 5508 2641 5560 enim
2671 5508 2722 5563 in
2751 5526 2806 5565 re
2839 5512 2958 5566 vilis
2985 5517 3138 5584 pretii
3172 5521 3466 5586 perieulum

1867 5602 1947 5644 est
1970 5633 1982 5654 ,
2015 5593 2107 5647 sed
2138 5593 2205 5648 de
2227 5595 2402 5650 anima
2432 5599 2637 5668 agitur,
2669 5602 2734 5655 de
2761 5604 3050 5662 amissione
3089 5612 3344 5666 emlorum
3367 5654 3380 5677 ,
3413 5628 3463 5671 et

1867 5681 2127 5738 bonorum
2179 5686 2560 5744 immortalium
2605 5693 2643 5746 ί.
2675 5694 2787 5749 lmo
2831 5711 2959 5751 vero
3004 5700 3163 5756 etiam
3208 5714 3335 5760 ante
3378 5705 3464 5764 illa

1933 5863 1948 5892 ι
1987 5869 2112 5924 Mss,
2143 5876 2427 5916 coronarum
2452 5867 2814 5924 immortalium.
