4066 6448
534 437 640 494 3&7

535 550 716 608 omnia
739 539 920 599 miseri

539 657 643 708 tor,
663 643 714 695 in
739 629 1074 693 maeroribus,
1097 618 1323 676 assiduis
1343 613 1640 672 timoribus,
1657 596 2121 660 sollicitudinibus,

535 688 917 791 ceriaminibus
960 721 1121 774 vitam
1163 726 1325 780 agens
1366 722 1378 758 :
1421 702 1561 775 quod
1607 698 1818 766 sapiens
1861 688 2123 760 quispiam

539 789 881 882 subindicans
909 811 1119 870 dicebat
1150 824 1161 858 ε
1197 803 1348 872 Fugit
1375 796 1579 865 impius,
1609 789 1804 843 nemine
1830 792 2128 852 persequen—

539 870 917 988 i:
950 905 974 959 Ι
997 905 1039 973 ).
1075 870 1384 965 llttjusmodi
1412 886 1607 955 quippe
1638 877 1885 988 homines
1909 870 2128 925 umbras

539 969 812 1066 tremunt,
843 969 1040 1051 amicos
1070 992 1346 1056 suspectos
1375 977 1610 1036 habent,
1649 969 1829 1022 hostes
1855 1007 1867 1025 ,
1899 972 2082 1016 servos
2108 996 2123 1020 ,

547 1107 702 1154 notos
731 1058 829 1146 sibi
854 1126 866 1147 .
898 1087 1101 1156 ignotos
1125 1120 1138 1142 ,
1177 1086 1230 1131 et
1259 1081 1381 1127 ante
1410 1063 1726 1135 supplicium
1756 1058 1840 1110 hic
1865 1062 2131 1108 extremas

544 1187 674 1242 dant
720 1140 945 1252 ptenasr
974 1173 1099 1227 llaec
1144 1180 1300 1236 porro
1336 1159 1512 1215 omnia
1555 1150 1859 1222 significans
1885 1140 2131 1197 Christus

546 1240 949 1331 diccbatrz-Fuit
981 1264 1128 1315 ruina
1167 1258 1304 1312 illius
1332 1265 1515 1318 magna
1553 1245 1700 1299 valde
1729 1240 2134 1296 :.consentaneo

555 1370 658 1423 line
687 1366 799 1419 luce
823 1356 1045 1432 pulchra
1077 1356 1336 1422 prmecpta
1367 1340 1638 1399 claudens,
1661 1342 1716 1388 et
1742 1329 1820 1384 vel
1849 1320 2133 1380 admodum

557 1415 849 1515 incredulis
870 1447 1101 1504 suadens
1128 1441 1289 1507 etiam
1316 1451 1380 1492 ex
1411 1426 1656 1503 prmsenti
1685 1435 1859 1477 rerum
1888 1424 2049 1476 statu,
2080 1415 2138 1463 ut

926 549 1071 592 orem
1101 529 1185 583 hic
1217 526 1374 579 vitam
1405 520 1562 575 ducet
1589 515 1680 569 ille
1711 508 1923 564 malitiae
1947 511 2118 557 secta-

1207 414 1263 469 S.
1302 403 1579 466 JOANNIS
1615 389 2083 454 CHRYSOSTOMI
2125 381 2442 442 ARCHIEP.
2479 369 3015 436 CONSTANTINOP.

2227 495 2429 564 fugiant
2457 491 2767 561 nequitiam.
2820 483 3043 541 Etiamsi
3071 481 3211 538 enim
3245 475 3417 547 major
3442 473 3511 529 sit
3535 469 3604 526 de
3635 467 3827 524 futuris

2227 601 2426 649 sermo,
2451 591 2686 639 attamen
2719 579 2805 633 hic
2829 578 2999 646 magis
3026 575 3251 630 idoneus
3276 581 3455 626 sermo
3471 573 3557 621 est
3581 562 3650 618 ad
3677 573 3828 616 cras-

2228 678 2401 733 siores
2425 673 2669 729 homines
2691 666 3022 724 cohibendos
3051 675 3104 720 et
3133 680 3163 719 a
3193 660 3428 732 nequitia
3459 650 3830 711 abducendus.

2233 769 2461 835 Ideoque
2490 765 2579 818 tali
2613 766 2717 816 line
2742 775 2922 816 sermo
2947 757 3159 813 clausus
3185 763 3267 810 est
3284 794 3304 819 ,
3334 760 3391 806 ut
3417 747 3583 804 menti
3615 745 3834 799 haeren—

2233 869 2338 914 tem
2385 857 2510 911 hinc
2555 854 2834 908 utilitatem
2880 856 3186 919 carperent.
3253 845 3379 899 llaec
3428 843 3606 910 itaque
3651 837 3835 892 omnia

2233 952 2484 1011 scientes,
2520 956 2626 1001 tam
2656 944 2937 1015 praesentia
2965 956 3124 1011 quam
3153 940 3349 1003 futura,
3381 935 3646 1006 fugiamus
3677 927 3838 984 mali-

2237 1039 2366 1094 tiam
2391 1081 2406 1104 ,
2435 1037 2613 1090 virtuti
2645 1033 2955 1090 Studeamus
2978 1074 2992 1098 ,
3027 1046 3095 1086 ne
3136 1030 3328 1084 frustra
3366 1025 3673 1080 laboremus
3694 1063 3709 1084 ,
3743 1017 3840 1074 sed

2238 1139 2291 1185 et
2338 1128 2424 1183 hic
2454 1125 2739 1182 securitate
2777 1125 3016 1180 fruamur
3040 1165 3054 1186 ,
3095 1132 3148 1178 et
3194 1120 3299 1175 illic
3335 1117 3521 1189 gloriae
3557 1120 3841 1171 consortes

2240 1221 2408 1276 simus
2442 1237 2453 1272 :
2483 1233 2642 1288 quam
2672 1217 2874 1272 utinam
2903 1228 3090 1269 omnes
3119 1223 3514 1281 consequamur
3539 1248 3553 1274 ,
3585 1205 3758 1276 gratia
3787 1211 3842 1258 et

2240 1310 2572 1381 benignitate
2604 1309 2813 1364 Domini
2844 1309 3017 1364 nostri
3049 1306 3176 1362 Jesu
3205 1302 3401 1359 Christi
3425 1342 3440 1366 ,
3472 1304 3558 1355 cui
3588 1296 3763 1369 gloria
3789 1305 3848 1352 et

2249 1400 2533 1472 imperium
2572 1400 2623 1453 in
2656 1399 2848 1455 saecula
2877 1398 3216 1453 steculorum.
3252 1397 3442 1447 Amen.

3716 351 3821 406 328

1629 1522 3839 1570 Μ

1678 1627 2028 1697 HOMILIA
2068 1619 2281 1684 XXV.
2325 1620 2412 1682 al.
2458 1617 2697 1680 XXVI.

551 1566 1480 1610 __________________..
1523 1569 1526 1571 .

558 1814 688 1870 Car.
730 1813 782 1864 7.
825 1824 876 1860 ν,
915 1804 1005 1860 98.
1048 1800 1113 1854 Et
1175 1801 1365 1867 factum
1418 1799 1522 1842 est.
1575 1797 1688 1834 cum
1718 1775 1722 1779 ⁴
1747 1772 2140 1839 consummasset

629 1908 776 1962 Iesus
802 1912 1052 1957 sermones
1079 1895 1221 1958 istos,
1251 1884 1566 1941 mirabantur
1595 1873 1752 1930 (urbe
1775 1883 1926 1939 super
1953 1861 2140 1918 doctri-

628 2016 695 2053 na
721 2012 852 2053 εηω.

631 2016 695 2053 na
721 2016 747 2051 ε
770 2016 852 2048 us.

631 2093 682 2144 l.
723 2016 881 2141 Certe
906 2087 1239 2146 consequens
1265 2077 1380 2125 erat
1402 2107 1419 2135 ,
1450 2073 1507 2120 ut
1534 2061 1601 2116 de
1630 2066 1860 2112 oneroso
1898 2057 2146 2104 sermone

567 2183 848 2240 dolerent,
905 2139 1282 2240 torpereutquc
1318 2168 1388 2214 ob
1427 2160 1808 2228 praceptorum
1847 2139 2146 2240 sublimita-

567 2287 673 2329 tem
699 2288 713 2334 ;
749 2271 860 2339 jam
887 2277 1016 2319 vero
1045 2268 1185 2314 tanta
1215 2261 1329 2309 erat
1354 2245 1593 2305 docentis
1624 2243 1790 2295 virtus
1812 2277 1825 2292 .
1868 2243 1923 2288 ut
1952 2230 2149 2286 multos

1516 2337 1524 2339 -
1719 2329 1730 2339 ,
1881 2335 1920 2339 _,
1949 2336 1978 2339 ﬂ
2012 2318 2119 2339 Am

565 2318 1008 2424 eorum'caperet,
1032 2360 1188 2418 atque
1212 2345 1264 2398 in
1285 2337 1689 2396 admirationem
1719 2329 1985 2398 ingentem
2007 2318 2151 2373 abri-

567 2463 750 2527 peret,
787 2447 1139 2512 suaderetque
1185 2443 1402 2507 propter
1442 2427 1767 2495 voluptatem
1798 2434 1862 2472 ex
1903 2425 2152 2471 sermone

1385 2521 1403 2527 Α
1582 2516 1613 2527 ’⁸
1740 2511 1772 2527 ¹¹
1820 2509 1861 2527 οξ
1880 2524 1894 2527 -
1919 2515 2012 2527 κ---ι
2087 2501 2150 2527 ..1.

570 2501 771 2616 partem
799 2581 815 2606 ,
844 2549 898 2593 ut
933 2549 999 2590 nc
1023 2574 1037 2597 ,
1057 2501 1348 2600 postquam
1377 2521 1536 2575 tinem
1564 2511 1775 2569 dicendi
1820 2509 2054 2566 fecerat,
2086 2501 2151 2555 ab

1787 2611 1797 2616 -
1878 2599 1888 2616 ι
1932 2592 2130 2616 _--__I:a

571 2592 665 2689 illo
686 2630 1040 2688 discederent.
1067 2621 1246 2688 Neque
1266 2616 1406 2670 enim
1429 2622 1549 2664 cum
1570 2621 1632 2659 ex
1658 2611 1837 2658 monte
1859 2592 2152 2654 descendit,

574 2723 844 2780 auditores
868 2717 1228 2771 abcesserunt,
1252 2703 1344 2759 sed
1373 2711 1539 2755 totum
1563 2695 1861 2749 auditorum
1890 2689 2155 2742 theatrum

573 2778 852 2883 sequutum
895 2811 1020 2861 est:
1055 2807 1253 2855 tantum
1302 2792 1407 2845 illis
1449 2784 1711 2842 indiderat
1748 2778 2004 2834 doetrina:
2048 2787 2158 2826 suae

576 2917 831 2961 amorem.
867 2893 1264 2953 Admirabantu.
1302 2892 1478 2939 autem
1509 2876 1736 2933 maxime
1759 2873 1901 2928 illius
1927 2873 2159 2937 potesta-

579 3010 704 3053 tem.
729 2993 843 3049 Non
871 2989 1013 3045 enim
1038 2984 1103 3039 ad
1130 2982 1288 3036 alium
1315 2976 1452 3031 dicta
1479 2969 1717 3026 referens
1743 2961 2076 3036 loquebatur,
2106 2964 2162 3015 ut

584 3085 858 3157 prophetae
872 3089 924 3134 et
936 3075 1247 3148 Moyses(a),
1261 3067 1567 3134 seuubique
1581 3059 1898 3117 ostendebat
1913 3056 2155 3124 seipsum

587 3150 707 3232 esse
733 3175 826 3244 qui
858 3168 1229 3224 auctoritatem
1251 3161 1494 3218 haberet.
1531 3153 1664 3208 Nam
1681 3167 1804 3205 cum
1840 3150 1985 3217 leges
2018 3161 2160 3214 saepe

586 3239 1025 3338 pronuntiaret,a
1046 3253 1302 3326 ljiciebat,
1320 3257 1429 3319 Ego
1448 3255 1621 3300 autem
1638 3244 1755 3296 dico
1773 3239 1912 3295 vobis
1934 3245 2018 3291 :et
2033 3250 2156 3289 cum

590 3357 731 3412 diem
753 3354 896 3406 illam
916 3339 1637 3407 commemoraret,seipsum
1664 3324 2162 3397 monstrabatjudi-

588 3459 730 3509 cem,
749 3449 802 3496 et
817 3455 910 3510 per
933 3435 1194 3506 supplicia
1214 3442 1266 3485 et
1284 3446 1378 3499 per
1391 3427 1633 3498 praemia.
1654 3422 1813 3490 Atqui
1829 3419 2164 3473 bincconse-

584 3548 754 3603 quens
792 3501 1074 3589 videbatur
1114 3538 1271 3587 esse,
1313 3527 1373 3573 ut
1416 3517 1490 3571 illi
1538 3514 1896 3568 turbarentur.
1944 3507 2074 3560 Nam
2122 3501 2169 3555 si

582 3599 792 3693 scribae,
826 3623 912 3693 qui
941 3620 1183 3673 viderant
1210 3613 1357 3666 illum
1386 3623 1481 3678 per
1509 3619 1669 3675 opera
1702 3599 1984 3670 potentiam
2017 3602 2168 3649 suam

587 3689 900 3778 ostendere,
929 3707 1190 3779 lapidibus
1221 3716 1339 3756 eum
1367 3696 1707 3771 impetierunt
1731 3699 1784 3744 et
1811 3689 2126 3756 expulerunt
2155 3699 2169 3734 :

588 3805 856 3881 quomodo
885 3773 1160 3857 ubi-verba
1190 3801 1390 3848 tantum
1419 3795 1568 3842 erant
1594 3824 1610 3849 ,
1641 3797 1758 3852 qua:
1787 3780 1925 3832 illam
1956 3773 2174 3830 exhibe-

590 3866 710 3956 rent
729 3940 742 3963 ,
776 3909 881 3950 non
905 3887 1196 3946 verisimile
1231 3891 1345 3938 erat
1379 3879 1493 3933 haec
1521 3876 1624 3930 illis
1653 3867 1972 3927 offcndiculo
2015 3866 2126 3919 fore
2151 3903 2168 3931 ,

591 4004 710 4045 cum
740 3984 969 4047 maxime
1011 3980 1126 4033 haec
1157 3977 1208 4030 in
1240 3970 1460 4027 exordio
1483 3967 1785 4021 dicerentur
1809 4004 1824 4026 ,
1867 3961 2169 4030 priusquam

592 4084 680 4136 ille
727 4077 975 4148 potentia:
1014 4085 1125 4126 suae
1171 4065 1590 4136 experimentum
1621 4056 1894 4111 dedisset?
1924 4054 2170 4106 Attamen

591 4143 929 4228 nihil—horum
953 4162 1285 4236 patiebantur
1311 4173 1326 4212 :
1349 4153 1562 4226 quando
1581 4150 1720 4208 enim
1743 4148 1951 4202 animus
1975 4143 2170 4214 probus

589 4276 644 4320 et
695 4263 828 4332 frugi
856 4267 973 4324 est,
1024 4255 1260 4310 veritatis
1312 4246 1568 4303 doctrina:
1618 4242 1769 4297 facile
1817 4241 2168 4308 obtemperat.

591 4329 923 4422 Quapropter
953 4348 1024 4401 illi
1057 4344 1291 4414 quidem.
1322 4335 1528 4390 etiamsi
1557 4337 1673 4402 ejus
1703 4331 1990 4400 potentiam
2024 4329 2172 4395 signa

593 4444 978 4515 praedicarent,
1009 4432 1444 4492 olfendebantur;
1478 4425 1533 4479 hi
1568 4433 2013 4483 veroscrmonem
2052 4424 2172 4471 tan-

593 4508 701 4588 ium
731 4530 1007 4585 audientes
1030 4565 1046 4591 ,
1075 4518 1509 4589 obtemperabant
1539 4525 1594 4568 et
1630 4511 2011 4581 sequebantur.
2062 4508 2172 4562 lloc

591 4627 732 4680 enim
773 4618 1114 4675 subindicans
1149 4611 1468 4681 evangelista
1507 4604 1752 4668 dicebat,
1792 4602 2032 4673 Sequutw
2057 4611 2173 4655 sunt

593 4732 704 4771 eum
733 4712 892 4767 turbt:
921 4708 1093 4761 multa:
1116 4747 1130 4771 ,
1162 4719 1264 4757 non
1291 4702 1450 4771 aliqui
1474 4714 1541 4752 ex
1571 4697 1865 4766 principum
1893 4703 1945 4749 et
1967 4694 2172 4748 scriba-

591 4823 709 4864 rum
749 4817 971 4859 nnmero
994 4842 1009 4867 ,
1053 4799 1147 4854 sed
1189 4805 1449 4867 quotquot
1477 4809 1505 4846 a
1536 4791 1765 4861 nequitia
1797 4789 1948 4844 liberi
1978 4797 2129 4845 erant
2153 4831 2168 4855 ,

591 4900 905 4965 sinceroqne
932 4894 1129 4946 animo.
1173 4889 1274 4942 l‘er
1307 4894 1466 4940 totum
1504 4893 1680 4936 autem
1712 4881 2039 4950 evangelium
2074 4886 2172 4934 hos

590 4988 741 5046 vides
781 4986 878 5056 ipsi
906 4985 1190 5036 haerentes.
1237 4977 1367 5030 Nam
1408 4988 1528 5031 cum
1569 4973 1910 5041 loqueretur,
1954 4971 2172 5026 silentes

589 5078 912 5138 audiebant,
956 5087 1062 5127 non
1106 5071 1588 5136 interrumpentes,
1634 5079 1738 5120 non
1772 5063 2172 5132 interpellantes

589 5171 918 5237 loquentem,
947 5178 1052 5216 non
1079 5168 1368 5226 tentantes,
1391 5173 1490 5213 nec
1515 5157 1846 5210 occasionem
1875 5163 2168 5224 captantes,

597 5256 1036 5334 quemadmodum
1078 5252 1332 5310 Pharis-ei
1371 5269 1384 5305 :
1416 5259 1536 5320 post
1577 5248 1807 5304 habitam
1847 5261 2004 5318 porro
2043 5261 2172 5302 con-

676 5549 747 5603 (it)
773 5544 912 5615 Quod
933 5545 1013 5592 hic
1031 5542 1152 5592 dicit
1184 5543 1246 5615 de
1271 5543 1476 5615 Christo
1494 5558 1605 5614 cum
1633 5553 1882 5615 potestate
1919 5550 2157 5612 loquente

606 5607 844 5674 jam_ante
867 5617 1037 5674 neque
1058 5607 1212 5652 semel
1252 5589 2181 5674 qnii,',{.i.i'éiihi$';iiﬁilim'312E351

613 5666 810 5743 E993“
830 5666 1337 5743 EE??E‘E“§_.'L°_‘L“9,
1361 5666 1473 5743 alio;
1500 5671 1586 5743 sed
1624 5671 1688 5718 de
1715 5668 1884 5743 seipse
1918 5666 2178 5743 'siiuuwm

614 5723 1270 5836 ξιὲὶςξόοὶὲίιὲῗῖῗωὲτὲῐέιέω
1322 5723 1687 5780 adnotationem
1755 5723 1998 5784 Fiiderici
2037 5733 2180 5786 Field

2246 1761 2454 1816 cionem
2484 1759 2854 1816 admirabuudi
2884 1758 3262 1829 sequebantur.
3291 1755 3370 1811 Tu
3402 1769 3529 1809 vero
3558 1751 3690 1807 mihi
3718 1763 3853 1804 cono

2247 1853 2453 1910 sideres
2496 1852 2654 1907 velim
2698 1850 2906 1906 Domini
2948 1847 3284 1919 prudentiam
3310 1885 3324 1910 ,
3367 1841 3639 1915 quomodo
3675 1840 3856 1896 variet

2247 1945 2316 2001 ad
2359 1943 2690 2000 audientium
2733 1939 3015 1994 utilitatem
3039 1978 3055 2004 ,
3084 1935 3356 2007 quomodo
3395 1949 3425 1989 a
3466 1932 3740 1988 miraculis
3785 1929 3855 1983 ad

2253 2037 2448 2101 verba,
2481 2043 2535 2088 et
2577 2048 2700 2088 mox
2732 2047 2762 2086 a
2790 2031 2968 2086 verbis
3007 2028 3072 2083 ad
3115 2027 3371 2082 miracula
3412 2031 3670 2079 transeat.
3718 2020 3857 2076 Nam

2256 2130 2564 2200 priusquam
2591 2126 2656 2181 ad
2688 2133 2925 2180 montem
2951 2121 3286 2185 ascenderet,
3317 2117 3514 2172 multos
3538 2113 3770 2175 curavit,
3799 2119 3857 2166 ut

2255 2220 2320 2274 iis
2370 2231 2490 2289 qua:
2536 2215 2760 2271 dicenda
2808 2222 2963 2268 erant
2997 2211 3135 2264 viam
3183 2217 3414 2276 pararet.
3462 2206 3530 2260 Et
3571 2213 3860 2274 postquam

2255 2311 2391 2365 hanc
2419 2310 2631 2378 longam
2661 2307 3008 2375 quaestionem
3036 2300 3358 2363 absolverat,
3388 2309 3575 2351 rursus
3600 2294 3668 2348 ad
3697 2293 3862 2346 mira-

2256 2401 2374 2455 cuia
2404 2400 2548 2454 venit
2573 2438 2588 2464 ,
2639 2396 2791 2450 factis
2835 2393 2974 2448 dicta
3011 2389 3356 2446 conﬁrmans.
3405 2387 3536 2454 Quia
3578 2385 3723 2440 enim
3764 2382 3863 2439 ‘29.

2260 2494 2537 2562 Tamquam
2568 2499 2860 2561 potestatem
2889 2486 3075 2541 habens
3104 2485 3365 2546 docebat,
3397 2497 3464 2536 ne
3503 2480 3594 2536 hic
3631 2479 3866 2534 docendi

2261 2584 2451 2639 modus
2482 2583 2675 2637 fastum
2724 2587 2936 2651 saperet
2977 2588 3066 2632 aut
3103 2575 3516 2632 ostentationem
3543 2615 3558 2637 ,
3604 2573 3866 2643 operibus

2260 2678 2493 2746 idipsum
2521 2675 2665 2733 facit,
2687 2681 2740 2728 et
2768 2682 3035 2742 tamquam
3061 2676 3379 2738 potestatem
3408 2665 3612 2721 habens
3636 2664 3861 2719 morbos

2261 2774 2448 2830 curat,
2482 2773 2540 2818 ut
2585 2778 2654 2818 ne
2697 2763 2835 2816 ultra
2888 2760 3231 2817 turbarentur
3280 2758 3453 2829 ipsum
3499 2751 3744 2812 videntes
3789 2757 3864 2810 ita

2262 2857 2564 2920 docentem,
2597 2869 2717 2909 cum
2746 2851 3005 2911 miracula
3041 2853 3119 2907 sic
3147 2852 3351 2907 ederet.
3382 2849 3551 2922 (Cap.
3591 2846 3732 2902 νηι
3759 2848 3778 2918 )
3813 2849 3867 2913 fl.

2265 2947 2388 3006 Cum
2429 2946 2762 3004 descendisset
2809 2947 2951 3001 enim
2996 2944 3059 2998 de
3087 2951 3292 3008 monte,
3331 2950 3553 3012 sequuti:
3594 2948 3711 2994 sunt
3753 2955 3868 2993 cum

2269 3043 2427 3096 turba:
2455 3041 2643 3095 multae.
2671 3039 2725 3094 2.
2756 3037 2826 3092 Et
2851 3036 3057 3091 accessit
3088 3035 3316 3104 ἔαρι-οδω
3352 3033 3525 3087 dicens
3553 3048 3572 3085 :
3599 3029 3824 3085 Domine
3849 3068 3868 3094 ,

2267 3136 2311 3189 si
2354 3137 2426 3190 vis
2447 3174 2460 3200 ,
2502 3143 2644 3204 potes
2679 3147 2760 3185 me
2801 3127 3064 3182 mundare.
3117 3125 3301 3196 Magna
3333 3123 3612 3195 prudentia
3641 3131 3698 3177 et
3733 3121 3871 3177 ﬁdes

2269 3225 2593 3283 accedentis.
2622 3222 2804 3291 Neque
2840 3220 2982 3274 enim
3022 3216 3320 3272 doctrinam
3353 3212 3743 3284 interpellavit,
3773 3226 3862 3267 ne-

2269 3336 2373 3392 que
2400 3317 2701 3373 auditorum
2733 3315 2996 3368 theatrum
3025 3308 3228 3374 secuit,
3262 3305 3356 3362 sed
3383 3315 3743 3375 opportunum
3780 3318 3871 3357 ex-

2270 3381 2530 3483 spectavit
2557 3418 2782 3477 tempus,
2813 3414 2872 3461 et
2899 3403 2989 3459 ubi
3018 3402 3268 3457 Christus
3296 3395 3664 3453 descendisset
3691 3381 3872 3449 acces-

2272 3504 2359 3558 sit.
2387 3500 2496 3555 Nec
2522 3495 2900 3570 perfunctorie,
2934 3493 3029 3549 sed
3060 3491 3228 3546 multo
3252 3505 3372 3544 cum
3402 3488 3633 3550 fervore,
3661 3494 3718 3541 et
3741 3495 3874 3541 ante

2273 3606 2442 3664 genua
2490 3591 2607 3658 eius
2652 3588 2749 3656 ipsi
2798 3584 3088 3655 supplicat,
3134 3589 3192 3636 ut
3238 3582 3312 3635 ait
3361 3578 3500 3633 alter
3544 3576 3876 3647 evangelista

2275 3684 2464 3755 (Marc.
2487 3683 2537 3735 l.
2557 3677 2670 3751 40),
2693 3692 2756 3733 ac
2778 3692 2898 3732 cum
2925 3677 3134 3729 sincera
3159 3671 3286 3735 ﬁde,
3314 3679 3370 3727 et
3392 3670 3703 3740 congruenti
3731 3670 3877 3724 circa

2274 3775 2422 3829 illum
2451 3772 2722 3842 opinione.
2750 3768 2931 3839 Neque
2957 3768 3098 3822 enim
3123 3763 3257 3819 dixit
3276 3806 3291 3827 ,
3320 3763 3366 3817 si
3411 3763 3578 3817 Deum
3625 3770 3878 3830 precatus

2271 3863 2460 3928 fueris,
2479 3875 2668 3931 neque,
2695 3855 2751 3912 Si
2773 3851 3042 3920 oraveris;
3060 3852 3176 3918 sed,
3196 3849 3257 3908 Si
3273 3852 3368 3918 vis,
3391 3860 3530 3921 pom
3551 3866 3630 3904 me
3654 3851 3873 3904 manda-

2271 3971 2347 4010 re.
2381 3953 2564 4021 Neque
2591 3949 2752 4014 dixit,
2786 3947 3030 4011 Domine,
3059 3943 3256 3999 munda
3281 3958 3398 4009 me;
3427 3941 3521 3998 sed
3550 3942 3650 4013 ipsi
3680 3951 3877 3997 cuncta

2275 4043 2602 4109 committit,
2663 4049 2820 4109 atque
2862 4037 3084 4100 curandi
3134 4036 3410 4091 dominum
3455 4035 3602 4089 illum
3649 4048 3773 4088 esse
3822 4044 3878 4089 et

2276 4143 2591 4207 potestatem
2638 4132 2753 4200 ejus
2791 4144 3054 4184 summam
3100 4128 3435 4182 testiﬁcatur.
3483 4123 3621 4191 Quid
3667 4124 3874 4194 igitur,

2276 4226 2482 4294 inquies
2507 4262 2522 4286 ,
2555 4223 2617 4275 si-
2637 4220 2764 4273 falsa
2794 4227 2911 4272 erat
2940 4215 3136 4284 leprosi
3164 4215 3387 4284 opinio?
3414 4213 3561 4269 Illam
3591 4213 3878 4270 confutare

2277 4315 2529 4384 oportuit,
2557 4314 2835 4383 ipsumque
2859 4311 3134 4380 increpare
3159 4324 3221 4363 ac
3239 4309 3527 4379 corrigere.
3550 4307 3686 4362 Num
3713 4309 3879 4378 igitur

2276 4405 2402 4460 illud
2448 4403 2611 4459 fecit?
2652 4402 2999 4472 Nequaquam
3035 4419 3050 4454 :
3094 4401 3202 4455 imo
3243 4399 3443 4454 dictum
3489 4400 3774 4454 continuat
3821 4412 3876 4455 et

2276 4499 2508 4554 roborat.
2539 4496 2768 4566 Ideoque
2797 4509 2900 4549 non
2931 4494 3101 4559 dixit,
3132 4492 3411 4558 Mundare,
3444 4491 3538 4547 sed
3563 4533 3578 4559 ,
3611 4493 3663 4546 5.
3716 4491 3873 4562 Volo,

2275 4589 2556 4653 mundare;
2587 4597 2644 4642 ut
2673 4602 2778 4640 non
2810 4585 2952 4639 illius
2981 4584 3268 4655 opinione,
3303 4583 3394 4638 sed
3425 4581 3621 4637 Christi
3652 4593 3877 4640 senten-

2277 4682 2348 4735 tia
2376 4680 2567 4750 dogma
2594 4678 2915 4733 firmaretur.
2943 4678 3014 4731 At
3043 4691 3146 4731 non
3190 4675 3269 4729 sic
3309 4674 3535 4744 apostoli
3571 4692 3584 4728 :
3613 4674 3709 4728 sed
3735 4691 3874 4744 quo.

2275 4773 2475 4829 modo?
2519 4771 2649 4837 Quia
2694 4769 2920 4840 populus
2962 4777 3103 4823 totus
3141 4765 3423 4836 stupebat,
3455 4765 3707 4820 dicebant
3749 4767 3868 4821 illi:

2279 4866 2415 4933 Quid
2442 4864 2582 4918 nobis
2606 4862 2860 4916 attenditis
2877 4903 2893 4925 ,
2916 4861 3061 4931 quasi
3087 4859 3293 4929 prapria
3323 4859 3500 4912 virtute
3517 4859 3592 4912 vel
3619 4869 3872 4928 potestate

2274 4958 2540 5026 fecerimus
2570 4956 2702 5008 hunc
2727 4953 2983 5006 ambulare
3016 4950 3152 5019 (Act.
3183 4949 3236 5002 3.
3268 4947 3401 5018 ην
3430 4947 3686 5004 Dominus
3712 4964 3865 5017 vero,

2273 5050 2374 5105 etsi
2423 5048 2585 5103 multa
2631 5047 2872 5100 modeste
2916 5058 3058 5111 smpe
3096 5041 3341 5107 dixerat,
3373 5048 3491 5112 qua:
3528 5041 3712 5111 gloria:
3751 5057 3867 5098 sum

2275 5142 2537 5199 inferiora
2578 5150 2785 5203 essent,
2825 5138 2954 5210 quid
2991 5135 3307 5192 dicithicut
3343 5134 3694 5191 conﬁrmaret
3732 5133 3860 5202 opio

2275 5236 2494 5287 nionem
2542 5246 2729 5285 eorum
2765 5230 2858 5298 qui
2901 5228 2966 5283 de
3003 5237 3272 5297 potestate
3302 5226 3476 5296 ipsius
3517 5224 3860 5294 stupebant?

2283 5322 2723 5390 Volohmundare.
2756 5318 2867 5373 Etsi
2897 5331 3016 5372 cum
3046 5325 3120 5384 tot
3148 5325 3398 5384 tantaque
3423 5317 3571 5386 signa
3600 5315 3822 5374 fecisset
3849 5361 3864 5386 ,

2274 5430 2562 5486 numquam
2589 5414 2665 5468 sic
2692 5413 2938 5481 loquutus
2967 5409 3130 5465 fuisse
3153 5409 3412 5464 videatur.

2342 5507 2396 5561 Ξ.
2426 5505 2522 5560 llic
2561 5518 2725 5567 vero,
2759 5511 2817 5556 ut
2841 5511 2894 5556 et
2921 5502 3097 5571 populi
3143 5508 3197 5554 et
3247 5499 3444 5569 leprosi
3490 5498 3558 5554 de
3590 5511 3864 5568 potestate

2272 5592 2365 5652 s'ua
2393 5596 2696 5665 opinionem
2728 5592 2982 5657 firmaret,
3018 5592 3138 5646 ideo
3173 5591 3452 5660 pra‘misit,
3489 5587 3638 5644 Volo.
3663 5590 3856 5660 Neque

2270 5689 2423 5754 dixit,
2453 5695 2511 5741 ut
2548 5699 2652 5739 non
2679 5683 2878 5738 faceret
2904 5699 2918 5747 ;
2947 5681 3040 5736 sed
3072 5682 3248 5735 statim
3284 5695 3419 5748 opus
3439 5688 3721 5748 sequutum
3739 5692 3844 5734 cst.

2271 5780 2326 5836 Si
2343 5792 2468 5835 vero
2490 5776 2576 5832 ille
2605 5788 2710 5830 nou
2740 5774 2874 5831 bene
2899 5773 3143 5837 dixisset,
3174 5771 3216 5826 si
3240 5770 3627 5841 blasphemiam
3651 5779 3846 5838 protu~
