  <div class='ocr_page' id='page_1' title='image "/cluster/home/n/w/nwhite01/storage/ocr_20150623/57/ien.35556001660844/260.png"; bbox 0 0 4066 6424; ppageno 0'>
   <div class='ocr_carea' id='block_1_1' title="bbox 255 335 366 391">
    <p class='ocr_par' dir='ltr' id='par_1_1' title="bbox 255 335 366 391">
     <span class='ocr_line' id='line_1_1' title="bbox 255 335 366 391; baseline -0.036 0"><span class='ocrx_word' id='word_1_1' title='bbox 255 335 366 391; x_wconf 67' lang='grc'><strong>529</strong></span> 
     </span>
    </p>
   </div>
   <div class='ocr_carea' id='block_1_2' title="bbox 255 429 1852 513">
    <p class='ocr_par' dir='ltr' id='par_1_2' title="bbox 255 429 1852 513">
     <span class='ocr_line' id='line_1_2' title="bbox 255 429 1852 513; baseline -0.015 -8"><span class='ocrx_word' id='word_1_2' title='bbox 255 449 433 513; x_wconf 79' lang='lat' dir='ltr'><strong>lisset,</strong></span> <span class='ocrx_word' id='word_1_3' title='bbox 479 440 836 499; x_wconf 69' lang='lat' dir='ltr'><strong>cobiln&#39;udum</strong></span> <span class='ocrx_word' id='word_1_4' title='bbox 865 444 980 490; x_wconf 86' lang='lat' dir='ltr'><strong>erat</strong></span> <span class='ocrx_word' id='word_1_5' title='bbox 1007 449 1162 503; x_wconf 85' lang='lat' dir='ltr'><strong>opus.</strong></span> <span class='ocrx_word' id='word_1_6' title='bbox 1208 432 1356 485; x_wconf 81' lang='lat' dir='ltr'><strong>Nunc</strong></span> <span class='ocrx_word' id='word_1_7' title='bbox 1383 440 1558 484; x_wconf 78' lang='lat' dir='ltr'><strong>autem</strong></span> <span class='ocrx_word' id='word_1_8' title='bbox 1581 429 1728 498; x_wconf 82' lang='lat' dir='ltr'><strong>jussu</strong></span> <span class='ocrx_word' id='word_1_9' title='bbox 1758 445 1852 481; x_wconf 91' lang='lat' dir='ltr'><strong>na-</strong></span> 
     </span>
    </p>
   </div>
   <div class='ocr_carea' id='block_1_3' title="bbox 255 521 1862 598">
    <p class='ocr_par' dir='ltr' id='par_1_3' title="bbox 255 521 1862 598">
     <span class='ocr_line' id='line_1_3' title="bbox 255 521 1862 598; baseline -0.014 -3"><span class='ocrx_word' id='word_1_10' title='bbox 255 551 381 594; x_wconf 84' lang='lat' dir='ltr'><strong>tura</strong></span> <span class='ocrx_word' id='word_1_11' title='bbox 426 537 590 593; x_wconf 79' lang='lat' dir='ltr'><strong>cessit</strong></span> <span class='ocrx_word' id='word_1_12' title='bbox 615 548 735 586; x_wconf 90' lang='lat' dir='ltr'><strong>cum</strong></span> <span class='ocrx_word' id='word_1_13' title='bbox 762 546 822 584; x_wconf 80' lang='lat' dir='ltr'><strong>ca</strong></span> <span class='ocrx_word' id='word_1_14' title='bbox 870 543 972 598; x_wconf 83' lang='lat' dir='ltr'><strong>qua</strong></span> <span class='ocrx_word' id='word_1_15' title='bbox 1021 541 1116 594; x_wconf 86' lang='lat' dir='ltr'><strong>par</strong></span> <span class='ocrx_word' id='word_1_16' title='bbox 1144 533 1260 577; x_wconf 87' lang='lat' dir='ltr'><strong>crat</strong></span> <span class='ocrx_word' id='word_1_17' title='bbox 1284 522 1586 586; x_wconf 75' lang='lat' dir='ltr'><strong>celeritate,</strong></span> <span class='ocrx_word' id='word_1_18' title='bbox 1619 521 1726 573; x_wconf 85' lang='lat' dir='ltr'><strong>imo</strong></span> <span class='ocrx_word' id='word_1_19' title='bbox 1759 537 1862 572; x_wconf 79' lang='lat' dir='ltr'><strong>nta-</strong></span> 
     </span>
    </p>
   </div>
   <div class='ocr_carea' id='block_1_4' title="bbox 248 611 1857 701">
    <p class='ocr_par' dir='ltr' id='par_1_4' title="bbox 248 611 1857 701">
     <span class='ocr_line' id='line_1_4' title="bbox 248 611 1857 701; baseline -0.016 -16"><span class='ocrx_word' id='word_1_20' title='bbox 248 631 398 701; x_wconf 83' lang='lat' dir='ltr'><strong>jore,</strong></span> <span class='ocrx_word' id='word_1_21' title='bbox 423 642 582 698; x_wconf 86' lang='lat' dir='ltr'><strong>quam</strong></span> <span class='ocrx_word' id='word_1_22' title='bbox 611 622 932 691; x_wconf 82' lang='lat' dir='ltr'><strong>evangelista</strong></span> <span class='ocrx_word' id='word_1_23' title='bbox 955 614 1300 685; x_wconf 79' lang='lat' dir='ltr'><strong>expresserit.</strong></span> <span class='ocrx_word' id='word_1_24' title='bbox 1323 611 1456 666; x_wconf 86' lang='lat' dir='ltr'><strong>Nam</strong></span> <span class='ocrx_word' id='word_1_25' title='bbox 1483 611 1613 664; x_wconf 91' lang='lat' dir='ltr'><strong>illud</strong></span> <span class='ocrx_word' id='word_1_26' title='bbox 1648 611 1857 674; x_wconf 79' lang='lat' dir='ltr'><strong>Statim,</strong></span> 
     </span>
    </p>
   </div>
   <div class='ocr_carea' id='block_1_5' title="bbox 253 700 1861 792">
    <p class='ocr_par' dir='ltr' id='par_1_5' title="bbox 253 700 1861 792">
     <span class='ocr_line' id='line_1_5' title="bbox 253 700 1861 792; baseline -0.016 -13"><span class='ocrx_word' id='word_1_27' title='bbox 253 700 420 792; x_wconf 74' lang='lat' dir='ltr'><strong>ionge</strong></span> <span class='ocrx_word' id='word_1_28' title='bbox 449 719 651 774; x_wconf 88' lang='lat' dir='ltr'><strong>tardius</strong></span> <span class='ocrx_word' id='word_1_29' title='bbox 677 727 757 770; x_wconf 87' lang='lat' dir='ltr'><strong>est</strong></span> <span class='ocrx_word' id='word_1_30' title='bbox 784 755 800 779; x_wconf 87' lang='lat'><strong>,</strong></span> <span class='ocrx_word' id='word_1_31' title='bbox 846 727 1004 782; x_wconf 89' lang='lat' dir='ltr'><strong>quam</strong></span> <span class='ocrx_word' id='word_1_32' title='bbox 1045 709 1225 777; x_wconf 85' lang='lat' dir='ltr'><strong>operis</strong></span> <span class='ocrx_word' id='word_1_33' title='bbox 1252 705 1499 759; x_wconf 87' lang='lat' dir='ltr'><strong>celeritas</strong></span> <span class='ocrx_word' id='word_1_34' title='bbox 1530 702 1647 756; x_wconf 79' lang='lat' dir='ltr'><strong>fuit.</strong></span> <span class='ocrx_word' id='word_1_35' title='bbox 1677 700 1861 770; x_wconf 84' lang='lat' dir='ltr'><strong>Neque</strong></span> 
     </span>
    </p>
   </div>
   <div class='ocr_carea' id='block_1_6' title="bbox 253 792 1862 869">
    <p class='ocr_par' dir='ltr' id='par_1_6' title="bbox 253 792 1862 869">
     <span class='ocr_line' id='line_1_6' title="bbox 253 792 1862 869; baseline -0.015 -1"><span class='ocrx_word' id='word_1_36' title='bbox 253 813 433 868; x_wconf 79' lang='lat' dir='ltr'><strong>solum</strong></span> <span class='ocrx_word' id='word_1_37' title='bbox 481 809 636 869; x_wconf 77' lang='lat' dir='ltr'><strong>dixit,</strong></span> <span class='ocrx_word' id='word_1_38' title='bbox 680 805 825 866; x_wconf 84' lang='lat' dir='ltr'><strong>Volo,</strong></span> <span class='ocrx_word' id='word_1_39' title='bbox 879 800 1162 859; x_wconf 81' lang='lat' dir='ltr'><strong>mundare;</strong></span> <span class='ocrx_word' id='word_1_40' title='bbox 1205 797 1299 850; x_wconf 89' lang='lat' dir='ltr'><strong>sed</strong></span> <span class='ocrx_word' id='word_1_41' title='bbox 1352 795 1535 856; x_wconf 87' lang='lat' dir='ltr'><strong>etiam,</strong></span> <span class='ocrx_word' id='word_1_42' title='bbox 1573 792 1862 845; x_wconf 68' lang='lat' dir='ltr'><strong>Extendunt;</strong></span> 
     </span>
    </p>
   </div>
   <div class='ocr_carea' id='block_1_7' title="bbox 256 885 1862 971">
    <p class='ocr_par' dir='ltr' id='par_1_7' title="bbox 256 885 1862 971">
     <span class='ocr_line' id='line_1_7' title="bbox 256 885 1862 971; baseline -0.016 -11"><span class='ocrx_word' id='word_1_43' title='bbox 256 921 470 960; x_wconf 83' lang='lat' dir='ltr'><strong>manum</strong></span> <span class='ocrx_word' id='word_1_44' title='bbox 516 898 849 971; x_wconf 81' lang='lat' dir='ltr'><strong>apprehendit</strong></span> <span class='ocrx_word' id='word_1_45' title='bbox 900 911 1011 948; x_wconf 81' lang='lat' dir='ltr'><strong>eum</strong></span> <span class='ocrx_word' id='word_1_46' title='bbox 1048 909 1066 944; x_wconf 91' lang='lat'><strong><em>:</em></strong></span> <span class='ocrx_word' id='word_1_47' title='bbox 1105 889 1248 960; x_wconf 91' lang='lat' dir='ltr'><strong>quod</strong></span> <span class='ocrx_word' id='word_1_48' title='bbox 1293 890 1463 957; x_wconf 82' lang='lat' dir='ltr'><strong>magis</strong></span> <span class='ocrx_word' id='word_1_49' title='bbox 1518 885 1862 954; x_wconf 82' lang='lat' dir='ltr'><strong>inquisitione</strong></span> 
     </span>
    </p>
   </div>
   <div class='ocr_carea' id='block_1_8' title="bbox 257 975 1860 1066">
    <p class='ocr_par' dir='ltr' id='par_1_8' title="bbox 257 975 1860 1066">
     <span class='ocr_line' id='line_1_8' title="bbox 257 975 1860 1066; baseline -0.017 -15"><span class='ocrx_word' id='word_1_50' title='bbox 257 999 480 1066; x_wconf 86' lang='lat' dir='ltr'><strong>dignum</strong></span> <span class='ocrx_word' id='word_1_51' title='bbox 507 1001 610 1046; x_wconf 89' lang='lat' dir='ltr'><strong>est.</strong></span> <span class='ocrx_word' id='word_1_52' title='bbox 651 992 758 1043; x_wconf 82' lang='lat' dir='ltr'><strong>Cur</strong></span> <span class='ocrx_word' id='word_1_53' title='bbox 778 988 919 1041; x_wconf 89' lang='lat' dir='ltr'><strong>enim</strong></span> <span class='ocrx_word' id='word_1_54' title='bbox 971 982 1245 1037; x_wconf 90' lang='lat' dir='ltr'><strong>voluntate</strong></span> <span class='ocrx_word' id='word_1_55' title='bbox 1289 994 1352 1032; x_wconf 89' lang='lat' dir='ltr'><strong>ac</strong></span> <span class='ocrx_word' id='word_1_56' title='bbox 1381 977 1549 1031; x_wconf 87' lang='lat' dir='ltr'><strong>verbo</strong></span> <span class='ocrx_word' id='word_1_57' title='bbox 1578 990 1772 1028; x_wconf 78' lang='lat' dir='ltr'><strong>ctu-aus</strong></span> <span class='ocrx_word' id='word_1_58' title='bbox 1800 975 1860 1024; x_wconf 82' lang='lat' dir='ltr'><strong>it-</strong></span> 
     </span>
    </p>
   </div>
   <div class='ocr_carea' id='block_1_9' title="bbox 263 1064 1861 1151">
    <p class='ocr_par' dir='ltr' id='par_1_9' title="bbox 263 1064 1861 1151">
     <span class='ocr_line' id='line_1_9' title="bbox 263 1064 1861 1151; baseline -0.016 -10"><span class='ocrx_word' id='word_1_59' title='bbox 263 1093 396 1151; x_wconf 91' lang='lat' dir='ltr'><strong>lmn,</strong></span> <span class='ocrx_word' id='word_1_60' title='bbox 429 1101 618 1140; x_wconf 88' lang='lat' dir='ltr'><strong>manus</strong></span> <span class='ocrx_word' id='word_1_61' title='bbox 647 1091 844 1136; x_wconf 88' lang='lat' dir='ltr'><strong>tactqu</strong></span> <span class='ocrx_word' id='word_1_62' title='bbox 888 1073 1117 1143; x_wconf 82' lang='lat' dir='ltr'><strong>adjecit?</strong></span> <span class='ocrx_word' id='word_1_63' title='bbox 1146 1071 1261 1125; x_wconf 82' lang='lat' dir='ltr'><strong>Non</strong></span> <span class='ocrx_word' id='word_1_64' title='bbox 1279 1070 1379 1123; x_wconf 89' lang='lat' dir='ltr'><strong>alia</strong></span> <span class='ocrx_word' id='word_1_65' title='bbox 1411 1068 1478 1123; x_wconf 87' lang='lat' dir='ltr'><strong>de</strong></span> <span class='ocrx_word' id='word_1_66' title='bbox 1503 1082 1687 1130; x_wconf 88' lang='lat' dir='ltr'><strong>causa,</strong></span> <span class='ocrx_word' id='word_1_67' title='bbox 1717 1064 1861 1117; x_wconf 80' lang='lat' dir='ltr'><strong>arbi-</strong></span> 
     </span>
    </p>
   </div>
   <div class='ocr_carea' id='block_1_10' title="bbox 259 1155 1861 1246">
    <p class='ocr_par' dir='ltr' id='par_1_10' title="bbox 259 1155 1861 1246">
     <span class='ocr_line' id='line_1_10' title="bbox 259 1155 1861 1246; baseline -0.016 -13"><span class='ocrx_word' id='word_1_68' title='bbox 259 1190 394 1242; x_wconf 90' lang='lat' dir='ltr'><strong>tror,</strong></span> <span class='ocrx_word' id='word_1_69' title='bbox 420 1191 582 1246; x_wconf 90' lang='lat' dir='ltr'><strong>quam</strong></span> <span class='ocrx_word' id='word_1_70' title='bbox 618 1184 674 1226; x_wconf 92' lang='lat' dir='ltr'><strong>ut</strong></span> <span class='ocrx_word' id='word_1_71' title='bbox 705 1170 964 1225; x_wconf 88' lang='lat' dir='ltr'><strong>indicaret</strong></span> <span class='ocrx_word' id='word_1_72' title='bbox 995 1209 1009 1231; x_wconf 92' lang='lat'><strong>,</strong></span> <span class='ocrx_word' id='word_1_73' title='bbox 1043 1181 1102 1219; x_wconf 83' lang='lat' dir='ltr'><strong>se</strong></span> <span class='ocrx_word' id='word_1_74' title='bbox 1128 1179 1234 1217; x_wconf 91' lang='lat' dir='ltr'><strong>non</strong></span> <span class='ocrx_word' id='word_1_75' title='bbox 1263 1161 1368 1230; x_wconf 88' lang='lat' dir='ltr'><strong>legi</strong></span> <span class='ocrx_word' id='word_1_76' title='bbox 1395 1158 1734 1226; x_wconf 86' lang='lat' dir='ltr'><strong>subjectum,</strong></span> <span class='ocrx_word' id='word_1_77' title='bbox 1765 1155 1861 1208; x_wconf 86' lang='lat' dir='ltr'><strong>sed</strong></span> 
     </span>
    </p>
   </div>
   <div class='ocr_carea' id='block_1_11' title="bbox 235 1250 1860 1338">
    <p class='ocr_par' dir='ltr' id='par_1_11' title="bbox 235 1250 1860 1338">
     <span class='ocr_line' id='line_1_11' title="bbox 235 1250 1860 1338; baseline -0.017 -14"><span class='ocrx_word' id='word_1_78' title='bbox 235 1284 424 1338; x_wconf 74' lang='lat' dir='ltr'><strong>&#39;~supra</strong></span> <span class='ocrx_word' id='word_1_79' title='bbox 454 1269 626 1336; x_wconf 80' lang='lat' dir='ltr'><strong>legem</strong></span> <span class='ocrx_word' id='word_1_80' title='bbox 653 1277 810 1325; x_wconf 86' lang='lat' dir='ltr'><strong>esse;</strong></span> <span class='ocrx_word' id='word_1_81' title='bbox 839 1275 904 1314; x_wconf 88' lang='lat' dir='ltr'><strong>ac</strong></span> <span class='ocrx_word' id='word_1_82' title='bbox 945 1257 1142 1312; x_wconf 90' lang='lat' dir='ltr'><strong>mundo</strong></span> <span class='ocrx_word' id='word_1_83' title='bbox 1185 1253 1442 1320; x_wconf 87' lang='lat' dir='ltr'><strong>deinceps</strong></span> <span class='ocrx_word' id='word_1_84' title='bbox 1466 1250 1599 1303; x_wconf 88' lang='lat' dir='ltr'><strong>nihil</strong></span> <span class='ocrx_word' id='word_1_85' title='bbox 1625 1250 1860 1301; x_wconf 88' lang='lat' dir='ltr'><strong>immun-</strong></span> 
     </span>
    </p>
   </div>
   <div class='ocr_carea' id='block_1_12' title="bbox 256 1339 1865 1421">
    <p class='ocr_par' dir='ltr' id='par_1_12' title="bbox 256 1339 1865 1421">
     <span class='ocr_line' id='line_1_12' title="bbox 256 1339 1865 1421; baseline -0.015 -7"><span class='ocrx_word' id='word_1_86' title='bbox 256 1363 386 1415; x_wconf 84' lang='lat' dir='ltr'><strong>dum</strong></span> <span class='ocrx_word' id='word_1_87' title='bbox 417 1360 548 1414; x_wconf 78' lang='lat' dir='ltr'><strong>fore.</strong></span> <span class='ocrx_word' id='word_1_88' title='bbox 597 1357 824 1411; x_wconf 68' lang='lat' dir='ltr'><strong>Elisteus</strong></span> <span class='ocrx_word' id='word_1_89' title='bbox 861 1350 1058 1421; x_wconf 89' lang='lat' dir='ltr'><strong>quippe</strong></span> <span class='ocrx_word' id='word_1_90' title='bbox 1085 1347 1187 1415; x_wconf 89' lang='lat' dir='ltr'><strong>legi</strong></span> <span class='ocrx_word' id='word_1_91' title='bbox 1237 1347 1579 1414; x_wconf 86' lang='lat' dir='ltr'><strong>obsequens,</strong></span> <span class='ocrx_word' id='word_1_92' title='bbox 1619 1339 1865 1394; x_wconf 66' lang='lat' dir='ltr'><strong>Neaema-</strong></span> 
     </span>
    </p>
   </div>
   <div class='ocr_carea' id='block_1_13' title="bbox 261 1428 1864 1515">
    <p class='ocr_par' dir='ltr' id='par_1_13' title="bbox 261 1428 1864 1515">
     <span class='ocr_line' id='line_1_13' title="bbox 261 1428 1864 1515; baseline -0.016 -9"><span class='ocrx_word' id='word_1_93' title='bbox 261 1468 388 1506; x_wconf 90' lang='lat' dir='ltr'><strong>uum</strong></span> <span class='ocrx_word' id='word_1_94' title='bbox 418 1452 432 1480; x_wconf 89' lang='grc'>¹</span> <span class='ocrx_word' id='word_1_95' title='bbox 465 1463 535 1504; x_wconf 86' lang='lat' dir='ltr'><strong>ne</strong></span> <span class='ocrx_word' id='word_1_96' title='bbox 566 1445 802 1515; x_wconf 77' lang='lat' dir='ltr'><strong>reSpexit</strong></span> <span class='ocrx_word' id='word_1_97' title='bbox 829 1442 1046 1513; x_wconf 83' lang='lat' dir='ltr'><strong>quidem</strong></span> <span class='ocrx_word' id='word_1_98' title='bbox 1073 1456 1088 1502; x_wconf 88' lang='lat'><strong>;</strong></span> <span class='ocrx_word' id='word_1_99' title='bbox 1119 1447 1175 1490; x_wconf 89' lang='lat' dir='ltr'><strong>ut</strong></span> <span class='ocrx_word' id='word_1_100' title='bbox 1206 1445 1386 1489; x_wconf 89' lang='lat' dir='ltr'><strong>autem</strong></span> <span class='ocrx_word' id='word_1_101' title='bbox 1417 1432 1681 1486; x_wconf 72' lang='lat' dir='ltr'><strong>ollensum</strong></span> <span class='ocrx_word' id='word_1_102' title='bbox 1713 1428 1864 1481; x_wconf 83' lang='lat' dir='ltr'><strong>audi-</strong></span> 
     </span>
    </p>
   </div>
   <div class='ocr_carea' id='block_1_14' title="bbox 260 1522 1864 1610">
    <p class='ocr_par' dir='ltr' id='par_1_14' title="bbox 260 1522 1864 1610">
     <span class='ocr_line' id='line_1_14' title="bbox 260 1522 1864 1610; baseline -0.014 -15"><span class='ocrx_word' id='word_1_103' title='bbox 260 1544 354 1606; x_wconf 80' lang='lat' dir='ltr'><strong>vit.</strong></span> <span class='ocrx_word' id='word_1_104' title='bbox 411 1540 553 1610; x_wconf 84' lang='lat' dir='ltr'><strong>quod</strong></span> <span class='ocrx_word' id='word_1_105' title='bbox 587 1554 692 1592; x_wconf 91' lang='lat' dir='ltr'><strong>non</strong></span> <span class='ocrx_word' id='word_1_106' title='bbox 744 1548 996 1604; x_wconf 86' lang='lat' dir='ltr'><strong>egressus</strong></span> <span class='ocrx_word' id='word_1_107' title='bbox 1023 1537 1190 1594; x_wconf 78' lang='lat' dir='ltr'><strong>esset,</strong></span> <span class='ocrx_word' id='word_1_108' title='bbox 1226 1541 1325 1582; x_wconf 90' lang='lat' dir='ltr'><strong>nec</strong></span> <span class='ocrx_word' id='word_1_109' title='bbox 1373 1539 1432 1579; x_wconf 87' lang='lat' dir='ltr'><strong>se</strong></span> <span class='ocrx_word' id='word_1_110' title='bbox 1490 1522 1773 1591; x_wconf 79' lang='lat' dir='ltr'><strong>tetigisset,</strong></span> <span class='ocrx_word' id='word_1_111' title='bbox 1808 1528 1864 1572; x_wconf 90' lang='lat' dir='ltr'><strong>ut</strong></span> 
     </span>
    </p>
   </div>
   <div class='ocr_carea' id='block_1_15' title="bbox 261 1609 1861 1704">
    <p class='ocr_par' dir='ltr' id='par_1_15' title="bbox 261 1609 1861 1704">
     <span class='ocr_line' id='line_1_15' title="bbox 261 1609 1861 1704; baseline -0.018 -14"><span class='ocrx_word' id='word_1_112' title='bbox 261 1636 432 1704; x_wconf 65' lang='lat' dir='ltr'><strong>legem</strong></span> <span class='ocrx_word' id='word_1_113' title='bbox 460 1639 708 1684; x_wconf 84' lang='lat' dir='ltr'><strong>accurate</strong></span> <span class='ocrx_word' id='word_1_114' title='bbox 732 1631 992 1684; x_wconf 73' lang='lat' dir='ltr'><strong>servaret,</strong></span> <span class='ocrx_word' id='word_1_115' title='bbox 1024 1620 1171 1674; x_wconf 89' lang='lat' dir='ltr'><strong>domi</strong></span> <span class='ocrx_word' id='word_1_116' title='bbox 1201 1631 1444 1680; x_wconf 87' lang='lat' dir='ltr'><strong>manens,</strong></span> <span class='ocrx_word' id='word_1_117' title='bbox 1475 1615 1620 1668; x_wconf 81' lang='lat' dir='ltr'><strong>misit</strong></span> <span class='ocrx_word' id='word_1_118' title='bbox 1646 1628 1769 1667; x_wconf 91' lang='lat' dir='ltr'><strong>eum</strong></span> <span class='ocrx_word' id='word_1_119' title='bbox 1797 1609 1861 1662; x_wconf 89' lang='lat' dir='ltr'><strong>ad</strong></span> 
     </span>
    </p>
   </div>
   <div class='ocr_carea' id='block_1_16' title="bbox 257 1706 1865 1787">
    <p class='ocr_par' dir='ltr' id='par_1_16' title="bbox 257 1706 1865 1787">
     <span class='ocr_line' id='line_1_16' title="bbox 257 1706 1865 1787; baseline -0.015 -5"><span class='ocrx_word' id='word_1_120' title='bbox 257 1726 574 1787; x_wconf 84' lang='lat' dir='ltr'><strong>Jordanetn,</strong></span> <span class='ocrx_word' id='word_1_121' title='bbox 625 1731 678 1774; x_wconf 88' lang='lat' dir='ltr'><strong>ut</strong></span> <span class='ocrx_word' id='word_1_122' title='bbox 709 1735 829 1774; x_wconf 88' lang='lat' dir='ltr'><strong>sese</strong></span> <span class='ocrx_word' id='word_1_123' title='bbox 883 1712 1244 1780; x_wconf 58' lang='lat' dir='ltr'><strong>ablueret”.</strong></span> <span class='ocrx_word' id='word_1_124' title='bbox 1279 1709 1410 1779; x_wconf 81' lang='lat' dir='ltr'><strong>Reg.</strong></span> <span class='ocrx_word' id='word_1_125' title='bbox 1450 1708 1546 1774; x_wconf 85' lang='lat'><strong>5).</strong></span> <span class='ocrx_word' id='word_1_126' title='bbox 1607 1706 1865 1759; x_wconf 89' lang='lat' dir='ltr'><strong>Dominus</strong></span> 
     </span>
    </p>
   </div>
   <div class='ocr_carea' id='block_1_17' title="bbox 262 1794 1860 1881">
    <p class='ocr_par' dir='ltr' id='par_1_17' title="bbox 262 1794 1860 1881">
     <span class='ocr_line' id='line_1_17' title="bbox 262 1794 1860 1881; baseline -0.023 1"><span class='ocrx_word' id='word_1_127' title='bbox 262 1840 396 1881; x_wconf 77' lang='lat' dir='ltr'><strong>vero</strong></span> <span class='ocrx_word' id='word_1_128' title='bbox 422 1818 718 1878; x_wconf 75' lang='lat' dir='ltr'><strong>ostendens</strong></span> <span class='ocrx_word' id='word_1_129' title='bbox 735 1827 794 1867; x_wconf 78' lang='lat' dir='ltr'><strong>se</strong></span> <span class='ocrx_word' id='word_1_130' title='bbox 825 1825 930 1864; x_wconf 93' lang='lat' dir='ltr'><strong>non</strong></span> <span class='ocrx_word' id='word_1_131' title='bbox 948 1817 1006 1861; x_wconf 91' lang='lat' dir='ltr'><strong>ut</strong></span> <span class='ocrx_word' id='word_1_132' title='bbox 1022 1816 1262 1865; x_wconf 85' lang='lat' dir='ltr'><strong>servum,</strong></span> <span class='ocrx_word' id='word_1_133' title='bbox 1280 1799 1374 1853; x_wconf 88' lang='lat' dir='ltr'><strong>sed</strong></span> <span class='ocrx_word' id='word_1_134' title='bbox 1395 1805 1453 1851; x_wconf 91' lang='lat' dir='ltr'><strong>ut</strong></span> <span class='ocrx_word' id='word_1_135' title='bbox 1469 1794 1750 1850; x_wconf 91' lang='lat' dir='ltr'><strong>dominum</strong></span> <span class='ocrx_word' id='word_1_136' title='bbox 1765 1810 1860 1848; x_wconf 85' lang='lat' dir='ltr'><strong>cu-</strong></span> 
     </span>
    </p>
   </div>
   <div class='ocr_carea' id='block_1_18' title="bbox 268 1889 1862 1980">
    <p class='ocr_par' dir='ltr' id='par_1_18' title="bbox 268 1889 1862 1980">
     <span class='ocr_line' id='line_1_18' title="bbox 268 1889 1862 1980; baseline -0.023 -6"><span class='ocrx_word' id='word_1_137' title='bbox 268 1932 412 1980; x_wconf 60' lang='lat' dir='ltr'><strong>rave,</strong></span> <span class='ocrx_word' id='word_1_138' title='bbox 440 1913 602 1969; x_wconf 87' lang='lat' dir='ltr'><strong>etiam</strong></span> <span class='ocrx_word' id='word_1_139' title='bbox 627 1905 799 1974; x_wconf 88' lang='lat' dir='ltr'><strong>tangit</strong></span> <span class='ocrx_word' id='word_1_140' title='bbox 820 1904 1120 1969; x_wconf 73' lang='lat' dir='ltr'><strong>leprosum.</strong></span> <span class='ocrx_word' id='word_1_141' title='bbox 1159 1892 1345 1961; x_wconf 78' lang='lat' dir='ltr'><strong>Neque</strong></span> <span class='ocrx_word' id='word_1_142' title='bbox 1373 1889 1520 1944; x_wconf 91' lang='lat' dir='ltr'><strong>enim</strong></span> <span class='ocrx_word' id='word_1_143' title='bbox 1553 1902 1749 1940; x_wconf 82' lang='lat' dir='ltr'><strong>manus</strong></span> <span class='ocrx_word' id='word_1_144' title='bbox 1768 1903 1862 1953; x_wconf 81' lang='lat' dir='ltr'><strong>per</strong></span> 
     </span>
    </p>
   </div>
   <div class='ocr_carea' id='block_1_19' title="bbox 261 1983 1864 2073">
    <p class='ocr_par' dir='ltr' id='par_1_19' title="bbox 261 1983 1864 2073">
     <span class='ocr_line' id='line_1_19' title="bbox 261 1983 1864 2073; baseline -0.02 -16"><span class='ocrx_word' id='word_1_145' title='bbox 261 2004 467 2073; x_wconf 71' lang='lat' dir='ltr'><strong>Irpt’am</strong></span> <span class='ocrx_word' id='word_1_146' title='bbox 505 1995 775 2052; x_wconf 84' lang='lat' dir='ltr'><strong>immunda</strong></span> <span class='ocrx_word' id='word_1_147' title='bbox 816 1993 950 2046; x_wconf 80' lang='lat' dir='ltr'><strong>facta</strong></span> <span class='ocrx_word' id='word_1_148' title='bbox 995 1996 1111 2050; x_wconf 88' lang='lat' dir='ltr'><strong>est,</strong></span> <span class='ocrx_word' id='word_1_149' title='bbox 1143 1983 1240 2040; x_wconf 88' lang='lat' dir='ltr'><strong>sed</strong></span> <span class='ocrx_word' id='word_1_150' title='bbox 1291 1983 1563 2049; x_wconf 80' lang='lat' dir='ltr'><strong>leprosum</strong></span> <span class='ocrx_word' id='word_1_151' title='bbox 1599 1990 1795 2044; x_wconf 88' lang='lat' dir='ltr'><strong>corpus</strong></span> <span class='ocrx_word' id='word_1_152' title='bbox 1835 1988 1864 2026; x_wconf 89' lang='lat' dir='ltr'><strong>a</strong></span> 
     </span>
    </p>
   </div>
   <div class='ocr_carea' id='block_1_20' title="bbox 260 2072 1865 2148">
    <p class='ocr_par' dir='ltr' id='par_1_20' title="bbox 260 2072 1865 2148">
     <span class='ocr_line' id='line_1_20' title="bbox 260 2072 1865 2148; baseline -0.021 0"><span class='ocrx_word' id='word_1_153' title='bbox 260 2072 447 2148; x_wconf 77' lang='lat' dir='ltr'><strong>sancta</strong></span> <span class='ocrx_word' id='word_1_154' title='bbox 477 2103 636 2142; x_wconf 88' lang='lat' dir='ltr'><strong>manu</strong></span> <span class='ocrx_word' id='word_1_155' title='bbox 665 2082 976 2138; x_wconf 77' lang='lat' dir='ltr'><strong>mandatum</strong></span> <span class='ocrx_word' id='word_1_156' title='bbox 1003 2087 1104 2132; x_wconf 89' lang='lat' dir='ltr'><strong>est.</strong></span> <span class='ocrx_word' id='word_1_157' title='bbox 1138 2074 1253 2129; x_wconf 85' lang='lat' dir='ltr'><strong>Non</strong></span> <span class='ocrx_word' id='word_1_158' title='bbox 1284 2072 1427 2127; x_wconf 88' lang='lat' dir='ltr'><strong>enim</strong></span> <span class='ocrx_word' id='word_1_159' title='bbox 1456 2083 1680 2136; x_wconf 83' lang='lat' dir='ltr'><strong>corpora</strong></span> <span class='ocrx_word' id='word_1_160' title='bbox 1712 2081 1865 2117; x_wconf 81' lang='lat' dir='ltr'><strong>cura-</strong></span> 
     </span>
    </p>
   </div>
   <div class='ocr_carea' id='block_1_21' title="bbox 260 2156 1864 2236">
    <p class='ocr_par' dir='ltr' id='par_1_21' title="bbox 260 2156 1864 2236">
     <span class='ocr_line' id='line_1_21' title="bbox 260 2156 1864 2236; baseline -0.017 0"><span class='ocrx_word' id='word_1_161' title='bbox 260 2195 414 2236; x_wconf 84' lang='lat' dir='ltr'><strong>turus</strong></span> <span class='ocrx_word' id='word_1_162' title='bbox 446 2188 650 2233; x_wconf 86' lang='lat' dir='ltr'><strong>tantum</strong></span> <span class='ocrx_word' id='word_1_163' title='bbox 679 2175 988 2232; x_wconf 82' lang='lat' dir='ltr'><strong>advenerat,</strong></span> <span class='ocrx_word' id='word_1_164' title='bbox 1023 2167 1117 2223; x_wconf 87' lang='lat' dir='ltr'><strong>sed</strong></span> <span class='ocrx_word' id='word_1_165' title='bbox 1144 2168 1378 2220; x_wconf 89' lang='lat' dir='ltr'><strong>animam</strong></span> <span class='ocrx_word' id='word_1_166' title='bbox 1409 2175 1623 2230; x_wconf 88' lang='lat' dir='ltr'><strong>quoque</strong></span> <span class='ocrx_word' id='word_1_167' title='bbox 1649 2157 1714 2211; x_wconf 86' lang='lat' dir='ltr'><strong>ad</strong></span> <span class='ocrx_word' id='word_1_168' title='bbox 1746 2156 1864 2224; x_wconf 85' lang='lat' dir='ltr'><strong>phi-</strong></span> 
     </span>
    </p>
   </div>
   <div class='ocr_carea' id='block_1_22' title="bbox 261 2249 1861 2343">
    <p class='ocr_par' dir='ltr' id='par_1_22' title="bbox 261 2249 1861 2343">
     <span class='ocr_line' id='line_1_22' title="bbox 261 2249 1861 2343; baseline -0.018 -13"><span class='ocrx_word' id='word_1_169' title='bbox 261 2273 566 2343; x_wconf 66' lang='lat' dir='ltr'><strong>losopbiam</strong></span> <span class='ocrx_word' id='word_1_170' title='bbox 595 2268 943 2324; x_wconf 88' lang='lat' dir='ltr'><strong>deducturus.</strong></span> <span class='ocrx_word' id='word_1_171' title='bbox 985 2263 1135 2316; x_wconf 85' lang='lat' dir='ltr'><strong>Sicut</strong></span> <span class='ocrx_word' id='word_1_172' title='bbox 1172 2273 1301 2326; x_wconf 86' lang='lat' dir='ltr'><strong>ergo</strong></span> <span class='ocrx_word' id='word_1_173' title='bbox 1325 2269 1430 2309; x_wconf 89' lang='lat' dir='ltr'><strong>non</strong></span> <span class='ocrx_word' id='word_1_174' title='bbox 1459 2253 1584 2306; x_wconf 91' lang='lat' dir='ltr'><strong>lotis</strong></span> <span class='ocrx_word' id='word_1_175' title='bbox 1611 2249 1861 2304; x_wconf 87' lang='lat' dir='ltr'><strong>manibus</strong></span> 
     </span>
    </p>
   </div>
   <div class='ocr_carea' id='block_1_23' title="bbox 261 2343 1864 2425">
    <p class='ocr_par' dir='ltr' id='par_1_23' title="bbox 261 2343 1864 2425">
     <span class='ocr_line' id='line_1_23' title="bbox 261 2343 1864 2425; baseline -0.019 -3"><span class='ocrx_word' id='word_1_176' title='bbox 261 2367 629 2425; x_wconf 86' lang='lat' dir='ltr'><strong>manducare,</strong></span> <span class='ocrx_word' id='word_1_177' title='bbox 679 2375 782 2414; x_wconf 91' lang='lat' dir='ltr'><strong>non</strong></span> <span class='ocrx_word' id='word_1_178' title='bbox 829 2358 966 2412; x_wconf 87' lang='lat' dir='ltr'><strong>ultra</strong></span> <span class='ocrx_word' id='word_1_179' title='bbox 1015 2351 1343 2423; x_wconf 88' lang='lat' dir='ltr'><strong>prohibitum</strong></span> <span class='ocrx_word' id='word_1_180' title='bbox 1381 2361 1504 2401; x_wconf 88' lang='lat' dir='ltr'><strong>esse</strong></span> <span class='ocrx_word' id='word_1_181' title='bbox 1542 2343 1692 2408; x_wconf 86' lang='lat' dir='ltr'><strong>dicit,</strong></span> <span class='ocrx_word' id='word_1_182' title='bbox 1743 2356 1864 2394; x_wconf 90' lang='lat' dir='ltr'><strong>cum</strong></span> 
     </span>
    </p>
   </div>
   <div class='ocr_carea' id='block_1_24' title="bbox 258 2431 1868 2526">
    <p class='ocr_par' dir='ltr' id='par_1_24' title="bbox 258 2431 1868 2526">
     <span class='ocr_line' id='line_1_24' title="bbox 258 2431 1868 2526; baseline -0.016 -18"><span class='ocrx_word' id='word_1_183' title='bbox 258 2458 520 2526; x_wconf 73' lang='lat' dir='ltr'><strong>optimam</strong></span> <span class='ocrx_word' id='word_1_184' title='bbox 550 2453 692 2507; x_wconf 90' lang='lat' dir='ltr'><strong>illam</strong></span> <span class='ocrx_word' id='word_1_185' title='bbox 727 2452 795 2505; x_wconf 92' lang='lat' dir='ltr'><strong>de</strong></span> <span class='ocrx_word' id='word_1_186' title='bbox 823 2449 1067 2502; x_wconf 89' lang='lat' dir='ltr'><strong>ciborum</strong></span> <span class='ocrx_word' id='word_1_187' title='bbox 1106 2438 1460 2496; x_wconf 78' lang='lat' dir='ltr'><strong>indiii‘ercntia</strong></span> <span class='ocrx_word' id='word_1_188' title='bbox 1493 2437 1662 2504; x_wconf 84' lang='lat' dir='ltr'><strong>legem</strong></span> <span class='ocrx_word' id='word_1_189' title='bbox 1713 2431 1868 2485; x_wconf 86' lang='lat' dir='ltr'><strong>indu-</strong></span> 
     </span>
    </p>
   </div>
   <div class='ocr_carea' id='block_1_25' title="bbox 263 2531 1867 2608">
    <p class='ocr_par' dir='ltr' id='par_1_25' title="bbox 263 2531 1867 2608">
     <span class='ocr_line' id='line_1_25' title="bbox 263 2531 1867 2608; baseline -0.014 -9"><span class='ocrx_word' id='word_1_190' title='bbox 263 2552 336 2600; x_wconf 82' lang='lat' dir='ltr'><strong>cit</strong></span> <span class='ocrx_word' id='word_1_191' title='bbox 368 2564 380 2598; x_wconf 93' lang='lat'><strong>:</strong></span> <span class='ocrx_word' id='word_1_192' title='bbox 413 2548 491 2600; x_wconf 90' lang='lat' dir='ltr'><strong>sic</strong></span> <span class='ocrx_word' id='word_1_193' title='bbox 521 2556 575 2598; x_wconf 90' lang='lat' dir='ltr'><strong>ct</strong></span> <span class='ocrx_word' id='word_1_194' title='bbox 597 2545 698 2598; x_wconf 89' lang='lat' dir='ltr'><strong>hoc</strong></span> <span class='ocrx_word' id='word_1_195' title='bbox 719 2542 838 2597; x_wconf 88' lang='lat' dir='ltr'><strong>loco</strong></span> <span class='ocrx_word' id='word_1_196' title='bbox 866 2541 993 2608; x_wconf 80' lang='lat' dir='ltr'><strong>agit,</strong></span> <span class='ocrx_word' id='word_1_197' title='bbox 1033 2535 1298 2601; x_wconf 82' lang='lat' dir='ltr'><strong>docetque</strong></span> <span class='ocrx_word' id='word_1_198' title='bbox 1341 2531 1575 2584; x_wconf 83' lang='lat' dir='ltr'><strong>animam</strong></span> <span class='ocrx_word' id='word_1_199' title='bbox 1617 2533 1867 2592; x_wconf 87' lang='lat' dir='ltr'><strong>oportere</strong></span> 
     </span>
    </p>
   </div>
   <div class='ocr_carea' id='block_1_26' title="bbox 261 2616 1859 2701">
    <p class='ocr_par' dir='ltr' id='par_1_26' title="bbox 261 2616 1859 2701">
     <span class='ocr_line' id='line_1_26' title="bbox 261 2616 1859 2701; baseline -0.015 -12"><span class='ocrx_word' id='word_1_200' title='bbox 261 2638 481 2701; x_wconf 68' lang='lat' dir='ltr'><strong>mirari,</strong></span> <span class='ocrx_word' id='word_1_201' title='bbox 535 2633 869 2700; x_wconf 80' lang='lat' dir='ltr'><strong>sublatisque</strong></span> <span class='ocrx_word' id='word_1_202' title='bbox 922 2627 1162 2682; x_wconf 79' lang='lat' dir='ltr'><strong>externis</strong></span> <span class='ocrx_word' id='word_1_203' title='bbox 1199 2623 1306 2676; x_wconf 82' lang='lat' dir='ltr'><strong>illis</strong></span> <span class='ocrx_word' id='word_1_204' title='bbox 1366 2616 1859 2690; x_wconf 78' lang='lat' dir='ltr'><strong>purilicatianihus,</strong></span> 
     </span>
    </p>
   </div>
   <div class='ocr_carea' id='block_1_27' title="bbox 261 2707 1866 2790">
    <p class='ocr_par' dir='ltr' id='par_1_27' title="bbox 261 2707 1866 2790">
     <span class='ocr_line' id='line_1_27' title="bbox 261 2707 1866 2790; baseline -0.016 -8"><span class='ocrx_word' id='word_1_205' title='bbox 261 2729 410 2783; x_wconf 87' lang='lat' dir='ltr'><strong>illam</strong></span> <span class='ocrx_word' id='word_1_206' title='bbox 442 2740 565 2780; x_wconf 85' lang='lat' dir='ltr'><strong>esse</strong></span> <span class='ocrx_word' id='word_1_207' title='bbox 617 2720 1063 2790; x_wconf 83' lang='lat' dir='ltr'><strong>abstergendam,</strong></span> <span class='ocrx_word' id='word_1_208' title='bbox 1109 2714 1382 2784; x_wconf 84' lang='lat' dir='ltr'><strong>ipsiusque</strong></span> <span class='ocrx_word' id='word_1_209' title='bbox 1425 2719 1630 2764; x_wconf 85' lang='lat' dir='ltr'><strong>tantum</strong></span> <span class='ocrx_word' id='word_1_210' title='bbox 1662 2707 1866 2776; x_wconf 78' lang='lat' dir='ltr'><strong>lcpram</strong></span> 
     </span>
    </p>
   </div>
   <div class='ocr_carea' id='block_1_28' title="bbox 260 2802 1866 2881">
    <p class='ocr_par' dir='ltr' id='par_1_28' title="bbox 260 2802 1866 2881">
     <span class='ocr_line' id='line_1_28' title="bbox 260 2802 1866 2881; baseline -0.016 -7"><span class='ocrx_word' id='word_1_211' title='bbox 260 2835 385 2874; x_wconf 84' lang='lat' dir='ltr'><strong>esse</strong></span> <span class='ocrx_word' id='word_1_212' title='bbox 432 2815 745 2877; x_wconf 88' lang='lat' dir='ltr'><strong>timendam,</strong></span> <span class='ocrx_word' id='word_1_213' title='bbox 801 2829 922 2881; x_wconf 70' lang='lat' dir='ltr'><strong>qum</strong></span> <span class='ocrx_word' id='word_1_214' title='bbox 965 2818 1049 2864; x_wconf 88' lang='lat' dir='ltr'><strong>est</strong></span> <span class='ocrx_word' id='word_1_215' title='bbox 1093 2815 1368 2876; x_wconf 87' lang='lat' dir='ltr'><strong>peccatum</strong></span> <span class='ocrx_word' id='word_1_216' title='bbox 1419 2802 1564 2872; x_wconf 89' lang='lat' dir='ltr'><strong>(nam</strong></span> <span class='ocrx_word' id='word_1_217' title='bbox 1599 2802 1866 2868; x_wconf 89' lang='lat' dir='ltr'><strong>leprosum</strong></span> 
     </span>
    </p>
   </div>
   <div class='ocr_carea' id='block_1_29' title="bbox 259 2893 1871 2971">
    <p class='ocr_par' dir='ltr' id='par_1_29' title="bbox 259 2893 1871 2971">
     <span class='ocr_line' id='line_1_29' title="bbox 259 2893 1871 2971; baseline -0.014 -4"><span class='ocrx_word' id='word_1_218' title='bbox 259 2927 384 2968; x_wconf 87' lang='lat' dir='ltr'><strong>esse</strong></span> <span class='ocrx_word' id='word_1_219' title='bbox 408 2907 688 2965; x_wconf 85' lang='lat' dir='ltr'><strong>unllumad</strong></span> <span class='ocrx_word' id='word_1_220' title='bbox 703 2907 925 2960; x_wconf 86' lang='lat' dir='ltr'><strong>salutem</strong></span> <span class='ocrx_word' id='word_1_221' title='bbox 951 2899 1394 2971; x_wconf 83' lang='lat' dir='ltr'><strong>impedimentum</strong></span> <span class='ocrx_word' id='word_1_222' title='bbox 1417 2895 1596 2964; x_wconf 86' lang='lat' dir='ltr'><strong>alTert)</strong></span> <span class='ocrx_word' id='word_1_223' title='bbox 1619 2912 1632 2959; x_wconf 91' lang='lat'><strong>;</strong></span> <span class='ocrx_word' id='word_1_224' title='bbox 1665 2893 1871 2963; x_wconf 89' lang='lat' dir='ltr'><strong>primus</strong></span> 
     </span>
    </p>
   </div>
   <div class='ocr_carea' id='block_1_30' title="bbox 261 2983 1869 3072">
    <p class='ocr_par' dir='ltr' id='par_1_30' title="bbox 261 2983 1869 3072">
     <span class='ocr_line' id='line_1_30' title="bbox 261 2983 1869 3072; baseline -0.014 -15"><span class='ocrx_word' id='word_1_225' title='bbox 261 3005 378 3072; x_wconf 85' lang='lat' dir='ltr'><strong>ipse</strong></span> <span class='ocrx_word' id='word_1_226' title='bbox 438 3003 705 3070; x_wconf 73' lang='lat' dir='ltr'><strong>leprosum</strong></span> <span class='ocrx_word' id='word_1_227' title='bbox 749 2995 952 3064; x_wconf 84' lang='lat' dir='ltr'><strong>tangit,</strong></span> <span class='ocrx_word' id='word_1_228' title='bbox 1003 3001 1058 3046; x_wconf 91' lang='lat' dir='ltr'><strong>ct</strong></span> <span class='ocrx_word' id='word_1_229' title='bbox 1088 3007 1246 3043; x_wconf 80' lang='lat' dir='ltr'><strong>nemo</strong></span> <span class='ocrx_word' id='word_1_230' title='bbox 1295 2988 1630 3042; x_wconf 82' lang='lat' dir='ltr'><strong>criminatur.</strong></span> <span class='ocrx_word' id='word_1_231' title='bbox 1683 2983 1869 3052; x_wconf 82' lang='lat' dir='ltr'><strong>Neque</strong></span> 
     </span>
    </p>
   </div>
   <div class='ocr_carea' id='block_1_31' title="bbox 262 3075 1863 3157">
    <p class='ocr_par' dir='ltr' id='par_1_31' title="bbox 262 3075 1863 3157">
     <span class='ocr_line' id='line_1_31' title="bbox 262 3075 1863 3157; baseline -0.015 -9"><span class='ocrx_word' id='word_1_232' title='bbox 262 3097 406 3148; x_wconf 85' lang='lat' dir='ltr'><strong>enim</strong></span> <span class='ocrx_word' id='word_1_233' title='bbox 429 3098 739 3157; x_wconf 85' lang='lat' dir='ltr'><strong>corruptum</strong></span> <span class='ocrx_word' id='word_1_234' title='bbox 767 3094 882 3139; x_wconf 85' lang='lat' dir='ltr'><strong>erat</strong></span> <span class='ocrx_word' id='word_1_235' title='bbox 913 3082 1167 3144; x_wconf 87' lang='lat' dir='ltr'><strong>tribunal,</strong></span> <span class='ocrx_word' id='word_1_236' title='bbox 1202 3093 1376 3147; x_wconf 88' lang='lat' dir='ltr'><strong>neque</strong></span> <span class='ocrx_word' id='word_1_237' title='bbox 1404 3076 1600 3130; x_wconf 89' lang='lat' dir='ltr'><strong>invidia</strong></span> <span class='ocrx_word' id='word_1_238' title='bbox 1627 3075 1863 3139; x_wconf 73' lang='lat' dir='ltr'><strong>correpti</strong></span> 
     </span>
    </p>
   </div>
   <div class='ocr_carea' id='block_1_32' title="bbox 264 3165 1872 3253">
    <p class='ocr_par' dir='ltr' id='par_1_32' title="bbox 264 3165 1872 3253">
     <span class='ocr_line' id='line_1_32' title="bbox 264 3165 1872 3253; baseline -0.014 -14"><span class='ocrx_word' id='word_1_239' title='bbox 264 3181 842 3253; x_wconf 62' lang='lat' dir='ltr'><strong>spectatores-&#39;emzzt.</strong></span> <span class='ocrx_word' id='word_1_240' title='bbox 892 3175 1121 3240; x_wconf 83' lang='lat' dir='ltr'><strong>Ideoque</strong></span> <span class='ocrx_word' id='word_1_241' title='bbox 1169 3185 1274 3224; x_wconf 90' lang='lat' dir='ltr'><strong>non</strong></span> <span class='ocrx_word' id='word_1_242' title='bbox 1321 3168 1481 3222; x_wconf 85' lang='lat' dir='ltr'><strong>modo</strong></span> <span class='ocrx_word' id='word_1_243' title='bbox 1521 3181 1625 3219; x_wconf 89' lang='lat' dir='ltr'><strong>non</strong></span> <span class='ocrx_word' id='word_1_244' title='bbox 1671 3165 1872 3217; x_wconf 83' lang='lat' dir='ltr'><strong>calum-</strong></span> 
     </span>
    </p>
   </div>
   <div class='ocr_carea' id='block_1_33' title="bbox 266 3257 1866 3334">
    <p class='ocr_par' dir='ltr' id='par_1_33' title="bbox 266 3257 1866 3334">
     <span class='ocr_line' id='line_1_33' title="bbox 266 3257 1866 3334; baseline -0.014 -5"><span class='ocrx_word' id='word_1_245' title='bbox 266 3275 395 3329; x_wconf 80' lang='lat' dir='ltr'><strong>niati</strong></span> <span class='ocrx_word' id='word_1_246' title='bbox 423 3283 568 3333; x_wconf 88' lang='lat' dir='ltr'><strong>sunt,</strong></span> <span class='ocrx_word' id='word_1_247' title='bbox 603 3268 695 3324; x_wconf 88' lang='lat' dir='ltr'><strong>sed</strong></span> <span class='ocrx_word' id='word_1_248' title='bbox 737 3277 956 3334; x_wconf 85' lang='lat' dir='ltr'><strong>stupore</strong></span> <span class='ocrx_word' id='word_1_249' title='bbox 1001 3261 1230 3330; x_wconf 74' lang='lat' dir='ltr'><strong>perculsi</strong></span> <span class='ocrx_word' id='word_1_250' title='bbox 1268 3259 1334 3312; x_wconf 91' lang='lat' dir='ltr'><strong>de</strong></span> <span class='ocrx_word' id='word_1_251' title='bbox 1367 3257 1648 3319; x_wconf 87' lang='lat' dir='ltr'><strong>miraculo,</strong></span> <span class='ocrx_word' id='word_1_252' title='bbox 1680 3269 1866 3307; x_wconf 83' lang='lat' dir='ltr'><strong>cesse-</strong></span> 
     </span>
    </p>
   </div>
   <div class='ocr_carea' id='block_1_34' title="bbox 267 3345 1867 3430">
    <p class='ocr_par' dir='ltr' id='par_1_34' title="bbox 267 3345 1867 3430">
     <span class='ocr_line' id='line_1_34' title="bbox 267 3345 1867 3430; baseline -0.015 -11"><span class='ocrx_word' id='word_1_253' title='bbox 267 3375 412 3430; x_wconf 90' lang='lat' dir='ltr'><strong>runt,</strong></span> <span class='ocrx_word' id='word_1_254' title='bbox 445 3378 511 3416; x_wconf 82' lang='lat' dir='ltr'><strong>ex</strong></span> <span class='ocrx_word' id='word_1_255' title='bbox 539 3359 696 3414; x_wconf 89' lang='lat' dir='ltr'><strong>dictis</strong></span> <span class='ocrx_word' id='word_1_256' title='bbox 732 3367 785 3411; x_wconf 87' lang='lat' dir='ltr'><strong>et</strong></span> <span class='ocrx_word' id='word_1_257' title='bbox 815 3355 969 3409; x_wconf 76' lang='lat' dir='ltr'><strong>factis</strong></span> <span class='ocrx_word' id='word_1_258' title='bbox 1000 3353 1251 3406; x_wconf 85' lang='lat' dir='ltr'><strong>invictam</strong></span> <span class='ocrx_word' id='word_1_259' title='bbox 1282 3350 1400 3416; x_wconf 86' lang='lat' dir='ltr'><strong>ejus</strong></span> <span class='ocrx_word' id='word_1_260' title='bbox 1445 3347 1738 3415; x_wconf 72' lang='lat' dir='ltr'><strong>potentiam</strong></span> <span class='ocrx_word' id='word_1_261' title='bbox 1771 3345 1867 3396; x_wconf 86' lang='lat' dir='ltr'><strong>ad-</strong></span> 
     </span>
    </p>
   </div>
   <div class='ocr_carea' id='block_1_35' title="bbox 266 3437 1869 3516">
    <p class='ocr_par' dir='ltr' id='par_1_35' title="bbox 266 3437 1869 3516">
     <span class='ocr_line' id='line_1_35' title="bbox 266 3437 1869 3516; baseline -0.013 -7"><span class='ocrx_word' id='word_1_262' title='bbox 266 3465 509 3509; x_wconf 82' lang='lat' dir='ltr'><strong>orantes.</strong></span> <span class='ocrx_word' id='word_1_263' title='bbox 535 3449 670 3506; x_wconf 80' lang='lat' dir='ltr'><strong>Cutn</strong></span> <span class='ocrx_word' id='word_1_264' title='bbox 694 3461 890 3516; x_wconf 88' lang='lat' dir='ltr'><strong>corpus</strong></span> <span class='ocrx_word' id='word_1_265' title='bbox 935 3459 1063 3514; x_wconf 72' lang='lat' dir='ltr'><strong>ergo</strong></span> <span class='ocrx_word' id='word_1_266' title='bbox 1091 3449 1332 3496; x_wconf 88' lang='lat' dir='ltr'><strong>curasset</strong></span> <span class='ocrx_word' id='word_1_267' title='bbox 1355 3480 1369 3502; x_wconf 92' lang='lat'><strong>,</strong></span> <span class='ocrx_word' id='word_1_268' title='bbox 1403 3438 1656 3508; x_wconf 65' lang='lat' dir='ltr'><strong>praecepit</strong></span> <span class='ocrx_word' id='word_1_269' title='bbox 1681 3479 1694 3499; x_wconf 84' lang='lat'><strong>,</strong></span> <span class='ocrx_word' id='word_1_270' title='bbox 1723 3437 1776 3490; x_wconf 65' lang='grc'>4.</span> <span class='ocrx_word' id='word_1_271' title='bbox 1814 3446 1869 3489; x_wconf 83' lang='grc' dir='ltr'><strong>ιιι</strong></span> 
     </span>
    </p>
   </div>
   <div class='ocr_carea' id='block_1_36' title="bbox 268 3531 1870 3608">
    <p class='ocr_par' dir='ltr' id='par_1_36' title="bbox 268 3531 1870 3608">
     <span class='ocr_line' id='line_1_36' title="bbox 268 3531 1870 3608; baseline -0.013 -5"><span class='ocrx_word' id='word_1_272' title='bbox 268 3545 472 3603; x_wconf 85' lang='lat' dir='ltr'><strong>nemini</strong></span> <span class='ocrx_word' id='word_1_273' title='bbox 505 3545 730 3608; x_wconf 86' lang='lat' dir='ltr'><strong>diceret,</strong></span> <span class='ocrx_word' id='word_1_274' title='bbox 762 3540 856 3594; x_wconf 88' lang='lat' dir='ltr'><strong>sed</strong></span> <span class='ocrx_word' id='word_1_275' title='bbox 892 3537 1203 3593; x_wconf 87' lang='lat' dir='ltr'><strong>ostenderet</strong></span> <span class='ocrx_word' id='word_1_276' title='bbox 1244 3550 1303 3588; x_wconf 89' lang='lat' dir='ltr'><strong>sc</strong></span> <span class='ocrx_word' id='word_1_277' title='bbox 1333 3531 1605 3587; x_wconf 78' lang='lat' dir='ltr'><strong>sacerdoti</strong></span> <span class='ocrx_word' id='word_1_278' title='bbox 1637 3572 1650 3596; x_wconf 91' lang='lat'><strong>,</strong></span> <span class='ocrx_word' id='word_1_279' title='bbox 1675 3539 1730 3584; x_wconf 89' lang='lat' dir='ltr'><strong>et</strong></span> <span class='ocrx_word' id='word_1_280' title='bbox 1757 3545 1870 3583; x_wconf 88' lang='lat' dir='ltr'><strong>mu-</strong></span> 
     </span>
    </p>
   </div>
   <div class='ocr_carea' id='block_1_37' title="bbox 270 3623 1875 3702">
    <p class='ocr_par' dir='ltr' id='par_1_37' title="bbox 270 3623 1875 3702">
     <span class='ocr_line' id='line_1_37' title="bbox 270 3623 1875 3702; baseline -0.014 -6"><span class='ocrx_word' id='word_1_281' title='bbox 270 3655 374 3696; x_wconf 76' lang='lat' dir='ltr'><strong>nus</strong></span> <span class='ocrx_word' id='word_1_282' title='bbox 415 3637 656 3702; x_wconf 69' lang='lat' dir='ltr'><strong>offerret,</strong></span> <span class='ocrx_word' id='word_1_283' title='bbox 710 3635 859 3702; x_wconf 81' lang='lat' dir='ltr'><strong>Quod</strong></span> <span class='ocrx_word' id='word_1_284' title='bbox 888 3630 1126 3702; x_wconf 68' lang='lat' dir='ltr'><strong>praecepit</strong></span> <span class='ocrx_word' id='word_1_285' title='bbox 1157 3627 1384 3697; x_wconf 76' lang='lat' dir='ltr'><strong>Moyses,</strong></span> <span class='ocrx_word' id='word_1_286' title='bbox 1435 3626 1490 3678; x_wconf 77' lang='lat' dir='ltr'><strong>in</strong></span> <span class='ocrx_word' id='word_1_287' title='bbox 1533 3623 1875 3676; x_wconf 78' lang='lat' dir='ltr'><strong>testimonium</strong></span> 
     </span>
    </p>
   </div>
   <div class='ocr_carea' id='block_1_38' title="bbox 270 3715 1876 3798">
    <p class='ocr_par' dir='ltr' id='par_1_38' title="bbox 270 3715 1876 3798">
     <span class='ocr_line' id='line_1_38' title="bbox 270 3715 1876 3798; baseline -0.011 -12"><span class='ocrx_word' id='word_1_288' title='bbox 270 3733 394 3787; x_wconf 76' lang='lat' dir='ltr'><strong>iiiis.</strong></span> <span class='ocrx_word' id='word_1_289' title='bbox 423 3729 650 3798; x_wconf 81' lang='lat' dir='ltr'><strong>Quidam</strong></span> <span class='ocrx_word' id='word_1_290' title='bbox 668 3727 872 3789; x_wconf 88' lang='lat' dir='ltr'><strong>dicunt,</strong></span> <span class='ocrx_word' id='word_1_291' title='bbox 903 3725 1024 3777; x_wconf 83' lang='lat' dir='ltr'><strong>ideo</strong></span> <span class='ocrx_word' id='word_1_292' title='bbox 1055 3722 1200 3774; x_wconf 79' lang='grc' dir='ltr'>ίΙΙιιιιι</span> <span class='ocrx_word' id='word_1_293' title='bbox 1234 3717 1558 3787; x_wconf 70' lang='lat' dir='ltr'><strong>praecepisse</strong></span> <span class='ocrx_word' id='word_1_294' title='bbox 1586 3715 1876 3769; x_wconf 89' lang='lat' dir='ltr'><strong>ut&#39;nemini</strong></span> 
     </span>
    </p>
   </div>
   <div class='ocr_carea' id='block_1_39' title="bbox 276 3807 1877 3887">
    <p class='ocr_par' dir='ltr' id='par_1_39' title="bbox 276 3807 1877 3887">
     <span class='ocr_line' id='line_1_39' title="bbox 276 3807 1877 3887; baseline -0.012 -8"><span class='ocrx_word' id='word_1_295' title='bbox 276 3827 519 3887; x_wconf 81' lang='lat' dir='ltr'><strong>diceret,</strong></span> <span class='ocrx_word' id='word_1_296' title='bbox 553 3836 621 3874; x_wconf 91' lang='lat' dir='ltr'><strong>nc</strong></span> <span class='ocrx_word' id='word_1_297' title='bbox 651 3818 882 3886; x_wconf 82' lang='lat' dir='ltr'><strong>maligne</strong></span> <span class='ocrx_word' id='word_1_298' title='bbox 911 3821 1132 3884; x_wconf 81' lang='lat' dir='ltr'><strong>agerent</strong></span> <span class='ocrx_word' id='word_1_299' title='bbox 1175 3812 1319 3864; x_wconf 89' lang='lat' dir='ltr'><strong>circa</strong></span> <span class='ocrx_word' id='word_1_300' title='bbox 1353 3807 1721 3862; x_wconf 89' lang='lat' dir='ltr'><strong>mundationis</strong></span> <span class='ocrx_word' id='word_1_301' title='bbox 1745 3821 1877 3860; x_wconf 79' lang='lat' dir='ltr'><strong>exa-</strong></span> 
     </span>
    </p>
   </div>
   <div class='ocr_carea' id='block_1_40' title="bbox 273 3899 1875 3980">
    <p class='ocr_par' dir='ltr' id='par_1_40' title="bbox 273 3899 1875 3980">
     <span class='ocr_line' id='line_1_40' title="bbox 273 3899 1875 3980; baseline -0.012 -11"><span class='ocrx_word' id='word_1_302' title='bbox 273 3932 434 3980; x_wconf 78' lang='lat' dir='ltr'><strong>men;</strong></span> <span class='ocrx_word' id='word_1_303' title='bbox 482 3912 579 3968; x_wconf 76' lang='lat' dir='ltr'><strong>sed</strong></span> <span class='ocrx_word' id='word_1_304' title='bbox 635 3913 752 3965; x_wconf 67' lang='lat' dir='ltr'><strong>hzee</strong></span> <span class='ocrx_word' id='word_1_305' title='bbox 799 3907 1113 3974; x_wconf 78' lang='lat' dir='ltr'><strong>insipienter</strong></span> <span class='ocrx_word' id='word_1_306' title='bbox 1167 3901 1458 3956; x_wconf 84' lang='lat' dir='ltr'><strong>admodum</strong></span> <span class='ocrx_word' id='word_1_307' title='bbox 1514 3899 1875 3966; x_wconf 80' lang='lat' dir='ltr'><strong>suSpieantur.</strong></span> 
     </span>
    </p>
   </div>
   <div class='ocr_carea' id='block_1_41' title="bbox 271 3990 1877 4076">
    <p class='ocr_par' dir='ltr' id='par_1_41' title="bbox 271 3990 1877 4076">
     <span class='ocr_line' id='line_1_41' title="bbox 271 3990 1877 4076; baseline -0.014 -14"><span class='ocrx_word' id='word_1_308' title='bbox 271 4008 458 4076; x_wconf 82' lang='lat' dir='ltr'><strong>Neque</strong></span> <span class='ocrx_word' id='word_1_309' title='bbox 478 4004 622 4072; x_wconf 80' lang='lat' dir='ltr'><strong>enim</strong></span> <span class='ocrx_word' id='word_1_310' title='bbox 652 4003 723 4055; x_wconf 89' lang='lat' dir='ltr'><strong>ita</strong></span> <span class='ocrx_word' id='word_1_311' title='bbox 747 3998 1042 4057; x_wconf 82' lang='lat' dir='ltr'><strong>niundavit,</strong></span> <span class='ocrx_word' id='word_1_312' title='bbox 1067 4005 1125 4049; x_wconf 88' lang='lat' dir='ltr'><strong>ut</strong></span> <span class='ocrx_word' id='word_1_313' title='bbox 1144 3993 1340 4063; x_wconf 85' lang='lat' dir='ltr'><strong>aliquis</strong></span> <span class='ocrx_word' id='word_1_314' title='bbox 1365 3999 1609 4044; x_wconf 82' lang='lat' dir='ltr'><strong>maneret</strong></span> <span class='ocrx_word' id='word_1_315' title='bbox 1630 3990 1696 4043; x_wconf 88' lang='lat' dir='ltr'><strong>de</strong></span> <span class='ocrx_word' id='word_1_316' title='bbox 1715 4005 1877 4041; x_wconf 82' lang='lat' dir='ltr'><strong>mun—</strong></span> 
     </span>
    </p>
   </div>
   <div class='ocr_carea' id='block_1_42' title="bbox 272 4083 1876 4154">
    <p class='ocr_par' dir='ltr' id='par_1_42' title="bbox 272 4083 1876 4154">
     <span class='ocr_line' id='line_1_42' title="bbox 272 4083 1876 4154; baseline -0.014 0"><span class='ocrx_word' id='word_1_317' title='bbox 272 4101 490 4154; x_wconf 86' lang='lat' dir='ltr'><strong>dationc</strong></span> <span class='ocrx_word' id='word_1_318' title='bbox 535 4091 810 4150; x_wconf 79' lang='lat' dir='ltr'><strong>dubitandi</strong></span> <span class='ocrx_word' id='word_1_319' title='bbox 853 4092 1001 4144; x_wconf 86' lang='lat' dir='ltr'><strong>locus</strong></span> <span class='ocrx_word' id='word_1_320' title='bbox 1031 4106 1042 4140; x_wconf 88' lang='lat'><strong>:</strong></span> <span class='ocrx_word' id='word_1_321' title='bbox 1077 4086 1172 4141; x_wconf 88' lang='lat' dir='ltr'><strong>sed</strong></span> <span class='ocrx_word' id='word_1_322' title='bbox 1225 4083 1428 4138; x_wconf 85' lang='lat' dir='ltr'><strong>nemini</strong></span> <span class='ocrx_word' id='word_1_323' title='bbox 1479 4083 1659 4135; x_wconf 82' lang='lat' dir='ltr'><strong>dicere</strong></span> <span class='ocrx_word' id='word_1_324' title='bbox 1702 4083 1876 4149; x_wconf 86' lang='lat' dir='ltr'><strong>jubet,</strong></span> 
     </span>
    </p>
   </div>
   <div class='ocr_carea' id='block_1_43' title="bbox 274 4177 1878 4247">
    <p class='ocr_par' dir='ltr' id='par_1_43' title="bbox 274 4177 1878 4247">
     <span class='ocr_line' id='line_1_43' title="bbox 274 4177 1878 4247; baseline -0.01 -3"><span class='ocrx_word' id='word_1_325' title='bbox 274 4195 476 4247; x_wconf 85' lang='lat' dir='ltr'><strong>docens</strong></span> <span class='ocrx_word' id='word_1_326' title='bbox 499 4200 557 4244; x_wconf 89' lang='lat' dir='ltr'><strong>ut</strong></span> <span class='ocrx_word' id='word_1_327' title='bbox 585 4203 615 4242; x_wconf 87' lang='lat' dir='ltr'><strong>a</strong></span> <span class='ocrx_word' id='word_1_328' title='bbox 643 4189 778 4240; x_wconf 73' lang='lat' dir='ltr'><strong>fastu</strong></span> <span class='ocrx_word' id='word_1_329' title='bbox 800 4194 852 4240; x_wconf 90' lang='lat' dir='ltr'><strong>et</strong></span> <span class='ocrx_word' id='word_1_330' title='bbox 883 4181 1176 4236; x_wconf 81' lang='lat' dir='ltr'><strong>ambitione</strong></span> <span class='ocrx_word' id='word_1_331' title='bbox 1195 4179 1549 4232; x_wconf 86' lang='lat' dir='ltr'><strong>abstineatur.</strong></span> <span class='ocrx_word' id='word_1_332' title='bbox 1585 4177 1743 4228; x_wconf 72' lang='lat' dir='ltr'><strong>Certe</strong></span> <span class='ocrx_word' id='word_1_333' title='bbox 1770 4189 1841 4229; x_wconf 93' lang='lat' dir='ltr'><strong>no</strong></span> <span class='ocrx_word' id='word_1_334' title='bbox 1858 4200 1878 4213; x_wconf 82' lang='lat'><em>-</em></span> 
     </span>
    </p>
   </div>
   <div class='ocr_carea' id='block_1_44' title="bbox 275 4268 1879 4348">
    <p class='ocr_par' dir='ltr' id='par_1_44' title="bbox 275 4268 1879 4348">
     <span class='ocr_line' id='line_1_44' title="bbox 275 4268 1879 4348; baseline -0.011 -12"><span class='ocrx_word' id='word_1_335' title='bbox 275 4294 427 4338; x_wconf 75' lang='lat' dir='ltr'><strong>verat</strong></span> <span class='ocrx_word' id='word_1_336' title='bbox 456 4282 562 4347; x_wconf 81' lang='lat' dir='ltr'><strong>ille,</strong></span> <span class='ocrx_word' id='word_1_337' title='bbox 595 4281 768 4348; x_wconf 88' lang='lat' dir='ltr'><strong>ipsum</strong></span> <span class='ocrx_word' id='word_1_338' title='bbox 793 4292 902 4331; x_wconf 84' lang='lat' dir='ltr'><strong>non</strong></span> <span class='ocrx_word' id='word_1_339' title='bbox 932 4291 1053 4329; x_wconf 88' lang='lat' dir='ltr'><strong>esse</strong></span> <span class='ocrx_word' id='word_1_340' title='bbox 1087 4273 1396 4337; x_wconf 78' lang='lat' dir='ltr'><strong>taciturum,</strong></span> <span class='ocrx_word' id='word_1_341' title='bbox 1440 4271 1534 4324; x_wconf 88' lang='lat' dir='ltr'><strong>scd</strong></span> <span class='ocrx_word' id='word_1_342' title='bbox 1567 4268 1879 4324; x_wconf 77' lang='lat' dir='ltr'><strong>benefacto-</strong></span> 
     </span>
    </p>
   </div>
   <div class='ocr_carea' id='block_1_45' title="bbox 277 4363 1883 4432">
    <p class='ocr_par' dir='ltr' id='par_1_45' title="bbox 277 4363 1883 4432">
     <span class='ocr_line' id='line_1_45' title="bbox 277 4363 1883 4432; baseline -0.012 0"><span class='ocrx_word' id='word_1_343' title='bbox 277 4393 395 4432; x_wconf 85' lang='lat' dir='ltr'><strong>rcm</strong></span> <span class='ocrx_word' id='word_1_344' title='bbox 435 4388 553 4429; x_wconf 75' lang='lat' dir='ltr'><strong>esse</strong></span> <span class='ocrx_word' id='word_1_345' title='bbox 582 4371 977 4427; x_wconf 84' lang='lat' dir='ltr'><strong>celebraturnm</strong></span> <span class='ocrx_word' id='word_1_346' title='bbox 1007 4384 1020 4420; x_wconf 89' lang='lat'>:</span> <span class='ocrx_word' id='word_1_347' title='bbox 1048 4375 1285 4420; x_wconf 83' lang='lat' dir='ltr'><strong>attamen</strong></span> <span class='ocrx_word' id='word_1_348' title='bbox 1316 4363 1456 4430; x_wconf 90' lang='lat' dir='ltr'><strong>quod</strong></span> <span class='ocrx_word' id='word_1_349' title='bbox 1490 4376 1654 4430; x_wconf 82' lang='lat' dir='ltr'><strong>penes</strong></span> <span class='ocrx_word' id='word_1_350' title='bbox 1682 4376 1740 4414; x_wconf 85' lang='lat' dir='ltr'><strong>se</strong></span> <span class='ocrx_word' id='word_1_351' title='bbox 1765 4370 1883 4413; x_wconf 85' lang='lat' dir='ltr'><strong>erat</strong></span> 
     </span>
    </p>
   </div>
   <div class='ocr_carea' id='block_1_46' title="bbox 278 4441 1881 4532">
    <p class='ocr_par' dir='ltr' id='par_1_46' title="bbox 278 4441 1881 4532">
     <span class='ocr_line' id='line_1_46' title="bbox 278 4441 1881 4532; baseline -0.012 -8"><span class='ocrx_word' id='word_1_352' title='bbox 278 4470 426 4524; x_wconf 83' lang='lat' dir='ltr'><strong>fecit.</strong></span> <span class='ocrx_word' id='word_1_353' title='bbox 451 4466 559 4520; x_wconf 83' lang='lat' dir='ltr'><strong>Cur</strong></span> <span class='ocrx_word' id='word_1_354' title='bbox 587 4479 749 4532; x_wconf 83' lang='lat' dir='ltr'><strong>ergo,</strong></span> <span class='ocrx_word' id='word_1_355' title='bbox 790 4460 1018 4530; x_wconf 78' lang='lat' dir='ltr'><strong>inquies,</strong></span> <span class='ocrx_word' id='word_1_356' title='bbox 1057 4456 1178 4510; x_wconf 87' lang='lat' dir='ltr'><strong>alibi</strong></span> <span class='ocrx_word' id='word_1_357' title='bbox 1215 4441 1494 4523; x_wconf 77' lang='lat' dir='ltr'><strong>publicare</strong></span> <span class='ocrx_word' id='word_1_358' title='bbox 1536 4451 1738 4521; x_wconf 68' lang='lat' dir='ltr'><strong>jussit?</strong></span> <span class='ocrx_word' id='word_1_359' title='bbox 1763 4450 1881 4504; x_wconf 85' lang='lat' dir='ltr'><strong>Non</strong></span> 
     </span>
    </p>
   </div>
   <div class='ocr_carea' id='block_1_47' title="bbox 278 4541 1885 4628">
    <p class='ocr_par' dir='ltr' id='par_1_47' title="bbox 278 4541 1885 4628">
     <span class='ocr_line' id='line_1_47' title="bbox 278 4541 1885 4628; baseline -0.015 -11"><span class='ocrx_word' id='word_1_360' title='bbox 278 4576 464 4618; x_wconf 76' lang='lat' dir='ltr'><strong>secum</strong></span> <span class='ocrx_word' id='word_1_361' title='bbox 495 4567 754 4628; x_wconf 77' lang='lat' dir='ltr'><strong>pugnans,</strong></span> <span class='ocrx_word' id='word_1_362' title='bbox 793 4567 964 4620; x_wconf 86' lang='lat' dir='ltr'><strong>neque</strong></span> <span class='ocrx_word' id='word_1_363' title='bbox 991 4548 1257 4603; x_wconf 85' lang='lat' dir='ltr'><strong>contraria</strong></span> <span class='ocrx_word' id='word_1_364' title='bbox 1281 4545 1498 4614; x_wconf 69' lang='lat' dir='ltr'><strong>iubens,</strong></span> <span class='ocrx_word' id='word_1_365' title='bbox 1527 4542 1623 4596; x_wconf 86' lang='lat' dir='ltr'><strong>sed</strong></span> <span class='ocrx_word' id='word_1_366' title='bbox 1646 4551 1702 4595; x_wconf 89' lang='lat' dir='ltr'><strong>ut</strong></span> <span class='ocrx_word' id='word_1_367' title='bbox 1723 4541 1885 4594; x_wconf 80' lang='lat' dir='ltr'><strong>doce-</strong></span> 
     </span>
    </p>
   </div>
   <div class='ocr_carea' id='block_1_48' title="bbox 282 4631 1885 4721">
    <p class='ocr_par' dir='ltr' id='par_1_48' title="bbox 282 4631 1885 4721">
     <span class='ocr_line' id='line_1_48' title="bbox 282 4631 1885 4721; baseline -0.013 -15"><span class='ocrx_word' id='word_1_368' title='bbox 282 4662 369 4706; x_wconf 82' lang='lat' dir='ltr'><strong>ret</strong></span> <span class='ocrx_word' id='word_1_369' title='bbox 385 4661 569 4721; x_wconf 83' lang='lat' dir='ltr'><strong>gratos</strong></span> <span class='ocrx_word' id='word_1_370' title='bbox 595 4660 717 4702; x_wconf 85' lang='lat' dir='ltr'><strong>esse</strong></span> <span class='ocrx_word' id='word_1_371' title='bbox 751 4652 1024 4712; x_wconf 87' lang='lat' dir='ltr'><strong>oportere.</strong></span> <span class='ocrx_word' id='word_1_372' title='bbox 1055 4638 1239 4705; x_wconf 83' lang='lat' dir='ltr'><strong>Neque</strong></span> <span class='ocrx_word' id='word_1_373' title='bbox 1267 4636 1411 4690; x_wconf 89' lang='lat' dir='ltr'><strong>enim</strong></span> <span class='ocrx_word' id='word_1_374' title='bbox 1443 4635 1514 4688; x_wconf 87' lang='lat' dir='ltr'><strong>ibi</strong></span> <span class='ocrx_word' id='word_1_375' title='bbox 1540 4631 1795 4702; x_wconf 68' lang='lat' dir='ltr'><strong>[)Pt‘tccpll</strong></span> <span class='ocrx_word' id='word_1_376' title='bbox 1825 4642 1885 4686; x_wconf 86' lang='lat' dir='ltr'><strong>ut</strong></span> 
     </span>
    </p>
   </div>
   <div class='ocr_carea' id='block_1_49' title="bbox 281 4723 1885 4799">
    <p class='ocr_par' dir='ltr' id='par_1_49' title="bbox 281 4723 1885 4799">
     <span class='ocr_line' id='line_1_49' title="bbox 281 4723 1885 4799; baseline -0.013 -1"><span class='ocrx_word' id='word_1_377' title='bbox 281 4759 342 4798; x_wconf 84' lang='lat' dir='ltr'><strong>se</strong></span> <span class='ocrx_word' id='word_1_378' title='bbox 366 4742 722 4798; x_wconf 80' lang='lat' dir='ltr'><strong>celebrarent.</strong></span> <span class='ocrx_word' id='word_1_379' title='bbox 755 4740 851 4791; x_wconf 86' lang='lat' dir='ltr'><strong>sed</strong></span> <span class='ocrx_word' id='word_1_380' title='bbox 875 4743 932 4787; x_wconf 90' lang='lat' dir='ltr'><strong>ut</strong></span> <span class='ocrx_word' id='word_1_381' title='bbox 959 4731 1148 4786; x_wconf 87' lang='lat' dir='ltr'><strong>darent</strong></span> <span class='ocrx_word' id='word_1_382' title='bbox 1173 4727 1402 4799; x_wconf 76' lang='lat' dir='ltr'><strong>gloriam</strong></span> <span class='ocrx_word' id='word_1_383' title='bbox 1438 4727 1547 4780; x_wconf 85' lang='lat' dir='ltr'><strong>Deo</strong></span> <span class='ocrx_word' id='word_1_384' title='bbox 1576 4742 1590 4777; x_wconf 86' lang='lat'><strong>:</strong></span> <span class='ocrx_word' id='word_1_385' title='bbox 1618 4740 1716 4795; x_wconf 81' lang='lat' dir='ltr'><strong>per</strong></span> <span class='ocrx_word' id='word_1_386' title='bbox 1738 4723 1885 4778; x_wconf 91' lang='lat' dir='ltr'><strong>bunc</strong></span> 
     </span>
    </p>
   </div>
   <div class='ocr_carea' id='block_1_50' title="bbox 283 4815 1888 4908">
    <p class='ocr_par' dir='ltr' id='par_1_50' title="bbox 283 4815 1888 4908">
     <span class='ocr_line' id='line_1_50' title="bbox 283 4815 1888 4908; baseline -0.012 -23"><span class='ocrx_word' id='word_1_387' title='bbox 283 4837 501 4908; x_wconf 71' lang='lat' dir='ltr'><strong>quidem</strong></span> <span class='ocrx_word' id='word_1_388' title='bbox 533 4827 804 4899; x_wconf 88' lang='lat' dir='ltr'><strong>leprosum</strong></span> <span class='ocrx_word' id='word_1_389' title='bbox 825 4824 1027 4879; x_wconf 88' lang='lat' dir='ltr'><strong>docens</strong></span> <span class='ocrx_word' id='word_1_390' title='bbox 1055 4835 1153 4874; x_wconf 91' lang='lat' dir='ltr'><strong>nos</strong></span> <span class='ocrx_word' id='word_1_391' title='bbox 1180 4861 1194 4882; x_wconf 91' lang='lat'><strong>,</strong></span> <span class='ocrx_word' id='word_1_392' title='bbox 1224 4827 1280 4871; x_wconf 89' lang='lat' dir='ltr'><strong>ut</strong></span> <span class='ocrx_word' id='word_1_393' title='bbox 1308 4817 1424 4871; x_wconf 88' lang='lat' dir='ltr'><strong>sine</strong></span> <span class='ocrx_word' id='word_1_394' title='bbox 1451 4815 1588 4869; x_wconf 79' lang='lat' dir='ltr'><strong>fastu</strong></span> <span class='ocrx_word' id='word_1_395' title='bbox 1619 4816 1786 4869; x_wconf 87' lang='lat' dir='ltr'><strong>simus</strong></span> <span class='ocrx_word' id='word_1_396' title='bbox 1833 4821 1888 4868; x_wconf 89' lang='lat' dir='ltr'><strong>et</strong></span> 
     </span>
    </p>
   </div>
   <div class='ocr_carea' id='block_1_51' title="bbox 283 4904 1889 4989">
    <p class='ocr_par' dir='ltr' id='par_1_51' title="bbox 283 4904 1889 4989">
     <span class='ocr_line' id='line_1_51' title="bbox 283 4904 1889 4989; baseline -0.013 -11"><span class='ocrx_word' id='word_1_397' title='bbox 283 4904 480 4978; x_wconf 71' lang='lat' dir='ltr'><strong>vanam</strong></span> <span class='ocrx_word' id='word_1_398' title='bbox 508 4919 729 4989; x_wconf 82' lang='lat' dir='ltr'><strong>gloriam</strong></span> <span class='ocrx_word' id='word_1_399' title='bbox 757 4915 1020 4985; x_wconf 81' lang='lat' dir='ltr'><strong>fugiamus</strong></span> <span class='ocrx_word' id='word_1_400' title='bbox 1044 4927 1059 4978; x_wconf 90' lang='lat'><strong>;</strong></span> <span class='ocrx_word' id='word_1_401' title='bbox 1095 4925 1189 4980; x_wconf 89' lang='lat' dir='ltr'><strong>per</strong></span> <span class='ocrx_word' id='word_1_402' title='bbox 1219 4908 1370 4963; x_wconf 89' lang='lat' dir='ltr'><strong>illum</strong></span> <span class='ocrx_word' id='word_1_403' title='bbox 1399 4922 1551 4971; x_wconf 81' lang='lat' dir='ltr'><strong>vero,</strong></span> <span class='ocrx_word' id='word_1_404' title='bbox 1591 4914 1646 4958; x_wconf 91' lang='lat' dir='ltr'><strong>ut</strong></span> <span class='ocrx_word' id='word_1_405' title='bbox 1673 4904 1806 4973; x_wconf 85' lang='lat' dir='ltr'><strong>grati</strong></span> <span class='ocrx_word' id='word_1_406' title='bbox 1834 4911 1889 4957; x_wconf 87' lang='lat' dir='ltr'><strong>et</strong></span> 
     </span>
    </p>
   </div>
   <div class='ocr_carea' id='block_1_52' title="bbox 284 4994 1888 5070">
    <p class='ocr_par' dir='ltr' id='par_1_52' title="bbox 284 4994 1888 5070">
     <span class='ocr_line' id='line_1_52' title="bbox 284 4994 1888 5070; baseline -0.013 -1"><span class='ocrx_word' id='word_1_407' title='bbox 284 5011 676 5069; x_wconf 82' lang='lat' dir='ltr'><strong>beneﬁciorum</strong></span> <span class='ocrx_word' id='word_1_408' title='bbox 705 5018 975 5061; x_wconf 78' lang='lat' dir='ltr'><strong>memores</strong></span> <span class='ocrx_word' id='word_1_409' title='bbox 1006 5020 1019 5056; x_wconf 90' lang='lat'>:</span> <span class='ocrx_word' id='word_1_410' title='bbox 1048 5013 1211 5070; x_wconf 88' lang='lat' dir='ltr'><strong>atque</strong></span> <span class='ocrx_word' id='word_1_411' title='bbox 1239 5012 1337 5052; x_wconf 90' lang='lat' dir='ltr'><strong>nos</strong></span> <span class='ocrx_word' id='word_1_412' title='bbox 1373 4998 1661 5051; x_wconf 87' lang='lat' dir='ltr'><strong>instituens</strong></span> <span class='ocrx_word' id='word_1_413' title='bbox 1691 4994 1888 5063; x_wconf 90' lang='lat' dir='ltr'><strong>ubique</strong></span> 
     </span>
    </p>
   </div>
   <div class='ocr_carea' id='block_1_53' title="bbox 286 5084 1884 5157">
    <p class='ocr_par' dir='ltr' id='par_1_53' title="bbox 286 5084 1884 5157">
     <span class='ocr_line' id='line_1_53' title="bbox 286 5084 1884 5157; baseline -0.013 0"><span class='ocrx_word' id='word_1_414' title='bbox 286 5116 346 5157; x_wconf 83' lang='lat' dir='ltr'><strong>ut</strong></span> <span class='ocrx_word' id='word_1_415' title='bbox 396 5099 609 5155; x_wconf 86' lang='lat' dir='ltr'><strong>laudem</strong></span> <span class='ocrx_word' id='word_1_416' title='bbox 645 5095 869 5152; x_wconf 82' lang='lat' dir='ltr'><strong>Domino</strong></span> <span class='ocrx_word' id='word_1_417' title='bbox 897 5092 1213 5147; x_wconf 77' lang='lat' dir='ltr'><strong>referamus.</strong></span> <span class='ocrx_word' id='word_1_418' title='bbox 1242 5089 1379 5156; x_wconf 83' lang='lat' dir='ltr'><strong>Quia</strong></span> <span class='ocrx_word' id='word_1_419' title='bbox 1419 5087 1563 5142; x_wconf 89' lang='lat' dir='ltr'><strong>enim</strong></span> <span class='ocrx_word' id='word_1_420' title='bbox 1616 5084 1884 5149; x_wconf 89' lang='lat' dir='ltr'><strong>homines,</strong></span> 
     </span>
    </p>
   </div>
   <div class='ocr_carea' id='block_1_54' title="bbox 287 5177 1885 5263">
    <p class='ocr_par' dir='ltr' id='par_1_54' title="bbox 287 5177 1885 5263">
     <span class='ocr_line' id='line_1_54' title="bbox 287 5177 1885 5263; baseline -0.012 -15"><span class='ocrx_word' id='word_1_421' title='bbox 287 5207 346 5249; x_wconf 90' lang='lat' dir='ltr'><strong>ut</strong></span> <span class='ocrx_word' id='word_1_422' title='bbox 376 5194 684 5263; x_wconf 81' lang='lat' dir='ltr'><strong>plurimum,</strong></span> <span class='ocrx_word' id='word_1_423' title='bbox 713 5202 836 5243; x_wconf 90' lang='lat' dir='ltr'><strong>cum</strong></span> <span class='ocrx_word' id='word_1_424' title='bbox 863 5184 1052 5239; x_wconf 90' lang='lat' dir='ltr'><strong>morbo</strong></span> <span class='ocrx_word' id='word_1_425' title='bbox 1082 5183 1350 5246; x_wconf 84' lang='lat' dir='ltr'><strong>laborant,</strong></span> <span class='ocrx_word' id='word_1_426' title='bbox 1386 5180 1478 5234; x_wconf 87' lang='lat' dir='ltr'><strong>Dei</strong></span> <span class='ocrx_word' id='word_1_427' title='bbox 1509 5177 1885 5241; x_wconf 87' lang='lat' dir='ltr'><strong>recordantur,</strong></span> 
     </span>
    </p>
   </div>
   <div class='ocr_carea' id='block_1_55' title="bbox 289 5269 1891 5349">
    <p class='ocr_par' dir='ltr' id='par_1_55' title="bbox 289 5269 1891 5349">
     <span class='ocr_line' id='line_1_55' title="bbox 289 5269 1891 5349; baseline -0.012 -8"><span class='ocrx_word' id='word_1_428' title='bbox 289 5284 482 5341; x_wconf 75' lang='lat' dir='ltr'><strong>tiiorbo</strong></span> <span class='ocrx_word' id='word_1_429' title='bbox 504 5292 680 5337; x_wconf 86' lang='lat' dir='ltr'><strong>autem</strong></span> <span class='ocrx_word' id='word_1_430' title='bbox 706 5277 931 5349; x_wconf 87' lang='lat' dir='ltr'><strong>depulso</strong></span> <span class='ocrx_word' id='word_1_431' title='bbox 953 5317 967 5342; x_wconf 92' lang='lat'><strong>,</strong></span> <span class='ocrx_word' id='word_1_432' title='bbox 999 5274 1277 5344; x_wconf 81' lang='lat' dir='ltr'><strong>segniores</strong></span> <span class='ocrx_word' id='word_1_433' title='bbox 1305 5271 1538 5327; x_wconf 81' lang='lat' dir='ltr'><strong>evadunt</strong></span> <span class='ocrx_word' id='word_1_434' title='bbox 1578 5288 1590 5322; x_wconf 88' lang='lat'><strong>:</strong></span> <span class='ocrx_word' id='word_1_435' title='bbox 1617 5269 1814 5339; x_wconf 74' lang='lat' dir='ltr'><strong>iubens</strong></span> <span class='ocrx_word' id='word_1_436' title='bbox 1836 5276 1891 5323; x_wconf 87' lang='lat' dir='ltr'><strong>et</strong></span> 
     </span>
    </p>
   </div>
   <div class='ocr_carea' id='block_1_56' title="bbox 290 5360 1886 5444">
    <p class='ocr_par' dir='ltr' id='par_1_56' title="bbox 290 5360 1886 5444">
     <span class='ocr_line' id='line_1_56' title="bbox 290 5360 1886 5444; baseline -0.012 -13"><span class='ocrx_word' id='word_1_437' title='bbox 290 5391 467 5444; x_wconf 75' lang='lat' dir='ltr'><strong>a-gros</strong></span> <span class='ocrx_word' id='word_1_438' title='bbox 495 5390 549 5429; x_wconf 86' lang='lat' dir='ltr'><strong>et</strong></span> <span class='ocrx_word' id='word_1_439' title='bbox 589 5385 750 5426; x_wconf 87' lang='lat' dir='ltr'><strong>sanos</strong></span> <span class='ocrx_word' id='word_1_440' title='bbox 776 5369 994 5424; x_wconf 84' lang='lat' dir='ltr'><strong>assidue</strong></span> <span class='ocrx_word' id='word_1_441' title='bbox 1037 5368 1088 5420; x_wconf 89' lang='lat' dir='ltr'><strong>in</strong></span> <span class='ocrx_word' id='word_1_442' title='bbox 1120 5373 1300 5418; x_wconf 86' lang='lat' dir='ltr'><strong>mente</strong></span> <span class='ocrx_word' id='word_1_443' title='bbox 1352 5361 1634 5417; x_wconf 89' lang='lat' dir='ltr'><strong>Dominum</strong></span> <span class='ocrx_word' id='word_1_444' title='bbox 1667 5360 1886 5422; x_wconf 82' lang='lat' dir='ltr'><strong>habere,</strong></span> 
     </span>
    </p>
   </div>
   <div class='ocr_carea' id='block_1_57' title="bbox 290 5456 1403 5538">
    <p class='ocr_par' dir='ltr' id='par_1_57' title="bbox 290 5456 1403 5538">
     <span class='ocr_line' id='line_1_57' title="bbox 290 5456 1403 5538; baseline -0.014 -13"><span class='ocrx_word' id='word_1_445' title='bbox 290 5471 424 5525; x_wconf 83' lang='lat' dir='ltr'><strong>dicit</strong></span> <span class='ocrx_word' id='word_1_446' title='bbox 457 5485 468 5521; x_wconf 90' lang='lat'><strong>:</strong></span> <span class='ocrx_word' id='word_1_447' title='bbox 499 5465 580 5520; x_wconf 82' lang='lat' dir='ltr'><strong>Da</strong></span> <span class='ocrx_word' id='word_1_448' title='bbox 605 5466 818 5538; x_wconf 66' lang='lat' dir='ltr'><strong>gloriati:</strong></span> <span class='ocrx_word' id='word_1_449' title='bbox 847 5462 954 5515; x_wconf 80' lang='lat' dir='ltr'><strong>Deo</strong></span> <span class='ocrx_word' id='word_1_450' title='bbox 977 5459 1154 5532; x_wconf 79' lang='lat' dir='ltr'><strong>(Joan.</strong></span> <span class='ocrx_word' id='word_1_451' title='bbox 1187 5458 1240 5513; x_wconf 81' lang='lat'><strong>9.</strong></span> <span class='ocrx_word' id='word_1_452' title='bbox 1270 5456 1342 5511; x_wconf 63' lang='grc'><strong>24</strong></span> <span class='ocrx_word' id='word_1_453' title='bbox 1364 5459 1403 5525; x_wconf 94' lang='grc'>).</span> 
     </span>
    </p>
   </div>
   <div class='ocr_carea' id='block_1_58' title="bbox 361 5728 1488 5796">
    <p class='ocr_par' dir='ltr' id='par_1_58' title="bbox 361 5728 1488 5796">
     <span class='ocr_line' id='line_1_58' title="bbox 361 5728 1488 5796; baseline -0.016 -14"><span class='ocrx_word' id='word_1_454' title='bbox 361 5737 377 5768; x_wconf 83' lang='grc' dir='ltr'><strong>ι</strong></span> <span class='ocrx_word' id='word_1_455' title='bbox 415 5743 553 5783; x_wconf 56' lang='grc' dir='ltr'>,ιλιιιη</span> <span class='ocrx_word' id='word_1_456' title='bbox 575 5728 977 5796; x_wconf 67' lang='lat' dir='ltr'><strong>alioslegt-ndmn</strong></span> <span class='ocrx_word' id='word_1_457' title='bbox 1009 5731 1158 5784; x_wconf 78' lang='lat' dir='ltr'><strong>esset,</strong></span> <span class='ocrx_word' id='word_1_458' title='bbox 1184 5731 1488 5772; x_wconf 57' lang='lat' dir='ltr'><strong>Acarnanum.</strong></span> 
     </span>
    </p>
   </div>
   <div class='ocr_carea' id='block_1_59' title="bbox 359 5796 870 5859">
    <p class='ocr_par' dir='ltr' id='par_1_59' title="bbox 359 5796 870 5859">
     <span class='ocr_line' id='line_1_59' title="bbox 359 5796 870 5859; baseline -0.022 -12"><span class='ocrx_word' id='word_1_459' title='bbox 359 5801 380 5833; x_wconf 75' lang='grc'>³</span> <span class='ocrx_word' id='word_1_460' title='bbox 411 5804 497 5846; x_wconf 68' lang='lat' dir='ltr'><strong>bat</strong></span> <span class='ocrx_word' id='word_1_461' title='bbox 512 5799 542 5846; x_wconf 91' lang='lat' dir='ltr'><strong>il</strong></span> <span class='ocrx_word' id='word_1_462' title='bbox 556 5834 585 5859; x_wconf 71' lang='lat'><strong>.,</strong></span> <span class='ocrx_word' id='word_1_463' title='bbox 607 5796 870 5843; x_wconf 69' lang='lat' dir='ltr'><strong>ttttdttot&#39;rs.</strong></span> 
     </span>
    </p>
   </div>
   <div class='ocr_carea' id='block_1_60' title="bbox 1224 314 2554 371">
    <p class='ocr_par' dir='ltr' id='par_1_60' title="bbox 1224 314 2554 371">
     <span class='ocr_line' id='line_1_60' title="bbox 1224 314 2554 371; baseline 0.001 -1"><span class='ocrx_word' id='word_1_464' title='bbox 1224 318 1286 371; x_wconf 71' lang='grc' dir='ltr'>ΙΝ</span> <span class='ocrx_word' id='word_1_465' title='bbox 1326 316 1730 371; x_wconf 56' lang='grc' dir='ltr'>ιιριτλιιιιωιι</span> <span class='ocrx_word' id='word_1_466' title='bbox 1767 316 1995 371; x_wconf 74' lang='grc' dir='ltr'><strong>ΗΟΜΙΙ..</strong></span> <span class='ocrx_word' id='word_1_467' title='bbox 2042 315 2205 370; x_wconf 67' lang='lat' dir='ltr'><strong>XXV.</strong></span> <span class='ocrx_word' id='word_1_468' title='bbox 2248 317 2317 370; x_wconf 89' lang='lat' dir='ltr'><strong>al.</strong></span> <span class='ocrx_word' id='word_1_469' title='bbox 2362 314 2554 371; x_wconf 69' lang='lat' dir='ltr'><strong>XXVI.</strong></span> 
     </span>
    </p>
   </div>
   <div class='ocr_carea' id='block_1_61' title="bbox 3473 317 3582 374">
    <p class='ocr_par' dir='ltr' id='par_1_61' title="bbox 3473 317 3582 374">
     <span class='ocr_line' id='line_1_61' title="bbox 3473 317 3582 374; baseline 0.028 -3"><span class='ocrx_word' id='word_1_470' title='bbox 3473 317 3582 374; x_wconf 75' lang='lat'><strong>530</strong></span> 
     </span>
    </p>
   </div>
   <div class='ocr_carea' id='block_1_62' title="bbox 2042 425 3574 498">
    <p class='ocr_par' dir='ltr' id='par_1_62' title="bbox 2042 425 3574 498">
     <span class='ocr_line' id='line_1_62' title="bbox 2042 425 3574 498; baseline 0 -16"><span class='ocrx_word' id='word_1_471' title='bbox 2042 429 2274 482; x_wconf 75' lang='lat' dir='ltr'><strong>Christus</strong></span> <span class='ocrx_word' id='word_1_472' title='bbox 2305 429 2455 481; x_wconf 80' lang='lat' dir='ltr'><strong>modo</strong></span> <span class='ocrx_word' id='word_1_473' title='bbox 2483 428 2641 498; x_wconf 64' lang='lat' dir='ltr'><strong>legem</strong></span> <span class='ocrx_word' id='word_1_474' title='bbox 2663 425 2913 489; x_wconf 69' lang='lat' dir='ltr'><strong>serrat‘at,</strong></span> <span class='ocrx_word' id='word_1_475' title='bbox 2937 436 3088 479; x_wconf 65' lang='lat' dir='ltr'><strong>modo</strong></span> <span class='ocrx_word' id='word_1_476' title='bbox 3109 443 3209 478; x_wconf 87' lang='lat' dir='ltr'><strong>non</strong></span> <span class='ocrx_word' id='word_1_477' title='bbox 3238 432 3484 483; x_wconf 70' lang='lat' dir='ltr'><strong>servabat.</strong></span> <span class='ocrx_word' id='word_1_478' title='bbox 3507 463 3574 473; x_wconf 88' lang='lat'><strong>--</strong></span> 
     </span>
    </p>
   </div>
   <div class='ocr_carea' id='block_1_63' title="bbox 1967 519 3580 590">
    <p class='ocr_par' dir='ltr' id='par_1_63' title="bbox 1967 519 3580 590">
     <span class='ocr_line' id='line_1_63' title="bbox 1967 519 3580 590; baseline 0.004 -19"><span class='ocrx_word' id='word_1_479' title='bbox 1967 521 2074 574; x_wconf 80' lang='lat' dir='ltr'><strong>Cur</strong></span> <span class='ocrx_word' id='word_1_480' title='bbox 2115 532 2292 574; x_wconf 85' lang='lat' dir='ltr'><strong>autem</strong></span> <span class='ocrx_word' id='word_1_481' title='bbox 2333 522 2588 590; x_wconf 66' lang='lat' dir='ltr'><strong>praecepit</strong></span> <span class='ocrx_word' id='word_1_482' title='bbox 2630 529 2686 574; x_wconf 89' lang='lat' dir='ltr'><strong>ut</strong></span> <span class='ocrx_word' id='word_1_483' title='bbox 2733 519 3046 574; x_wconf 79' lang='lat' dir='ltr'><strong>ostenderet</strong></span> <span class='ocrx_word' id='word_1_484' title='bbox 3082 535 3142 575; x_wconf 85' lang='lat' dir='ltr'><strong>se</strong></span> <span class='ocrx_word' id='word_1_485' title='bbox 3172 521 3463 586; x_wconf 80' lang='lat' dir='ltr'><strong>sacerdoti,</strong></span> <span class='ocrx_word' id='word_1_486' title='bbox 3522 534 3580 579; x_wconf 82' lang='lat' dir='ltr'><strong>ct</strong></span> 
     </span>
    </p>
   </div>
   <div class='ocr_carea' id='block_1_64' title="bbox 1967 611 3578 684">
    <p class='ocr_par' dir='ltr' id='par_1_64' title="bbox 1967 611 3578 684">
     <span class='ocr_line' id='line_1_64' title="bbox 1967 611 3578 684; baseline 0.004 -20"><span class='ocrx_word' id='word_1_487' title='bbox 1967 615 2168 666; x_wconf 88' lang='lat' dir='ltr'><strong>donum</strong></span> <span class='ocrx_word' id='word_1_488' title='bbox 2197 613 2418 668; x_wconf 85' lang='lat' dir='ltr'><strong>oﬂerret</strong></span> <span class='ocrx_word' id='word_1_489' title='bbox 2441 616 2462 667; x_wconf 82' lang='lat'><strong>?</strong></span> <span class='ocrx_word' id='word_1_490' title='bbox 2487 613 2555 669; x_wconf 93' lang='lat' dir='ltr'><strong>Ut</strong></span> <span class='ocrx_word' id='word_1_491' title='bbox 2574 613 2662 668; x_wconf 91' lang='lat' dir='ltr'><strong>hic</strong></span> <span class='ocrx_word' id='word_1_492' title='bbox 2692 613 2865 684; x_wconf 80' lang='lat' dir='ltr'><strong>legem</strong></span> <span class='ocrx_word' id='word_1_493' title='bbox 2895 612 3164 682; x_wconf 87' lang='lat' dir='ltr'><strong>impleret.</strong></span> <span class='ocrx_word' id='word_1_494' title='bbox 3215 611 3403 683; x_wconf 85' lang='lat' dir='ltr'><strong>Neque</strong></span> <span class='ocrx_word' id='word_1_495' title='bbox 3432 616 3578 670; x_wconf 81' lang='lat' dir='ltr'><strong>enim</strong></span> 
     </span>
    </p>
   </div>
   <div class='ocr_carea' id='block_1_65' title="bbox 1970 706 3584 774">
    <p class='ocr_par' dir='ltr' id='par_1_65' title="bbox 1970 706 3584 774">
     <span class='ocr_line' id='line_1_65' title="bbox 1970 706 3584 774; baseline 0.002 -16"><span class='ocrx_word' id='word_1_496' title='bbox 1970 706 2167 774; x_wconf 86' lang='lat' dir='ltr'><strong>ubique</strong></span> <span class='ocrx_word' id='word_1_497' title='bbox 2198 706 2446 760; x_wconf 82' lang='lat' dir='ltr'><strong>solvebat</strong></span> <span class='ocrx_word' id='word_1_498' title='bbox 2473 706 2644 771; x_wconf 83' lang='lat' dir='ltr'><strong>illaut,</strong></span> <span class='ocrx_word' id='word_1_499' title='bbox 2693 714 2751 760; x_wconf 87' lang='lat' dir='ltr'><strong>ut</strong></span> <span class='ocrx_word' id='word_1_500' title='bbox 2783 719 2884 759; x_wconf 87' lang='lat' dir='ltr'><strong>nec</strong></span> <span class='ocrx_word' id='word_1_501' title='bbox 2913 719 3130 773; x_wconf 87' lang='lat' dir='ltr'><strong>semper</strong></span> <span class='ocrx_word' id='word_1_502' title='bbox 3159 707 3446 770; x_wconf 83' lang='lat' dir='ltr'><strong>servabat;</strong></span> <span class='ocrx_word' id='word_1_503' title='bbox 3481 709 3584 761; x_wconf 83' lang='lat' dir='ltr'><strong>scd</strong></span> 
     </span>
    </p>
   </div>
   <div class='ocr_carea' id='block_1_66' title="bbox 1969 795 3579 868">
    <p class='ocr_par' dir='ltr' id='par_1_66' title="bbox 1969 795 3579 868">
     <span class='ocr_line' id='line_1_66' title="bbox 1969 795 3579 868; baseline 0.004 -19"><span class='ocrx_word' id='word_1_504' title='bbox 1969 797 2128 850; x_wconf 91' lang='lat' dir='ltr'><strong>modo</strong></span> <span class='ocrx_word' id='word_1_505' title='bbox 2154 798 2302 861; x_wconf 89' lang='lat' dir='ltr'><strong>illud,</strong></span> <span class='ocrx_word' id='word_1_506' title='bbox 2329 798 2490 852; x_wconf 92' lang='lat' dir='ltr'><strong>modo</strong></span> <span class='ocrx_word' id='word_1_507' title='bbox 2521 798 2663 852; x_wconf 89' lang='lat' dir='ltr'><strong>aliud</strong></span> <span class='ocrx_word' id='word_1_508' title='bbox 2692 815 2704 849; x_wconf 86' lang='lat'><strong>:</strong></span> <span class='ocrx_word' id='word_1_509' title='bbox 2732 797 2884 861; x_wconf 87' lang='lat' dir='ltr'><strong>illud,</strong></span> <span class='ocrx_word' id='word_1_510' title='bbox 2917 807 2973 850; x_wconf 89' lang='lat' dir='ltr'><strong>ut</strong></span> <span class='ocrx_word' id='word_1_511' title='bbox 3002 795 3195 852; x_wconf 76' lang='lat' dir='ltr'><strong>futurae</strong></span> <span class='ocrx_word' id='word_1_512' title='bbox 3213 797 3579 868; x_wconf 70' lang='lat' dir='ltr'><strong>philosophite</strong></span> 
     </span>
    </p>
   </div>
   <div class='ocr_carea' id='block_1_67' title="bbox 1969 888 3582 958">
    <p class='ocr_par' dir='ltr' id='par_1_67' title="bbox 1969 888 3582 958">
     <span class='ocr_line' id='line_1_67' title="bbox 1969 888 3582 958; baseline 0.004 -21"><span class='ocrx_word' id='word_1_513' title='bbox 1969 889 2107 941; x_wconf 83' lang='lat' dir='ltr'><strong>viam</strong></span> <span class='ocrx_word' id='word_1_514' title='bbox 2141 899 2390 957; x_wconf 86' lang='lat' dir='ltr'><strong>pararet;</strong></span> <span class='ocrx_word' id='word_1_515' title='bbox 2434 889 2594 952; x_wconf 67' lang='lat' dir='ltr'><strong>isllltl,</strong></span> <span class='ocrx_word' id='word_1_516' title='bbox 2638 899 2691 942; x_wconf 91' lang='lat' dir='ltr'><strong>ut</strong></span> <span class='ocrx_word' id='word_1_517' title='bbox 2727 888 3091 958; x_wconf 87' lang='lat' dir='ltr'><strong>impudentem</strong></span> <span class='ocrx_word' id='word_1_518' title='bbox 3124 888 3338 943; x_wconf 83' lang='lat' dir='ltr'><strong>interim</strong></span> <span class='ocrx_word' id='word_1_519' title='bbox 3366 889 3582 944; x_wconf 70' lang='lat' dir='ltr'><strong>Judmo-</strong></span> 
     </span>
    </p>
   </div>
   <div class='ocr_carea' id='block_1_68' title="bbox 1970 980 3584 1049">
    <p class='ocr_par' dir='ltr' id='par_1_68' title="bbox 1970 980 3584 1049">
     <span class='ocr_line' id='line_1_68' title="bbox 1970 980 3584 1049; baseline 0.002 -15"><span class='ocrx_word' id='word_1_520' title='bbox 1970 997 2087 1033; x_wconf 90' lang='lat' dir='ltr'><strong>rum</strong></span> <span class='ocrx_word' id='word_1_521' title='bbox 2113 983 2345 1049; x_wconf 83' lang='lat' dir='ltr'><strong>linguam</strong></span> <span class='ocrx_word' id='word_1_522' title='bbox 2369 990 2670 1044; x_wconf 73' lang='lat' dir='ltr'><strong>coerceret,</strong></span> <span class='ocrx_word' id='word_1_523' title='bbox 2700 991 2755 1034; x_wconf 87' lang='lat' dir='ltr'><strong>et</strong></span> <span class='ocrx_word' id='word_1_524' title='bbox 2781 980 2846 1034; x_wconf 90' lang='lat' dir='ltr'><strong>ad</strong></span> <span class='ocrx_word' id='word_1_525' title='bbox 2880 982 3094 1034; x_wconf 87' lang='lat' dir='ltr'><strong>illortuu</strong></span> <span class='ocrx_word' id='word_1_526' title='bbox 3139 981 3500 1035; x_wconf 76' lang='lat' dir='ltr'><strong>infirmitatem</strong></span> <span class='ocrx_word' id='word_1_527' title='bbox 3522 997 3584 1037; x_wconf 80' lang='lat' dir='ltr'><strong>se</strong></span> 
     </span>
    </p>
   </div>
   <div class='ocr_carea' id='block_1_69' title="bbox 1969 1072 3579 1142">
    <p class='ocr_par' dir='ltr' id='par_1_69' title="bbox 1969 1072 3579 1142">
     <span class='ocr_line' id='line_1_69' title="bbox 1969 1072 3579 1142; baseline 0.001 -16"><span class='ocrx_word' id='word_1_528' title='bbox 1969 1072 2301 1127; x_wconf 87' lang='lat' dir='ltr'><strong>demitteret.</strong></span> <span class='ocrx_word' id='word_1_529' title='bbox 2336 1073 2537 1142; x_wconf 76' lang='lat' dir='ltr'><strong>Ecquid</strong></span> <span class='ocrx_word' id='word_1_530' title='bbox 2569 1073 2784 1126; x_wconf 88' lang='lat' dir='ltr'><strong>miraris</strong></span> <span class='ocrx_word' id='word_1_531' title='bbox 2808 1113 2822 1136; x_wconf 94' lang='lat'><strong>,</strong></span> <span class='ocrx_word' id='word_1_532' title='bbox 2853 1072 2896 1126; x_wconf 86' lang='lat' dir='ltr'><strong>si</strong></span> <span class='ocrx_word' id='word_1_533' title='bbox 2931 1072 2982 1125; x_wconf 91' lang='lat' dir='ltr'><strong>in</strong></span> <span class='ocrx_word' id='word_1_534' title='bbox 3013 1073 3274 1142; x_wconf 88' lang='lat' dir='ltr'><strong>principio</strong></span> <span class='ocrx_word' id='word_1_535' title='bbox 3304 1072 3356 1128; x_wconf 89' lang='lat' dir='ltr'><strong>id</strong></span> <span class='ocrx_word' id='word_1_536' title='bbox 3388 1075 3579 1142; x_wconf 70' lang='lat' dir='ltr'><strong>egerit.</strong></span> 
     </span>
    </p>
   </div>
   <div class='ocr_carea' id='block_1_70' title="bbox 1969 1164 3582 1236">
    <p class='ocr_par' dir='ltr' id='par_1_70' title="bbox 1969 1164 3582 1236">
     <span class='ocr_line' id='line_1_70' title="bbox 1969 1164 3582 1236; baseline 0 -18"><span class='ocrx_word' id='word_1_537' title='bbox 1969 1165 2186 1235; x_wconf 86' lang='lat' dir='ltr'><strong>quando</strong></span> <span class='ocrx_word' id='word_1_538' title='bbox 2205 1176 2258 1219; x_wconf 88' lang='lat' dir='ltr'><strong>et</strong></span> <span class='ocrx_word' id='word_1_539' title='bbox 2279 1166 2506 1233; x_wconf 78' lang='lat' dir='ltr'><strong>apostoli</strong></span> <span class='ocrx_word' id='word_1_540' title='bbox 2539 1176 2826 1236; x_wconf 71' lang='lat' dir='ltr'><strong>posrquam</strong></span> <span class='ocrx_word' id='word_1_541' title='bbox 2853 1165 2989 1232; x_wconf 79' lang='lat' dir='ltr'><strong>jnssi</strong></span> <span class='ocrx_word' id='word_1_542' title='bbox 3027 1173 3154 1218; x_wconf 86' lang='lat' dir='ltr'><strong>sunt</strong></span> <span class='ocrx_word' id='word_1_543' title='bbox 3177 1164 3244 1220; x_wconf 88' lang='lat' dir='ltr'><strong>ad</strong></span> <span class='ocrx_word' id='word_1_544' title='bbox 3272 1175 3460 1234; x_wconf 88' lang='lat' dir='ltr'><strong>gentes</strong></span> <span class='ocrx_word' id='word_1_545' title='bbox 3484 1167 3582 1219; x_wconf 88' lang='lat' dir='ltr'><strong>mi-</strong></span> 
     </span>
    </p>
   </div>
   <div class='ocr_carea' id='block_1_71' title="bbox 1969 1253 3582 1325">
    <p class='ocr_par' dir='ltr' id='par_1_71' title="bbox 1969 1253 3582 1325">
     <span class='ocr_line' id='line_1_71' title="bbox 1969 1253 3582 1325; baseline 0 -17"><span class='ocrx_word' id='word_1_546' title='bbox 1969 1271 2144 1325; x_wconf 86' lang='lat' dir='ltr'><strong>grare,</strong></span> <span class='ocrx_word' id='word_1_547' title='bbox 2177 1267 2226 1310; x_wconf 84' lang='lat' dir='ltr'><strong>et</strong></span> <span class='ocrx_word' id='word_1_548' title='bbox 2266 1265 2446 1325; x_wconf 82' lang='lat' dir='ltr'><strong>portas</strong></span> <span class='ocrx_word' id='word_1_549' title='bbox 2496 1257 2709 1323; x_wconf 81' lang='lat' dir='ltr'><strong>aperire</strong></span> <span class='ocrx_word' id='word_1_550' title='bbox 2739 1255 2804 1308; x_wconf 85' lang='lat' dir='ltr'><strong>a&#39;d</strong></span> <span class='ocrx_word' id='word_1_551' title='bbox 2839 1254 3141 1308; x_wconf 86' lang='lat' dir='ltr'><strong>doctrinam</strong></span> <span class='ocrx_word' id='word_1_552' title='bbox 3171 1269 3267 1324; x_wconf 87' lang='lat' dir='ltr'><strong>per</strong></span> <span class='ocrx_word' id='word_1_553' title='bbox 3298 1253 3582 1308; x_wconf 81' lang='lat' dir='ltr'><strong>totutn&#39;or-</strong></span> 
     </span>
    </p>
   </div>
   <div class='ocr_carea' id='block_1_72' title="bbox 1969 1345 3586 1424">
    <p class='ocr_par' dir='ltr' id='par_1_72' title="bbox 1969 1345 3586 1424">
     <span class='ocr_line' id='line_1_72' title="bbox 1969 1345 3586 1424; baseline -0.008 -13"><span class='ocrx_word' id='word_1_554' title='bbox 1969 1356 2095 1411; x_wconf 82' lang='lat' dir='ltr'><strong>hem</strong></span> <span class='ocrx_word' id='word_1_555' title='bbox 2152 1351 2556 1424; x_wconf 84' lang='lat' dir='ltr'><strong>spargendam,</strong></span> <span class='ocrx_word' id='word_1_556' title='bbox 2606 1348 2778 1418; x_wconf 86' lang='lat' dir='ltr'><strong>legem</strong></span> <span class='ocrx_word' id='word_1_557' title='bbox 2835 1346 3166 1411; x_wconf 68' lang='grc' dir='ltr'>ιιιιιιιυιιθτο,</span> <span class='ocrx_word' id='word_1_558' title='bbox 3218 1359 3360 1398; x_wconf 87' lang='lat' dir='ltr'><strong>nova</strong></span> <span class='ocrx_word' id='word_1_559' title='bbox 3419 1345 3586 1400; x_wconf 67' lang='lat' dir='ltr'><strong>insti~</strong></span> 
     </span>
    </p>
   </div>
   <div class='ocr_carea' id='block_1_73' title="bbox 1971 1438 3574 1510">
    <p class='ocr_par' dir='ltr' id='par_1_73' title="bbox 1971 1438 3574 1510">
     <span class='ocr_line' id='line_1_73' title="bbox 1971 1438 3574 1510; baseline -0.007 -8"><span class='ocrx_word' id='word_1_560' title='bbox 1971 1456 2144 1509; x_wconf 85' lang='lat' dir='ltr'><strong>tuere,</strong></span> <span class='ocrx_word' id='word_1_561' title='bbox 2173 1454 2351 1498; x_wconf 86' lang='lat' dir='ltr'><strong>vetera</strong></span> <span class='ocrx_word' id='word_1_562' title='bbox 2382 1441 2652 1510; x_wconf 87' lang='lat' dir='ltr'><strong>abrogare</strong></span> <span class='ocrx_word' id='word_1_563' title='bbox 2676 1441 2862 1493; x_wconf 87' lang='lat' dir='ltr'><strong>omnia</strong></span> <span class='ocrx_word' id='word_1_564' title='bbox 2884 1457 2898 1498; x_wconf 82' lang='lat'><strong>;</strong></span> <span class='ocrx_word' id='word_1_565' title='bbox 2924 1441 3088 1495; x_wconf 81' lang='lat' dir='ltr'><strong>modo</strong></span> <span class='ocrx_word' id='word_1_566' title='bbox 3118 1438 3291 1510; x_wconf 81' lang='lat' dir='ltr'><strong>legem</strong></span> <span class='ocrx_word' id='word_1_567' title='bbox 3325 1449 3574 1499; x_wconf 80' lang='lat' dir='ltr'><strong>servare,</strong></span> 
     </span>
    </p>
   </div>
   <div class='ocr_carea' id='block_1_74' title="bbox 1972 1519 3578 1596">
    <p class='ocr_par' dir='ltr' id='par_1_74' title="bbox 1972 1519 3578 1596">
     <span class='ocr_line' id='line_1_74' title="bbox 1972 1519 3578 1596; baseline -0.008 -10"><span class='ocrx_word' id='word_1_568' title='bbox 1972 1533 2132 1586; x_wconf 86' lang='lat' dir='ltr'><strong>modo</strong></span> <span class='ocrx_word' id='word_1_569' title='bbox 2161 1530 2308 1584; x_wconf 85' lang='lat' dir='ltr'><strong>illam</strong></span> <span class='ocrx_word' id='word_1_570' title='bbox 2340 1528 2636 1596; x_wconf 75' lang='lat' dir='ltr'><strong>transgredi</strong></span> <span class='ocrx_word' id='word_1_571' title='bbox 2659 1523 3164 1595; x_wconf 86' lang='lat' dir='ltr'><strong>deprehenduntur.</strong></span> <span class='ocrx_word' id='word_1_572' title='bbox 3199 1524 3266 1578; x_wconf 87' lang='lat' dir='ltr'><strong>Et</strong></span> <span class='ocrx_word' id='word_1_573' title='bbox 3285 1521 3416 1594; x_wconf 87' lang='lat' dir='ltr'><strong>quid</strong></span> <span class='ocrx_word' id='word_1_574' title='bbox 3455 1519 3578 1584; x_wconf 80' lang='lat' dir='ltr'><strong>hoc,</strong></span> 
     </span>
    </p>
   </div>
   <div class='ocr_carea' id='block_1_75' title="bbox 1974 1613 3580 1695">
    <p class='ocr_par' dir='ltr' id='par_1_75' title="bbox 1974 1613 3580 1695">
     <span class='ocr_line' id='line_1_75' title="bbox 1974 1613 3580 1695; baseline -0.009 -15"><span class='ocrx_word' id='word_1_575' title='bbox 1974 1627 2222 1695; x_wconf 80' lang='lat' dir='ltr'><strong>inquies,</strong></span> <span class='ocrx_word' id='word_1_576' title='bbox 2276 1625 2341 1678; x_wconf 89' lang='lat' dir='ltr'><strong>ad</strong></span> <span class='ocrx_word' id='word_1_577' title='bbox 2396 1623 2530 1694; x_wconf 75' lang='lat' dir='ltr'><strong>legis</strong></span> <span class='ocrx_word' id='word_1_578' title='bbox 2579 1621 2876 1675; x_wconf 81' lang='lat' dir='ltr'><strong>custodiam</strong></span> <span class='ocrx_word' id='word_1_579' title='bbox 2933 1617 3162 1680; x_wconf 80' lang='lat' dir='ltr'><strong>confert,</strong></span> <span class='ocrx_word' id='word_1_580' title='bbox 3214 1613 3357 1683; x_wconf 86' lang='lat' dir='ltr'><strong>quod</strong></span> <span class='ocrx_word' id='word_1_581' title='bbox 3417 1613 3580 1676; x_wconf 82' lang='lat' dir='ltr'><strong>dicat,</strong></span> 
     </span>
    </p>
   </div>
   <div class='ocr_carea' id='block_1_76' title="bbox 1975 1704 3580 1784">
    <p class='ocr_par' dir='ltr' id='par_1_76' title="bbox 1975 1704 3580 1784">
     <span class='ocr_line' id='line_1_76' title="bbox 1975 1704 3580 1784; baseline -0.009 -13"><span class='ocrx_word' id='word_1_582' title='bbox 1975 1717 2198 1771; x_wconf 80' lang='lat' dir='ltr'><strong>Ostende</strong></span> <span class='ocrx_word' id='word_1_583' title='bbox 2246 1727 2293 1770; x_wconf 79' lang='lat' dir='ltr'><strong>te</strong></span> <span class='ocrx_word' id='word_1_584' title='bbox 2336 1715 2585 1770; x_wconf 81' lang='lat' dir='ltr'><strong>sacerdoti</strong></span> <span class='ocrx_word' id='word_1_585' title='bbox 2627 1712 2771 1784; x_wconf 80' lang='lat' dir='ltr'><strong>(ch.</strong></span> <span class='ocrx_word' id='word_1_586' title='bbox 2809 1711 2940 1779; x_wconf 65' lang='lat' dir='ltr'><strong>li)?</strong></span> <span class='ocrx_word' id='word_1_587' title='bbox 2966 1708 3080 1762; x_wconf 87' lang='lat' dir='ltr'><strong>Non</strong></span> <span class='ocrx_word' id='word_1_588' title='bbox 3120 1721 3308 1776; x_wconf 87' lang='lat' dir='ltr'><strong>parum</strong></span> <span class='ocrx_word' id='word_1_589' title='bbox 3349 1704 3580 1760; x_wconf 82' lang='lat' dir='ltr'><strong>confert.</strong></span> 
     </span>
    </p>
   </div>
   <div class='ocr_carea' id='block_1_77' title="bbox 1977 1797 3580 1878">
    <p class='ocr_par' dir='ltr' id='par_1_77' title="bbox 1977 1797 3580 1878">
     <span class='ocr_line' id='line_1_77' title="bbox 1977 1797 3580 1878; baseline -0.009 -15"><span class='ocrx_word' id='word_1_590' title='bbox 1977 1811 2103 1863; x_wconf 72' lang='lat' dir='ltr'><strong>lirat</strong></span> <span class='ocrx_word' id='word_1_591' title='bbox 2127 1809 2326 1878; x_wconf 87' lang='lat' dir='ltr'><strong>quippe</strong></span> <span class='ocrx_word' id='word_1_592' title='bbox 2353 1807 2433 1860; x_wconf 79' lang='lat' dir='ltr'><strong>lex</strong></span> <span class='ocrx_word' id='word_1_593' title='bbox 2468 1807 2640 1868; x_wconf 74' lang='lat' dir='ltr'><strong>vetns,</strong></span> <span class='ocrx_word' id='word_1_594' title='bbox 2687 1812 2744 1858; x_wconf 90' lang='lat' dir='ltr'><strong>ut</strong></span> <span class='ocrx_word' id='word_1_595' title='bbox 2771 1803 3015 1873; x_wconf 74' lang='lat' dir='ltr'><strong>lcprose:</strong></span> <span class='ocrx_word' id='word_1_596' title='bbox 3042 1799 3332 1852; x_wconf 87' lang='lat' dir='ltr'><strong>mundatus</strong></span> <span class='ocrx_word' id='word_1_597' title='bbox 3362 1811 3431 1850; x_wconf 90' lang='lat' dir='ltr'><strong>ne</strong></span> <span class='ocrx_word' id='word_1_598' title='bbox 3478 1797 3580 1849; x_wconf 88' lang='lat' dir='ltr'><strong>sibi</strong></span> 
     </span>
    </p>
   </div>
   <div class='ocr_carea' id='block_1_78' title="bbox 1974 1887 3585 1971">
    <p class='ocr_par' dir='ltr' id='par_1_78' title="bbox 1974 1887 3585 1971">
     <span class='ocr_line' id='line_1_78' title="bbox 1974 1887 3585 1971; baseline -0.007 -18"><span class='ocrx_word' id='word_1_599' title='bbox 1974 1901 2268 1971; x_wconf 77' lang='lat' dir='ltr'><strong>probanda:</strong></span> <span class='ocrx_word' id='word_1_600' title='bbox 2315 1898 2678 1953; x_wconf 81' lang='lat' dir='ltr'><strong>utundationis</strong></span> <span class='ocrx_word' id='word_1_601' title='bbox 2725 1896 3100 1950; x_wconf 86' lang='lat' dir='ltr'><strong>auctoritatem</strong></span> <span class='ocrx_word' id='word_1_602' title='bbox 3149 1887 3585 1958; x_wconf 72' lang='lat' dir='ltr'><strong>arrogaret;scd</strong></span> 
     </span>
    </p>
   </div>
   <div class='ocr_carea' id='block_1_79' title="bbox 1973 1979 3588 2056">
    <p class='ocr_par' dir='ltr' id='par_1_79' title="bbox 1973 1979 3588 2056">
     <span class='ocr_line' id='line_1_79' title="bbox 1973 1979 3588 2056; baseline -0.011 -8"><span class='ocrx_word' id='word_1_603' title='bbox 1973 2011 2031 2048; x_wconf 87' lang='lat' dir='ltr'><strong>se</strong></span> <span class='ocrx_word' id='word_1_604' title='bbox 2058 1992 2366 2048; x_wconf 87' lang='lat' dir='ltr'><strong>ostenderet</strong></span> <span class='ocrx_word' id='word_1_605' title='bbox 2394 1989 2661 2044; x_wconf 82' lang='lat' dir='ltr'><strong>sacerdoti</strong></span> <span class='ocrx_word' id='word_1_606' title='bbox 2688 2031 2702 2052; x_wconf 92' lang='lat'><strong>,</strong></span> <span class='ocrx_word' id='word_1_607' title='bbox 2735 1987 3012 2056; x_wconf 70' lang='lat' dir='ltr'><strong>ipsiusque</strong></span> <span class='ocrx_word' id='word_1_608' title='bbox 3057 1983 3134 2038; x_wconf 89' lang='lat' dir='ltr'><strong>rei</strong></span> <span class='ocrx_word' id='word_1_609' title='bbox 3166 1979 3588 2034; x_wconf 82' lang='lat' dir='ltr'><strong>demonstratio-</strong></span> 
     </span>
    </p>
   </div>
   <div class='ocr_carea' id='block_1_80' title="bbox 1975 2072 3589 2154">
    <p class='ocr_par' dir='ltr' id='par_1_80' title="bbox 1975 2072 3589 2154">
     <span class='ocr_line' id='line_1_80' title="bbox 1975 2072 3589 2154; baseline -0.011 -14"><span class='ocrx_word' id='word_1_610' title='bbox 1975 2103 2095 2140; x_wconf 84' lang='lat' dir='ltr'><strong>nem</strong></span> <span class='ocrx_word' id='word_1_611' title='bbox 2125 2085 2387 2154; x_wconf 65' lang='lat' dir='ltr'><strong>praiberet</strong></span> <span class='ocrx_word' id='word_1_612' title='bbox 2416 2124 2428 2145; x_wconf 94' lang='lat'><strong>,</strong></span> <span class='ocrx_word' id='word_1_613' title='bbox 2464 2091 2520 2134; x_wconf 90' lang='lat' dir='ltr'><strong>ut</strong></span> <span class='ocrx_word' id='word_1_614' title='bbox 2563 2081 2730 2148; x_wconf 85' lang='lat' dir='ltr'><strong>ipsius</strong></span> <span class='ocrx_word' id='word_1_615' title='bbox 2778 2077 2986 2132; x_wconf 89' lang='lat' dir='ltr'><strong>calculo</strong></span> <span class='ocrx_word' id='word_1_616' title='bbox 3021 2072 3236 2128; x_wconf 83' lang='lat' dir='ltr'><strong>nuindis</strong></span> <span class='ocrx_word' id='word_1_617' title='bbox 3262 2084 3589 2124; x_wconf 78' lang='lat' dir='ltr'><strong>annumera-</strong></span> 
     </span>
    </p>
   </div>
   <div class='ocr_carea' id='block_1_81' title="bbox 1975 2161 3591 2233">
    <p class='ocr_par' dir='ltr' id='par_1_81' title="bbox 1975 2161 3591 2233">
     <span class='ocr_line' id='line_1_81' title="bbox 1975 2161 3591 2233; baseline -0.011 -1"><span class='ocrx_word' id='word_1_618' title='bbox 1975 2190 2142 2232; x_wconf 87' lang='lat' dir='ltr'><strong>retur.</strong></span> <span class='ocrx_word' id='word_1_619' title='bbox 2173 2175 2286 2229; x_wconf 78' lang='lat' dir='ltr'><strong>Nisi</strong></span> <span class='ocrx_word' id='word_1_620' title='bbox 2332 2174 2474 2228; x_wconf 88' lang='lat' dir='ltr'><strong>enim</strong></span> <span class='ocrx_word' id='word_1_621' title='bbox 2504 2171 2762 2226; x_wconf 76' lang='lat' dir='ltr'><strong>sacerdos</strong></span> <span class='ocrx_word' id='word_1_622' title='bbox 2800 2167 3045 2233; x_wconf 57' lang='lat' dir='ltr'><strong>dixisset,</strong></span> <span class='ocrx_word' id='word_1_623' title='bbox 3078 2165 3393 2220; x_wconf 81' lang='lat' dir='ltr'><strong>mandatum</strong></span> <span class='ocrx_word' id='word_1_624' title='bbox 3424 2161 3591 2215; x_wconf 78' lang='lat' dir='ltr'><strong>fuisse</strong></span> 
     </span>
    </p>
   </div>
   <div class='ocr_carea' id='block_1_82' title="bbox 1976 2255 3589 2338">
    <p class='ocr_par' dir='ltr' id='par_1_82' title="bbox 1976 2255 3589 2338">
     <span class='ocr_line' id='line_1_82' title="bbox 1976 2255 3589 2338; baseline -0.012 -14"><span class='ocrx_word' id='word_1_625' title='bbox 1976 2271 2268 2338; x_wconf 82' lang='lat' dir='ltr'><strong>leprosum,</strong></span> <span class='ocrx_word' id='word_1_626' title='bbox 2311 2267 2354 2319; x_wconf 89' lang='lat' dir='ltr'><strong>is</strong></span> <span class='ocrx_word' id='word_1_627' title='bbox 2388 2280 2511 2321; x_wconf 87' lang='lat' dir='ltr'><strong>cum</strong></span> <span class='ocrx_word' id='word_1_628' title='bbox 2554 2261 2844 2318; x_wconf 88' lang='lat' dir='ltr'><strong>immundis</strong></span> <span class='ocrx_word' id='word_1_629' title='bbox 2885 2267 3038 2314; x_wconf 77' lang='lat' dir='ltr'><strong>extra</strong></span> <span class='ocrx_word' id='word_1_630' title='bbox 3070 2267 3246 2312; x_wconf 83' lang='lat' dir='ltr'><strong>castra</strong></span> <span class='ocrx_word' id='word_1_631' title='bbox 3277 2255 3589 2310; x_wconf 86' lang='lat' dir='ltr'><strong>mansisset.</strong></span> 
     </span>
    </p>
   </div>
   <div class='ocr_carea' id='block_1_83' title="bbox 1978 2344 3589 2424">
    <p class='ocr_par' dir='ltr' id='par_1_83' title="bbox 1978 2344 3589 2424">
     <span class='ocr_line' id='line_1_83' title="bbox 1978 2344 3589 2424; baseline -0.012 -9"><span class='ocrx_word' id='word_1_632' title='bbox 1978 2363 2101 2415; x_wconf 80' lang='lat' dir='ltr'><strong>Ideo</strong></span> <span class='ocrx_word' id='word_1_633' title='bbox 2132 2361 2207 2414; x_wconf 88' lang='lat' dir='ltr'><strong>ait</strong></span> <span class='ocrx_word' id='word_1_634' title='bbox 2231 2401 2245 2424; x_wconf 94' lang='lat'><strong>,</strong></span> <span class='ocrx_word' id='word_1_635' title='bbox 2297 2357 2519 2412; x_wconf 77' lang='lat' dir='ltr'><strong>Ostende</strong></span> <span class='ocrx_word' id='word_1_636' title='bbox 2561 2365 2606 2406; x_wconf 80' lang='lat' dir='ltr'><strong>te</strong></span> <span class='ocrx_word' id='word_1_637' title='bbox 2635 2351 2921 2413; x_wconf 70' lang='lat' dir='ltr'><strong>sacerdoti,</strong></span> <span class='ocrx_word' id='word_1_638' title='bbox 2952 2359 2997 2403; x_wconf 88' lang='lat' dir='ltr'><strong>ct</strong></span> <span class='ocrx_word' id='word_1_639' title='bbox 3038 2347 3170 2414; x_wconf 73' lang='lat' dir='ltr'><strong>offer</strong></span> <span class='ocrx_word' id='word_1_640' title='bbox 3197 2349 3388 2400; x_wconf 81' lang='lat' dir='ltr'><strong>donum</strong></span> <span class='ocrx_word' id='word_1_641' title='bbox 3411 2386 3423 2407; x_wconf 91' lang='lat'><strong>,</strong></span> <span class='ocrx_word' id='word_1_642' title='bbox 3456 2344 3589 2413; x_wconf 81' lang='lat' dir='ltr'><strong>quod</strong></span> 
     </span>
    </p>
   </div>
   <div class='ocr_carea' id='block_1_84' title="bbox 1976 2437 3590 2520">
    <p class='ocr_par' dir='ltr' id='par_1_84' title="bbox 1976 2437 3590 2520">
     <span class='ocr_line' id='line_1_84' title="bbox 1976 2437 3590 2520; baseline -0.009 -17"><span class='ocrx_word' id='word_1_643' title='bbox 1976 2449 2213 2520; x_wconf 51' lang='lat' dir='ltr'><strong>prter-epit</strong></span> <span class='ocrx_word' id='word_1_644' title='bbox 2245 2447 2470 2518; x_wconf 76' lang='lat' dir='ltr'><strong>Moyses.</strong></span> <span class='ocrx_word' id='word_1_645' title='bbox 2502 2444 2617 2499; x_wconf 75' lang='lat' dir='ltr'><strong>Non</strong></span> <span class='ocrx_word' id='word_1_646' title='bbox 2661 2443 2816 2508; x_wconf 76' lang='lat' dir='ltr'><strong>dixit,</strong></span> <span class='ocrx_word' id='word_1_647' title='bbox 2863 2441 3017 2510; x_wconf 80' lang='lat' dir='ltr'><strong>Quod</strong></span> <span class='ocrx_word' id='word_1_648' title='bbox 3046 2439 3280 2508; x_wconf 72' lang='lat' dir='ltr'><strong>praecepi</strong></span> <span class='ocrx_word' id='word_1_649' title='bbox 3327 2452 3403 2506; x_wconf 84' lang='lat' dir='ltr'><strong>cg-</strong></span> <span class='ocrx_word' id='word_1_650' title='bbox 3449 2454 3461 2500; x_wconf 75' lang='lat'><strong>&#39;,</strong></span> <span class='ocrx_word' id='word_1_651' title='bbox 3495 2437 3590 2489; x_wconf 88' lang='lat' dir='ltr'><strong>sed</strong></span> 
     </span>
    </p>
   </div>
   <div class='ocr_carea' id='block_1_85' title="bbox 1978 2529 3594 2606">
    <p class='ocr_par' dir='ltr' id='par_1_85' title="bbox 1978 2529 3594 2606">
     <span class='ocr_line' id='line_1_85' title="bbox 1978 2529 3594 2606; baseline -0.011 -10"><span class='ocrx_word' id='word_1_652' title='bbox 1978 2543 2188 2596; x_wconf 88' lang='lat' dir='ltr'><strong>interim</strong></span> <span class='ocrx_word' id='word_1_653' title='bbox 2235 2539 2302 2592; x_wconf 89' lang='lat' dir='ltr'><strong>ad</strong></span> <span class='ocrx_word' id='word_1_654' title='bbox 2346 2539 2516 2606; x_wconf 76' lang='lat' dir='ltr'><strong>legem</strong></span> <span class='ocrx_word' id='word_1_655' title='bbox 2551 2536 2798 2599; x_wconf 88' lang='lat' dir='ltr'><strong>remittit,</strong></span> <span class='ocrx_word' id='word_1_656' title='bbox 2855 2542 2912 2588; x_wconf 92' lang='lat' dir='ltr'><strong>ut</strong></span> <span class='ocrx_word' id='word_1_657' title='bbox 2956 2531 3192 2600; x_wconf 85' lang='lat' dir='ltr'><strong>nudique</strong></span> <span class='ocrx_word' id='word_1_658' title='bbox 3242 2545 3305 2582; x_wconf 90' lang='lat' dir='ltr'><strong>os</strong></span> <span class='ocrx_word' id='word_1_659' title='bbox 3353 2529 3594 2597; x_wconf 85' lang='lat' dir='ltr'><strong>ipsorum</strong></span> 
     </span>
    </p>
   </div>
   <div class='ocr_carea' id='block_1_86' title="bbox 1977 2618 3593 2693">
    <p class='ocr_par' dir='ltr' id='par_1_86' title="bbox 1977 2618 3593 2693">
     <span class='ocr_line' id='line_1_86' title="bbox 1977 2618 3593 2693; baseline -0.012 -5"><span class='ocrx_word' id='word_1_660' title='bbox 1977 2633 2210 2688; x_wconf 86' lang='lat' dir='ltr'><strong>claudat.</strong></span> <span class='ocrx_word' id='word_1_661' title='bbox 2259 2631 2336 2686; x_wconf 88' lang='lat' dir='ltr'><strong>Ne</strong></span> <span class='ocrx_word' id='word_1_662' title='bbox 2385 2630 2631 2683; x_wconf 86' lang='lat' dir='ltr'><strong>dicerent</strong></span> <span class='ocrx_word' id='word_1_663' title='bbox 2673 2628 2855 2690; x_wconf 88' lang='lat' dir='ltr'><strong>enim,</strong></span> <span class='ocrx_word' id='word_1_664' title='bbox 2890 2629 3066 2693; x_wconf 89' lang='lat' dir='ltr'><strong>ipsum</strong></span> <span class='ocrx_word' id='word_1_665' title='bbox 3118 2622 3221 2676; x_wconf 88' lang='lat' dir='ltr'><strong>sibi</strong></span> <span class='ocrx_word' id='word_1_666' title='bbox 3250 2618 3593 2674; x_wconf 86' lang='lat' dir='ltr'><strong>sacerdotum</strong></span> 
     </span>
    </p>
   </div>
   <div class='ocr_carea' id='block_1_87' title="bbox 1979 2712 3594 2790">
    <p class='ocr_par' dir='ltr' id='par_1_87' title="bbox 1979 2712 3594 2790">
     <span class='ocr_line' id='line_1_87' title="bbox 1979 2712 3594 2790; baseline -0.01 -12"><span class='ocrx_word' id='word_1_667' title='bbox 1979 2726 2242 2779; x_wconf 87' lang='lat' dir='ltr'><strong>honorem</strong></span> <span class='ocrx_word' id='word_1_668' title='bbox 2287 2721 2552 2790; x_wconf 86' lang='lat' dir='ltr'><strong>rapuisse,</strong></span> <span class='ocrx_word' id='word_1_669' title='bbox 2604 2733 2740 2787; x_wconf 83' lang='lat' dir='ltr'><strong>Opus</strong></span> <span class='ocrx_word' id='word_1_670' title='bbox 2773 2720 2887 2785; x_wconf 85' lang='lat' dir='ltr'><strong>ipse</strong></span> <span class='ocrx_word' id='word_1_671' title='bbox 2920 2714 3186 2783; x_wconf 85' lang='lat' dir='ltr'><strong>implevit.</strong></span> <span class='ocrx_word' id='word_1_672' title='bbox 3217 2712 3594 2782; x_wconf 87' lang='lat' dir='ltr'><strong>probationem</strong></span> 
     </span>
    </p>
   </div>
   <div class='ocr_carea' id='block_1_88' title="bbox 1981 2803 3596 2886">
    <p class='ocr_par' dir='ltr' id='par_1_88' title="bbox 1981 2803 3596 2886">
     <span class='ocr_line' id='line_1_88' title="bbox 1981 2803 3596 2886; baseline -0.007 -16"><span class='ocrx_word' id='word_1_673' title='bbox 1981 2818 2108 2886; x_wconf 85' lang='lat' dir='ltr'><strong>ipsis</strong></span> <span class='ocrx_word' id='word_1_674' title='bbox 2142 2816 2366 2878; x_wconf 86' lang='lat' dir='ltr'><strong>remisit,</strong></span> <span class='ocrx_word' id='word_1_675' title='bbox 2420 2822 2476 2868; x_wconf 87' lang='lat' dir='ltr'><strong>et</strong></span> <span class='ocrx_word' id='word_1_676' title='bbox 2520 2813 2641 2866; x_wconf 90' lang='lat' dir='ltr'><strong>illos</strong></span> <span class='ocrx_word' id='word_1_677' title='bbox 2691 2809 3073 2864; x_wconf 88' lang='lat' dir='ltr'><strong>miraculorum</strong></span> <span class='ocrx_word' id='word_1_678' title='bbox 3121 2820 3340 2859; x_wconf 89' lang='lat' dir='ltr'><strong>suorum</strong></span> <span class='ocrx_word' id='word_1_679' title='bbox 3386 2803 3596 2873; x_wconf 83' lang='lat' dir='ltr'><strong>judices</strong></span> 
     </span>
    </p>
   </div>
   <div class='ocr_carea' id='block_1_89' title="bbox 1979 2895 3596 2969">
    <p class='ocr_par' dir='ltr' id='par_1_89' title="bbox 1979 2895 3596 2969">
     <span class='ocr_line' id='line_1_89' title="bbox 1979 2895 3596 2969; baseline -0.009 -6"><span class='ocrx_word' id='word_1_680' title='bbox 1979 2908 2278 2963; x_wconf 71' lang='lat' dir='ltr'><strong>constituit.</strong></span> <span class='ocrx_word' id='word_1_681' title='bbox 2311 2906 2542 2960; x_wconf 88' lang='lat' dir='ltr'><strong>Tantum</strong></span> <span class='ocrx_word' id='word_1_682' title='bbox 2576 2902 2750 2964; x_wconf 89' lang='lat' dir='ltr'><strong>abest,</strong></span> <span class='ocrx_word' id='word_1_683' title='bbox 2785 2901 2977 2969; x_wconf 89' lang='lat' dir='ltr'><strong>inquit,</strong></span> <span class='ocrx_word' id='word_1_684' title='bbox 3012 2907 3069 2953; x_wconf 90' lang='lat' dir='ltr'><strong>ut</strong></span> <span class='ocrx_word' id='word_1_685' title='bbox 3097 2912 3326 2967; x_wconf 80' lang='lat' dir='ltr'><strong>pugnem</strong></span> <span class='ocrx_word' id='word_1_686' title='bbox 3361 2895 3443 2949; x_wconf 87' lang='lat' dir='ltr'><strong>vel</strong></span> <span class='ocrx_word' id='word_1_687' title='bbox 3471 2910 3596 2949; x_wconf 85' lang='lat' dir='ltr'><strong>eum</strong></span> 
     </span>
    </p>
   </div>
   <div class='ocr_carea' id='block_1_90' title="bbox 1980 2977 3596 3074">
    <p class='ocr_par' dir='ltr' id='par_1_90' title="bbox 1980 2977 3596 3074">
     <span class='ocr_line' id='line_1_90' title="bbox 1980 2977 3596 3074; baseline -0.007 -16"><span class='ocrx_word' id='word_1_688' title='bbox 1980 3004 2184 3074; x_wconf 75' lang='lat' dir='ltr'><strong>Moyse,</strong></span> <span class='ocrx_word' id='word_1_689' title='bbox 2214 3003 2297 3057; x_wconf 85' lang='lat' dir='ltr'><strong>vel</strong></span> <span class='ocrx_word' id='word_1_690' title='bbox 2323 3018 2444 3056; x_wconf 87' lang='lat' dir='ltr'><strong>cum</strong></span> <span class='ocrx_word' id='word_1_691' title='bbox 2475 2997 2869 3063; x_wconf 87' lang='lat' dir='ltr'><strong>sacerdotibus,</strong></span> <span class='ocrx_word' id='word_1_692' title='bbox 2896 3006 2952 3050; x_wconf 91' lang='lat' dir='ltr'><strong>ut</strong></span> <span class='ocrx_word' id='word_1_693' title='bbox 2982 3011 3098 3060; x_wconf 88' lang='lat' dir='ltr'><strong>eos,</strong></span> <span class='ocrx_word' id='word_1_694' title='bbox 3132 2977 3222 3064; x_wconf 81' lang='lat' dir='ltr'><strong>qui</strong></span> <span class='ocrx_word' id='word_1_695' title='bbox 3253 3008 3282 3046; x_wconf 92' lang='lat' dir='ltr'><strong>a</strong></span> <span class='ocrx_word' id='word_1_696' title='bbox 3313 3008 3401 3047; x_wconf 88' lang='lat' dir='ltr'><strong>me</strong></span> <span class='ocrx_word' id='word_1_697' title='bbox 3433 2993 3596 3047; x_wconf 84' lang='lat' dir='ltr'><strong>benc-</strong></span> 
     </span>
    </p>
   </div>
   <div class='ocr_carea' id='block_1_91' title="bbox 1983 3085 3450 3158">
    <p class='ocr_par' dir='ltr' id='par_1_91' title="bbox 1983 3085 3450 3158">
     <span class='ocr_line' id='line_1_91' title="bbox 1983 3085 3450 3158; baseline -0.009 -10"><span class='ocrx_word' id='word_1_698' title='bbox 1983 3097 2106 3150; x_wconf 82' lang='lat' dir='ltr'><strong>licio</strong></span> <span class='ocrx_word' id='word_1_699' title='bbox 2133 3093 2308 3148; x_wconf 77' lang='lat' dir='ltr'><strong>all‘ecti</strong></span> <span class='ocrx_word' id='word_1_700' title='bbox 2339 3100 2502 3158; x_wconf 91' lang='lat' dir='ltr'><strong>sunt,</strong></span> <span class='ocrx_word' id='word_1_701' title='bbox 2535 3091 2764 3154; x_wconf 87' lang='lat' dir='ltr'><strong>mittam,</strong></span> <span class='ocrx_word' id='word_1_702' title='bbox 2792 3087 2882 3157; x_wconf 87' lang='lat' dir='ltr'><strong>qui</strong></span> <span class='ocrx_word' id='word_1_703' title='bbox 2918 3087 3022 3140; x_wconf 88' lang='lat' dir='ltr'><strong>illis</strong></span> <span class='ocrx_word' id='word_1_704' title='bbox 3053 3085 3450 3153; x_wconf 86' lang='lat' dir='ltr'><strong>obtemperent.</strong></span> 
     </span>
    </p>
   </div>
   <div class='ocr_carea' id='block_1_92' title="bbox 2056 3174 3590 3253">
    <p class='ocr_par' dir='ltr' id='par_1_92' title="bbox 2056 3174 3590 3253">
     <span class='ocr_line' id='line_1_92' title="bbox 2056 3174 3590 3253; baseline -0.008 -14"><span class='ocrx_word' id='word_1_705' title='bbox 2056 3187 2110 3239; x_wconf 79' lang='lat'><strong>5.</strong></span> <span class='ocrx_word' id='word_1_706' title='bbox 2144 3186 2282 3252; x_wconf 84' lang='lat' dir='ltr'><strong>Quid</strong></span> <span class='ocrx_word' id='word_1_707' title='bbox 2330 3198 2493 3253; x_wconf 88' lang='lat' dir='ltr'><strong>porro</strong></span> <span class='ocrx_word' id='word_1_708' title='bbox 2537 3181 2666 3234; x_wconf 89' lang='lat' dir='ltr'><strong>illud</strong></span> <span class='ocrx_word' id='word_1_709' title='bbox 2697 3189 2781 3233; x_wconf 86' lang='lat' dir='ltr'><strong>est</strong></span> <span class='ocrx_word' id='word_1_710' title='bbox 2805 3222 2818 3244; x_wconf 93' lang='lat'><strong>,</strong></span> <span class='ocrx_word' id='word_1_711' title='bbox 2855 3177 2921 3229; x_wconf 88' lang='lat' dir='ltr'><strong>In</strong></span> <span class='ocrx_word' id='word_1_712' title='bbox 2967 3175 3310 3230; x_wconf 81' lang='lat' dir='ltr'><strong>testimonium</strong></span> <span class='ocrx_word' id='word_1_713' title='bbox 3359 3174 3506 3229; x_wconf 71' lang='lat' dir='ltr'><strong>illis?</strong></span> <span class='ocrx_word' id='word_1_714' title='bbox 3536 3176 3590 3228; x_wconf 90' lang='lat' dir='ltr'><strong>lu</strong></span> 
     </span>
    </p>
   </div>
   <div class='ocr_carea' id='block_1_93' title="bbox 1983 3267 3598 3346">
    <p class='ocr_par' dir='ltr' id='par_1_93' title="bbox 1983 3267 3598 3346">
     <span class='ocr_line' id='line_1_93' title="bbox 1983 3267 3598 3346; baseline -0.006 -14"><span class='ocrx_word' id='word_1_715' title='bbox 1983 3277 2441 3346; x_wconf 84' lang='lat' dir='ltr'><strong>rcdargutionctn,</strong></span> <span class='ocrx_word' id='word_1_716' title='bbox 2488 3273 2541 3326; x_wconf 92' lang='lat' dir='ltr'><strong>iu</strong></span> <span class='ocrx_word' id='word_1_717' title='bbox 2582 3269 3005 3333; x_wconf 85' lang='lat' dir='ltr'><strong>accusationem,</strong></span> <span class='ocrx_word' id='word_1_718' title='bbox 3052 3268 3097 3321; x_wconf 91' lang='lat' dir='ltr'><strong>si</strong></span> <span class='ocrx_word' id='word_1_719' title='bbox 3155 3284 3260 3320; x_wconf 90' lang='lat' dir='ltr'><strong>non</strong></span> <span class='ocrx_word' id='word_1_720' title='bbox 3319 3267 3487 3336; x_wconf 86' lang='lat' dir='ltr'><strong>probe</strong></span> <span class='ocrx_word' id='word_1_721' title='bbox 3539 3280 3598 3322; x_wconf 87' lang='lat' dir='ltr'><strong>so</strong></span> 
     </span>
    </p>
   </div>
   <div class='ocr_carea' id='block_1_94' title="bbox 1983 3359 3596 3440">
    <p class='ocr_par' dir='ltr' id='par_1_94' title="bbox 1983 3359 3596 3440">
     <span class='ocr_line' id='line_1_94' title="bbox 1983 3359 3596 3440; baseline -0.007 -16"><span class='ocrx_word' id='word_1_722' title='bbox 1983 3371 2268 3440; x_wconf 86' lang='lat' dir='ltr'><strong>gesserint.</strong></span> <span class='ocrx_word' id='word_1_723' title='bbox 2299 3367 2434 3435; x_wconf 78' lang='lat' dir='ltr'><strong>Quia</strong></span> <span class='ocrx_word' id='word_1_724' title='bbox 2466 3365 2611 3420; x_wconf 88' lang='lat' dir='ltr'><strong>enim</strong></span> <span class='ocrx_word' id='word_1_725' title='bbox 2633 3364 2906 3427; x_wconf 86' lang='lat' dir='ltr'><strong>dicebant,</strong></span> <span class='ocrx_word' id='word_1_726' title='bbox 2936 3359 3009 3416; x_wconf 90' lang='lat' dir='ltr'><strong>Ut</strong></span> <span class='ocrx_word' id='word_1_727' title='bbox 3033 3360 3377 3416; x_wconf 86' lang='lat' dir='ltr'><strong>seductorem</strong></span> <span class='ocrx_word' id='word_1_728' title='bbox 3411 3369 3465 3414; x_wconf 87' lang='lat' dir='ltr'><strong>et</strong></span> <span class='ocrx_word' id='word_1_729' title='bbox 3495 3359 3596 3414; x_wconf 84' lang='lat' dir='ltr'><strong>de-</strong></span> 
     </span>
    </p>
   </div>
   <div class='ocr_carea' id='block_1_95' title="bbox 1984 3451 3596 3530">
    <p class='ocr_par' dir='ltr' id='par_1_95' title="bbox 1984 3451 3596 3530">
     <span class='ocr_line' id='line_1_95' title="bbox 1984 3451 3596 3530; baseline -0.006 -16"><span class='ocrx_word' id='word_1_730' title='bbox 1984 3471 2260 3530; x_wconf 82' lang='lat' dir='ltr'><strong>ceptorem</strong></span> <span class='ocrx_word' id='word_1_731' title='bbox 2291 3457 2667 3527; x_wconf 81' lang='lat' dir='ltr'><strong>persequimur</strong></span> <span class='ocrx_word' id='word_1_732' title='bbox 2690 3496 2704 3516; x_wconf 90' lang='lat'><strong>,</strong></span> <span class='ocrx_word' id='word_1_733' title='bbox 2737 3464 2795 3508; x_wconf 91' lang='lat' dir='ltr'><strong>ut</strong></span> <span class='ocrx_word' id='word_1_734' title='bbox 2827 3453 2938 3507; x_wconf 87' lang='lat' dir='ltr'><strong>Deo</strong></span> <span class='ocrx_word' id='word_1_735' title='bbox 2968 3451 3344 3506; x_wconf 88' lang='lat' dir='ltr'><strong>adversarium</strong></span> <span class='ocrx_word' id='word_1_736' title='bbox 3374 3461 3427 3505; x_wconf 92' lang='lat' dir='ltr'><strong>ct</strong></span> <span class='ocrx_word' id='word_1_737' title='bbox 3457 3451 3596 3522; x_wconf 84' lang='lat' dir='ltr'><strong>legis</strong></span> 
     </span>
    </p>
   </div>
   <div class='ocr_carea' id='block_1_96' title="bbox 1987 3543 3600 3623">
    <p class='ocr_par' dir='ltr' id='par_1_96' title="bbox 1987 3543 3600 3623">
     <span class='ocr_line' id='line_1_96' title="bbox 1987 3543 3600 3623; baseline -0.008 -16"><span class='ocrx_word' id='word_1_738' title='bbox 1987 3563 2444 3623; x_wconf 77' lang='lat' dir='ltr'><strong>trausgressorem</strong></span> <span class='ocrx_word' id='word_1_739' title='bbox 2471 3566 2484 3600; x_wconf 89' lang='lat'>:</span> <span class='ocrx_word' id='word_1_740' title='bbox 2510 3548 2592 3602; x_wconf 90' lang='lat' dir='ltr'><strong>Tu</strong></span> <span class='ocrx_word' id='word_1_741' title='bbox 2624 3546 2779 3612; x_wconf 89' lang='lat' dir='ltr'><strong>mihi,</strong></span> <span class='ocrx_word' id='word_1_742' title='bbox 2802 3546 2995 3614; x_wconf 87' lang='lat' dir='ltr'><strong>inquit,</strong></span> <span class='ocrx_word' id='word_1_743' title='bbox 3022 3544 3176 3598; x_wconf 86' lang='lat' dir='ltr'><strong>testis</strong></span> <span class='ocrx_word' id='word_1_744' title='bbox 3203 3543 3310 3598; x_wconf 88' lang='lat' dir='ltr'><strong>eris</strong></span> <span class='ocrx_word' id='word_1_745' title='bbox 3339 3543 3431 3597; x_wconf 89' lang='lat' dir='ltr'><strong>illo</strong></span> <span class='ocrx_word' id='word_1_746' title='bbox 3463 3552 3600 3595; x_wconf 89' lang='lat' dir='ltr'><strong>tem-</strong></span> 
     </span>
    </p>
   </div>
   <div class='ocr_carea' id='block_1_97' title="bbox 1985 3639 3602 3716">
    <p class='ocr_par' dir='ltr' id='par_1_97' title="bbox 1985 3639 3602 3716">
     <span class='ocr_line' id='line_1_97' title="bbox 1985 3639 3602 3716; baseline -0.007 -18"><span class='ocrx_word' id='word_1_747' title='bbox 1985 3660 2140 3716; x_wconf 87' lang='lat' dir='ltr'><strong>pore,</strong></span> <span class='ocrx_word' id='word_1_748' title='bbox 2165 3659 2252 3698; x_wconf 89' lang='lat' dir='ltr'><strong>me</strong></span> <span class='ocrx_word' id='word_1_749' title='bbox 2282 3657 2389 3695; x_wconf 90' lang='lat' dir='ltr'><strong>non</strong></span> <span class='ocrx_word' id='word_1_750' title='bbox 2420 3655 2542 3695; x_wconf 89' lang='lat' dir='ltr'><strong>esse</strong></span> <span class='ocrx_word' id='word_1_751' title='bbox 2578 3639 2714 3706; x_wconf 76' lang='lat' dir='ltr'><strong>legis</strong></span> <span class='ocrx_word' id='word_1_752' title='bbox 2757 3645 3213 3704; x_wconf 81' lang='lat' dir='ltr'><strong>transgressorcm</strong></span> <span class='ocrx_word' id='word_1_753' title='bbox 3247 3650 3260 3688; x_wconf 92' lang='lat'><strong>:</strong></span> <span class='ocrx_word' id='word_1_754' title='bbox 3296 3648 3416 3686; x_wconf 89' lang='lat' dir='ltr'><strong>nam</strong></span> <span class='ocrx_word' id='word_1_755' title='bbox 3447 3643 3602 3701; x_wconf 87' lang='lat' dir='ltr'><strong>post-</strong></span> 
     </span>
    </p>
   </div>
   <div class='ocr_carea' id='block_1_98' title="bbox 1984 3724 3600 3805">
    <p class='ocr_par' dir='ltr' id='par_1_98' title="bbox 1984 3724 3600 3805">
     <span class='ocr_line' id='line_1_98' title="bbox 1984 3724 3600 3805; baseline -0.009 -17"><span class='ocrx_word' id='word_1_756' title='bbox 1984 3750 2146 3805; x_wconf 88' lang='lat' dir='ltr'><strong>quam</strong></span> <span class='ocrx_word' id='word_1_757' title='bbox 2180 3744 2229 3787; x_wconf 90' lang='lat' dir='ltr'><strong>tc</strong></span> <span class='ocrx_word' id='word_1_758' title='bbox 2260 3731 2466 3796; x_wconf 86' lang='lat' dir='ltr'><strong>curavi,</strong></span> <span class='ocrx_word' id='word_1_759' title='bbox 2505 3739 2556 3785; x_wconf 91' lang='lat' dir='ltr'><strong>te</strong></span> <span class='ocrx_word' id='word_1_760' title='bbox 2579 3727 2644 3782; x_wconf 87' lang='lat' dir='ltr'><strong>ad</strong></span> <span class='ocrx_word' id='word_1_761' title='bbox 2678 3729 2851 3798; x_wconf 74' lang='lat' dir='ltr'><strong>legem</strong></span> <span class='ocrx_word' id='word_1_762' title='bbox 2883 3727 3124 3789; x_wconf 85' lang='lat' dir='ltr'><strong>remitto,</strong></span> <span class='ocrx_word' id='word_1_763' title='bbox 3147 3735 3306 3793; x_wconf 85' lang='lat' dir='ltr'><strong>atque</strong></span> <span class='ocrx_word' id='word_1_764' title='bbox 3327 3724 3393 3777; x_wconf 88' lang='lat' dir='ltr'><strong>ad</strong></span> <span class='ocrx_word' id='word_1_765' title='bbox 3415 3737 3600 3776; x_wconf 88' lang='lat' dir='ltr'><strong>sacer-</strong></span> 
     </span>
    </p>
   </div>
   <div class='ocr_carea' id='block_1_99' title="bbox 1986 3815 3603 3895">
    <p class='ocr_par' dir='ltr' id='par_1_99' title="bbox 1986 3815 3603 3895">
     <span class='ocr_line' id='line_1_99' title="bbox 1986 3815 3603 3895; baseline -0.01 -14"><span class='ocrx_word' id='word_1_766' title='bbox 1986 3827 2170 3881; x_wconf 88' lang='lat' dir='ltr'><strong>dotum</strong></span> <span class='ocrx_word' id='word_1_767' title='bbox 2201 3824 2578 3895; x_wconf 88' lang='lat' dir='ltr'><strong>probationem</strong></span> <span class='ocrx_word' id='word_1_768' title='bbox 2602 3837 2615 3883; x_wconf 87' lang='lat'><strong>;</strong></span> <span class='ocrx_word' id='word_1_769' title='bbox 2639 3818 2692 3873; x_wconf 90' lang='lat' dir='ltr'><strong>id</strong></span> <span class='ocrx_word' id='word_1_770' title='bbox 2735 3817 2879 3889; x_wconf 85' lang='lat' dir='ltr'><strong>quod</strong></span> <span class='ocrx_word' id='word_1_771' title='bbox 2910 3828 3026 3871; x_wconf 88' lang='lat' dir='ltr'><strong>crat</strong></span> <span class='ocrx_word' id='word_1_772' title='bbox 3055 3816 3284 3870; x_wconf 87' lang='lat' dir='ltr'><strong>colentis</strong></span> <span class='ocrx_word' id='word_1_773' title='bbox 3322 3815 3515 3883; x_wconf 81' lang='lat' dir='ltr'><strong>legem,</strong></span> <span class='ocrx_word' id='word_1_774' title='bbox 3545 3822 3603 3866; x_wconf 90' lang='lat' dir='ltr'><strong>et</strong></span> 
     </span>
    </p>
   </div>
   <div class='ocr_carea' id='block_1_100' title="bbox 1985 3906 3595 3990">
    <p class='ocr_par' dir='ltr' id='par_1_100' title="bbox 1985 3906 3595 3990">
     <span class='ocr_line' id='line_1_100' title="bbox 1985 3906 3595 3990; baseline -0.011 -16"><span class='ocrx_word' id='word_1_775' title='bbox 1985 3919 2224 3990; x_wconf 79' lang='lat' dir='ltr'><strong>Moyscm</strong></span> <span class='ocrx_word' id='word_1_776' title='bbox 2246 3915 2584 3978; x_wconf 85' lang='lat' dir='ltr'><strong>bonorantis,</strong></span> <span class='ocrx_word' id='word_1_777' title='bbox 2624 3927 2724 3967; x_wconf 89' lang='lat' dir='ltr'><strong>nec</strong></span> <span class='ocrx_word' id='word_1_778' title='bbox 2752 3909 2988 3980; x_wconf 86' lang='lat' dir='ltr'><strong>antiquis</strong></span> <span class='ocrx_word' id='word_1_779' title='bbox 3029 3908 3367 3979; x_wconf 74' lang='lat' dir='ltr'><strong>dogmatibus</strong></span> <span class='ocrx_word' id='word_1_780' title='bbox 3398 3906 3595 3959; x_wconf 79' lang='lat' dir='ltr'><strong>adver-</strong></span> 
     </span>
    </p>
   </div>
   <div class='ocr_carea' id='block_1_101' title="bbox 1986 3997 3600 4076">
    <p class='ocr_par' dir='ltr' id='par_1_101' title="bbox 1986 3997 3600 4076">
     <span class='ocr_line' id='line_1_101' title="bbox 1986 3997 3600 4076; baseline -0.01 -12"><span class='ocrx_word' id='word_1_781' title='bbox 1986 4011 2177 4064; x_wconf 85' lang='lat' dir='ltr'><strong>santis.</strong></span> <span class='ocrx_word' id='word_1_782' title='bbox 2206 4006 2361 4076; x_wconf 86' lang='lat' dir='ltr'><strong>Quod</strong></span> <span class='ocrx_word' id='word_1_783' title='bbox 2405 4005 2449 4060; x_wconf 89' lang='lat' dir='ltr'><strong>si</strong></span> <span class='ocrx_word' id='word_1_784' title='bbox 2497 4003 2629 4057; x_wconf 87' lang='lat' dir='ltr'><strong>nihil</strong></span> <span class='ocrx_word' id='word_1_785' title='bbox 2661 4001 2786 4057; x_wconf 86' lang='lat' dir='ltr'><strong>inde</strong></span> <span class='ocrx_word' id='word_1_786' title='bbox 2833 4001 2964 4054; x_wconf 89' lang='lat' dir='ltr'><strong>lucri</strong></span> <span class='ocrx_word' id='word_1_787' title='bbox 2997 4001 3278 4069; x_wconf 85' lang='lat' dir='ltr'><strong>percipere</strong></span> <span class='ocrx_word' id='word_1_788' title='bbox 3305 3997 3600 4061; x_wconf 87' lang='lat' dir='ltr'><strong>debebant,</strong></span> 
     </span>
    </p>
   </div>
   <div class='ocr_carea' id='block_1_102' title="bbox 1988 4089 3601 4160">
    <p class='ocr_par' dir='ltr' id='par_1_102' title="bbox 1988 4089 3601 4160">
     <span class='ocr_line' id='line_1_102' title="bbox 1988 4089 3601 4160; baseline -0.009 -3"><span class='ocrx_word' id='word_1_789' title='bbox 1988 4104 2117 4157; x_wconf 88' lang='lat' dir='ltr'><strong>hinc</strong></span> <span class='ocrx_word' id='word_1_790' title='bbox 2174 4100 2415 4154; x_wconf 86' lang='lat' dir='ltr'><strong>maxime</strong></span> <span class='ocrx_word' id='word_1_791' title='bbox 2471 4107 2651 4150; x_wconf 86' lang='lat' dir='ltr'><strong>tamen</strong></span> <span class='ocrx_word' id='word_1_792' title='bbox 2713 4092 2891 4146; x_wconf 87' lang='lat' dir='ltr'><strong>discas</strong></span> <span class='ocrx_word' id='word_1_793' title='bbox 2939 4099 3170 4160; x_wconf 87' lang='lat' dir='ltr'><strong>quantus</strong></span> <span class='ocrx_word' id='word_1_794' title='bbox 3225 4104 3391 4158; x_wconf 87' lang='lat' dir='ltr'><strong>penes</strong></span> <span class='ocrx_word' id='word_1_795' title='bbox 3450 4089 3601 4142; x_wconf 90' lang='lat' dir='ltr'><strong>illum</strong></span> 
     </span>
    </p>
   </div>
   <div class='ocr_carea' id='block_1_103' title="bbox 1988 4179 3603 4263">
    <p class='ocr_par' dir='ltr' id='par_1_103' title="bbox 1988 4179 3603 4263">
     <span class='ocr_line' id='line_1_103' title="bbox 1988 4179 3603 4263; baseline -0.01 -14"><span class='ocrx_word' id='word_1_796' title='bbox 1988 4196 2059 4249; x_wconf 89' lang='lat' dir='ltr'><strong>sit</strong></span> <span class='ocrx_word' id='word_1_797' title='bbox 2084 4193 2215 4263; x_wconf 88' lang='lat' dir='ltr'><strong>legis</strong></span> <span class='ocrx_word' id='word_1_798' title='bbox 2242 4191 2418 4246; x_wconf 88' lang='lat' dir='ltr'><strong>honor</strong></span> <span class='ocrx_word' id='word_1_799' title='bbox 2445 4229 2460 4255; x_wconf 93' lang='lat'><strong>,</strong></span> <span class='ocrx_word' id='word_1_800' title='bbox 2489 4187 2611 4257; x_wconf 84' lang='lat' dir='ltr'><strong>quia</strong></span> <span class='ocrx_word' id='word_1_801' title='bbox 2659 4199 2780 4240; x_wconf 90' lang='lat' dir='ltr'><strong>cum</strong></span> <span class='ocrx_word' id='word_1_802' title='bbox 2831 4182 3109 4251; x_wconf 72' lang='lat' dir='ltr'><strong>prmsciret</strong></span> <span class='ocrx_word' id='word_1_803' title='bbox 3151 4182 3271 4235; x_wconf 89' lang='lat' dir='ltr'><strong>illos</strong></span> <span class='ocrx_word' id='word_1_804' title='bbox 3303 4179 3434 4232; x_wconf 86' lang='lat' dir='ltr'><strong>nihil</strong></span> <span class='ocrx_word' id='word_1_805' title='bbox 3477 4179 3603 4233; x_wconf 89' lang='lat' dir='ltr'><strong>inde</strong></span> 
     </span>
    </p>
   </div>
   <div class='ocr_carea' id='block_1_104' title="bbox 1989 4280 3606 4352">
    <p class='ocr_par' dir='ltr' id='par_1_104' title="bbox 1989 4280 3606 4352">
     <span class='ocr_line' id='line_1_104' title="bbox 1989 4280 3606 4352; baseline -0.012 -11"><span class='ocrx_word' id='word_1_806' title='bbox 1989 4287 2197 4341; x_wconf 77' lang='lat' dir='ltr'><strong>fructus</strong></span> <span class='ocrx_word' id='word_1_807' title='bbox 2223 4289 2576 4352; x_wconf 87' lang='lat' dir='ltr'><strong>percepturos</strong></span> <span class='ocrx_word' id='word_1_808' title='bbox 2611 4291 2732 4331; x_wconf 86' lang='lat' dir='ltr'><strong>esse</strong></span> <span class='ocrx_word' id='word_1_809' title='bbox 2753 4317 2767 4339; x_wconf 93' lang='lat'><strong>,</strong></span> <span class='ocrx_word' id='word_1_810' title='bbox 2805 4283 2982 4327; x_wconf 85' lang='lat' dir='ltr'><strong>tamen</strong></span> <span class='ocrx_word' id='word_1_811' title='bbox 3014 4288 3134 4341; x_wconf 73' lang='lat' dir='ltr'><strong>quze</strong></span> <span class='ocrx_word' id='word_1_812' title='bbox 3163 4286 3333 4341; x_wconf 84' lang='lat' dir='ltr'><strong>penes</strong></span> <span class='ocrx_word' id='word_1_813' title='bbox 3360 4287 3419 4324; x_wconf 88' lang='lat' dir='ltr'><strong>se</strong></span> <span class='ocrx_word' id='word_1_814' title='bbox 3446 4280 3606 4324; x_wconf 79' lang='lat' dir='ltr'><strong>erant</strong></span> 
     </span>
    </p>
   </div>
   <div class='ocr_carea' id='block_1_105' title="bbox 1990 4365 3601 4444">
    <p class='ocr_par' dir='ltr' id='par_1_105' title="bbox 1990 4365 3601 4444">
     <span class='ocr_line' id='line_1_105' title="bbox 1990 4365 3601 4444; baseline -0.012 -9"><span class='ocrx_word' id='word_1_815' title='bbox 1990 4380 2168 4436; x_wconf 89' lang='lat' dir='ltr'><strong>omnia</strong></span> <span class='ocrx_word' id='word_1_816' title='bbox 2193 4376 2473 4444; x_wconf 89' lang='lat' dir='ltr'><strong>implebat.</strong></span> <span class='ocrx_word' id='word_1_817' title='bbox 2507 4372 2640 4426; x_wconf 86' lang='lat' dir='ltr'><strong>Nam</strong></span> <span class='ocrx_word' id='word_1_818' title='bbox 2683 4370 2794 4444; x_wconf 74' lang='lat' dir='ltr'><strong>hoc</strong></span> <span class='ocrx_word' id='word_1_819' title='bbox 2817 4369 2989 4433; x_wconf 86' lang='lat' dir='ltr'><strong>ipsum</strong></span> <span class='ocrx_word' id='word_1_820' title='bbox 3027 4365 3346 4435; x_wconf 76' lang='lat' dir='ltr'><strong>przesciebat</strong></span> <span class='ocrx_word' id='word_1_821' title='bbox 3377 4374 3430 4416; x_wconf 82' lang='lat' dir='ltr'><strong>ct</strong></span> <span class='ocrx_word' id='word_1_822' title='bbox 3460 4379 3601 4431; x_wconf 65' lang='lat' dir='ltr'><strong>prie-</strong></span> 
     </span>
    </p>
   </div>
   <div class='ocr_carea' id='block_1_106' title="bbox 1991 4437 3607 4537">
    <p class='ocr_par' dir='ltr' id='par_1_106' title="bbox 1991 4437 3607 4537">
     <span class='ocr_line' id='line_1_106' title="bbox 1991 4437 3607 4537; baseline -0.014 -9"><span class='ocrx_word' id='word_1_823' title='bbox 1991 4473 2223 4529; x_wconf 88' lang='lat' dir='ltr'><strong>dicebat.</strong></span> <span class='ocrx_word' id='word_1_824' title='bbox 2253 4468 2438 4537; x_wconf 84' lang='lat' dir='ltr'><strong>Neque</strong></span> <span class='ocrx_word' id='word_1_825' title='bbox 2481 4463 2626 4518; x_wconf 92' lang='lat' dir='ltr'><strong>cnim</strong></span> <span class='ocrx_word' id='word_1_826' title='bbox 2665 4437 2880 4515; x_wconf 57' lang='lat' dir='ltr'><strong>dice’bat</strong></span> <span class='ocrx_word' id='word_1_827' title='bbox 2905 4501 2918 4524; x_wconf 92' lang='lat'><strong>,</strong></span> <span class='ocrx_word' id='word_1_828' title='bbox 2954 4458 3008 4511; x_wconf 91' lang='lat' dir='ltr'><strong>In</strong></span> <span class='ocrx_word' id='word_1_829' title='bbox 3037 4457 3472 4512; x_wconf 84' lang='lat' dir='ltr'><strong>emendationem</strong></span> <span class='ocrx_word' id='word_1_830' title='bbox 3510 4471 3607 4510; x_wconf 81' lang='lat' dir='ltr'><strong>co-</strong></span> 
     </span>
    </p>
   </div>
   <div class='ocr_carea' id='block_1_107' title="bbox 1994 4547 3606 4629">
    <p class='ocr_par' dir='ltr' id='par_1_107' title="bbox 1994 4547 3606 4629">
     <span class='ocr_line' id='line_1_107' title="bbox 1994 4547 3606 4629; baseline -0.013 -10"><span class='ocrx_word' id='word_1_831' title='bbox 1994 4580 2134 4628; x_wconf 90' lang='lat' dir='ltr'><strong>rum,</strong></span> <span class='ocrx_word' id='word_1_832' title='bbox 2165 4575 2358 4629; x_wconf 87' lang='lat' dir='ltr'><strong>neque,</strong></span> <span class='ocrx_word' id='word_1_833' title='bbox 2394 4558 2450 4612; x_wconf 88' lang='lat' dir='ltr'><strong>lu</strong></span> <span class='ocrx_word' id='word_1_834' title='bbox 2495 4554 2798 4609; x_wconf 86' lang='lat' dir='ltr'><strong>doctrinam</strong></span> <span class='ocrx_word' id='word_1_835' title='bbox 2850 4565 3039 4604; x_wconf 89' lang='lat' dir='ltr'><strong>eormn</strong></span> <span class='ocrx_word' id='word_1_836' title='bbox 3069 4565 3082 4613; x_wconf 88' lang='lat'><strong>;</strong></span> <span class='ocrx_word' id='word_1_837' title='bbox 3131 4547 3248 4613; x_wconf 88' lang='lat' dir='ltr'><strong>sed,</strong></span> <span class='ocrx_word' id='word_1_838' title='bbox 3281 4547 3346 4600; x_wconf 88' lang='lat' dir='ltr'><strong>In</strong></span> <span class='ocrx_word' id='word_1_839' title='bbox 3377 4548 3606 4599; x_wconf 77' lang='lat' dir='ltr'><strong>testimo-</strong></span> 
     </span>
    </p>
   </div>
   <div class='ocr_carea' id='block_1_108' title="bbox 1993 4638 3603 4712">
    <p class='ocr_par' dir='ltr' id='par_1_108' title="bbox 1993 4638 3603 4712">
     <span class='ocr_line' id='line_1_108' title="bbox 1993 4638 3603 4712; baseline -0.013 0"><span class='ocrx_word' id='word_1_840' title='bbox 1993 4658 2135 4711; x_wconf 82' lang='lat' dir='ltr'><strong>nium</strong></span> <span class='ocrx_word' id='word_1_841' title='bbox 2160 4654 2285 4711; x_wconf 75' lang='lat' dir='ltr'><strong>illis.</strong></span> <span class='ocrx_word' id='word_1_842' title='bbox 2316 4649 2368 4703; x_wconf 88' lang='lat' dir='ltr'><strong>id</strong></span> <span class='ocrx_word' id='word_1_843' title='bbox 2396 4657 2498 4712; x_wconf 81' lang='lat' dir='ltr'><strong>est,</strong></span> <span class='ocrx_word' id='word_1_844' title='bbox 2538 4645 2595 4700; x_wconf 85' lang='lat' dir='ltr'><strong>In</strong></span> <span class='ocrx_word' id='word_1_845' title='bbox 2626 4645 3053 4703; x_wconf 82' lang='lat' dir='ltr'><strong>accusationem,</strong></span> <span class='ocrx_word' id='word_1_846' title='bbox 3085 4638 3136 4691; x_wconf 93' lang='lat' dir='ltr'><strong>in</strong></span> <span class='ocrx_word' id='word_1_847' title='bbox 3175 4639 3603 4692; x_wconf 79' lang='lat' dir='ltr'><strong>cont‘utationcm</strong></span> 
     </span>
    </p>
   </div>
   <div class='ocr_carea' id='block_1_109' title="bbox 1992 4731 3602 4807">
    <p class='ocr_par' dir='ltr' id='par_1_109' title="bbox 1992 4731 3602 4807">
     <span class='ocr_line' id='line_1_109' title="bbox 1992 4731 3602 4807; baseline -0.012 -4"><span class='ocrx_word' id='word_1_848' title='bbox 1992 4759 2043 4804; x_wconf 86' lang='lat' dir='ltr'><strong>et</strong></span> <span class='ocrx_word' id='word_1_849' title='bbox 2078 4749 2129 4801; x_wconf 89' lang='lat' dir='ltr'><strong>in</strong></span> <span class='ocrx_word' id='word_1_850' title='bbox 2164 4742 2554 4804; x_wconf 77' lang='lat' dir='ltr'><strong>testimonium,</strong></span> <span class='ocrx_word' id='word_1_851' title='bbox 2595 4737 2738 4807; x_wconf 89' lang='lat' dir='ltr'><strong>quod</strong></span> <span class='ocrx_word' id='word_1_852' title='bbox 2769 4736 2916 4790; x_wconf 88' lang='lat' dir='ltr'><strong>tibia</strong></span> <span class='ocrx_word' id='word_1_853' title='bbox 2963 4748 3052 4787; x_wconf 87' lang='lat' dir='ltr'><strong>mc</strong></span> <span class='ocrx_word' id='word_1_854' title='bbox 3093 4732 3273 4786; x_wconf 81' lang='lat' dir='ltr'><strong>onutia</strong></span> <span class='ocrx_word' id='word_1_855' title='bbox 3310 4731 3444 4786; x_wconf 81' lang='lat' dir='ltr'><strong>facta</strong></span> <span class='ocrx_word' id='word_1_856' title='bbox 3473 4732 3602 4785; x_wconf 85' lang='lat' dir='ltr'><strong>sint.</strong></span> 
     </span>
    </p>
   </div>
   <div class='ocr_carea' id='block_1_110' title="bbox 1993 4824 3606 4906">
    <p class='ocr_par' dir='ltr' id='par_1_110' title="bbox 1993 4824 3606 4906">
     <span class='ocr_line' id='line_1_110' title="bbox 1993 4824 3606 4906; baseline -0.012 -11"><span class='ocrx_word' id='word_1_857' title='bbox 1993 4842 2129 4895; x_wconf 72' lang='lat' dir='ltr'><strong>Cum</strong></span> <span class='ocrx_word' id='word_1_858' title='bbox 2161 4837 2468 4906; x_wconf 70' lang='lat' dir='ltr'><strong>prasscirem</strong></span> <span class='ocrx_word' id='word_1_859' title='bbox 2510 4845 2604 4885; x_wconf 88' lang='lat' dir='ltr'><strong>eos</strong></span> <span class='ocrx_word' id='word_1_860' title='bbox 2632 4829 2751 4882; x_wconf 84' lang='lat' dir='ltr'><strong>sine</strong></span> <span class='ocrx_word' id='word_1_861' title='bbox 2779 4824 3158 4881; x_wconf 79' lang='lat' dir='ltr'><strong>emendatione</strong></span> <span class='ocrx_word' id='word_1_862' title='bbox 3190 4838 3500 4888; x_wconf 77' lang='lat' dir='ltr'><strong>mansuros,</strong></span> <span class='ocrx_word' id='word_1_863' title='bbox 3536 4839 3606 4876; x_wconf 87' lang='lat' dir='ltr'><strong>ne</strong></span> 
     </span>
    </p>
   </div>
   <div class='ocr_carea' id='block_1_111' title="bbox 1993 4915 3602 5002">
    <p class='ocr_par' dir='ltr' id='par_1_111' title="bbox 1993 4915 3602 5002">
     <span class='ocr_line' id='line_1_111' title="bbox 1993 4915 3602 5002; baseline -0.012 -14"><span class='ocrx_word' id='word_1_864' title='bbox 1993 4935 2074 4988; x_wconf 86' lang='lat' dir='ltr'><strong>sic</strong></span> <span class='ocrx_word' id='word_1_865' title='bbox 2103 4931 2319 5002; x_wconf 85' lang='lat' dir='ltr'><strong>quidem</strong></span> <span class='ocrx_word' id='word_1_866' title='bbox 2349 4941 2469 4996; x_wconf 77' lang='lat' dir='ltr'><strong>qua:</strong></span> <span class='ocrx_word' id='word_1_867' title='bbox 2500 4925 2675 4978; x_wconf 78' lang='lat' dir='ltr'><strong>facere</strong></span> <span class='ocrx_word' id='word_1_868' title='bbox 2725 4919 3012 4990; x_wconf 89' lang='lat' dir='ltr'><strong>oportebat</strong></span> <span class='ocrx_word' id='word_1_869' title='bbox 3057 4916 3212 4970; x_wconf 65' lang='lat' dir='ltr'><strong>omisi</strong></span> <span class='ocrx_word' id='word_1_870' title='bbox 3241 4932 3254 4980; x_wconf 86' lang='lat'><strong>;</strong></span> <span class='ocrx_word' id='word_1_871' title='bbox 3285 4915 3360 4968; x_wconf 88' lang='lat' dir='ltr'><strong>illi</strong></span> <span class='ocrx_word' id='word_1_872' title='bbox 3391 4929 3519 4969; x_wconf 89' lang='lat' dir='ltr'><strong>vero</strong></span> <span class='ocrx_word' id='word_1_873' title='bbox 3551 4915 3602 4968; x_wconf 88' lang='lat' dir='ltr'><strong>in</strong></span> 
     </span>
    </p>
   </div>
   <div class='ocr_carea' id='block_1_112' title="bbox 1995 5005 3608 5090">
    <p class='ocr_par' dir='ltr' id='par_1_112' title="bbox 1995 5005 3608 5090">
     <span class='ocr_line' id='line_1_112' title="bbox 1995 5005 3608 5090; baseline -0.013 -9"><span class='ocrx_word' id='word_1_874' title='bbox 1995 5026 2198 5082; x_wconf 87' lang='lat' dir='ltr'><strong>malitia</strong></span> <span class='ocrx_word' id='word_1_875' title='bbox 2227 5038 2322 5076; x_wconf 88' lang='lat' dir='ltr'><strong>sua</strong></span> <span class='ocrx_word' id='word_1_876' title='bbox 2346 5019 2718 5090; x_wconf 88' lang='lat' dir='ltr'><strong>perstiterunt.</strong></span> <span class='ocrx_word' id='word_1_877' title='bbox 2755 5012 2865 5067; x_wconf 92' lang='lat' dir='ltr'><strong>lloc</strong></span> <span class='ocrx_word' id='word_1_878' title='bbox 2890 5021 2945 5066; x_wconf 90' lang='lat' dir='ltr'><strong>ct</strong></span> <span class='ocrx_word' id='word_1_879' title='bbox 2966 5009 3093 5064; x_wconf 87' lang='lat' dir='ltr'><strong>alibi</strong></span> <span class='ocrx_word' id='word_1_880' title='bbox 3126 5008 3323 5062; x_wconf 86' lang='lat' dir='ltr'><strong>dicitur</strong></span> <span class='ocrx_word' id='word_1_881' title='bbox 3357 5025 3368 5059; x_wconf 87' lang='lat'>:</span> <span class='ocrx_word' id='word_1_882' title='bbox 3396 5005 3575 5060; x_wconf 74' lang='lat' dir='ltr'><strong>Prazdt</strong></span> <span class='ocrx_word' id='word_1_883' title='bbox 3595 5037 3608 5047; x_wconf 85' lang='lat'><strong>-</strong></span> 
     </span>
    </p>
   </div>
   <div class='ocr_carea' id='block_1_113' title="bbox 1998 5099 3603 5180">
    <p class='ocr_par' dir='ltr' id='par_1_113' title="bbox 1998 5099 3603 5180">
     <span class='ocr_line' id='line_1_113' title="bbox 1998 5099 3603 5180; baseline -0.016 -8"><span class='ocrx_word' id='word_1_884' title='bbox 1998 5119 2193 5172; x_wconf 77' lang='lat' dir='ltr'><strong>rabitur</strong></span> <span class='ocrx_word' id='word_1_885' title='bbox 2218 5116 2310 5166; x_wconf 86' lang='lat' dir='ltr'><strong>hoc</strong></span> <span class='ocrx_word' id='word_1_886' title='bbox 2353 5109 2668 5180; x_wconf 78' lang='lat' dir='ltr'><strong>euangelium</strong></span> <span class='ocrx_word' id='word_1_887' title='bbox 2695 5107 2746 5158; x_wconf 83' lang='lat' dir='ltr'><strong>in</strong></span> <span class='ocrx_word' id='word_1_888' title='bbox 2794 5104 3028 5158; x_wconf 73' lang='lat' dir='ltr'><strong>universo</strong></span> <span class='ocrx_word' id='word_1_889' title='bbox 3057 5099 3268 5162; x_wconf 81' lang='lat' dir='ltr'><strong>mundo,</strong></span> <span class='ocrx_word' id='word_1_890' title='bbox 3299 5100 3349 5151; x_wconf 83' lang='lat' dir='ltr'><strong>in</strong></span> <span class='ocrx_word' id='word_1_891' title='bbox 3374 5100 3603 5152; x_wconf 79' lang='lat' dir='ltr'><strong>testimo-</strong></span> 
     </span>
    </p>
   </div>
   <div class='ocr_carea' id='block_1_114' title="bbox 1996 5189 3604 5272">
    <p class='ocr_par' dir='ltr' id='par_1_114' title="bbox 1996 5189 3604 5272">
     <span class='ocr_line' id='line_1_114' title="bbox 1996 5189 3604 5272; baseline -0.012 -9"><span class='ocrx_word' id='word_1_892' title='bbox 1996 5213 2140 5264; x_wconf 80' lang='lat' dir='ltr'><strong>nium</strong></span> <span class='ocrx_word' id='word_1_893' title='bbox 2171 5204 2404 5260; x_wconf 77' lang='lat' dir='ltr'><strong>omnibus</strong></span> <span class='ocrx_word' id='word_1_894' title='bbox 2435 5201 2687 5272; x_wconf 77' lang='lat' dir='ltr'><strong>gentibus,</strong></span> <span class='ocrx_word' id='word_1_895' title='bbox 2717 5207 2762 5250; x_wconf 84' lang='lat' dir='ltr'><strong>et</strong></span> <span class='ocrx_word' id='word_1_896' title='bbox 2785 5207 2905 5247; x_wconf 84' lang='lat' dir='ltr'><strong>tunc</strong></span> <span class='ocrx_word' id='word_1_897' title='bbox 2935 5195 3094 5247; x_wconf 80' lang='lat' dir='ltr'><strong>ueniet</strong></span> <span class='ocrx_word' id='word_1_898' title='bbox 3116 5193 3234 5260; x_wconf 76' lang='lat' dir='ltr'><strong>linis</strong></span> <span class='ocrx_word' id='word_1_899' title='bbox 3265 5189 3480 5261; x_wconf 80' lang='lat' dir='ltr'><strong>(Matth.</strong></span> <span class='ocrx_word' id='word_1_900' title='bbox 3512 5190 3604 5243; x_wconf 70' lang='lat' dir='ltr'><strong>2i.</strong></span> 
     </span>
    </p>
   </div>
   <div class='ocr_carea' id='block_1_115' title="bbox 2001 5283 3611 5370">
    <p class='ocr_par' dir='ltr' id='par_1_115' title="bbox 2001 5283 3611 5370">
     <span class='ocr_line' id='line_1_115' title="bbox 2001 5283 3611 5370; baseline -0.013 -13"><span class='ocrx_word' id='word_1_901' title='bbox 2001 5302 2091 5370; x_wconf 72' lang='lat' dir='ltr'><strong>H)</strong></span> <span class='ocrx_word' id='word_1_902' title='bbox 2118 5320 2130 5353; x_wconf 92' lang='lat'>:</span> <span class='ocrx_word' id='word_1_903' title='bbox 2163 5296 2412 5368; x_wconf 89' lang='lat' dir='ltr'><strong>gentibus</strong></span> <span class='ocrx_word' id='word_1_904' title='bbox 2439 5292 2666 5354; x_wconf 85' lang='lat' dir='ltr'><strong>scilicet,</strong></span> <span class='ocrx_word' id='word_1_905' title='bbox 2700 5305 2805 5343; x_wconf 82' lang='lat' dir='ltr'><strong>non</strong></span> <span class='ocrx_word' id='word_1_906' title='bbox 2829 5287 3228 5347; x_wconf 86' lang='lat' dir='ltr'><strong>obcdicntibus,</strong></span> <span class='ocrx_word' id='word_1_907' title='bbox 3262 5295 3368 5336; x_wconf 88' lang='lat' dir='ltr'><strong>non</strong></span> <span class='ocrx_word' id='word_1_908' title='bbox 3398 5283 3611 5337; x_wconf 86' lang='lat' dir='ltr'><strong>obtem-</strong></span> 
     </span>
    </p>
   </div>
   <div class='ocr_carea' id='block_1_116' title="bbox 2002 5374 3611 5466">
    <p class='ocr_par' dir='ltr' id='par_1_116' title="bbox 2002 5374 3611 5466">
     <span class='ocr_line' id='line_1_116' title="bbox 2002 5374 3611 5466; baseline -0.012 -19"><span class='ocrx_word' id='word_1_909' title='bbox 2002 5392 2334 5466; x_wconf 86' lang='lat' dir='ltr'><strong>perantibus.</strong></span> <span class='ocrx_word' id='word_1_910' title='bbox 2359 5387 2437 5441; x_wconf 81' lang='lat' dir='ltr'><strong>Ne</strong></span> <span class='ocrx_word' id='word_1_911' title='bbox 2459 5385 2579 5455; x_wconf 90' lang='lat' dir='ltr'><strong>quis</strong></span> <span class='ocrx_word' id='word_1_912' title='bbox 2597 5382 2738 5437; x_wconf 90' lang='lat' dir='ltr'><strong>cnim</strong></span> <span class='ocrx_word' id='word_1_913' title='bbox 2764 5380 2991 5441; x_wconf 86' lang='lat' dir='ltr'><strong>diceret,</strong></span> <span class='ocrx_word' id='word_1_914' title='bbox 3013 5377 3119 5431; x_wconf 88' lang='lat' dir='ltr'><strong>Cur</strong></span> <span class='ocrx_word' id='word_1_915' title='bbox 3135 5375 3386 5431; x_wconf 88' lang='lat' dir='ltr'><strong>omnibus</strong></span> <span class='ocrx_word' id='word_1_916' title='bbox 3411 5374 3611 5444; x_wconf 74' lang='lat' dir='ltr'><strong>praedi-</strong></span> 
     </span>
    </p>
   </div>
   <div class='ocr_carea' id='block_1_117' title="bbox 2003 5468 3600 5553">
    <p class='ocr_par' dir='ltr' id='par_1_117' title="bbox 2003 5468 3600 5553">
     <span class='ocr_line' id='line_1_117' title="bbox 2003 5468 3600 5553; baseline -0.016 -10"><span class='ocrx_word' id='word_1_917' title='bbox 2003 5504 2116 5553; x_wconf 88' lang='lat' dir='ltr'><strong>cas,</strong></span> <span class='ocrx_word' id='word_1_918' title='bbox 2139 5501 2260 5538; x_wconf 89' lang='lat' dir='ltr'><strong>cnm</strong></span> <span class='ocrx_word' id='word_1_919' title='bbox 2294 5496 2400 5535; x_wconf 88' lang='lat' dir='ltr'><strong>non</strong></span> <span class='ocrx_word' id='word_1_920' title='bbox 2444 5493 2636 5532; x_wconf 74' lang='lat' dir='ltr'><strong>moues</strong></span> <span class='ocrx_word' id='word_1_921' title='bbox 2664 5472 2922 5530; x_wconf 89' lang='lat' dir='ltr'><strong>credituri</strong></span> <span class='ocrx_word' id='word_1_922' title='bbox 2954 5471 3101 5524; x_wconf 82' lang='lat' dir='ltr'><strong>sint?</strong></span> <span class='ocrx_word' id='word_1_923' title='bbox 3130 5468 3199 5524; x_wconf 89' lang='lat' dir='ltr'><strong>Ut</strong></span> <span class='ocrx_word' id='word_1_924' title='bbox 3243 5471 3426 5521; x_wconf 86' lang='lat' dir='ltr'><strong>omnia</strong></span> <span class='ocrx_word' id='word_1_925' title='bbox 3461 5483 3600 5530; x_wconf 84' lang='lat' dir='ltr'><strong>mea,</strong></span> 
     </span>
    </p>
   </div>
   <div class='ocr_carea' id='block_1_118' title="bbox 2005 5560 3613 5648">
    <p class='ocr_par' dir='ltr' id='par_1_118' title="bbox 2005 5560 3613 5648">
     <span class='ocr_line' id='line_1_118' title="bbox 2005 5560 3613 5648; baseline -0.016 -13"><span class='ocrx_word' id='word_1_926' title='bbox 2005 5581 2098 5642; x_wconf 87' lang='lat' dir='ltr'><strong>ait,</strong></span> <span class='ocrx_word' id='word_1_927' title='bbox 2123 5575 2439 5648; x_wconf 63' lang='lat' dir='ltr'><strong>praestitisse</strong></span> <span class='ocrx_word' id='word_1_928' title='bbox 2479 5570 2683 5631; x_wconf 86' lang='lat' dir='ltr'><strong>videar,</strong></span> <span class='ocrx_word' id='word_1_929' title='bbox 2727 5576 2781 5620; x_wconf 89' lang='lat' dir='ltr'><strong>et</strong></span> <span class='ocrx_word' id='word_1_930' title='bbox 2825 5579 2986 5619; x_wconf 88' lang='lat' dir='ltr'><strong>nemo</strong></span> <span class='ocrx_word' id='word_1_931' title='bbox 3013 5578 3098 5617; x_wconf 90' lang='lat' dir='ltr'><strong>me</strong></span> <span class='ocrx_word' id='word_1_932' title='bbox 3147 5570 3330 5629; x_wconf 85' lang='lat' dir='ltr'><strong>postea</strong></span> <span class='ocrx_word' id='word_1_933' title='bbox 3364 5560 3613 5615; x_wconf 87' lang='lat' dir='ltr'><strong>incusare</strong></span> 
     </span>
    </p>
   </div>
   <div class='ocr_carea' id='block_1_119' title="bbox 2008 5649 3612 5742">
    <p class='ocr_par' dir='ltr' id='par_1_119' title="bbox 2008 5649 3612 5742">
     <span class='ocr_line' id='line_1_119' title="bbox 2008 5649 3612 5742; baseline -0.016 -17"><span class='ocrx_word' id='word_1_934' title='bbox 2008 5670 2199 5742; x_wconf 82' lang='lat' dir='ltr'><strong>possit,</strong></span> <span class='ocrx_word' id='word_1_935' title='bbox 2223 5664 2368 5736; x_wconf 88' lang='lat' dir='ltr'><strong>quod</strong></span> <span class='ocrx_word' id='word_1_936' title='bbox 2396 5680 2502 5718; x_wconf 87' lang='lat' dir='ltr'><strong>nou</strong></span> <span class='ocrx_word' id='word_1_937' title='bbox 2530 5659 2780 5715; x_wconf 75' lang='lat' dir='ltr'><strong>audierit.</strong></span> <span class='ocrx_word' id='word_1_938' title='bbox 2821 5656 2955 5710; x_wconf 88' lang='lat' dir='ltr'><strong>Nam</strong></span> <span class='ocrx_word' id='word_1_939' title='bbox 2983 5654 3094 5722; x_wconf 86' lang='lat' dir='ltr'><strong>ipsa</strong></span> <span class='ocrx_word' id='word_1_940' title='bbox 3124 5650 3436 5720; x_wconf 69' lang='grc' dir='ltr'>ιιιίυιιιςειιὶο</span> <span class='ocrx_word' id='word_1_941' title='bbox 3461 5649 3612 5701; x_wconf 78' lang='lat' dir='ltr'><strong>testi-</strong></span> 
     </span>
    </p>
   </div>
   <div class='ocr_carea' id='block_1_120' title="bbox 2015 5739 3613 5820">
    <p class='ocr_par' dir='ltr' id='par_1_120' title="bbox 2015 5739 3613 5820">
     <span class='ocr_line' id='line_1_120' title="bbox 2015 5739 3613 5820; baseline -0.017 -2"><span class='ocrx_word' id='word_1_942' title='bbox 2015 5763 2255 5818; x_wconf 85' lang='lat' dir='ltr'><strong>moniqu</strong></span> <span class='ocrx_word' id='word_1_943' title='bbox 2287 5769 2471 5815; x_wconf 86' lang='lat' dir='ltr'><strong>contra</strong></span> <span class='ocrx_word' id='word_1_944' title='bbox 2513 5755 2643 5810; x_wconf 80' lang='lat' dir='ltr'><strong>fcrct</strong></span> <span class='ocrx_word' id='word_1_945' title='bbox 2685 5771 2694 5804; x_wconf 92' lang='lat'><strong>:</strong></span> <span class='ocrx_word' id='word_1_946' title='bbox 2745 5765 2842 5806; x_wconf 84' lang='lat' dir='ltr'><strong>nec</strong></span> <span class='ocrx_word' id='word_1_947' title='bbox 2881 5755 3132 5820; x_wconf 84' lang='lat' dir='ltr'><strong>poterunt</strong></span> <span class='ocrx_word' id='word_1_948' title='bbox 3182 5752 3364 5814; x_wconf 82' lang='lat' dir='ltr'><strong>po~tea</strong></span> <span class='ocrx_word' id='word_1_949' title='bbox 3410 5739 3613 5804; x_wconf 72' lang='lat' dir='ltr'><strong>diei-re,</strong></span> 
     </span>
    </p>
   </div>
  </div>
