4066 6452
521 383 618 439 551

527 504 644 562 Non
681 494 978 554 audivimus
1010 507 1023 544 :
1071 501 1194 545 nam
1230 499 1415 544 sermo
1457 481 1666 552 pietatis
1706 478 1757 533 in
1791 475 1921 530 lines
1950 473 2097 528 orbis

527 607 684 649 terra:
706 598 1015 660 progressus
1036 590 1120 637 est
1145 576 1319 649 (Paul.
1341 576 1428 632 l8.
1450 575 1529 645 5).

592 658 810 737 Herulis
837 673 1143 732 exhortatio.
1175 667 1417 736 Beneﬁcii
1461 661 1710 726 custodia,
1737 668 1812 713 est
1841 658 1949 728 ejus
1992 670 2097 707 me-

521 773 705 829 moria.
740 766 1063 825 Eucharistia
1111 778 1202 817 cur
1246 761 1317 814 sic
1357 755 1658 826 appelletur.
1688 779 1760 790 —-
1787 748 1912 802 Hmc
1940 746 2101 816 igitur

526 879 626 920 nos
650 874 863 933 quoque
889 856 1182 924 cogitantes
1206 889 1220 916 ,
1253 863 1371 918 qua:
1399 852 1578 900 nostra
1619 851 1743 896 sunt
1768 839 1946 895 omnia
1973 849 2100 906 erga

523 931 822 1025 proximum
869 945 1184 1015 impleamus
1205 982 1224 1004 .,
1259 939 1473 1008 Deoque
1498 947 1714 1002 semper
1737 931 1955 1025 gratias
1977 941 2104 1025 aga-

520 1019 657 1099 mus.
679 1037 890 1094 Etenim
915 1033 1204 1091 absurdum
1235 1037 1399 1091 esset,
1439 1041 1559 1080 cum
1601 1022 1838 1095 quotidie
1861 1021 1976 1091 ejus
2005 1019 2100 1072 be-

526 1132 729 1190 neﬁciis
762 1129 1018 1188 fruamur,
1053 1138 1120 1178 ne
1147 1121 1310 1175 verbo
1337 1117 1555 1190 quidem
1580 1115 1697 1186 ejus
1717 1112 1944 1183 gratiam
1972 1124 2099 1164 cono

521 1223 680 1286 ﬁteri,
713 1235 833 1276 cum
858 1217 1087 1272 maxime
1113 1212 1382 1270 confessio
1412 1210 1503 1266 illa
1554 1223 1750 1266 novam
1807 1201 1966 1260 nobis
1993 1199 2100 1255 uti-

516 1314 718 1368 litatem
748 1308 936 1364 afferat
963 1309 1002 1362 ί.
1043 1306 1225 1375 Neque
1254 1303 1393 1357 enim
1423 1301 1512 1356 ille
1537 1298 1698 1354 rebus
1726 1304 1857 1367 eget.
1876 1292 2097 1357 nostris,

519 1403 614 1460 sed
643 1417 738 1457 nos
769 1400 885 1470 ejus
906 1397 1096 1469 opibus
1119 1410 1356 1466 egemus.
1387 1392 1518 1448 Nam
1538 1390 1830 1461 gratiarum
1852 1383 1993 1451 actio
2021 1381 2102 1437 illi

522 1493 736 1566 quidem
779 1490 910 1549 nihil
949 1487 1161 1556 adjicit,
1206 1484 1299 1540 sed
1331 1497 1425 1537 nos
1462 1481 1559 1551 ipsi
1602 1477 1773 1547 magis
1812 1474 2100 1530 familiares

519 1585 663 1640 facit.
712 1582 842 1638 Nam
897 1579 942 1634 si
984 1577 1255 1632 hominum
1299 1570 1554 1628 beneﬁcia
1599 1569 1651 1625 in
1682 1575 1917 1624 mentem
1947 1578 2100 1620 revo-

516 1689 720 1738 cemus,
754 1670 924 1741 magis
943 1684 1126 1726 eorum
1149 1680 1330 1720 amore
1356 1660 1730 1718 suocendimur
1755 1677 1764 1709 :
1791 1657 1959 1712 multo
1986 1669 2100 1708 ma-

515 1768 598 1839 gis
641 1765 686 1821 si
717 1763 927 1819 Domini
965 1775 1089 1839 erga
1132 1773 1228 1813 nos
1274 1755 1528 1811 beneﬁcia
1552 1751 1766 1807 assidue
1811 1751 1865 1805 in
1921 1756 2101 1803 mente

513 1870 826 1918 versemus,
873 1853 941 1907 ad
980 1849 1382 1919 ejusmandata
1429 1843 1693 1900 servanda
1745 1839 2098 1896 studiosiores

513 1951 732 2005 erimus.
765 1945 888 2000 Ideo
913 1942 1112 1998 Paulus
1140 1938 1352 1994 dicebat
1384 1953 1399 1990 :
1428 1934 1570 1991 Grati
1601 1943 1756 1988 estote
1784 1928 2004 1999 (Coloas.
2040 1929 2093 1983 5.

517 2039 586 2094 15
605 2042 645 2108 ).
676 2033 925 2090 Beneﬁcii
949 2031 1092 2087 enim
1116 2028 1314 2098 optima
1332 2026 1575 2081 custodia
1602 2033 1686 2078 est
1706 2019 1950 2078 beneﬁcii
1984 2033 2097 2072 me-

516 2129 702 2191 moria,
734 2135 788 2180 et
814 2123 1023 2179 assidua
1061 2121 1348 2190 gratiarum
1377 2117 1536 2171 actio.
1567 2115 1798 2182 ideoque
1829 2109 2097 2166 horrenda

514 2220 605 2274 illa
631 2216 904 2287 mysteria,
938 2223 1042 2267 tam
1075 2209 1328 2265 salutaria
1358 2222 1477 2277 qua:
1507 2206 1560 2259 in
1597 2203 1823 2273 singulis
1857 2199 2097 2256 collectis

513 2307 872 2368 celebramus,
899 2301 1234 2358 Eucbaristia
1271 2298 1623 2369 appellantur,
1654 2294 1780 2366 quia
1803 2290 2096 2349 beneﬁcio-

515 2413 633 2454 rum
665 2395 954 2450 multorum
981 2387 1422 2447 commemoratio
1453 2394 1599 2452 sunt,
1630 2394 1895 2462 caputque
1924 2384 2099 2450 ipsum

514 2490 708 2545 divina:
766 2485 1110 2558 providentia:
1157 2481 1450 2537 ostendunt
1476 2520 1490 2545 ,
1527 2492 1732 2546 nosque
1779 2490 1876 2547 per
1921 2474 2100 2530 omnia

513 2587 774 2650 apparant
814 2576 880 2629 ad
918 2575 1117 2646 gratias
1143 2571 1398 2641 agendas.
1431 2567 1563 2622 Nam
1596 2569 1642 2622 si
1672 2583 1735 2620 ex
1769 2565 1976 2635 virgine
2005 2579 2100 2618 na-

514 2671 591 2725 sci
637 2681 887 2737 magnum
931 2671 1014 2720 est
1053 2661 1405 2725 miraculum,
1446 2673 1510 2713 ac
1551 2666 1771 2727 stupore
1823 2653 2098 2723 perculsus

513 2759 839 2828 evangelista
884 2755 1129 2818 dicebat,
1186 2750 1301 2806 Hoc
1352 2759 1521 2804 autem
1578 2756 1739 2802 totum
1786 2750 1975 2816 factum
2025 2752 2099 2798 est

517 2852 728 2920 (Matth.
763 2851 814 2904 1.
843 2847 953 2915 2‘2)
980 2865 992 2902 :
1022 2844 1289 2899 immolari
1318 2857 1415 2912 pro
1443 2841 1596 2895 nobis
1625 2839 1677 2893 in
1712 2853 1838 2906 quo,
1879 2851 2096 2908 quaso,

512 2951 812 2996 statuemus
838 2936 996 2992 loco?
1039 2934 1171 2990 Nam
1204 2933 1248 2988 si
1282 2931 1434 3008 nasci
1467 2929 1650 2983 Totum
1692 2936 1948 2992 vocatur,
1979 2941 2104 2981 cru-

513 3030 650 3101 eiﬁgi
690 3057 705 3094 ,-
732 3038 785 3082 et
810 3025 1117 3096 sanguinem
1152 3035 1247 3090 pro
1274 3013 1428 3074 dobis
1459 3015 1757 3082 eﬁ‘undere,
1783 3030 1846 3070 ac
1865 3015 2103 3084 seipsum

513 3120 642 3175 dare
686 3120 736 3172 in
759 3116 936 3172 cibum
963 3123 1017 3169 et
1058 3112 1363 3168 convivium
1399 3107 1696 3178 spirituale,
1726 3121 1833 3176 quo
1883 3106 2101 3161 nomine

512 3206 922 3279 appellandum?
951 3203 1158 3260 Gratias
1185 3216 1314 3272 ergo
1337 3200 1414 3255 illi
1461 3197 1674 3253 assidue
1712 3210 1967 3266 agamus;
2000 3197 2101 3251 hoc

514 3299 781 3371 praecedat
830 3307 886 3354 et
921 3296 1081 3354 verba
1130 3304 1184 3350 et
1211 3307 1375 3364 opera
1425 3303 1628 3346 nostra.
1676 3290 1889 3346 Gratias
1919 3298 2096 3344 autem

513 3406 734 3463 agamus
759 3404 863 3445 non
907 3404 1003 3458 pro
1029 3386 1228 3442 nostris
1256 3395 1481 3448 tantum,
1524 3383 1618 3438 sed
1650 3385 1808 3437 etiam
1841 3396 1938 3452 pro
1967 3384 2097 3436 alie-

513 3483 598 3539 nis
644 3480 835 3542 bnnis;
881 3480 951 3533 ita
978 3477 1120 3532 enim
1151 3487 1207 3531 et
1253 3475 1503 3530 invidiam
1553 3473 1742 3528 tollere
1785 3473 2098 3542 poterimus,

512 3572 893 3639 caritatemque
934 3569 1136 3632 fovere,
1184 3565 1643 3633 sincerioremque
1686 3561 1883 3616 facere.
1920 3560 2102 3630 Neque

513 3664 656 3718 enim
679 3662 879 3730 poteris
905 3659 1157 3728 deinceps
1188 3657 1412 3711 invideri
1455 3658 1506 3709 in
1540 3655 1626 3721 iis,
1665 3655 1733 3710 dc
1761 3653 1954 3723 quibus
1982 3668 2104 3722 gra-

517 3754 618 3809 tias
644 3755 759 3822 agis
787 3751 1032 3804 Domino.
1077 3747 1280 3804 Idcirco
1304 3746 1558 3802 sacerdos
1583 3761 1681 3816 pro
1709 3744 1841 3799 orbe
1863 3784 1879 3810 ,
1912 3758 2007 3812 pro
2034 3742 2100 3798 iis

514 3843 605 3912 qui
628 3851 750 3896 ante
771 3841 1002 3899 fuerunt.
1027 3853 1124 3908 pro
1147 3839 1210 3892 iis
1231 3837 1321 3906 qui
1344 3851 1485 3890 iiunc
1505 3847 1649 3900 sunt,
1667 3851 1766 3904 pro
1791 3835 1856 3889 iis
1875 3834 1962 3904 qui
1986 3834 2097 3899 jam

515 3931 647 3995 nati,
681 3946 778 4000 pro
809 3929 1013 3992 futuris,
1049 3942 1146 3982 nos
1171 3927 1371 3997 gratias
1410 3939 1570 3994 agere
1612 3925 1804 3993 jubet,
1837 3923 2101 3978 sacriﬁcio

516 4023 610 4080 illo
635 4021 927 4092 preposito.
969 4019 1082 4074 Hoc
1104 4018 1248 4072 enim
1283 4032 1381 4070 nos
1405 4023 1463 4069 ct
1489 4029 1517 4077 a
1549 4026 1690 4070 terra
1718 4014 1926 4078 liberat,
1959 4022 2013 4068 et
2044 4013 2097 4066 in

526 4113 716 4169 calum
773 4109 1048 4175 transfert,
1107 4107 1434 4178 angelusque
1484 4122 1555 4160 ex
1610 4105 1910 4160 hominibus
1952 4105 2095 4159 facit.

515 4205 649 4261 Nam
669 4212 725 4258 et
751 4204 843 4267 illi,
878 4209 1077 4256 statuto
1099 4199 1285 4258 choro.
1313 4214 1407 4267 pro
1430 4198 1702 4252 beneﬁciis
1722 4197 1873 4249 nobis
1894 4195 2101 4248 collatis

516 4296 714 4365 gratias
740 4302 902 4364 agunt
952 4292 1080 4352 Deo.
1111 4291 1345 4346 dicentes
1380 4306 1391 4341 :
1425 4287 1600 4341 Gloria
1629 4289 1681 4339 in
1712 4285 1920 4339 excelsis
1950 4284 2056 4336 Deo
2084 4324 2097 4346 ,

517 4396 562 4437 at
591 4387 643 4438 in
687 4395 817 4438 terra
850 4399 982 4451 pax,
1033 4384 1085 4434 in
1131 4380 1410 4433 hominibus
1451 4376 1816 4444 beneplacitum
1848 4375 1866 4443 (
1890 4374 2013 4426 Luc.
2043 4374 2096 4426 2.

519 4478 629 4546 id).
667 4477 731 4530 Et
761 4478 882 4544 quid
909 4476 971 4526 ad
1004 4489 1102 4528 nos
1127 4515 1141 4537 ,
1181 4474 1406 4539 inqu:cs,
1441 4472 1527 4538 qui
1561 4484 1658 4522 nec
1704 4469 1753 4519 in
1788 4475 1928 4521 terra
1953 4509 1965 4529 ,
2003 4480 2100 4518 nec

519 4570 763 4623 homines
811 4570 937 4619 sunt
971 4565 982 4616 !
1039 4565 1149 4618 lmo
1173 4564 1402 4616 maxime
1429 4560 1494 4612 ad
1526 4575 1657 4613 nos:
1695 4574 1814 4611 nam
1841 4558 1909 4610 ita
1945 4558 2098 4608 insti-

518 4661 615 4713 tuti
638 4673 840 4720 sumus,
901 4665 954 4708 ut
1001 4667 1294 4708 conservos
1328 4651 1636 4720 diligamus,
1687 4650 1754 4701 ita
1784 4657 1840 4702 ut
1888 4647 2096 4702 illorum

521 4759 679 4817 bona,
713 4763 889 4806 nostra
917 4765 1035 4804 esse
1062 4748 1456 4803 existimemus.

590 4846 644 4900 4.
675 4844 798 4897 ldco
828 4852 880 4894 et
907 4839 1097 4893 Paulus
1124 4828 1175 4892 in
1208 4836 1458 4906 Epistolis
1483 4835 1592 4888 suis
1621 4835 1813 4902 ubique
1837 4846 1933 4902 pro
1955 4833 2099 4886 orbis

522 4936 685 4990 totius
711 4933 861 4985 bonis
886 4931 1083 4998 gratias
1113 4929 1234 4997 agit.
1281 4925 1387 4979 Nos
1419 4926 1594 4993 itaque
1623 4938 1718 4991 pro
1745 4923 1937 4976 nostris
1959 4963 1972 4985 ,
2005 4936 2099 4990 pro

521 5025 708 5079 alienis
733 5062 748 5082 .
788 5037 897 5091 pro.
915 5019 1092 5088 parvis
1113 5058 1125 5080 ,
1159 5032 1255 5085 pro
1281 5016 1486 5085 magnis
1512 5014 1724 5068 assidue
1761 5013 1956 5082 gratias
1979 5027 2101 5081 aga-

521 5129 659 5168 mus.
691 5111 908 5166 Etiamsi
928 5109 1067 5164 enim
1089 5123 1303 5177 parvum
1327 5109 1392 5159 sit
1420 5106 1469 5159 id
1496 5106 1636 5175 quod
1660 5107 1843 5168 datur,
1874 5106 1955 5158 vel
1979 5103 2101 5158 hinc

522 5218 771 5274 magnum
812 5201 1041 5255 efﬁcitur
1082 5199 1220 5268 quod
1247 5214 1276 5250 a
1309 5198 1418 5252 Deo
1462 5197 1638 5251 datum
1673 5198 1778 5260 sit;
1834 5197 1937 5249 imo
1979 5211 2100 5249 vero

523 5296 656 5350 nihil
703 5309 922 5363 parvum
961 5293 1026 5345 ab
1069 5291 1158 5345 illo
1202 5291 1386 5352 datur,
1418 5304 1522 5342 non
1557 5289 1726 5341 solum
1753 5287 1892 5356 quod
1921 5285 1988 5339 ab
2015 5287 2102 5338 illo

523 5387 858 5456 praebeatur,
891 5383 984 5437 sed
1011 5383 1169 5436 etiam
1199 5381 1308 5450 ipsa
1335 5389 1522 5432 natura
1552 5394 1668 5433 sua.
1699 5377 1771 5433 Ut
1794 5389 1970 5431 autem
2001 5377 2099 5428 alia

522 5476 701 5530 omnia
742 5475 980 5536 mittam,
1020 5487 1137 5542 qua:
1173 5484 1389 5526 arenam
1434 5484 1654 5524 numero
1689 5471 1906 5523 vincunt
1939 5468 2101 5536 :quid

524 5582 621 5636 par
645 5572 728 5622 est
751 5577 847 5634 pro
874 5563 1028 5618 nobis
1055 5561 1207 5618 factis
1229 5561 1564 5627 meonomim,
1587 5559 1698 5615 sive
1718 5558 2102 5613 incarnationi?

595 5724 892 5794 ξηριξὶόειτημ
889 5739 998 5774 cum
1031 5724 1241 5776 maxime
1293 5721 1528 5785 confessio
1574 5720 1661 5773 illa
1704 5731 1929 5784 magnum
1969 5714 2105 5767 nobis

535 5785 792 5838 utilitatem
814 5785 1003 5850 afferat.

1321 373 1379 429 3.
1433 364 1710 427 JOANNIS
1745 353 2222 420 CHRYSOSTOMI
2260 353 2577 412 ARCHIEP.
2617 353 3156 412 CONSTANTINOP.

3685 351 3800 407 53!

2210 467 2361 534 Quod
2392 467 2536 522 enim
2577 465 2652 521 illi
2691 464 3140 536 pretiosissimum
3169 460 3406 518 omnium
3436 469 3570 522 erat,
3606 460 3802 531 unige-

2208 557 2376 611 nitum
2406 555 2593 610 Filium
2618 569 2715 623 pro
2744 555 2898 610 nobis
2922 552 3150 608 inimicis
3171 552 3314 607 dedit
3344 570 3358 607 :
3382 566 3480 607 nec
3508 550 3660 606 dedit
3689 565 3809 604 mo-

2206 648 2277 702 do
2319 647 2492 714 nobis,
2524 646 2619 701 sed
2669 654 2724 700 et
2765 645 2913 699 illum
2955 643 3010 698 in
3053 658 3291 698 mensam
3332 642 3488 698 nobis
3529 640 3803 714 apposuit,

2207 742 2384 796 omnia
2407 753 2503 808 pro
2525 737 2676 794 nobis
2702 738 2921 800 faciens.
2950 748 3004 793 et
3030 736 3225 800 dando,
3248 743 3303 790 et
3323 750 3423 790 nos
3448 749 3544 803 pro
3569 733 3655 789 bis
3679 748 3807 804 gra-

2209 841 2292 889 tos
2338 829 2636 886 efﬁciendo.
2682 829 2814 896 Quia
2854 830 2998 882 enim
3039 837 3097 883 ut
3138 826 3425 897 plurimum
3454 827 3691 895 ingratus
3720 831 3806 877 est

2211 927 2369 977 homo
2391 963 2405 986 ,
2434 921 2631 992 ubique
2660 920 2776 989 ipse
2797 918 3018 988 suscipit
3044 927 3095 974 et
3125 924 3348 988 apparat
3374 931 3436 969 ea
3467 931 3587 985 qua:
3609 914 3677 970 ad
3707 929 3806 969 no-

2207 1024 2372 1070 stram
2409 1021 2534 1068 sunt
2562 1013 2867 1067 utilitatem.
2908 1011 2976 1066 Et
3001 1009 3145 1082 quod
3173 1011 3226 1065 in
3256 1007 3458 1066 iudicis
3485 1008 3702 1078 agebat,
3735 1023 3804 1063 ex

2207 1107 2358 1171 locis,
2392 1103 2718 1173 temporibus
2756 1113 2810 1158 et
2849 1103 2997 1157 festis
3039 1100 3297 1158 beneﬁcia
3336 1099 3468 1170 ipsis
3503 1099 3556 1153 in
3594 1111 3808 1152 memo-

2207 1195 2342 1252 riam
2373 1207 2628 1251 revocans
2652 1234 2666 1258 ,
2706 1192 2934 1262 idipsum
2961 1193 3123 1248 etiam
3151 1191 3237 1248 hic
3266 1190 3390 1246 fecit
3414 1233 3427 1258 ,
3453 1203 3521 1245 ex
3550 1186 3805 1243 sacrificii

2207 1285 2368 1342 modo
2394 1285 2459 1341 ad
2494 1297 2784 1354 perennem
2813 1281 3060 1338 beneficii
3093 1281 3316 1352 hujusce
3352 1279 3668 1336 memoriam
3701 1291 3806 1333 nos

2208 1379 2484 1434 inducens.
2513 1376 2603 1431 Sic
2630 1389 2788 1430 nemo
2817 1375 2887 1428 ita
2921 1372 3143 1439 studuit,
3172 1387 3270 1429 nos
3301 1371 3499 1441 probos
3519 1411 3535 1434 ,
3573 1382 3804 1439 magnos

2206 1478 2261 1522 et
2300 1483 2395 1535 per
2435 1464 2614 1519 omnia
2651 1472 2832 1535 gratos
2869 1461 3119 1526 efﬁcere,
3149 1470 3207 1516 ut
3229 1461 3321 1531 qui
3353 1473 3452 1514 nos
3481 1458 3607 1514 fecit
3635 1459 3803 1514 Deus.
3891 1465 3894 1467 λ

2205 1558 2538 1626 Quapropter
2562 1569 2661 1610 nos
2688 1563 2744 1610 et
2773 1553 2968 1608 invitos
2993 1567 3136 1622 saepe
3161 1561 3215 1609 et
3240 1551 3466 1622 plurima
3489 1549 3804 1620 ignorantes

2205 1649 2479 1706 beneﬁciis
2506 1647 2684 1702 afﬁcit.
2715 1646 2771 1702 Si
2789 1655 2964 1701 autem
2990 1645 3041 1701 id
3063 1645 3202 1717 quod
3225 1645 3430 1700 dictum
3448 1653 3532 1700 est
3547 1643 3764 1698 miraris
3784 1659 3799 1704 ;

2206 1759 2312 1798 non
2345 1743 2397 1797 in
2426 1741 2656 1796 obscuro
2684 1739 2933 1810 quopiam
2964 1729 3114 1805 viro,
3145 1737 3241 1794 sed
3279 1739 3333 1792 in
3364 1738 3519 1794 beato
3548 1736 3718 1791 Paulo
3745 1734 3802 1790 id

2205 1836 2492 1902 contigisse
2528 1831 2832 1887 ostendam.
2875 1831 3082 1886 Etenim
3117 1830 3304 1885 beatus
3333 1829 3421 1884 ille
3449 1829 3630 1883 multis
3658 1827 3804 1898 peri-

2205 1926 2338 1981 culis
2362 1933 2418 1979 et
2444 1925 2698 1978 :rrumnis
2727 1923 3068 1988 exercitatus,
3099 1937 3242 1992 sarpe
3268 1922 3490 1992 rogabat
3518 1922 3712 1987 Deum,
3742 1930 3802 1975 ut

2203 2017 2271 2071 ab
2299 2032 2357 2071 se
2383 2016 2704 2070 tentatioues
2733 2015 2967 2070 auferret
2995 2032 3008 2067 :
3034 2021 3398 2068 verumtamen
3428 2029 3532 2066 non
3561 2012 3627 2066 ad
3657 2011 3803 2082 peti-

2207 2109 2405 2162 tionem
2428 2149 2442 2169 ,
2471 2105 2566 2160 sed
2605 2105 2674 2160 ad
2712 2105 2994 2160 utilitatem
3024 2104 3142 2175 ejus
3167 2104 3402 2174 respexit
3433 2104 3602 2169 Deus;
3636 2105 3804 2173 idque

2208 2196 2491 2252 declarans
2519 2194 2595 2248 ait
2623 2211 2636 2247 :
2670 2192 2868 2262 Sujjicit
2889 2193 2980 2247 tibi
3001 2194 3166 2264 gratia
3191 2209 3302 2247 mea
3324 2208 3344 2246 :
3365 2209 3483 2246 nam
3504 2193 3666 2247 virtus
3686 2209 3805 2247 mea

2202 2287 2257 2339 in
2287 2285 2583 2352 inﬁrmitate
2608 2285 2868 2354 perﬁcitur
2893 2285 2912 2354 (
2935 2284 2988 2337 2.
3016 2281 3134 2338 Cor.
3161 2282 3247 2340 l2.
3275 2280 3368 2355 9).
3412 2283 3596 2353 itaque
3623 2283 3807 2353 prius-

2205 2394 2364 2449 quam
2391 2377 2465 2431 illi
2495 2391 2712 2432 causam
2740 2376 3051 2446 explicaret,
3083 2375 3309 2431 invitum
3337 2375 3606 2432 alliciebat
3633 2375 3807 2432 bene-

2209 2469 2348 2535 ﬁcia,
2375 2469 2536 2522 etiam
2565 2468 2918 2538 ignorantem.
2948 2465 3085 2533 Quid
3117 2466 3280 2535 igitur
3302 2481 3554 2536 maguum
3586 2466 3767 2536 poscit
3786 2506 3802 2530 ,

2207 2577 2327 2615 cum
2354 2560 2424 2615 de
2449 2570 2590 2614 tanta
2622 2557 2953 2631 providentia
2978 2559 3158 2628 gratos
3192 2573 3290 2614 nos
3315 2573 3436 2614 esse
3458 2559 3652 2629 jubet?
3683 2558 3801 2615 0b-

2207 2661 2563 2720 tempercmus
2593 2649 2791 2721 itaque,
2821 2659 2875 2705 et
2906 2652 3004 2704 hoc
3034 2648 3227 2721 ubique
3254 2661 3550 2706 servemus.
3582 2648 3804 2706 Etenim

2204 2742 2419 2797 Judzcos
2445 2740 2573 2794 nihil
2596 2742 2676 2797 sic
2705 2741 2972 2809 perdidit,
3001 2755 3158 2810 quam
3183 2739 3324 2810 quod
3354 2739 3543 2811 ingrati
3567 2750 3754 2796 essent
3786 2758 3802 2793 :

2207 2833 2510 2902 multasque
2539 2832 2656 2886 illas
2675 2840 2729 2886 et
2755 2831 3061 2900 frequentes
3088 2830 3269 2902 plagas
3298 2831 3426 2886 nihil
3456 2831 3600 2885 aliud
3630 2847 3799 2901 quam

2207 2925 2309 2980 hoc
2341 2925 2547 2980 induxit
2579 2942 2593 2976 :
2626 2925 2734 2979 imo
2762 2925 2926 2980 etiam
2953 2934 3078 2978 ante
3113 2925 3295 2995 plagas
3333 2925 3565 2978 animam
3607 2940 3805 2980 eorum

2205 3015 2439 3089 perdidit
2463 3024 2518 3071 et
2543 3014 2901 3070 labefactavit.
2934 3015 3135 3086 Ingrati
3157 3015 3292 3069 enim
3313 3031 3427 3084 spes
3450 3024 3503 3069 ut
3523 3016 3807 3071 hibet-nalis

2207 3109 2393 3177 pruina
2421 3106 2575 3178 (Sap.
2605 3107 2691 3163 16.
2716 3105 2832 3177 29),
2862 3106 3031 3176 inquit
3060 3124 3073 3160 :
3104 3107 3176 3160 ita
3203 3115 3416 3175 torpere
3437 3117 3491 3162 et
3518 3108 3690 3162 emori
3717 3124 3809 3163 co-

2204 3199 2282 3269 git
2308 3200 2560 3264 animam,
2594 3208 2652 3252 ut
2680 3197 2766 3252 illa
2795 3213 3043 3268 corpora.
3072 3197 3184 3253 lloc
3209 3213 3338 3252 vero
3360 3197 3594 3267 procedit
3625 3213 3692 3268 ex
3715 3214 3808 3254 ar-

2205 3290 2444 3360 rogantia
2470 3330 2485 3355 ,
2516 3287 2658 3354 quod
2688 3303 2745 3342 se
2771 3287 2892 3357 quis
2921 3293 3072 3357 putet
3097 3287 3318 3358 dignum
3342 3287 3626 3343 beneﬁcio.
3656 3277 3805 3344 Con-

2207 3383 2361 3436 tritus
2391 3389 2590 3444 autem,
2616 3397 2719 3435 non
2745 3395 2842 3448 pro
2865 3379 3019 3434 bonis
3051 3388 3275 3437 tantum.
3299 3381 3391 3434 sed
3419 3379 3580 3433 etiam
3608 3395 3706 3449 pro
3734 3382 3806 3437 iis

2207 3486 2325 3540 qum
2353 3470 2576 3524 adversa
2607 3477 2860 3538 putantur
2880 3510 2895 3533 ,
2924 3469 3123 3538 gratias
3153 3467 3368 3522 habebit
3397 3467 3528 3530 Deo.
3553 3479 3610 3523 et
3629 3485 3806 3538 quan-

2209 3561 2402 3617 tumvis
2430 3560 2679 3630 patiatur,
2701 3575 2805 3613 non
2827 3575 2887 3614 se
2909 3568 3085 3613 tamen
3112 3558 3310 3628 aliquid
3333 3557 3548 3628 indigne
3580 3573 3803 3628 passum

2207 3651 2430 3724 putabit.
2478 3650 2546 3706 Et
2577 3665 2674 3705 nos
2703 3650 2878 3719 itaque
2907 3658 3107 3720 quanto
3136 3649 3303 3719 magis
3327 3647 3380 3703 in
3407 3648 3604 3704 virtute
3635 3653 3803 3718 prcit-

2205 3746 2409 3800 ciemus
2434 3785 2449 3808 ,
2493 3749 2640 3797 tanto
2665 3743 2835 3811 magis
2870 3755 2968 3796 nos
3003 3743 3147 3810 ipsos
3175 3750 3520 3796 eonteramus
3549 3758 3565 3795 :
3593 3743 3802 3797 etenim

2207 3836 2311 3891 hoc
2339 3835 2570 3890 maxime
2601 3834 2766 3888 virtus
2789 3841 2889 3887 est.
2913 3832 3062 3888 Sicut
3081 3831 3224 3887 enim
3253 3840 3454 3902 quanto
3477 3835 3696 3887 acutius
3722 3835 3802 3887 vi-

2206 3927 2415 3993 demus,
2446 3935 2592 3979 tante
2621 3924 2788 3994 magis
2817 3921 3106 3979 ediscimus
3131 3931 3386 3992 quantum
3416 3935 3445 3975 a
3468 3921 3603 3977 caelo
3623 3921 3800 3978 diste-

2205 4031 2324 4071 mus
2355 4036 2367 4071 :
2399 4017 2479 4071 sic
2515 4022 2716 4085 quanto
2760 4014 2926 4083 magis
2966 4012 3019 4065 in
3059 4011 3255 4066 virtute
3285 4010 3612 4081 proﬁcimus,
3649 4021 3802 4068 tanto

2208 4109 2376 4175 magis
2395 4108 2651 4160 docemur
2676 4113 2931 4172 quantum
2957 4103 3023 4157 sit
3057 4105 3193 4158 inter
3219 4103 3383 4158 Deum
3413 4111 3466 4158 et
3492 4120 3592 4159 nos
3621 4106 3799 4161 inter-

2208 4197 2420 4248 vallum.
2457 4195 2566 4249 Nec
2591 4209 2720 4248 sane
2747 4195 2962 4247 minima
2996 4207 3118 4262 pars
3145 4204 3228 4248 est
3252 4194 3601 4265 pliiiosOphisc
3627 4239 3642 4264 ,
3671 4212 3796 4251 cum

2209 4288 2455 4341 meritum
2482 4295 2724 4340 uostnim
2751 4283 3064 4355 dignoscere
3093 4298 3397 4354 possumus.
3423 4285 3520 4339 llic
3547 4286 3694 4340 enim
3721 4301 3812 4340 se-

2211 4381 2381 4447 ipsum
2435 4377 2665 4448 maxime
2713 4363 2880 4439 novit,
2915 4376 3013 4444 qui
3061 4390 3120 4431 se
3163 4376 3295 4430 nihil
3343 4391 3462 4432 esse
3501 4380 3794 4433 existimat.

2211 4469 2438 4538 ldeoiluc
2467 4467 2627 4523 David
2655 4475 2710 4521 et
2737 4467 3027 4531 Abraham,
3057 4480 3176 4520 cum
3198 4466 3264 4519 ad
3294 4481 3561 4521 summum
3581 4470 3802 4524 virtutis

2212 4562 2476 4632 fastigium
2504 4561 2890 4625 ascendissent,
2924 4569 3049 4612 tunc
3078 4559 3308 4613 maxime
3337 4560 3799 4616 lianc'exercucm

2210 4659 2458 4709 virtutem
2481 4665 2564 4708 :et
2597 4652 2680 4707 hic
2701 4653 2912 4722 quidem
2931 4668 2988 4705 se
3014 4651 3285 4719 pulverem
3309 4661 3360 4705 et
3380 4653 3613 4706 cinerem
3635 4651 3792 4726 (Gen.

2211 4749 2298 4802 l8.
2329 4746 2420 4816 27)
2444 4789 2459 4812 ,
2496 4745 2584 4801 ille
2611 4760 2736 4800 vero
2765 4758 2824 4798 se
2851 4756 3087 4798 vcrmem
3117 4741 3360 4800 vocabat.
3382 4741 3550 4814 (Paul.
3583 4744 3671 4804 21.
3702 4747 3757 4814 7)
3777 4764 3797 4816 _:

2208 4855 2268 4892 ae
2300 4838 2544 4893 similiter
2569 4851 2756 4891 omnes
2784 4840 2950 4890 Sancti
2978 4850 3034 4888 se
3061 4834 3288 4890 miseros
3315 4813 3606 4906 praedicant
3629 4854 3643 4891 :
3666 4813 3801 4893 con:-

2209 4941 2285 4986 tra
2319 4946 2446 4982 vero
2490 4930 2534 4982 is
2575 4930 2663 4998 qui
2710 4927 3009 4996 arrogantia
3053 4927 3360 4992 extollitur,
3401 4941 3520 4982 sese
3565 4930 3801 4985 maxime

2210 5023 2445 5077 omnium
2471 5023 2695 5089 ignorat.
2719 5017 3074 5084 Quamobrem
3092 5016 3161 5072 de
3176 5019 3416 5087 superbis
3439 4998 3596 5090 vulgo
3616 5018 3800 5076 dicere

2209 5115 2444 5169 solemus
2477 5130 2488 5164 :
2516 5110 2633 5164 Non
2659 5125 2719 5163 se
2755 5109 2919 5174 novit,
2948 5122 3006 5163 se
3034 5123 3254 5177 prorsus
3283 5109 3511 5178 ignorat.
3537 5109 3639 5173 Qui
3671 5124 3804 5164 vero

2210 5225 2268 5264 se
2296 5209 2521 5277 ignorat.
2547 5218 2705 5274 quem
2738 5202 2918 5257 novit?
2944 5201 3401 5270 Quemadmodum
3428 5202 3570 5256 enim
3591 5203 3681 5272 qui
3711 5218 3801 5259 se-

2211 5302 2380 5369 ipsum
2410 5297 2637 5360 noverit,
2671 5295 2848 5350 omnia
2873 5302 3164 5364 cognoscet
3195 5311 3207 5346 :
3234 5295 3310 5348 sic
3337 5294 3425 5362 qui
3457 5307 3516 5349 se
3544 5293 3760 5363 ignorat
3783 5337 3799 5358 ,

2212 5407 2383 5460 neque
2406 5390 2505 5444 alia
2537 5389 2762 5442 noverit.
2797 5386 2938 5442 Talis
2966 5386 3054 5439 ille
3079 5393 3196 5439 erat
3220 5386 3309 5455 qui
3334 5384 3546 5440 dicebat
3581 5408 3594 5440 :
3622 5387 3802 5456 Supra

2212 5487 2360 5540 cwlos
2391 5498 2575 5550 ponam
2599 5482 2781 5535 saliunt
2807 5495 2973 5534 meum
3002 5477 3169 5550 (Isai.
3204 5479 3290 5533 l-l.
3320 5480 3387 5534 13
3408 5478 3447 5551 ).
3489 5479 3624 5544 Quia
3654 5482 3800 5535 enim

2211 5577 2443 5645 seipsum
2474 5574 2754 5644 ignoravit,
2777 5581 2968 5626 caetera
2991 5585 3202 5641 quoque
3223 5571 3398 5625 omnia
3424 5571 3700 5640 ignoravit.
3733 5574 3801 5631 At

2212 5684 2317 5720 non
2345 5666 2563 5730 Paulus,
2589 5665 2676 5734 qui
2704 5678 2761 5718 se
2787 5663 3085 5717 abortivum
3109 5672 3165 5717 et
3187 5663 3462 5716 minimum
3490 5674 3803 5719 sanctorum

2217 5778 2239 5808 η
2251 5758 2536 5830 ppoiiabat,
2561 5770 2732 5826 neque
2760 5766 2878 5825 post
2906 5763 2984 5811 tot
3011 5763 3260 5825 tantaque
3281 5755 3536 5828 praeclara
3556 5770 3720 5826 Opera
3743 5771 3806 5812 se
