4066 6428
394 471 625 546 apostoli
666 469 883 525 nomine
912 467 1131 538 dignum
1161 478 1280 520 esse
1308 464 1526 534 putabat
1559 463 1634 530 (ι.
1662 461 1781 516 Cor.
1813 461 1902 515 15.
1932 461 1986 514 8.

395 567 475 634 9).
513 564 662 618 llnnc
695 563 872 630 itaque
901 558 1214 611 aemulemur
1246 564 1297 610 et
1332 555 1622 608 imitemur.
1657 551 1991 606 ltnitabimur

393 669 575 713 autem
597 657 638 710 si
670 671 698 706 a
728 665 868 707 terra
909 666 972 705 ac
1003 649 1227 706 terrenis
1255 647 1480 715 negotiis
1519 642 1989 700 liberemur..Nihit

393 748 537 804 enim
563 747 634 801 ita
662 743 1015 814 ignorantiam
1047 741 1126 795 sui
1162 740 1331 809 parit,
1365 748 1422 792 ut
1447 736 1784 791 saecularium
1811 749 1990 788 rerum

393 840 619 894 afl‘ectus
646 855 660 891 :
688 835 929 903 nihilque
956 833 1028 887 ita
1054 831 1388 886 saecularium
1408 819 1602 884 'rerutn
1629 826 1875 881 afl‘ectutn
1902 840 1992 893 pa-

396 933 502 993 rit,
533 939 591 982 ut
618 926 917 998 ignorantia
945 925 1026 978 sui
1059 943 1072 977 :
1101 922 1365 991 siquidem
1395 935 1559 974 unum
1592 916 1788 987 pendet
1811 915 1879 969 ab
1907 916 1988 968 al-

397 1034 531 1078 tero.
555 1020 704 1074 Sicut
726 1017 868 1072 enim
891 1018 934 1070 is
959 1017 1047 1085 qui
1070 1022 1346 1070 externam
1363 1012 1587 1081 gloriam
1612 1017 1756 1062 amat
1777 1016 1830 1062 et
1856 1023 1994 1076 prte-

395 1116 562 1171 sentia
593 1127 783 1182 magna
814 1125 934 1165 esse
956 1116 1125 1178 putat,
1148 1105 1358 1160 etiamsi
1387 1104 1436 1157 id
1464 1102 1658 1156 millies
1683 1100 1988 1162 tentaverit,

396 1209 522 1262 huic
552 1221 658 1259 non
691 1205 926 1272 scipsum
954 1215 1114 1254 nosse
1140 1197 1454 1253 conceditur
1481 1211 1495 1248 :
1528 1195 1607 1249 sic
1634 1194 1722 1264 qui
1750 1193 1989 1261 seipsum

395 1298 644 1368 despicit,
669 1312 728 1351 se
753 1294 907 1349 facile
932 1298 1238 1362 cognoscet.
1263 1289 1398 1344 Cum
1423 1301 1548 1342 vero
1571 1301 1692 1340 sese
1716 1283 1983 1350 didicerit,

1342 347 1408 404 ΙΝ
1447 345 1852 404 λιΑττηίΕωι
1895 345 2122 400 ιιυλιιι.
2165 343 2356 399 XXVI.
2397 343 2471 398 al.
2513 343 2729 400 XXVII.

3592 343 3701 398 εει

2095 458 2162 512 ad
2193 467 2416 514 crateras
2446 473 2635 514 omnes
2657 458 2870 513 virtutis
2895 466 3073 526 partes
3096 457 3376 525 "procedet.
3420 454 3492 514 Ut
3541 458 3702 527 igitur

2098 550 2374 619 pulchram
2409 549 2548 605 hanc
2576 549 2858 605 scientiam
2885 549 3247 619 adipiscamur
3272 592 3284 612 ,
3317 549 3524 602 liberati
3556 564 3586 602 ει
3619 564 3705 603 rc-

2095 641 2194 694 bus
2221 640 2375 695 ﬂuxis
2398 641 2670 707 omnibus,
2695 656 2815 710 qua:
2836 655 3084 709 magnam
3109 641 3160 694 in
3185 642 3341 696 nobis
3367 639 3704 694 succendunt

2099 731 2389 794 flanunam,
2413 739 2468 785 et
2497 732 2754 787 vilitatem
2787 742 3025 786 nostram
3055 741 3236 786 notam
3267 732 3550 796 habentes,
3585 748 3701 787 om-

2099 839 2220 878 nem
2247 823 2596 880 exltibeatnus
2617 825 2975 880 humilitatem
3003 835 3164 895 atque
3191 825 3611 894 philosophiam,
3645 837 3704 880 ut

2099 924 2153 969 et
2185 917 2470 983 prmsentia
2501 925 2556 970 et
2584 917 2760 971 futura
2792 917 2932 971 bona
2961 930 3394 986 consequamur,
3437 917 3606 986 gratia
3650 926 3706 970 et

2098 1007 2466 1060 misericordia
2495 1009 2705 1062 Domini
2731 1009 2899 1062 nostri
2925 1008 3055 1063 Jesu
3082 1007 3281 1063 Christi
3307 1050 3322 1074 ,
3350 1009 3567 1077 quicum
3597 1007 3703 1061 Pa-

2101 1100 2163 1153 tri
2191 1100 2384 1169 gloria,
2421 1101 2725 1170 imperium,
2757 1101 2952 1166 honor,
2977 1115 3100 1155 cum
3127 1112 3339 1163 sancto,
3371 1100 3514 1155 bono
3541 1109 3597 1153 et
3622 1100 3705 1152 vi-

2100 1193 2256 1247 vifieo
2281 1193 2503 1263 Spiritu,
2531 1209 2671 1249 nunc
2711 1204 2767 1250 et
2811 1210 3029 1264 semper
3073 1203 3126 1248 et
3167 1195 3221 1248 in
3257 1193 3452 1248 saecula
3479 1175 3707 1248 saeculo-

2099 1300 2240 1338 rum.
2270 1286 2461 1340 Amen.

437 1434 3700 1465 ww

1495 1521 1850 1585 HOMlLlA
1893 1522 2131 1587 XXVI.
2178 1523 2261 1586 al.
2306 1520 2578 1585 XXVII.

396 1702 525 1758 Car.
556 1697 608 1752 8.
634 1711 686 1748 v.
718 1694 771 1749 5.
824 1689 948 1745 Cant
992 1697 1158 1741 autem
1197 1687 1449 1753 ingressus
1483 1687 1608 1732 esset
1648 1675 1989 1749 Caper-nauus,

470 1789 679 1844 accessit
714 1785 782 1838 ad
822 1799 934 1837 eum
966 1779 1212 1842 centurio,
1242 1789 1430 1842 rogans
1458 1786 1593 1834 eum,
1619 1769 1672 1822 6.
1700 1776 1747 1819 et
1777 1766 1949 1818 dicens
1974 1780 1991 1818 :

467 1882 705 1943 Domine,
731 1893 856 1947 puer
883 1889 1024 1926 meus
1039 1871 1175 1940 jacet
1196 1869 1250 1921 in
1268 1867 1417 1920 domo
1435 1861 1768 1933 paralyticus,
1796 1868 1840 1912 et
1863 1857 1996 1910 male

492 1982 750 2027 ornuetur.

471 1985 548 2028 tor
585 1985 750 2026 uetur.

469 2066 521 2119 1.
550 1990 825 2129 ἵιθῃτοςιις
851 2054 1091 2125 quidem,
1126 2063 1246 2104 cum
1283 2044 1649 2102 descendisset
1679 2040 1747 2095 de
1776 2049 1991 2102 monte,

397 2155 624 2210 arcessit
655 2171 667 2206 :
702 2150 790 2204 hic
834 2161 961 2201 vero
1003 2142 1245 2198 centurio
1270 2181 1285 2206 ,
1329 2147 1608 2207 postquam
1655 2134 1906 2189 intrasset
1943 2130 1995 2182 in

397 2248 755 2316 Capernautn.
787 2240 893 2293 Cur
931 2250 1058 2305 ergo
1083 2275 1096 2298 ,
1130 2246 1303 2301 neque
1331 2229 1417 2283 hic
1442 2241 1618 2296 neque
1649 2225 1737 2278 ille
1768 2224 1821 2277 in
1844 2236 1998 2274 mon-

401 2348 507 2390 tem
547 2328 924 2388 acccherunt?
971 2325 1088 2379 Non
1133 2323 1202 2377 ob
1250 2320 1575 2390 segnitiem:
1609 2329 1729 2368 nam
1772 2321 1997 2379 uterque

401 2426 506 2480 ﬁde
532 2423 752 2478 ardebat
773 2421 786 2450 ¹
810 2435 825 2483 ;
857 2416 950 2473 sed
973 2431 1041 2470 ne
1066 2414 1347 2468 docentem
1377 2406 1803 2476 interpellarent.
1828 2404 1999 2456 Acce-

399 2519 532 2573 dens
564 2524 743 2568 autem
769 2511 903 2564 dixit
931 2525 943 2560 :
976 2506 1112 2560 Puer
1143 2519 1284 2557 meus
1311 2504 1449 2570 jacet
1479 2500 1532 2552 in
1562 2501 1713 2551 domo
1741 2493 1996 2565 paralyti-

402 2626 514 2673 στω,
533 2617 578 2661 ει
603 2606 734 2659 male
759 2610 1034 2671 torquetur.
1062 2597 1288 2664 Quidam
1315 2595 1499 2649 dicunt
1520 2606 1663 2655 eum,
1689 2599 1746 2643 ut
1774 2601 1894 2642 sese
1914 2601 1999 2640 ex-

400 2709 633 2764 cusaret,
680 2711 898 2752 causam
944 2693 1162 2755 dixisse,
1211 2705 1306 2744 cur
1345 2702 1466 2742 eum
1516 2700 1620 2738 non
1664 2681 1994 2736 adduxisset.

401 2792 516 2846 Non
542 2791 681 2845 enim
711 2795 940 2855 poterat,
970 2784 1233 2850 inquiunt,
1255 2777 1576 2847 paralyticus
1597 2773 1684 2842 qui
1716 2770 2002 2839 torqueba-

404 2895 520 2947 tur,
555 2891 606 2936 et
638 2889 937 2935 extremum
964 2876 1072 2944 jam
1103 2873 1318 2927 efflabat
1345 2869 1566 2922 halitum
1604 2863 1824 2935 gestari.
1865 2860 1995 2914 Nam

402 2991 524 3030 eum
545 2975 652 3042 jam
686 2975 736 3026 in
765 2969 1020 3025 extremis
1054 2967 1214 3019 fuisse
1240 2972 1421 3017 narrat
1451 2963 1519 3014 ita
1548 2959 1718 3012 Lucas
1751 2975 1761 3007 :
1797 2955 1864 3007 Et
1892 2969 2000 3005 mo-

401 3070 596 3123 riturus
627 3075 734 3119 erat
761 3063 912 3132 (Luc.
943 3063 993 3113 7.
1023 3059 1096 3129 2).
1133 3058 1243 3126 Ego
1267 3068 1393 3108 vero
1421 3052 1470 3105 id
1497 3059 1624 3119 puto
1650 3049 1859 3117 signum
1881 3057 2002 3098 esse

402 3173 611 3224 magna:
641 3156 780 3209 illius
811 3153 955 3215 fidei,
985 3159 1037 3204 et
1063 3147 1230 3203 multo
1261 3143 1497 3212 majoris,
1519 3154 1676 3209 quam
1700 3150 1888 3191 eorum
1911 3133 2002 3202 qui

406 3266 502 3319 per
530 3259 726 3303 tectum
754 3243 1082 3298 demiserunt
1109 3238 1298 3307 (Marc.
1322 3234 1375 3287 2.
1402 3235 1478 3300 4).
1509 3229 1642 3296 Quia
1669 3228 1811 3283 enim
1835 3225 2001 3296 probe

404 3339 611 3395 sciebat
632 3338 748 3390 solo
772 3332 980 3387 Domini
1005 3337 1272 3399 prweepto
1289 3327 1553 3394 jacentcm
1577 3333 1798 3389 surgere
1821 3330 1999 3385 posse,

405 3428 738 3501 superfluum
770 3425 986 3495 putabat
1015 3433 1134 3476 esse
1162 3421 1337 3486 ipsum
1366 3417 1653 3469 adducere.
1681 3410 1818 3477 Quid
1845 3409 2005 3477 igitur

407 3524 602 3585 Jesus?
645 3511 798 3588 Quod
847 3531 1107 3584 nusquam
1140 3513 1368 3575 fecerat,
1403 3510 1487 3562 hic
1525 3506 1665 3560 fecit.
1701 3506 1830 3558 Cum
1859 3502 2004 3555 enim

411 3617 605 3684 ubique
633 3610 1043 3683 supplicantium
1073 3607 1399 3660 voluntatem
1430 3607 1761 3669 sequeretur,
1783 3595 1871 3648 hic
1890 3606 2006 3662 pro-

410 3708 548 3772 silit,
580 3720 676 3759 uec
711 3719 770 3757 se
800 3711 1108 3756 curaturum
1140 3705 1343 3751 tantum
1366 3735 1381 3758 ,
1415 3691 1510 3746 sed
1540 3691 1758 3744 domum
1792 3697 2005 3755 quoque

408 3812 691 3856 venturum
721 3799 1018 3866 pollicetur.
1053 3794 1104 3847 ld
1135 3807 1262 3845 vero
1287 3789 1429 3853 facit,
1457 3795 1516 3840 ut
1541 3779 1872 3838 centurionis
1898 3778 2004 3831 vir-

414 3902 582 3947 tutem
608 3891 895 3943 discamus.
919 3885 1029 3939 Nisi
1059 3883 1201 3938 enim
1227 3881 1328 3934 hoc
1356 3875 1706 3948 promisisset,
1730 3870 1824 3926 sed
1842 3870 2007 3924 dixis-

413 3993 511 4045 set,
552 3979 716 4041 Vade,
748 3986 962 4030 sanetur
988 3991 1120 4044 puer
1152 3983 1273 4025 tuus
1306 3988 1318 4022 :
1351 3968 1478 4022 nihil
1502 3969 1690 4018 horum
1722 3973 2008 4029 cognoscc~

414 4085 615 4126 remus.
651 4068 882 4136 ldipsnm
919 4066 1076 4117 etiam
1106 4078 1229 4130 erga
1261 4057 1593 4112 Plunnissam
1619 4051 1897 4105 mulierem
1927 4047 2006 4102 fe-

415 4163 504 4219 cit,
538 4158 637 4212 etsi
682 4156 949 4210 contrario
999 4153 1156 4206 modo
1205 4149 1414 4223 (Marc.
1457 4148 1508 4198 7.
1548 4145 1637 4198 ‘26.
1691 4143 1860 4213 ειη).
1910 4139 2008 4193 Hic

415 4251 557 4306 enim
586 4264 682 4303 nec
709 4255 923 4300 vocatus
948 4245 996 4297 in
1019 4244 1260 4305 domum,
1283 4254 1341 4294 Se
1366 4253 1487 4293 esse
1512 4245 1793 4290 venturum
1819 4241 2010 4300 sponte

415 4343 562 4403 dicit,
592 4349 650 4394 ut
669 4338 842 4392 discas
864 4333 1190 4389 centurionis
1214 4331 1371 4384 fidem
1398 4329 1724 4395 multamque
1751 4324 2011 4379 humilita-

421 4445 566 4489 tem:
599 4432 650 4486 in
685 4429 958 4484 thnissa
1001 4441 1126 4478 tero
1166 4423 1365 4477 donum
1409 4421 1638 4490 denrgat
1662 4462 1676 4485 ,
1732 4418 2010 4486 ipsamque

416 4532 852 4594 perseverantem
887 4519 938 4571 in
968 4516 1187 4570 dubium
1210 4512 1441 4581 conjicit.
1471 4509 1602 4564 Nam
1630 4524 1748 4561 cum
1772 4522 1932 4574 sagax
1957 4513 2012 4558 ct

420 4615 622 4683 peritus
649 4612 717 4664 sit
745 4609 1002 4669 medicus,
1024 4605 1289 4662 contraria
1312 4604 1596 4656 contrariis
1624 4602 1818 4655 elicere
1841 4599 2008 4652 novit.

423 4704 490 4758 Et
519 4703 607 4756 hic
636 4701 847 4771 quidem
875 4716 968 4768 per
998 4708 1350 4766 Spontaueum
1381 4695 1666 4748 adventum
1694 4736 1706 4756 ,
1743 4694 1850 4747 illic
1880 4707 2010 4746 vero

425 4811 520 4863 per
542 4793 844 4846 diuturnam
875 4790 1203 4846 dilationem,
1229 4795 1282 4840 et
1300 4786 1564 4854 repulsam
1592 4786 1748 4838 fidem
1773 4783 2012 4837 mulieris

424 4886 616 4954 aperit.
641 4884 727 4938 Sic
750 4882 912 4938 etiam
930 4896 1055 4948 erga
1084 4879 1446 4932 Abrahamum
1472 4876 1590 4929 fecit
1621 4876 1807 4930 dicens
1842 4894 1854 4927 :
1893 4873 2012 4926 Non

424 4978 594 5031 celabo
616 4992 830 5045 puerum
851 4990 1013 5026 meum
1033 4971 1287 5024 Abraham
1319 4969 1468 5038 (Gen.
1497 4971 1580 5024 18.
1608 4970 1698 5038 l7)
1721 4987 1733 5022 :
1761 4979 1816 5022 ut
1839 4969 2014 5022 discas

427 5068 569 5122 illius
594 5081 826 5119 amorem
849 5106 865 5130 ,
894 5073 950 5118 et
971 5072 1220 5133 quantam
1251 5061 1319 5114 de
1347 5061 1595 5115 Sodomis
1625 5060 2012 5129 providentiam

426 5164 657 5228 gereret.
690 5157 756 5210 Et
775 5155 864 5224 qui
886 5155 952 5208 ad
977 5153 1166 5207 Letum
1191 5153 1336 5206 missi
1360 5160 1533 5216 erant,
1564 5152 1768 5221 ingredi
1799 5151 2015 5204 domum

429 5249 550 5318 ej-Is
583 5249 792 5312 nolunt,
826 5253 882 5299 ut
905 5245 1032 5315 justi
1060 5244 1476 5314 hospitalitatem
1509 5243 1800 5297 ediscercs.

504 5339 822 5393 Centuriouis
844 5338 990 5407 ﬁdes.
1010 5367 1079 5376 —
1100 5337 1238 5402 Quid
1261 5337 1420 5407 igitur
1435 5338 1508 5391 ait
1528 5337 1804 5389 centurio?
1832 5337 1882 5389 3.
1912 5335 2020 5388 Do-

431 5434 588 5496 mine,
613 5448 713 5484 non
739 5447 852 5484 sum
873 5431 1076 5500 dignus,
1106 5439 1158 5482 ut
1186 5432 1340 5483 intres
1367 5429 1458 5482 sub
1485 5439 1666 5482 tectum
1698 5444 1879 5480 meum.
1914 5433 2019 5479 Au-

432 5523 643 5578 diamus
687 5528 946 5589 quotquot
991 5520 1235 5573 volumus
1294 5517 1568 5573 Christum
1629 5507 1911 5588 excipere,
1963 5526 2021 5571 ut.

439 5628 579 5668 nunc
620 5613 779 5665 etiam
822 5625 1121 5679 possumus.
1177 5611 1467 5664 Audiamus
1508 5622 1559 5665 et
1609 5612 1910 5677 imitemur,
1960 5624 2020 5664 ac

510 5769 523 5799 ι
560 5766 774 5828 quidam,
797 5766 1018 5828 utriuth
1043 5777 1171 5819 t'ci‘ia
1199 5771 1332 5832 (ulva.

2101 1689 2223 1730 cum
2253 1676 2364 1745 pari
2397 1675 2546 1732 illum
2571 1677 2750 1732 studio
2770 1677 2788 1710 ⁸
2817 1679 3145 1750 excipiamus
3175 1698 3188 1734 :
3220 1696 3342 1736 cum
3380 1681 3525 1736 enim
3570 1696 3705 1752 pau-

2101 1783 2315 1837 perem,
2345 1769 2673 1824 esurientem
2695 1781 2749 1825 et
2777 1771 2979 1826 nudum
3009 1773 3214 1842 excipis
3233 1814 3248 1838 ,
3281 1773 3428 1827 illum
3456 1783 3511 1828 et
3541 1787 3704 1828 exce-

2103 1860 2229 1930 pisti
2256 1869 2310 1915 et
2338 1863 2538 1917 almsti.
2569 1863 2677 1917 Sed
2701 1873 2896 1918 tantum
2919 1865 3002 1918 dic
3028 1868 3194 1929 verbo,
3219 1876 3267 1920 et
3292 1867 3557 1922 sanabitur
3582 1883 3708 1937 puer

2103 1968 2272 2008 meus.
2313 1953 2446 2009 Vide
2472 1956 2843 2010 centurionem
2877 1957 3099 2026 perinde
3124 1967 3284 2027 atque
3310 1959 3585 2027 leprosum
3613 1973 3708 2013 ve-

2102 2059 2217 2098 ram
2246 2045 2314 2100 de
2339 2047 2552 2102 Christo
2578 2048 2828 2103 habuisse
2850 2050 3180 2119 opinionem.
3213 2050 3342 2104 Nam
3365 2060 3421 2105 et
3442 2051 3557 2118 ipse
3578 2065 3712 2117 quo-

2103 2150 2208 2203 que
2256 2151 2363 2191 non
2406 2138 2562 2201 dixit,
2598 2139 2778 2209 ltoga;
2821 2157 2927 2194 non
2959 2140 3114 2207 dixit,
3149 2140 3395 2203 Precare,
3431 2139 3708 2209 supplicat;

2105 2225 2198 2278 sed
2222 2226 2417 2291 solum,
2444 2227 2673 2298 Impera.
2700 2229 2905 2283 Deinde
2935 2231 3154 2292 timens,
3180 2245 3248 2284 ne
3271 2245 3366 2298 per
3391 2229 3712 2283 modestiam

2104 2327 2375 2378 renueret,
2407 2318 2541 2371 dixit
2572 2337 2582 2371 :
2613 2319 2667 2374 9.
2702 2319 2841 2372 Nam
2863 2332 2909 2374 et
2935 2337 3027 2391 ego
3050 2322 3202 2375 homo
3221 2338 3333 2374 sum
3353 2321 3444 2376 sub
3468 2327 3713 2392 potestate

2105 2407 2432 2474 constitutus,
2464 2409 2652 2463 habens
2671 2413 2762 2464 sub
2792 2427 2873 2464 me
2898 2412 3122 2478 milites;
3153 2422 3198 2465 et
3225 2412 3338 2465 dico
3368 2412 3504 2474 huic,
3545 2410 3709 2477 Vade,

2105 2508 2152 2551 et
2177 2499 2313 2551 radit
2339 2515 2358 2551 :
2383 2509 2431 2552 et
2460 2502 2569 2565 alii,
2607 2502 2749 2569 Veni,
2779 2513 2827 2557 et
2857 2505 2989 2558 venit
3018 2524 3033 2558 :
3060 2514 3106 2558 et
3132 2520 3274 2559 servo
3300 2520 3432 2570 meo,
3457 2504 3570 2558 Fac
3589 2506 3707 2568 Itoc,

2108 2601 2154 2644 et
2185 2591 2328 2658 facit.
2364 2591 2431 2645 Et
2460 2593 2587 2662 quid
2612 2593 2754 2659 inde,
2778 2597 3008 2666 inquies,
3029 2598 3074 2652 si
3098 2597 3338 2652 centurio
3364 2597 3443 2652 sic
3468 2598 3715 2667 suspica-

2111 2689 2196 2734 tus
2222 2682 2325 2734 sit?
2353 2681 2485 2736 Nam
2514 2683 2565 2736 id
2595 2685 2877 2753 quaeritur,
2911 2688 2955 2739 si
2989 2688 3090 2741 hoc
3119 2685 3364 2742 Christus
3393 2686 3712 2755 protulerit,

2109 2779 2163 2823 ct
2188 2773 2602 2825 confirmaverit.
2635 2774 2868 2829 Pulchre
2895 2785 2950 2829 et
2977 2777 3266 2830 admodum
3299 2777 3595 2846 prudenter
3629 2778 3714 2831 di-

2110 2860 2208 2914 cis.
2251 2861 2390 2930 Ergo
2423 2861 2523 2916 hoc
2555 2864 2726 2932 ipsum
2758 2865 3036 2920 videamus
3067 2884 3079 2919 :
3113 2882 3237 2921 nam
3268 2867 3602 2921 iuvenimnus
3631 2867 3716 2920 id-

2112 2955 2282 3021 ipsum
2310 2954 2452 3023 quod
2484 2956 2537 3008 in
2568 2958 2779 3026 leproso
2805 2958 2894 3013 hic
2930 2959 3129 3013 factum
3166 2975 3308 3014 esse.
3353 2960 3716 3028 Quemadmo-

2110 3045 2236 3098 dum
2264 3047 2405 3100 cnim
2434 3048 2679 3116 leprosus
2703 3092 2717 3111 .
2751 3050 2811 3106 Si
2826 3051 2921 3106 .vis
2942 3093 2956 3114 ,
2999 3051 3133 3105 dixit
3163 3053 3182 3119 (
3200 3067 3373 3121 neque
3403 3069 3468 3106 ex
3499 3053 3716 3122 leproso

2112 3147 2314 3191 tantum
2357 3140 2704 3193 confirmatur
2746 3141 2941 3195 Christi
2989 3142 3263 3210 potentia,
3309 3142 3405 3198 sed
3443 3144 3606 3199 etiam
3649 3161 3715 3200 ex

2109 3225 2307 3280 Christi
2340 3244 2469 3281 voce
2506 3248 2518 3281 :
2552 3247 2654 3282 non
2700 3232 2862 3285 modo
2903 3233 3046 3284 enim
3086 3234 3204 3300 ejus
3246 3233 3556 3302 opinionem
3607 3250 3714 3290 nor.

2112 3317 2389 3383 refutavit,
2416 3320 2509 3373 sed
2543 3321 2702 3374 etiam
2733 3321 3092 3389 confirmavit,
3122 3339 3243 3378 cum
3277 3325 3328 3379 id
3358 3326 3502 3396 quod
3527 3343 3717 3396 super-

2112 3412 2278 3465 tluum
2305 3413 2582 3465 videbatur
2601 3429 2720 3467 esse
2746 3413 2960 3484 adjecit,
2990 3424 3044 3469 et
3073 3416 3231 3482 dixit,
3267 3415 3414 3484 Volo,
3444 3420 3714 3486 mundare,

2114 3513 2169 3557 ut
2198 3505 2312 3574 ejus
2341 3507 2662 3560 sententiam
2694 3506 2974 3577 firmaret)
3012 3530 3022 3562 :
3053 3509 3132 3564 sic
3161 3519 3214 3563 et
3244 3509 3345 3566 hoc
3374 3511 3493 3565 loco
3525 3513 3716 3582 explo-

2113 3595 2339 3648 randum
2366 3606 2449 3649 est
2472 3637 2487 3661 ,
2521 3613 2647 3650 num
2677 3598 2803 3666 quid
2831 3599 3005 3653 simile
3037 3603 3230 3653 factum
3259 3602 3326 3654 sit
3360 3618 3374 3656 :
3409 3617 3532 3656 nam
3563 3603 3719 3659 inve.

2116 3685 2327 3740 niemus
2359 3686 2587 3756 idipsum
2619 3689 2702 3740 hic
2728 3689 3006 3745 accidisse.
3036 3691 3170 3745 Cum
3197 3693 3336 3746 enim
3368 3696 3610 3749 centurio
3635 3703 3716 3748 ta-

2115 3779 2182 3832 lia
2210 3779 2452 3845 dixisset,
2483 3791 2538 3835 et
2564 3790 2724 3834 tantae
2758 3785 3005 3851 potestati
3041 3787 3405 3840 testimonium
3432 3787 3670 3842 dedisset
3696 3829 3712 3853 ,

2115 3886 2222 3926 non
2251 3873 2414 3926 modo
2447 3889 2553 3928 non
2586 3872 2965 3941 reprehendit,
3006 3876 3099 3930 sed
3140 3886 3191 3929 ct
3222 3878 3572 3946 approbavit,
3608 3878 3720 3932 imo

2115 3966 2344 4033 amplius
2375 3965 2646 4032 quidpiam
2680 3966 2821 4018 fecit.
2854 3964 3040 4034 Neque
3077 3968 3250 4020 solum
3283 3969 3417 4022 dixit
3444 3970 3717 4038 evangeli-

2116 4063 2218 4116 sta,
2250 4055 2524 4108 Christmn
2557 4057 2672 4122 ejus
2697 4055 2839 4108 dicta
2871 4055 3151 4122 laudasse;
3180 4059 3275 4112 sed
3307 4069 3361 4112 et
3385 4060 3558 4114 laudis
3588 4061 3721 4114 sub-

2118 4146 2397 4200 limitatem
2431 4145 2672 4199 indicans
2697 4146 2850 4210 dixit,
2876 4163 2997 4200 eum
3024 4147 3342 4203 admiratum
3377 4165 3518 4212 esse,
3548 4167 3722 4221 neque

2121 4249 2322 4294 tantmn
2346 4239 2666 4293 admiratum
2699 4255 2840 4304 esse,
2862 4240 2954 4294 scd
2978 4241 3137 4295 etiatn
3163 4243 3306 4295 ataui
3335 4252 3599 4311 prmsente
3628 4260 3725 4314 po-

2119 4334 2265 4401 pulo,
2297 4333 2418 4385 aliis
2447 4332 2749 4399 exctnplum
2785 4331 3000 4385 dedisse
3024 4373 3038 4394 ,
3075 4342 3130 4385 ut
3166 4334 3315 4386 illum
3359 4335 3718 4389 imitarentur.

2120 4423 2308 4477 Viden"
2345 4423 2619 4491 quomodo
2646 4422 2837 4490 singuli
2868 4421 2958 4490 qui
2998 4422 3424 4477 tcstificabantnr
3452 4425 3551 4493 ipsi
3581 4467 3594 4488 ,
3628 4442 3726 4495 po-

2122 4516 2342 4569 tentiam
2391 4516 2554 4583 ipsius
2601 4513 2966 4566 mirabantur?
3011 4515 3077 4567 Et
3119 4515 3403 4584 stupebant
3445 4518 3615 4573 turba:
3654 4520 3723 4573 de

2119 4607 2362 4659 doctrina
2398 4604 2535 4670 ejus,
2578 4605 2700 4673 quia
2744 4612 3012 4674 tamquam
3045 4615 3361 4675 potestatem
3391 4609 3596 4664 habens
3625 4611 3722 4665 do-

2120 4698 2307 4761 cebat;
2344 4712 2440 4750 nec
2461 4698 2634 4750 solum
2665 4712 2768 4750 non
2800 4698 3167 4766 reprehendit,
3194 4702 3286 4754 sed
3311 4703 3469 4755 etiam
3494 4718 3615 4757 cum
3646 4706 3725 4759 eis

2125 4788 2192 4842 de
2223 4798 2406 4843 monte
2436 4787 2736 4854 descendit,
2764 4804 2826 4842 ac
2858 4791 3071 4857 leproso
3105 4793 3377 4855 tumulata,
3413 4794 3628 4849 illorum
3656 4797 3726 4852 de

2123 4897 2181 4935 se
2210 4881 2517 4948 «mixtionem
2547 4879 2794 4932 ﬁrmavit.
2830 4880 3043 4934 Dicebat
3086 4882 3208 4944 ille,
3243 4883 3304 4936 Si
3345 4885 3446 4949 vis,
3479 4896 3621 4952 potes
3647 4904 3727 4941 me

2124 4973 2409 5035 mundare;
2455 4989 2552 5026 nec
2581 4972 2740 5025 modo
2770 4972 2914 5025 illum
2945 4988 3050 5025 non
3081 4974 3410 5042 increpavit,
3441 4977 3535 5030 sed
3561 4975 3728 5032 etiam

2127 5076 2182 5117 ut
2214 5068 2327 5132 ipse
2353 5065 2577 5127 dixerat,
2612 5064 2690 5117 sic
2717 5065 2804 5116 ille
2833 5064 3056 5118 curavit.
3089 5064 3321 5119 Rursum
3351 5065 3437 5121 hic
3465 5078 3724 5122 centena-

2127 5158 2237 5210 rius
2267 5156 2479 5210 dicebat
2503 5174 2514 5207 :
2541 5155 2636 5208 Dic
2659 5152 2804 5207 verbo
2827 5163 3100 5220 tantum,et
3120 5156 3382 5209 sanabitur
3401 5175 3529 5226 puer
3549 5175 3728 5214 metu:

2128 5258 2181 5301 et
2210 5247 2479 5300 admirans
2507 5247 2680 5314 ipsum
2702 5245 2914 5300 dicebat
2947 5263 2958 5297 :
2992 5245 3076 5299 10.
3110 5244 3230 5299 Non
3261 5248 3425 5301 inveni
3447 5258 3643 5302 (mttunt
3669 5251 3731 5318 [i-

2130 5341 2242 5395 dem
2275 5341 2325 5392 in
2356 5338 2540 5392 Israel.

2201 5433 2255 5484 ‘2.
2291 5432 2359 5484 Ut
2381 5441 2554 5484 autem
2582 5431 2852 5484 contrario
2881 5430 3125 5500 exemplo
3154 5430 3280 5485 illud
3307 5431 3516 5486 ediscas
3549 5451 3561 5487 ζ
3591 5450 3726 5503 quo-

2131 5525 2273 5578 niam
2318 5521 2518 5575 lllartha
2566 5521 2696 5574 nihil
2739 5521 2928 5574 horum
2965 5523 3192 5586 dixerat,
3243 5523 3334 5578 sed
3377 5524 3730 5587 contrarium,

2138 5613 2503 5680 Quodcumque
2547 5613 2833 5681 poposceris
2873 5629 2903 5664 a
2950 5611 3076 5676 Deo,
3119 5613 3254 5666 dabit
3294 5614 3380 5668 tibi
3417 5612 3594 5686 (Jvan.
3642 5615 3730 5668 Η.

2201 5772 2217 5801 ⁸
2252 5767 2448 5829 Quidam
2470 5767 2672 5828 habent,
2699 5765 2815 5830 fide,
2843 5781 2944 5831 pro,
2970 5767 3147 5819 studio.
