4066 6442
418 509 551 579 22):
580 519 687 562 non
716 497 874 559 modo
900 513 1006 553 non
1034 493 1244 556 laudata
1269 500 1374 560 est,
1401 487 1610 547 etiamsi
1635 496 1760 542 nota
1783 484 1999 579 Christo

413 577 566 656 esset
588 597 657 652 ab
675 608 846 666 coquo
879 590 1205 662 diligeretur,
1245 595 1301 641 et
1332 585 1444 655 ipsa
1473 580 1760 636 admodum
1802 577 2004 634 coleret

419 702 579 750 eum:
609 686 705 745 sed
728 685 890 742 etiam
918 682 987 737 ab
1031 682 1147 752 ipso
1189 676 1470 734 emendata
1511 671 1704 729 fuitut
1731 683 1853 741 qute
1894 681 2003 722 non

339 824 344 828 .
420 780 562 836 bene
590 776 834 833 dixisset.
861 769 991 829 Nam
1014 767 1231 825 dicebat
1257 765 1332 821 illi
1361 780 1376 815 :
1403 761 1593 819 Nonae
1619 759 1840 820 dicebam
1867 756 1956 811 tibi
1983 769 2004 809 :

423 867 488 926 Si
511 864 804 929 credideris,
836 860 1019 916 ridebit
1049 858 1265 930 gloriam
1299 852 1395 908 Dei
1425 851 1604 924 (loca.
1632 851 1717 906 ll.
1750 846 1885 918 40)?
1925 845 2007 901 sic

422 959 571 1015 illam
618 951 1016 1026 reprehendens
1058 947 1201 1020 quod
1252 943 1489 1001 nondum
1533 939 1867 999 credidisset.
1924 937 2004 993 Ac

423 1062 634 1104 rursum
657 1046 778 1116 quia
807 1042 1018 1100 dicebat
1048 1059 1064 1098 :
1093 1040 1434 1108 Quacumque
1460 1035 1660 1106 petieris
1684 1048 1719 1084 α
1750 1030 1875 1096 Deo,
1904 1029 2002 1085 da-

419 1139 493 1195 bit
521 1139 608 1194 tibi
637 1137 775 1194 Deus
807 1152 824 1191 :
848 1136 994 1192 illam
1019 1150 1054 1191 a
1078 1133 1172 1189 tali
1202 1130 1452 1202 opinione
1475 1128 1748 1184 abducens
1773 1123 2004 1180 docens-

420 1243 547 1300 que,
575 1228 676 1284 sibi
702 1241 810 1283 non
835 1240 970 1296 opus
993 1239 1114 1281 esse
1141 1231 1200 1278 ot
1223 1222 1292 1277 ub
1315 1219 1420 1275 alio
1442 1218 1734 1288 acciperet,
1762 1213 1856 1271 sed
1887 1227 2006 1272 esse

423 1334 484 1374 se
514 1321 773 1374 btnmrum
817 1316 1038 1380 fontem,
1088 1313 1262 1368 dixit:
1294 1309 1404 1382 Ego
1451 1324 1566 1370 sum
1615 1306 1913 1362 resurrectio
1957 1313 2007 1358 et

421 1411 526 1463 rita
557 1408 718 1479 (ibid.
745 1423 791 1463 υ.
825 1405 941 1476 25).
981 1403 1036 1459 ld
1061 1411 1163 1468 est,
1198 1400 1317 1477 Non
1361 1398 1430 1456 ab
1470 1400 1576 1454 alio
1603 1394 1856 1466 operandi
1895 1394 2004 1450 vim

422 1507 702 1566 exspecto,
729 1497 826 1551 sed
852 1511 919 1551 ex
946 1493 1153 1563 meipso
1175 1491 1353 1546 omnia
1382 1490 1538 1544 iacio.
1566 1487 1850 1555 Propterea
1877 1499 2006 1542 cen-

424 1588 692 1643 turionem
735 1585 980 1650 miratur,
1012 1583 1213 1654 totique
1260 1579 1456 1652 popqu
1493 1578 1663 1649 ipsum
1703 1576 2002 1648 anteponit,

424 1678 570 1753 regtd
595 1677 802 1734 htutore
821 1675 1005 1740 donat,
1031 1675 1271 1746 aliosque
1291 1671 1358 1728 ad
1385 1685 1508 1728 eum
1539 1667 1856 1726 imitandum
1878 1682 2003 1736 pro-

424 1779 596 1824 vocat.
625 1766 695 1825 Ut
710 1781 839 1824 vero
861 1766 1040 1822 discas
1069 1767 1239 1836 ipsum
1269 1762 1390 1820 ideo
1413 1755 1529 1818 lucc
1559 1758 1782 1824 dixisse,
1817 1769 1876 1812 ut
1901 1772 2008 1812 rte-

423 1869 569 1916 teros
591 1858 660 1914 ad
683 1856 842 1914 iidem
868 1855 1094 1912 similem
1139 1855 1460 1918 institueret,
1499 1842 1624 1906 audi
1666 1848 2007 1920 evangelista

421 1950 770 2022 diligentiam,
813 1947 1082 2020 quomodo
1119 1961 1314 2018 nempe
1362 1944 1590 2014 idipsum
1633 1941 2007 1998 subindicave-

422 2041 496 2097 rit
523 2058 536 2094 :
568 2055 689 2096 nam
721 2039 815 2107 ait,
855 2039 1136 2095 Comm
1171 2037 1344 2102 lastis,
1391 2034 1708 2106 sequentibus
1743 2049 1796 2088 se
1831 2031 1960 2086 dicit
1986 2048 2007 2087 :

420 2133 736 2214 ﬂanimea
777 2143 973 2190 unum
1016 2133 1172 2204 ﬁdem
1213 2132 1267 2186 in
1304 2129 1486 2186 Israel.
1527 2128 1670 2199 Ergo
1708 2141 1898 2198 magna
1937 2123 2010 2182 de

429 2221 530 2279 illo
539 2224 877 2294 existimare,
898 2225 954 2282 id
973 2224 1212 2284 maxime
1229 2223 1353 2282 ﬁdei
1367 2229 1471 2289 est,
1487 2236 1825 2295 regnumque
1848 2219 2010 2276 catio-

418 2332 542 2373 rum
591 2315 776 2372 etalia
823 2314 960 2370 bona
1007 2313 1279 2370 conciliat.
1323 2309 1504 2381 Neque
1533 2308 1677 2365 enim
1720 2306 2004 2362 verborum

419 2419 580 2464 tenus
615 2408 789 2478 ipsum
813 2404 1066 2471 laudavit,
1095 2402 1192 2460 sed
1228 2411 1443 2472 propter
1466 2399 1624 2457 iidem
1650 2399 1769 2469 eius
1804 2413 2006 2468 agrum

423 2498 525 2569 ipsi
553 2511 742 2552 mnum
770 2499 1024 2564 restituit,
1056 2491 1496 2563 splendidamqus
1531 2489 1632 2560 ipsi
1662 2489 1829 2544 nectit
1851 2503 2008 2543 coro-

421 2605 570 2657 nam,
595 2605 659 2645 ac
680 2603 868 2659 magna
893 2585 1156 2657 promittit
1177 2583 1316 2639 dona
1348 2583 1432 2636 bis
1463 2581 1644 2637 verbis
1669 2599 1682 2635 :
1713 2580 1802 2635 il.
1851 2577 2008 2632 Nulli

433 2681 499 2734 ab
525 2681 723 2734 oriente
757 2688 808 2732 et
847 2679 1114 2733 occidente
1146 2678 1369 2742 venient,
1400 2687 1452 2732 et
1483 2677 1856 2732 recumbentis
1888 2678 2008 2728 sinu

430 2772 698 2828 Abraham
714 2771 731 2803 ⁸
743 2778 794 2826 et
809 2768 839 2824 1
841 2787 968 2826 saec
977 2768 1075 2825 et]
1078 2769 1229 2825 acab:
1247 2769 1428 2838 ηβιεε
1436 2778 1616 2823 autem
1633 2768 1780 2838 regni
1791 2767 2006 2836 ejicien-

417 2872 501 2918 tttr
528 2863 684 2932 foras.
717 2862 850 2932 Quia
878 2861 1020 2950 enim
1051 2861 1212 2918 multa
1243 2859 1553 2915 exhibuerat
1581 2855 1854 2921 miracula,
1882 2868 2004 2908 cum

420 2955 610 3025 majori
635 2956 890 3024 deinceps
917 2947 1112 3009 ﬁducia
1151 2961 1205 3008 et
1237 2951 1492 3008 libertate
1529 2949 1674 3019 ipsos
1696 2947 2001 3017 alloquitur.

419 3043 638 3110 Deinde,
671 3060 741 3102 ne
766 3044 888 3115 quis
917 3055 1124 3113 putaret
1149 3059 1211 3099 se
1243 3057 1310 3098 ex
1337 3040 1644 3096 adulatione
1668 3040 1754 3096 illa
1779 3038 1998 3105 dixisse,

417 3145 580 3206 utque
602 3149 791 3190 omnes
817 3134 1101 3196 discerent,
1129 3132 1220 3188 illo
1245 3146 1368 3187 vere
1404 3131 1584 3187 animo
1627 3129 1791 3184 fuisse
1816 3139 2005 3184 centu-

416 3225 643 3290 riouem,
673 3226 749 3280 ait
774 3241 790 3277 :
815 3225 902 3280 l5.
944 3223 1114 3286 Vane;
1141 3232 1197 3277 stt
1223 3221 1498 3287 credidisti,
1531 3221 1622 3290 [iat
1649 3219 1754 3274 tibi.
1784 3219 2002 3274 Statim-

416 3331 523 3386 que
551 3316 723 3384 ipsum
745 3329 881 3382 opus
905 3325 1187 3380 sequutum
1216 3320 1318 3376 est,
1346 3310 1488 3381 quod
1524 3309 1667 3364 illius
1689 3309 1920 3363 animum
1945 3316 2002 3364 ct

417 3405 740 3460 voluntatem
773 3405 1164 3460 testiﬁcaretur.
1211 3400 1277 3456 Et
1304 3413 1514 3456 sanatus
1541 3411 1615 3454 est
1641 3417 1766 3468 μυεῖ
1802 3403 1911 3470 ejus
1938 3399 2002 3452 ob

417 3495 543 3569 baro
567 3495 676 3550 illa.
704 3494 856 3564 Quod
878 3495 1041 3550 etiam
1066 3495 1120 3548 in
1145 3492 1553 3566 Syrophmnissa
1580 3488 1809 3562 contigit
1835 3510 1849 3546 :
1877 3505 1998 3545 nam

414 3586 550 3642 dixit
573 3586 645 3642 illi
673 3603 688 3642 :
720 3584 766 3640 0
793 3587 993 3649 mulier,
1024 3601 1209 3654 magna
1234 3593 1317 3638 est
1333 3583 1459 3652 ﬁdes
1485 3593 1573 3636 tua
1597 3599 1616 3646 ;
1643 3584 1735 3651 ﬁat
1757 3581 1844 3636 tibi
1870 3581 2002 3638 sicut

415 3677 510 3733 vis.
535 3675 602 3731 Et
627 3685 807 3732 sanata
829 3685 905 3728 est
932 3676 1043 3743 ﬁlia
1067 3693 1178 3745 ejus
1207 3674 1419 3744 (Matth.
1451 3674 1537 3728 l5.
1569 3672 1681 3741 28.).
1711 3671 1842 3739 Quia
1869 3686 1999 3726 vero

413 3767 585 3824 Lucas
624 3768 775 3838 (Cap.
825 3767 880 3835 7)
923 3767 1025 3820 hoc
1063 3758 1374 3819 mit-oculum
1420 3779 1658 3826 narrans,
1703 3764 1803 3819 alia
1831 3764 1996 3820 multa

415 3857 621 3919 inserit,
649 3873 768 3926 qua:
811 3856 1056 3910 videntur
1097 3855 1327 3923 aliquam
1364 3853 1557 3932 qil'erre
1594 3853 1993 3920 differentiam;

416 3948 529 4001 lucc
569 3948 884 4002 excutienda
916 3959 970 4001 et
1010 3945 1263 4001 solvenda
1309 3944 1464 3999 nobis
1503 3955 1645 4000 sunt.
1686 3945 1821 4013 Quid
1866 3961 1994 4020 ergo

413 4036 542 4091 dicit
569 4036 779 4091 Lucas?
805 4038 978 4105 ipsum
1018 4037 1226 4089 misisse
1259 4033 1500 4090 seniores
1530 4033 1856 4098 Judtcorum.
1901 4052 1993 4090 ro-

410 4137 599 4198 gaules
639 4138 696 4181 ut
746 4128 968 4180 veniret.
1027 4126 1304 4179 Matuta-us
1349 4140 1478 4178 vero
1511 4127 1598 4181 ait
1650 4127 1992 4180 accedentem

415 4219 586 4287 ipsum
617 4216 832 4281 dixisse,
878 4214 998 4268 Non
1023 4232 1134 4270 sum
1159 4215 1363 4285 dignus.
1395 4215 1620 4280 Quidam
1648 4229 1774 4268 vero
1815 4215 1998 4270 dicunt

416 4321 523 4359 non
548 4320 667 4360 esse
691 4304 937 4360 euunlem
967 4307 1160 4373 ipsum,
1185 4304 1284 4358 etsi
1314 4303 1479 4358 multa
1505 4304 1612 4357 sint
1649 4303 1897 4373 utrinque
1922 4304 1996 4360 si-

415 4397 579 4450 milia.
625 4395 700 4451 De
745 4397 836 4450 illo
879 4411 1105 4467 namque
1133 4395 1264 4450 dicit
1294 4414 1308 4450 :
1342 4395 1670 4467 Synagogam
1697 4386 1840 4452 nobis
1864 4398 1990 4452 tedi-

415 4486 603 4554 βραδεῖ,
647 4495 694 4539 et
723 4482 919 4558 σξηιρηὶ
962 4487 1123 4558 diligit
1152 4484 1300 4556 (Luc.
1346 4487 1398 4540 7.
1443 4488 1534 4556 5);
1568 4487 1636 4541 de
1675 4486 1776 4543 hoc
1816 4499 1993 4544 autem

413 4574 722 4631 dicitJesus
751 4595 766 4631 :
800 4575 975 4646 Neque
1003 4578 1056 4630 in
1093 4576 1259 4631 lsrael
1295 4585 1485 4630 tantum
1523 4577 1673 4646 ﬁdem.
1705 4578 1890 4632 inueni.
1920 4579 1994 4636 De

414 4664 508 4720 illo
537 4678 714 4736 autem
742 4683 846 4720 non
875 4665 1030 4734 dixit,
1057 4665 1212 4721 Multi
1243 4667 1438 4721 uenient
1465 4668 1525 4719 ab
1563 4669 1750 4722 oriente
1781 4670 1824 4736 ξ,
1856 4673 1996 4724 unde

414 4732 701 4811 verisimile
722 4758 790 4810 sit
824 4757 993 4829 ipsum
1014 4728 1269 4814 'Judteum
1303 4756 1489 4812 fuisse.
1521 4757 1657 4824 Quid
1699 4728 1826 4828 ergo
1852 4759 1998 4815 dice-

414 4849 575 4914 mus?
601 4848 689 4903 Sic
723 4847 934 4902 facilem
961 4863 1081 4904 esse
1107 4848 1426 4902 solutionem
1461 4865 1474 4902 :
1504 4849 1760 4919 quieritur
1791 4858 1992 4917 autem,

417 4947 593 4992 utrum
631 4938 702 4991 sit
744 4951 890 4993 vera.
935 4937 1059 4992 Mihi
1102 4946 1247 4993 certe
1285 4938 1496 4992 videtur
1529 4937 1774 4994 eumdem
1821 4939 1993 5008 ipsum

415 5043 556 5086 esse.
607 5027 888 5094 Quomodo
934 5043 1083 5100 ergo,
1131 5029 1364 5101 inquies,
1414 5027 1690 5086 Manut/eus
1728 5031 1993 5087 dicentem

415 5119 568 5176 illum
594 5119 854 5189 perhibet,
888 5119 1009 5175 Non
1044 5138 1154 5176 sum
1197 5123 1379 5193 dignus
1418 5133 1472 5176 ut
1513 5123 1665 5177 intres
1690 5124 1780 5177 sub
1811 5133 1995 5178 tectum

417 5229 579 5266 nicum
609 5227 628 5268 :
655 5213 822 5267 Lucas
847 5229 977 5269 vero
1002 5214 1092 5277 ait,
1136 5216 1345 5270 misisse
1374 5226 1615 5268 vocatum
1658 5225 1710 5268 ut
1752 5217 1995 5270 veniret?

422 5305 639 5359 Videtur
681 5299 808 5360 mihi
839 5305 1008 5361 Lucas
1041 5307 1398 5369 adulationem
1441 5305 1715 5363 iudaicam
1759 5306 1997 5362 subindi-

405 5411 559 5457 care,
591 5395 940 5468 hominesque
977 5398 1027 5452 in
1075 5398 1374 5454 calamitate
1403 5398 1995 5453 versantes‘iustabilcs

426 5490 1200 5561 esse,subindcqucconsilium
1222 5501 1448 5546 mutare.
1472 5490 1771 5547 Verisimile
1797 5491 1995 5561 quippe

445 5655 497 5724 ..¹
543 5653 642 5724 1iiii,
667 5656 950 5724 renuntient
999 5664 1131 5724 cunt_
1165 5654 1419 5724 Abraham.
1455 5654 1600 5724 Patdo
1614 5652 1908 5718 postiidam,
1933 5649 1990 5714 ﬁ.

422 5715 474 5764 lii
492 5722 656 5780 uiuam
682 5718 818 5780 regni
839 5717 1165 5780 eiicientnrin
1182 5720 1400 5780 tenebras
1427 5715 1707 5780 exteriores.

483 5779 500 5805 ²
533 5784 639 5827 tias.
662 5773 873 5842 plurimi,
897 5777 1037 5830 multi
1055 5777 1116 5829 ab
1130 5777 1312 5831 oriente
1336 5785 1380 5830 et
1400 5777 1646 5834 occidente
1662 5773 1865 5830 micat.

1143 379 1199 436 S.
1239 372 1518 436 JO.\NNIS
1552 364 2022 441 CllliYSOSTOSII
2064 362 2378 420 ARCIIIEP.
2419 359 2955 419 CONSTANTINOP.

2111 487 2194 534 est
2227 479 2590 534 centurionem
2623 491 2745 532 cum
2775 474 2926 530 abire
2966 471 3124 529 vellet
3156 470 3431 528 detentum
3471 466 3638 524 fuisse
3667 482 3698 523 a

2107 568 2306 625 lutlzeis
2349 567 2688 623 adulantibus
2733 563 3140 635 dicentibusque
3179 577 3195 615 :
3239 559 3348 616 Nos
3399 557 3594 612 ibimus
3645 566 3698 610 et

2107 661 2434 715 adducemus
2461 673 2605 714 eum.
2637 654 2770 711 Vide
2813 655 2991 724 itaque
3017 650 3446 708 adhortationem
3479 648 3698 702 illormn

2108 748 2411 806 adulatione
2429 753 2660 820 plenam.
2692 745 2873 815 Diligit
2901 745 3055 810 mitti,
3086 743 3352 814 inquiunt,
3379 749 3574 813 gentem
3602 755 3700 792 no-

2108 851 2285 904 stram,
2314 850 2361 895 et
2399 821 2707 913 synagogam
2744 835 2891 891 nobis
2939 820 3237 889 conurutrit.
3289 830 3470 902 Neque
3519 829 3699 884 sciunt

2111 932 2252 988 unde
2275 934 2447 989 virum
2492 933 2709 990 laudare
2747 949 2843 1005 par
2887 932 2978 987 sit.
3029 928 3161 984 Nam
3205 941 3330 983 cum
3374 923 3702 998 oportuisset

2109 1024 2310 1091 dicere,
2347 1025 2522 1080 Voluit
2547 1025 2661 1096 ipse
2701 1026 2780 1081 ire
2822 1031 3084 1094 rogatum,
3121 1033 3220 1075 nos
3264 1026 3440 1072 autem
3469 1012 3703 1070 retinui-

2110 1130 2253 1180 mus,
2275 1117 2632 1174 calamitatem
2660 1117 3066 1174 considerantes
3096 1119 3151 1167 et
3177 1123 3375 1180 corpus
3397 1106 3525 1163 illud
3550 1103 3701 1160 domi

2105 1209 2287 1280 lacere
2321 1208 2599 1274 videntes;
2630 1218 2790 1281 atque
2828 1207 2908 1264 sic
2945 1207 3062 1275 eius
3105 1201 3236 1258 lldci
3276 1196 3702 1270 magnitudinem

2109 1313 2378 1370 exponere
2409 1317 2424 1354 :
2455 1299 2528 1355 illi
2570 1301 2756 1370 utique
2791 1299 2894 1354 hoc
2937 1311 3043 1353 non
3079 1295 3292 1358 dicunt;
3344 1305 3521 1360 neque
3553 1287 3703 1346 enim

2112 1392 2380 1457 volebant,
2411 1392 2607 1449 invidia
2643 1406 2837 1463 nempe
2873 1391 3024 1456 moti,
3058 1389 3156 1442 viri
3197 1385 3356 1442 iidem
3377 1381 3655 1440 declarare
3686 1399 3702 1433 :

2109 1482 2204 1540 sed
2235 1483 2538 1540 maluerunt
2562 1483 2680 1554 ejus
2715 1483 2966 1538 virtutem
2999 1478 3272 1550 obtegere,
3299 1489 3400 1545 pro
3428 1485 3536 1542 quo
3571 1483 3705 1538 sup.

2112 1574 2278 1645 plices
2301 1574 2647 1642 accedebant,
2681 1589 2750 1630 ne
2791 1573 3065 1646 videretur
3104 1581 3331 1640 magnus
3367 1578 3487 1622 esse
3529 1563 3575 1617 is
3611 1561 3704 1631 qui

2110 1675 2342 1733 rogaret,
2385 1682 2488 1723 neu
2531 1665 2688 1733 iidem
2725 1664 2846 1736 ejus
2889 1663 3264 1735 praedicantes,
3305 1658 3385 1714 sic
3421 1670 3559 1720 rem,
3603 1665 3705 1722 pro

2109 1772 2214 1827 qua
2243 1764 2522 1819 venerant,
2547 1754 2887 1824 perlicerent.
2914 1753 3072 1809 Livor
3099 1750 3242 1807 enim
3265 1757 3499 1804 mentem
3529 1756 3697 1799 escae

2108 1861 2234 1902 care
2256 1846 2412 1902 solet.
2445 1844 2552 1902 Sed
2579 1845 2671 1917 qui
2713 1853 2920 1900 secreta
2967 1843 3137 1908 novit,
3180 1838 3362 1895 invitis
3397 1835 3501 1890 illis
3526 1833 3704 1890 virum

2109 1937 2415 1994 celebravit.
2443 1937 2598 2005 Quod
2625 1946 2802 1992 autem
2831 1933 2962 1990 illud
2997 1942 3182 1988 verum
3215 1929 3307 1995 sit,
3338 1925 3462 1982 audi
3501 1924 3706 1980 Lucam

2111 2030 2284 2100 ipsum
2334 2030 2682 2100 interpretem
2725 2028 2816 2099 qui
2868 2027 2948 2083 sic
3005 2025 3122 2082 ait:
3151 2022 3244 2078 illo
3275 2035 3382 2076 non
3416 2020 3575 2089 longe
3615 2017 3706 2069 di-

2110 2128 2307 2182 stante,
2339 2120 2552 2176 misisse
2579 2117 2648 2173 ad
2675 2117 2822 2173 illum
2861 2116 2953 2187 qui
2978 2115 3221 2171 dicerent
3263 2131 3276 2168 :
3321 2108 3559 2174 Dandae,
3591 2107 3705 2161 noli

2110 2211 2281 2266 vexati
2299 2226 2320 2264 :
2345 2227 2448 2264 nou
2501 2210 2634 2264 enim
2685 2225 2798 2265 sum
2849 2208 3034 2280 dignus
3075 2216 3130 2261 ut
3180 2205 3274 2261 sub
3311 2212 3494 2258 tectum
3534 2215 3706 2253 mestus

2111 2301 2266 2356 intres
2308 2301 2330 2374 (
2352 2299 2480 2355 Luc".
2527 2301 2580 2356 7.
2613 2300 2648 2370 6
2672 2301 2712 2370 ).
2756 2299 2893 2355 Cum
2930 2299 3074 2354 enim
3109 2309 3140 2352 ι
3182 2294 3488 2352 «Ιυάίιιοηιηι
3527 2290 3706 2346 mole-

2111 2391 2212 2445 stia
2237 2391 2372 2446 liber
2398 2389 2518 2456 fuit,
2549 2399 2676 2445 tunc
2699 2389 2844 2445 misit
2869 2388 2959 2460 qui
2997 2387 3244 2443 dicerent
3271 2402 3285 2439 :
3308 2383 3386 2440 Nc
3420 2393 3577 2454 putes
3615 2395 3704 2436 me

2111 2498 2176 2537 ex
2203 2482 2428 2552 segnitie
2468 2496 2572 2536 non
2611 2480 2863 2546 venisse;
2891 2479 2988 2535 sed
3020 2494 3105 2535 mc
3133 2493 3238 2533 non
3269 2475 3487 2546 dignum
3512 2471 3702 2528 existi-

2112 2575 2273 2640 mavi,
2299 2575 2390 2646 qui
2422 2585 2473 2630 te
2502 2573 2797 2644 reciperem
2823 2571 2992 2628 domi.

2178 2667 2233 2722 5.
2261 2667 2376 2723 Etsi
2405 2680 2534 2722 vero
2563 2665 2844 2722 Mattheus
2877 2664 3017 2720 dicat
3054 2677 3161 2718 non
3202 2676 3302 2731 per
3341 2657 3563 2724 amicos,
3603 2655 3701 2712 sed

2109 2757 2257 2814 illum
2289 2759 2463 2829 ipsum
2489 2756 2606 2813 ha'c
2631 2756 2854 2822 dixisse,
2881 2755 3013 2810 nihil
3044 2753 3097 2809 id
3123 2752 3190 2808 ad
3217 2767 3332 2807 rem
3356 2750 3481 2806 facit
3505 2767 3520 2804 :
3546 2764 3702 2820 quae-

2110 2850 2246 2906 ritur
2269 2849 2411 2906 enim
2432 2851 2605 2906 solum
2636 2865 2763 2904 num
2793 2859 3020 2919 uterque
3049 2846 3152 2902 viri
3190 2845 3482 2902 studiosam
3503 2841 3701 2899 volun-

2111 2948 2273 2995 tatem
2299 2939 2673 3005 declaraverit,
2701 2947 3226 3007 consentaneamque
3254 2935 3395 2992 circa
3421 2933 3700 2990 Christum

2108 3031 2226 3101 ejus
2278 3031 2608 3102 opinionem.
2670 3028 2975 3089 Verisimile
3019 3037 3198 3083 autem
3244 3033 3359 3094 est,
3413 3034 3699 3096 postquam

2106 3122 2310 3178 amicos
2327 3123 2582 3190 misisset,
2611 3123 2825 3179 venisse
2851 3122 3021 3192 ipsum
3044 3119 3280 3190 illudque
3302 3117 3521 3174 dixisse.
3541 3116 3700 3184 Quod

2103 3213 2150 3268 si
2173 3211 2274 3267 hoc
2300 3227 2408 3269 non
2436 3214 2633 3269 dixerit
2659 3213 2849 3277 Lucas,
2889 3221 2945 3267 at
2987 3227 3162 3283 neque
3194 3211 3326 3266 illud
3366 3208 3649 3265 Mattlttcus
3678 3225 3696 3264 :

2107 3318 2213 3358 non
2241 3305 2387 3376 quod
2432 3313 2617 3361 mutuo
2656 3306 2710 3360 in
2754 3307 3061 3361 narratione
3114 3313 3371 3375 pugnent,
3412 3300 3507 3358 sed
3532 3299 3697 3374 quod

2105 3397 2242 3453 alter
2270 3399 2629 3465 praetermissa
2667 3397 2737 3452 ab
2765 3396 2936 3452 altero
2967 3405 3168 3451 narret.
3214 3394 3347 3449 Vide
3371 3404 3549 3449 autem
3587 3406 3697 3462 quo

2106 3495 2262 3556 pacto
2290 3485 2447 3540 ﬁdem
2477 3486 2593 3555 ejus
2635 3484 2808 3542 Lucas
2842 3485 2949 3540 alio
2985 3485 3145 3540 modo
3183 3483 3438 3556 prtedicet
3463 3482 3648 3538 dicens
3679 3523 3693 3537 .

2105 3573 2389 3629 Morituros
2412 3585 2521 3629 erat
2548 3592 2692 3644 puer.
2721 3577 2969 3632 Attamen
2995 3591 3171 3646 neque
3198 3575 3302 3631 hec
3322 3575 3469 3630 illum
3509 3574 3562 3628 in
3592 3573 3683 3629 de-

2102 3665 2464 3735 sperationem
2510 3665 2774 3738 eottjecit,
2837 3681 2909 3723 ne
2965 3683 2995 3722 a
3036 3680 3134 3737 spe
3174 3666 3436 3732 detrusit;
3477 3665 3573 3722 sed
3614 3669 3694 3721 sic
3787 3717 3806 3736 ,

2100 3756 2263 3813 etiam
2294 3756 2638 3826 superstitem
2677 3757 2790 3813 fore
2826 3759 3085 3828 speravit.
3125 3752 3278 3827 Qitod
3314 3758 3359 3812 si
3408 3756 3694 3811 Manlia-us

2101 3847 2315 3918 quidem
2355 3857 2539 3904 narret
2560 3845 2828 3903 Christum
2860 3847 3081 3916 dixisse,
3119 3863 3179 3904 se
3207 3857 3406 3904 tantam
3437 3848 3489 3902 in
3527 3845 3696 3905 Israel

2102 3955 2208 3993 non
2237 3941 2505 3996 invenisse
2542 3939 2721 4006 ﬁdem,
2750 3955 2856 4012 quo
2903 3940 3142 3995 declarat
3180 3940 3353 4008 ipsum
3392 3937 3706 4004 lsraelitam‘

2103 4047 2206 4086 non
2258 4031 2454 4098 fuisse;
2505 4033 2673 4089 Lucas
2722 4049 2868 4096 vero,
2918 4034 3091 4104 ipsum
3139 4045 3465 4104 synagogam
3516 4031 3688 4086 mdili-

2099 4135 2255 4178 casse
2284 4140 2298 4174 :
2332 4138 2503 4193 neque
2535 4123 2653 4178 haec
2693 4124 2976 4193 pugnantia
3007 4132 3152 4179 sunt.
3196 4123 3376 4179 Potuit
3403 4123 3548 4178 enim
3581 4137 3690 4177 non

2101 4212 2316 4269 Judazus
2343 4228 2664 4284 synagogam
2708 4225 2935 4278 struere,
2967 4224 3289 4284 gentemque
3325 4212 3568 4288 diligere.
3608 4212 3690 4267 Tu

2101 4319 2229 4358 vero
2253 4320 2321 4359 ne
2351 4305 2708 4373 perfunctorie
2745 4305 2887 4360 dicta
2915 4305 3033 4374 ejus
3057 4308 3327 4374 explores,
3357 4305 3451 4380 sed
3494 4305 3694 4375 prtere-

2098 4405 2302 4450 cturam
2333 4395 2448 4464 ejus
2473 4396 2666 4463 adiice,
2697 4408 2749 4450 ct
2781 4407 2904 4451 tunc
2946 4396 3044 4449 viri
3083 4396 3328 4452 virtutem
3373 4397 3688 4466 perspicies.

2099 4487 2304 4544 Etenim
2334 4497 2513 4542 tantus
2547 4488 2703 4556 vulgo
2737 4497 2818 4541 est
2865 4502 3050 4541 eorum
3085 4489 3174 4556 qui
3213 4487 3557 4557 praefecturas
3597 4503 3695 4558 ge-

2100 4579 2220 4632 runt
2252 4577 2437 4645 fastus,
2468 4588 2525 4631 ut
2551 4591 2621 4632 ne
2651 4577 2863 4648 quidem
2905 4576 2956 4630 in
3002 4575 3390 4630 calamitatibus
3429 4591 3551 4633 sese
3590 4577 3690 4633 de-

2102 4671 2351 4739 primant.
2400 4671 2529 4725 Nam
2567 4671 2646 4732 is,
2698 4671 2788 4746 qui
2831 4669 2969 4738 apud
3021 4667 3283 4723 Joannem
3334 4679 3688 4731 memoratur.

2103 4759 2251 4813 illum
2277 4761 2329 4814 in
2353 4763 2572 4815 domum
2605 4759 2770 4814 trahit
2794 4767 2848 4814 et
2872 4759 3002 4814 dicit
3033 4776 3048 4814 :
3081 4758 3358 4823 Descende,
3392 4761 3691 4830 priusquam

2101 4852 2241 4920 ﬁlius
2270 4869 2405 4907 meus
2435 4855 2680 4915 moriatur
2703 4852 2758 4925 (1
2766 4869 2884 4906 oon.
2913 4853 2967 4906 4.
2997 4851 3113 4923 i9).
3141 4852 3240 4908 Hic
3270 4867 3400 4910 vero
3429 4868 3536 4909 non
3563 4853 3688 4908 ita:

2099 4943 2195 4998 sed
2223 4952 2328 4998 tam
2359 4943 2464 5008 illo,
2492 4958 2648 5011 quant
2674 4944 2756 5008 iis,
2780 4942 2868 5015 qui
2891 4957 2984 5012 per
3006 4950 3208 4999 tectum
3237 4944 3490 5000 lectulum
3518 4944 3693 5000 demi-

2100 5041 2305 5098 serunt,
2336 5028 2670 5100 pr:rstanti0r
2711 5043 2810 5090 est.
2838 5034 2955 5089 Non
2998 5034 3142 5090 enim
3179 5037 3510 5105 corporalem
3551 5051 3690 5107 prte-

2100 5128 2321 5181 scntiam
2356 5125 2602 5195 requirit.
2633 5141 2802 5196 neque
2832 5141 3002 5198 prope
3023 5126 3291 5188 medicum
3308 5138 3566 5196 aegrotum
3593 5130 3695 5184 de-

2101 5218 2248 5277 tulit;
2283 5217 2332 5271 id
2361 5218 2501 5287 qttod
2531 5227 2704 5272 tamen
2725 5233 2828 5271 non
2859 5233 3076 5287 parvam
3104 5219 3552 5274 existimationem
3577 5235 3688 5289 pra:

2098 5321 2157 5361 se
2187 5308 2377 5373 ferret;
2408 5306 2504 5362 sed
2530 5321 2590 5360 ea
2621 5323 2738 5376 quae
2781 5308 2945 5361 Deum
2985 5308 3210 5364 decebat
3235 5309 3486 5378 Opinione
3526 5311 3688 5366 fultus

2098 5399 2172 5451 ait
2203 5415 2217 5451 :
2253 5397 2346 5452 Dic
2375 5399 2520 5453 ret-bo
2558 5400 2738 5452 solum.
2789 5397 2972 5467 Neque
3003 5399 3154 5454 initio
3181 5400 3331 5468 diett,
3383 5400 3480 5455 Dic
3513 5404 3682 5467 verba,

2099 5491 2191 5544 sed
2215 5490 2581 5560 aegritudinem
2604 5498 2805 5544 tantum
2822 5489 3058 5545 declarat
3088 5508 3102 5544 :
3129 5491 3198 5546 ob
3218 5507 3464 5562 magnam
3491 5493 3688 5564 quippe

2099 5581 2449 5637 humilitatem
2477 5597 2582 5634 non
2631 5581 2846 5650 putabat
2886 5579 3157 5637 Christum
3197 5585 3375 5638 Statim
3409 5601 3520 5639 rem
3549 5600 3685 5640 con—

2098 5685 2396 5732 cessurum.
2430 5684 2484 5727 et
2511 5671 2727 5726 domum
2751 5673 3040 5745 petiturum
3061 5687 3201 5728 esse.
3230 5673 3354 5729 idco
3371 5689 3492 5729 cum
3512 5676 3685 5744 ipsum

2101 5765 2306 5822 audivit
2332 5764 2613 5831 dicentem,
2659 5763 2766 5836 ligo
2795 5764 2995 5821 rmieus
3025 5765 3206 5821 curabo
3248 5782 3380 5834 eunt,
3419 5776 3544 5822 tunc
3598 5766 3694 5832 ait,
