4066 6428
269 426 377 484 33⁸1

274 537 375 593 Die
402 535 568 591 verba.
597 532 780 606 Neque
800 532 948 588 illum
973 531 1044 586 ita
1071 543 1274 586 maeror
1293 529 1546 596 turbavit,
1573 527 1668 584 sed
1702 528 1863 583 etiam

271 631 328 686 in
355 628 665 686 calamitate
711 622 1208 698 philusopbabatur,
1260 636 1368 676 non
1416 630 1525 676 tam
1574 620 1871 689 respiciens

267 720 340 777 ad
371 721 520 792 pueri
553 717 935 784 valetudinem,
963 728 1122 785 quam
1150 727 1218 768 ne
1244 711 1374 783 quid
1406 712 1522 782 ipse
1563 711 1740 766 minus
1771 710 1868 766 de-

269 822 459 868 center
501 811 722 866 faceret.
773 807 1106 876 Quamquam
1146 819 1254 859 non
1307 804 1424 873 ipse
1473 803 1723 872 petebat,
1775 802 1868 857 sed

267 902 520 958 Christus
545 915 666 957 sese
689 897 883 954 obtulit
911 915 924 950 :
955 905 1186 951 attamen
1216 894 1294 949 sic
1338 909 1551 964 quoque
1597 893 1771 948 timuit
1801 909 1870 948 ne

269 994 409 1048 ultra
455 1006 615 1060 quam
645 991 875 1061 dignitas
921 1003 1016 1044 sua
1057 987 1350 1059 postularet
1391 986 1678 1056 acciperet,
1730 1000 1868 1040 neve

267 1099 386 1138 rem
415 1097 635 1153 gravem
661 1082 886 1135 subiret.
909 1078 1158 1134 Vidistin'
1183 1079 1302 1147 ejus
1334 1077 1705 1145 prudentiam?
1734 1077 1866 1131 Per-

269 1173 447 1244 pende
469 1172 777 1228 Judtcorum
800 1169 1085 1225 stultitiam
1112 1168 1424 1231 dicentium,
1458 1166 1656 1238 Dignus
1685 1177 1758 1221 est
1787 1168 1868 1220 cui

268 1266 488 1336 gratiam
513 1268 749 1334 conferas
776 1260 929 1332 (Luc.
954 1260 1005 1314 7.
1030 1260 1110 1330 ι).
1139 1259 1274 1315 Cum
1304 1267 1576 1328 oporteret
1603 1257 1669 1312 ad
1700 1258 1864 1312 mise-

268 1356 557 1412 ricordiam
583 1354 708 1410 Jesu
741 1352 1046 1424 confugere,
1091 1350 1166 1405 illi
1197 1350 1508 1420 dignitatem
1547 1350 1863 1412 obtendunt,

269 1463 442 1516 neque
465 1462 574 1516 quo
613 1453 769 1516 pacto
810 1443 1104 1498 obtendere
1146 1443 1380 1511 Oportuit
1420 1444 1619 1496 sciunt.
1667 1442 1864 1496 Verum

267 1554 375 1594 non
405 1539 475 1591 ita
505 1538 627 1601 ille;
661 1534 754 1591 sed
792 1550 852 1590 se
890 1533 1112 1589 omnino
1156 1533 1430 1603 indignum
1468 1531 1680 1588 dicebat
1721 1546 1862 1599 esse,

268 1645 374 1684 non
418 1629 580 1682 modo
624 1626 893 1691 beneﬁcii,
940 1626 1034 1681 sed
1076 1624 1234 1680 etiam
1276 1624 1364 1694 qui
1417 1622 1689 1678 Christum
1719 1622 1863 1677 domi

269 1720 552 1788 reciperet.
586 1718 946 1786 Quamobrem
976 1731 1098 1770 eum
1139 1715 1382 1778 dixisset,
1434 1713 1569 1768 Puer
1598 1731 1735 1769 meus
1769 1717 1862 1785 ja-

267 1822 362 1876 cet,
396 1825 500 1864 non
533 1809 829 1878 subjunxit,
879 1808 993 1872 Dic,
1025 1816 1292 1872 metuens,
1323 1822 1390 1862 ne
1437 1806 1682 1876 indignus
1722 1816 1867 1863 esset

267 1905 359 1959 tali
383 1903 527 1958 dono
561 1921 574 1956 :
604 1902 698 1957 sed
740 1901 1098 1956 calamitatem
1145 1899 1317 1954 solum
1364 1899 1674 1954 declaravit.
1729 1899 1862 1966 Quia

267 2011 400 2055 vero
431 1995 558 2048 vidit
596 1993 870 2047 Christum
916 2006 1036 2047 sese
1079 1991 1145 2046 ad
1184 1991 1418 2046 eundum
1454 2005 1754 2060 parantem,
1796 2006 1864 2047 ne

264 2092 343 2145 sic
368 2090 584 2160 quidem
613 2085 706 2143 ille
733 2085 788 2140 in
817 2097 930 2137 rem
961 2081 1193 2137 oblatam
1227 2081 1434 2148 iusiliit,
1463 2083 1558 2137 sed
1602 2081 1778 2136 adhuc
1809 2085 1860 2136 in

262 2181 432 2251 gradu
459 2180 558 2234 sibi
591 2174 906 2250 congruenti
931 2175 1144 2232 mansit.
1170 2173 1225 2229 Si
1255 2174 1374 2243 quis
1406 2189 1534 2229 vero
1563 2173 1723 2238 dicat,
1754 2175 1864 2229 Cur

261 2273 510 2328 Christus
551 2272 700 2327 illum
747 2285 852 2326 non
896 2271 1097 2340 pariter
1125 2266 1447 2323 honoravit?
1481 2266 1706 2321 dixerim
1737 2281 1860 2337 ego,

263 2365 637 2435 magnumipsi
663 2365 923 2419 honorem
952 2363 1221 2419 retulisse.
1251 2359 1434 2418 Primo
1456 2361 1692 2430 quidem,
1720 2360 1860 2430 quod

263 2455 502 2509 animum
533 2468 860 2524 pronamque
888 2453 1214 2509 voluntatem
1245 2450 1561 2514 ostenderit,
1592 2466 1711 2519 qua:
1743 2466 1858 2505 ma-

264 2547 409 2600 xime
429 2545 694 2614 apparuit,
725 2545 848 2614 quia
889 2544 1004 2613 ipse
1043 2543 1097 2598 in
1123 2543 1344 2599 domum
1387 2544 1502 2614 ejus
1533 2558 1639 2598 non
1674 2541 1857 2606 venit;

261 2635 520 2700 secundo,
553 2635 696 2705 quod
737 2635 884 2689 illum
932 2635 984 2688 in
1033 2649 1256 2704 regnum
1301 2634 1679 2700 introduxerit,
1708 2651 1861 2690 eum-

261 2745 366 2798 que
390 2729 483 2784 toti
512 2728 747 2784 Iudaica:
781 2727 924 2797 genti
955 2728 1324 2797 praeposuerit.
1355 2727 1489 2794 Quia
1519 2728 1660 2781 enim
1694 2743 1753 2783 se
1779 2729 1861 2782 iu-

260 2823 480 2892 dignum
529 2820 862 2891 judicaverat
904 2820 992 2890 qui
1044 2819 1316 2874 Christum
1368 2820 1513 2873 domi
1571 2820 1855 2888 reciperet,

261 2915 425 2968 etiam
457 2926 621 2984 regno
645 2911 836 2982 dignus
859 2911 1084 2967 elIectus
1111 2920 1211 2974 est,
1242 2920 1296 2964 et
1316 2910 1501 2965 eadem
1527 2925 1648 2981 qua:
1683 2909 1858 2964 Abra-

265 3004 388 3058 ham
415 3013 774 3072 consequutus
795 3012 880 3057 est
907 3003 1063 3056 bona.
1089 2999 1157 3055 Et.
1177 3017 1280 3070 qua
1316 3000 1383 3055 de
1408 3016 1587 3066 causa,
1627 3001 1857 3069 inquies,

262 3095 533 3164 leprosus,
578 3095 664 3163 qui
712 3095 794 3148 his
833 3093 1033 3161 majora
1078 3092 1412 3157 exhibuerat,
1461 3107 1567 3146 non
1620 3091 1862 3146 laudatus

249 3176 379 3242 est?
408 3186 592 3256 Neque
614 3186 754 3241 enim
778 3186 910 3240 dixit
937 3185 1045 3252 ille,
1071 3183 1171 3238 Dic
1196 3183 1341 3239 verbo
1364 3201 1382 3249 ;
1418 3186 1510 3239 Sed
1541 3185 1680 3254 quod
1705 3185 1863 3256 longe

263 3283 439 3351 majus
466 3292 602 3346 erat,
634 3279 777 3334 Vclis
808 3277 1177 3332 tantununodo
1211 3294 1222 3328 :
1255 3277 1306 3330 id
1334 3277 1474 3346 quod
1503 3277 1570 3331 de
1595 3278 1750 3331 Patre
1789 3278 1864 3332 ait

262 3373 569 3444 propheta:
605 3368 824 3431 Omnia,
879 3384 1205 3438 quacumque
1257 3367 1447 3427 voluit,
1515 3369 1632 3438 fecit
1687 3367 1858 3438 (Psal.

263 3464 388 3517 115.
418 3462 471 3515 3.
507 3459 667 3530 [11]).
701 3460 894 3514 Verum
927 3458 1019 3516 ille
1049 3472 1260 3526 quoque
1294 3457 1544 3510 laudatus
1583 3465 1685 3511 est.
1728 3456 1860 3512 Cum

263 3553 406 3607 cnim
431 3552 595 3613 dixit;
618 3549 761 3616 O/Icr
779 3542 999 3613 donum,
1017 3549 1152 3618 quod
1174 3549 1411 3617 prwcepit
1442 3547 1664 3618 Moyses,
1697 3550 1750 3602 in
1792 3560 1864 3602 te-

264 3645 556 3697 stimonium
595 3643 717 3708 illis,
751 3641 884 3695 nihil
911 3641 1055 3694 aliud
1085 3649 1200 3696 erat
1235 3655 1391 3710 quam
1423 3640 1622 3705 dicere,
1664 3641 1744 3695 Tu
1770 3657 1862 3718 ac-

264 3733 482 3789 cusabis
518 3733 654 3798 illos,
696 3733 818 3803 quia
859 3731 1157 3787 credidisti.
1204 3731 1454 3801 Alioquin
1493 3747 1598 3786 non
1641 3732 1863 3801 perinde

265 3835 381 3880 erat
428 3824 692 3887 Judaeum,
739 3833 898 3893 atque
946 3833 1258 3878 extraneum
1312 3823 1563 3892 gentilem
1617 3823 1860 3878 credere.

266 3916 420 3985 Quod
448 3917 592 3970 enim
616 3915 859 3970 centurio
887 3913 1105 3969 Judreus
1135 3928 1240 3968 non
1268 3924 1430 3979 esset,
1471 3912 1522 3967 id
1570 3914 1739 3983 liquet
1780 3915 1865 3970 vel

266 4024 328 4064 ex
354 4023 422 4064 eo
443 4009 584 4078 quod
611 4007 854 4062 centurio
884 4013 1047 4070 esset,
1080 4013 1135 4059 et
1174 4003 1314 4074 quod
1350 4004 1593 4059 Christus
1618 4004 1813 4059 dixerit
1849 4024 1862 4060 :

268 4098 450 4170 Neque
478 4100 530 4151 in
563 4096 722 4151 Israel
748 4107 939 4150 tantam
966 4097 1120 4164 [idem
1146 4096 1332 4148 int-cui.

336 4193 394 4247 4.
425 4191 657 4260 Eratque
695 4189 934 4259 profecto
974 4203 1058 4242 res
1090 4201 1300 4256 magna,
1343 4187 1614 4242 hominem
1654 4188 1741 4257 qui
1774 4203 1868 4242 ex-

269 4295 346 4340 tra
377 4283 684 4339 Judzeorum
706 4282 1005 4350 catalogum
1034 4289 1170 4347 erat,
1202 4287 1349 4333 tanta
1368 4279 1436 4333 de
1471 4279 1690 4334 Christo
1716 4282 1868 4351 cogi.

269 4387 432 4431 tasse.
463 4374 618 4438 Nam,
646 4383 705 4428 ut
740 4373 868 4427 mihi
909 4371 1137 4434 videtur,
1165 4385 1432 4440 supernos
1471 4369 1560 4424 ille
1599 4373 1870 4426 exercitus

269 4475 453 4522 mente
481 4474 834 4534 conceperat;
882 4461 1226 4530 morbosque,
1261 4472 1486 4514 mortem
1515 4461 1726 4531 aliaque
1753 4477 1870 4515 om-

270 4561 358 4614 nia
389 4559 462 4613 ita
487 4555 702 4612 Christo
739 4555 979 4625 subjecta
1009 4569 1148 4619 esse,
1182 4563 1240 4607 ut
1273 4553 1468 4608 milites
1508 4555 1630 4610 sibi.
1667 4554 1868 4621 Quam-

271 4652 459 4707 obrem
489 4650 698 4705 dicebat
726 4665 740 4702 :
773 4647 910 4702 Nam
937 4664 1029 4718 ego
1059 4648 1208 4702 homo
1228 4663 1340 4702 sunt
1365 4647 1456 4701 sub
1487 4657 1729 4718 potestate
1753 4666 1872 4703 cou-

271 4748 520 4808 stitutus;
569 4745 668 4797 hoc
715 4753 817 4807 est,
865 4741 944 4794 Tu
994 4741 1152 4804 Deus,
1201 4755 1302 4810 ego
1344 4741 1504 4794 homo
1553 4759 1566 4794 :
1619 4756 1720 4812 ego
1774 4741 1874 4796 sub

275 4843 564 4908 potestate,
596 4843 650 4888 tu
682 4850 786 4887 non
813 4833 913 4887 sub
953 4839 1237 4900 potestate.
1264 4830 1320 4885 Si
1350 4846 1450 4900 ego
1486 4832 1666 4901 igitur.
1713 4831 1874 4886 homo

273 4937 331 4984 et
358 4926 462 4982 sub
508 4933 789 4993 potestate,
829 4933 974 4977 tanta
1021 4937 1235 4991 possum
1271 4938 1284 4974 :
1318 4923 1485 4975 multo
1533 4924 1701 4994 magis
1738 4924 1873 4991 ipse,

278 5021 454 5091 quiet
484 5018 623 5073 Deus
649 5024 812 5072 estet
839 5016 938 5071 sub
984 5023 1248 5084 potestate
1286 5028 1392 5068 non
1438 5023 1552 5079 est;
1589 5017 1704 5070 vult
1731 5017 1874 5070 enim

278 5129 347 5169 ex
391 5125 600 5166 summa
648 5109 1049 5179 prmeminentia
1093 5109 1199 5164 hoc
1241 5107 1315 5161 illi
1369 5108 1618 5174 suadere,
1661 5125 1720 5164 se
1767 5126 1873 5164 non

280 5205 458 5258 simile
487 5202 790 5271 exemplum
844 5200 1054 5264 all‘erre,
1097 5201 1191 5256 sed
1220 5203 1294 5267 rei
1339 5201 1498 5272 longe
1526 5202 1874 5258 sublimioris.

282 5295 416 5351 Nam
459 5295 504 5348 si
536 5308 656 5364 ego,
689 5291 878 5361 inquit,
931 5292 1021 5361 qui
1064 5306 1159 5360 par
1188 5292 1442 5362 subjectis
1489 5308 1628 5357 sum,
1684 5303 1738 5348 et
1778 5295 1879 5349 sub

285 5395 552 5457 potestate
594 5385 933 5446 constitutus,
964 5383 1032 5438 ob
1062 5398 1277 5454 parvam
1327 5395 1501 5439 tamen
1553 5383 1880 5454 prmiecturte

283 5479 680 5543 auctoritatem,
714 5485 859 5531 tanta
893 5491 1108 5546 possum
1141 5477 1353 5529 nemine
1392 5486 1754 5546 repugnante:
1785 5477 1881 5533 sed

285 5586 404 5640 qua!
437 5570 642 5638 impero
686 5569 886 5632 omnia,
937 5568 1152 5621 diversa
1195 5569 1318 5620 licet
1348 5569 1472 5630 sint,
1509 5567 1882 5638 exsequutioni

287 5659 638 5723 mandantur;
674 5659 776 5711 Alii
804 5659 935 5711 euint
962 5659 1096 5720 dico,
1128 5657 1286 5721 Vade,
1314 5669 1358 5712 et
1380 5660 1515 5711 vadit
1545 5675 1562 5712 :
1587 5660 1698 5722 alii,
1736 5658 1882 5728 Vem,

288 5750 493 5803 etvenit
527 5764 544 5802 :
575 5750 732 5819 longe
769 5750 969 5814 majora
1017 5760 1070 5802 tu
1111 5751 1329 5819 poteris.
1358 5748 1583 5816 Quidam
1626 5748 1769 5804 hunc
1807 5750 1888 5805 lo-

289 5854 412 5896 cum
436 5841 507 5895 ita
533 5842 713 5913 legunt
743 5862 758 5898 :
792 5841 852 5897 Si
882 5843 1015 5895 enint
1043 5856 1134 5912 ego
1163 5840 1311 5895 homo
1339 5857 1452 5893 cum
1478 5841 1596 5909 sint,
1626 5849 1680 5896 ct
1718 5841 1887 5896 inter-

1237 417 1303 474 lN
1340 413 1749 473 MATTH/EUM
1792 410 2020 468 IIOMIL.
2065 411 2254 467 XXVI.
2297 413 2367 469 al.
2411 413 2624 470 XXVII.
3478 422 3582 475 37.3

1977 525 2266 593 punctione
2289 528 2463 597 posita
2491 528 2840 598 subjungunt,
2879 529 2974 583 sub
3000 539 3242 597 potestate
3265 530 3456 587 habens
3489 536 3583 588 sub

1974 634 2056 672 me
2082 619 2282 676 milites.
2305 620 2387 676 Tu
2411 635 2542 676 vero
2557 621 2871 677 consideres
2900 622 3381 694 velim,._qnomodo
3396 635 3582 680 osten-

1974 707 2067 764 dat
2090 709 2265 779 ipsum
2296 712 2456 766 etiam
2485 713 2643 766 morti
2677 721 2734 766 ut
2771 726 2928 768 servo
2978 713 3264 782 imperare,
3303 722 3358 769 et
3385 715 3579 784 ρι’ωοί-

1974 814 2106 868 pere
2131 809 2191 853 ut
2212 799 2511 856 dominum.
2543 799 2678 856 Cum
2700 803 2843 857 enim
2870 802 3018 865 dicit,
3060 799 3208 867 Veni,
3240 814 3290 858 et
3319 805 3473 870 venit,
3501 813 3579 872 et,

1984 888 2146 953 Vade,
2173 899 2220 944 et
2253 893 2411 957 vadit,
2460 891 2514 947 id
2560 891 2827 962 signiﬁcat
2859 913 2871 948 :
2905 893 2962 948 Si
2988 893 3217 962 jusseris
3247 909 3354 949 non
3397 896 3582 950 venire

1973 989 2202 1036 mortem
2234 995 2398 1051 super
2431 999 2576 1049 eum,
2603 999 2709 1039 non
2744 985 2942 1040 veniet.
2986 985 3172 1040 Viden’
3200 1002 3360 1056 quam
3408 987 3580 1042 ﬁdelis

1971 1075 2152 1128 esset?
2176 1074 2330 1142 Quod
2366 1076 2510 1131 enim
2560 1077 2810 1132 omnibus
2864 1088 3046 1146 postea
3087 1077 3294 1132 clarum
3340 1078 3577 1134 futurum

1973 1173 2110 1227 erat,
2135 1165 2499 1236 omnibusque
2527 1179 2738 1231 notum,
2771 1167 2859 1223 hic
2883 1168 2994 1237 jam
3024 1170 3196 1238 palam
3228 1168 3374 1236 facit,
3404 1171 3576 1239 ipsum

1973 1268 2168 1326 nempe
2210 1255 2411 1312 habere
2445 1267 2763 1326 potestatem
2815 1258 3004 1314 mortis
3042 1267 3096 1314 et
3137 1261 3277 1327 vitm,
3315 1277 3580 1332 posseque

1971 1345 2038 1398 ad
2074 1355 2253 1413 portas
2280 1348 2468 1403 mortis
2490 1348 2760 1406 deducere
2788 1364 2851 1404 ac
2870 1350 3148 1406 reducere.
3180 1351 3365 1421 Neque
3391 1353 3458 1412 de
3481 1354 3580 1407 mi-

1975 1437 2156 1494 litibus
2185 1441 2358 1497 solum
2403 1440 2557 1506 dixit,
2586 1441 2682 1496 sed
2714 1443 2873 1496 etiam
2903 1441 2973 1497 de
2999 1443 3189 1507 servis,
3223 1443 3366 1512 quod
3410 1445 3580 1512 majoo

1972 1533 2046 1588 ris
2077 1532 2446 1604 obsequentize
2466 1543 2602 1588 erat.
2647 1535 2896 1589 Attamen
2927 1544 3131 1590 tantam
3162 1535 3366 1590 habens
3393 1535 3574 1601 ﬁdem,

1972 1638 2032 1679 se
2077 1624 2350 1695 indignum
2378 1626 2596 1695 putabat
2623 1642 2637 1690 ;
2683 1625 2930 1681 Christus
2959 1636 3137 1681 autem
3169 1627 3464 1682 ostendens
3494 1629 3576 1680 di-

1970 1729 2135 1783 gnum
2178 1715 2324 1769 illum
2367 1731 2510 1782 esse,
2543 1718 2699 1785 cujus
2723 1716 2941 1771 domum
2975 1717 3221 1783 intraret,
3256 1717 3427 1771 multo
3465 1733 3578 1771 ma-

1966 1805 2086 1875 jora
2135 1807 2185 1862 ei
2234 1801 2690 1878 contulitﬁpsum
2744 1808 3016 1864 admirans
3062 1818 3221 1878 atque
3256 1810 3573 1880 praedicans.

1971 1897 2232 1966 pluraque
2280 1896 2416 1951 dans
2454 1912 2614 1967 quam
2646 1899 2895 1967 petierat.
2946 1897 3106 1953 Venit
3133 1899 3279 1954 enim
3333 1899 3578 1969 corporis

1969 1989 2199 2044 salutem
2234 2004 2399 2059 puero
2438 2004 2708 2060 quaerens,
2739 1999 2793 2044 et
2837 1999 3061 2060 accepto
3099 2005 3267 2062 regno
3304 1991 3574 2046 discessit.

1972 2077 2162 2134 Viden”
2201 2079 2474 2151 quomodo
2498 2079 2609 2150 jam
2664 2080 2943 2149 impletum
2998 2091 3109 2135 erat
3167 2081 3317 2145 illud,
3355 2081 3580 2146 Qum-ite

1969 2188 2179 2242 regnum
2199 2172 2461 2235 caelorum,
2488 2181 2532 2224 et
2554 2171 2662 2226 lucc
2687 2171 2860 2224 omnia
2874 2172 3183 2242 adjicientur
3201 2170 3337 2226 vobis
3361 2170 3576 2243 (Matth.

1972 2263 2024 2318 6.
2054 2265 2185 2334 '55)?
2223 2263 2361 2331 Quia
2387 2263 2530 2319 enim
2560 2263 2782 2317 multam
2821 2262 2980 2318 ﬁdem
3011 2272 3065 2318 et
3101 2264 3456 2318 humilitatem
3484 2279 3579 2318 ex-

1971 2355 2240 2420 hibuerat,
2271 2365 2327 2411 et
2354 2355 2546 2412 caelum
2573 2354 2742 2421 dedit,
2766 2364 2822 2410 et
2845 2356 2999 2426 pueri
3021 2355 3304 2411 sanitatem
3336 2356 3533 2425 adjecit
3559 2373 3572 2408 :

1969 2463 2070 2504 nec
2092 2450 2264 2518 ipsum
2293 2449 2384 2504 illo
2412 2456 2619 2503 tantum
2641 2431 2801 2501 modo
2823 2447 3129 2512 honoravit,
3153 2447 3247 2501 sed
3270 2447 3430 2500 etiam
3457 2463 3579 2499 cum

1969 2542 2204 2596 ostendit
2251 2541 2447 2611 quibus
2491 2541 2679 2610 ejectis
2729 2539 2820 2594 ille
2875 2538 3330 2595 introduceretur.
3401 2539 3578 2607 Atque

1968 2635 2164 2689 exinde
2192 2633 2443 2688 omnibus
2489 2643 2673 2688 notum
2716 2632 2861 2698 facit,
2893 2647 2959 2688 ex
3015 2631 3118 2687 ﬁde
3163 2633 3388 2687 salutem
3435 2646 3576 2695 esse,

1967 2742 2075 2783 non
2107 2742 2171 2779 ex
2201 2726 2264 2781 llS
2293 2741 2411 2796 qua:
2441 2725 2734 2780 secundum
2764 2724 2937 2793 legem
2967 2732 3121 2779 erant
3139 2723 3410 2792 operibus.
3440 2723 3580 2789 Qua-

1968 2830 2186 2894 propter
2215 2819 2546 2878 nonJudazis
2584 2829 2814 2886 tantum,
2857 2824 2952 2875 sed
2979 2821 3138 2874 etiam
3188 2819 3435 2889 gentibus
3479 2819 3580 2872 hoc

1967 2914 2170 2968 donum
2227 2916 2557 2983 propositum
2598 2917 2729 2976 erit:
2779 2910 2886 2966 imo
2918 2908 3001 2964 his
3033 2909 3208 2978 potius
3248 2925 3406 2979 quam
3451 2908 3576 2962 illis.

1967 3005 2045 3062 Ne
2067 3006 2263 3074 putetis
2302 3006 2464 3070 enim,
2513 3005 2703 3074 inquit,
2735 3005 2785 3059 id
2831 3009 2884 3059 in
2913 3001 3228 3055 centurione
3269 3010 3471 3052 tantum
3505 2997 3581 3052 fa-

1969 3105 2111 3151 ctum
2142 3111 2282 3158 esse,
2317 3097 2408 3150 sed
2441 3098 2490 3150 in
2526 3105 2638 3151 toto
2667 3096 2799 3151 orbe
2823 3097 3052 3166 idipsum
3094 3092 3216 3150 erit.
3259 3091 3370 3145 Hoc
3401 3101 3577 3144 autem

1969 3187 2122 3245 dixit.
2170 3202 2265 3256 per
2300 3189 2634 3257 prophetiam
2679 3187 2746 3242 de
2776 3188 3025 3257 gentibus
3066 3189 3313 3258 loquens,
3342 3185 3580 3257 ipsisque

1969 3276 2164 3330 bonam
2220 3292 2368 3345 spem
2410 3277 2664 3331 offerens.
2708 3277 2918 3332 Etenim
2967 3294 3034 3333 ex
3083 3279 3304 3333 Galila‘a
3333 3280 3574 3349 gentium

1969 3377 2125 3422 erant
2146 3369 2232 3436 qui
2261 3368 2622 3437 sequebantur
2659 3384 2802 3423 eum.
2833 3368 2960 3423 Haec
2986 3383 3149 3439 porro
3177 3369 3410 3434 dicebat,
3444 3385 3577 3438 geu-

1973 3463 2054 3509 tes
2086 3472 2214 3515 non,
2236 3457 2420 3512 sineus
2459 3457 2699 3511 animum
2754 3455 3114 3526 deSpondere,
3163 3457 3580 3526 Judteorumque

1973 3546 2166 3600 fastum
2197 3546 2524 3615 deprimens.
2553 3547 2632 3602 Ne
2659 3557 2840 3602 autem
2870 3548 2952 3603 his
2978 3548 3135 3603 dictis
3162 3547 3461 3603 oﬁ‘enderet
3486 3564 3580 3626 au-

1972 3637 2194 3699 ditores,
2230 3653 2366 3692 neve
2399 3639 2736 3694 occasionem
2769 3639 3038 3708 prmberet
3061 3639 3260 3704 ullam;
3291 3656 3394 3694 non
3431 3631 3582 3710 prius

1973 3727 2041 3781 de
2067 3728 2311 3798 gentibus
2340 3727 2612 3797 loquutus,
2646 3729 2740 3784 sed
2787 3732 3070 3784 occasione
3100 3739 3253 3798 capta
3281 3746 3346 3786 ex
3386 3741 3578 3784 centu-

1972 3818 2144 3884 rione,
2177 3834 2243 3872 ne
2270 3834 2464 3872 nomen
2487 3819 2702 3888 quidem
2720 3821 2958 3890 gentium
2985 3831 3172 3890 aperte
3200 3821 3366 3890 ponit.
3393 3819 3580 3889 Neque

1973 3911 2119 3966 enim
2147 3909 2299 3976 dixit,
2325 3911 2468 3965 Multi
2500 3927 2566 3966 ex
2609 3912 2895 3982 gentibus;
2939 3912 3055 3979 sed,
3085 3911 3241 3966 Multi
3289 3929 3352 3966 ea:
3389 3914 3582 3967 oriente

1975 4013 2020 4056 et
2051 4003 2326 4068 occidente,
2359 4003 2501 4070 quod
2541 4015 2733 4074 gentes
2776 4005 2960 4074 utique
3005 4005 3362 4074 signiﬁcabat,
3407 4022 3583 4075 neque

1974 4105 2152 4150 tamen
2181 4095 2492 4150 offendebat
2521 4097 2827 4161 auditores;
2864 4097 3164 4152 involutum
3190 4098 3335 4153 enim
3362 4108 3479 4153 erat
3505 4098 3580 4152 di-

1974 4198 2139 4243 ctum.
2171 4188 2354 4259 Neque
2388 4189 2490 4244 hoc
2531 4199 2735 4244 tantum
2764 4190 2924 4245 modo
2953 4193 3086 4246 lenit
3113 4191 3254 4246 banc
3279 4208 3471 4247 novam
3496 4174 3580 4247 in;

1975 4281 2295 4350 solitamque
2332 4279 2655 4348 doctrinam,
2687 4280 2780 4336 sed
2821 4282 2962 4353 quod
3009 4283 3185 4337 sinum
3215 4283 3446 4338 Abrabm
3487 4301 3584 4354 pro

1977 4388 2144 4443 regno
2175 4373 2437 4443 posuerit.
2471 4373 2655 4442 Neque
2683 4374 2826 4429 enim
2867 4373 2971 4429 hoc
2998 4375 3128 4443 ipsis
3157 4384 3342 4429 notum
3383 4391 3581 4431 nomen

1977 4477 2094 4520 erat
2126 4483 2139 4520 :
2171 4467 2446 4538 magisque
2481 4467 2602 4521 ille
2633 4467 2917 4522 mordebat
2947 4467 3217 4522 Abraham
3249 4468 3302 4522 in
3346 4469 3581 4523 medium

1978 4557 2258 4611 adductus.
2310 4557 2650 4626 Quapropter
2687 4557 2920 4612 Joannes
2966 4557 3099 4612 nihil
3138 4559 3319 4613 statim
3375 4559 3442 4613 de
3487 4574 3583 4629 ge-

1981 4649 2156 4704 bcnna
2200 4648 2372 4714 dixit;
2401 4647 2495 4702 sed
2544 4648 2684 4718 quod
2718 4650 2883 4719 magis
2929 4649 3048 4704 illos
3090 4650 3358 4720 pungebat
3383 4651 3582 4716 attulit,

1983 4741 2162 4796 Nolite
2183 4743 2364 4803 dicere,
2405 4739 2610 4796 Patrem
2633 4742 2874 4796 habemus
2895 4743 3150 4796 Abraham
3183 4742 3395 4814 (Matth.
3421 4743 3472 4796 5.
3505 4744 3581 4812 9).

1981 4835 2127 4890 Cum
2145 4835 2229 4889 his
2255 4832 2400 4888 aliud
2427 4835 2587 4888 etiam
2622 4834 2886 4904 providet,
2917 4851 2984 4888 ne
3010 4834 3256 4890 videatur
3297 4836 3462 4890 veteri
3505 4837 3585 4889 vi-

1982 4927 2140 4982 vendi
2168 4925 2412 4981 instituto
2437 4926 2739 4980 contrarius
2767 4941 2910 4981 esse.
2944 4925 3078 4981 Nam
3121 4927 3211 4996 qui
3256 4925 3590 4996 patriarchas

1983 5018 2304 5083 admiratur,
2332 5031 2626 5086 eorumque
2665 5019 2813 5072 sinus
2842 5026 3045 5072 sortem
3096 5018 3360 5073 bonorum
3401 5006 3588 5086 appel-

1985 5108 2080 5173 lat,
2130 5111 2267 5162 hanc
2309 5108 2668 5178 suspicionem
2713 5109 2937 5162 omnino
3009 5116 3064 5163 et
3122 5107 3378 5162 radicitus
3431 5110 3584 5162 tollit.

1985 5197 2152 5254 Nemo
2180 5199 2365 5268 itaque
2402 5214 2560 5253 unam
2606 5213 2726 5253 esse
2759 5207 2906 5268 putet
2945 5200 3420 5255 comminationem
3449 5217 3461 5252 :
3493 5200 3585 5254 du-

1986 5294 2107 5363 plex
2135 5293 2332 5362 quippe
2364 5301 2448 5347 est
2493 5291 2602 5346 illis
2619 5289 3189 5362 supplicium,duplex
3235 5292 3316 5346 his
3360 5292 3540 5348 laetitia
3570 5311 3583 5347 :

1989 5384 2095 5439 illis
2121 5384 2355 5453 quidem,
2400 5399 2506 5438 non
2547 5383 2689 5452 quod
2725 5383 3025 5438 exciderint
3057 5394 3286 5449 tantum,
3315 5385 3407 5439 sed
3448 5385 3595 5455 quod

1989 5490 2055 5530 ex
2087 5477 2318 5545 propriis
2347 5476 2670 5538 exciderint;
2703 5474 2784 5528 bis
2815 5489 2944 5530 vero
2975 5491 3082 5547 non
3109 5476 3251 5546 quod
3279 5487 3477 5546 sortem
3509 5493 3593 5532 ae-

1990 5569 2255 5635 ceperint,
2301 5567 2394 5620 sed
2425 5567 2564 5636 quod
2596 5581 2756 5636 quam
2798 5583 2902 5620 non
2949 5568 3333 5636 exspectabant
3370 5561 3594 5638 accepe-

1993 5660 2100 5713 rint
2133 5676 2146 5711 :
2182 5658 2263 5712 his
2287 5659 2440 5713 tertia
2461 5657 2731 5726 adjicitur,
2763 5659 2903 5728 quod
2930 5655 2983 5711 bi
3012 5672 3074 5713 ea
3102 5673 3222 5727 qua:
3254 5658 3317 5713 ad
3343 5659 3462 5713 illos
3487 5675 3595 5728 per-

1995 5750 2238 5805 tinebant
2270 5749 2594 5818 acceperint.
2640 5748 2806 5802 Filios
2848 5757 3028 5804 autem
3072 5750 3220 5820 regni
3268 5761 3425 5805 vocat
3457 5750 3593 5814 ittos,

2001 5841 2194 5913 quibus
2211 5855 2435 5914 regnum
2467 5849 2707 5912 paratum
2739 5848 2891 5907 erat;
2922 5839 3063 5912 quod
3096 5843 3328 5899 maxime
3351 5841 3470 5898 illos
3493 5839 3596 5895 (lo-
