4066 6462
450 388 555 448 339

452 504 566 561 lore
591 502 873 558 afﬁciebat.
904 499 1188 571 Postquam
1221 501 1450 556 ostendit
1471 500 1611 554 enim
1637 499 1754 552 illos
1797 511 1861 551 ex
1907 511 2029 565 pro-

452 596 708 651 missione
736 594 784 647 in
807 593 928 648 sinu
967 592 1196 648 Abrahae
1226 607 1362 655 esse,
1405 591 1529 646 hinc
1567 591 1687 642 illos
1713 588 1892 641 statim
1934 601 2030 641 ex-

449 685 636 739 cludit.
675 684 895 750 Deinde,
935 685 1056 752 quia
1106 682 1206 736 hoc
1254 683 1451 736 dictum
1477 682 1579 735 lata
1605 679 1866 734 sententia
1895 687 2029 743 erat,

451 777 502 832 id
530 779 680 847 signo
703 777 1002 842 conﬁrmat,
1038 773 1480 846 quemadmodum
1511 783 1564 828 et
1610 774 1757 842 signa
1798 787 1865 825 ex
1896 784 2031 847 prte-

453 844 690 923 dictione
716 883 892 923 rerum
917 882 1034 938 quae
1054 877 1234 936 postea
1261 872 1551 918 evenerunt
1580 873 1909 916 asseruntur.
1953 844 1960 860 ’

525 979 579 1032 εἰ.
627 979 726 1046 Qui
774 979 929 1049 igitttr
989 992 1094 1030 non
1142 978 1306 1031 credit
1356 985 1481 1030 tunc
1528 986 1770 1031 sanatum
1812 985 2030 1042 puerum

452 1069 637 1133 fuisse,
669 1070 713 1122 is
739 1071 819 1122 vel
849 1084 912 1122 ex
943 1066 1238 1135 prophetia,
1272 1082 1390 1135 qure
1409 1067 1518 1134 jam
1553 1065 1765 1133 impleta
1799 1064 1910 1124 fuit,
1945 1063 2029 1115 iu-

450 1160 676 1214 ducatur
704 1167 759 1211 ut
783 1157 985 1212 credat.
1034 1157 1164 1211 Nam
1194 1157 1474 1225 prephetia
1507 1165 1630 1210 ante
1671 1165 1917 1208 eventum
1965 1167 2030 1205 ex

449 1253 603 1321 signo
628 1261 752 1306 tunc
781 1248 916 1305 facto
941 1260 1063 1304 nota
1092 1249 1338 1304 omnibus
1365 1249 1477 1302 fuit.
1515 1248 1742 1316 Ideoque
1763 1262 1882 1300 cum
1919 1244 2034 1297 haec

448 1353 576 1394 ante
604 1341 940 1410 prtedixisset
972 1383 986 1406 ,
1016 1351 1140 1394 tunc
1167 1341 1516 1410 paralytieum
1548 1339 1742 1401 erexit,
1774 1346 1828 1389 ut
1861 1336 2032 1387 futura

453 1446 514 1484 ex
545 1431 897 1501 pmsentibus
926 1440 1294 1484 asserereutur
1321 1471 1334 1493 ,
1366 1440 1412 1482 et
1447 1443 1474 1481 a
1509 1428 1693 1496 majori
1727 1429 1900 1479 minus
1941 1426 2034 1477 lir-

451 1532 704 1576 maretur.
739 1521 868 1574 Nam
899 1518 1040 1589 quod
1074 1520 1268 1574 virtute
1319 1519 1520 1588 pravditi
1555 1518 1706 1570 bonis
1755 1517 1993 1568 fruantur
2016 1553 2032 1577 ,

455 1611 640 1680 hisque
680 1610 906 1680 oppositi
954 1624 1136 1678 paanas
1171 1609 1359 1673 luant,
1412 1609 1459 1661 id
1506 1624 1533 1661 a
1575 1604 2037 1662 verisimilitudine

452 1719 558 1756 non
587 1702 877 1756 abhorret:
912 1701 1017 1755 imo
1046 1710 1098 1755 et
1129 1702 1317 1754 rationi
1349 1708 1401 1753 et
1429 1700 1601 1767 legum
1644 1698 1877 1766 atqnitati
1910 1711 2039 1749 con-

453 1803 762 1846 seutaneum
791 1803 899 1852 est;
934 1791 1279 1861 paralyticum
1303 1799 1478 1843 autem
1507 1788 1718 1841 ﬁrmare
1749 1795 1801 1840 ct
1827 1801 2032 1852 curare,

453 1883 624 1949 majus
644 1897 800 1951 quam
832 1891 1012 1934 natura
1045 1883 1202 1935 terret
1227 1888 1363 1934 erat.
1395 1880 1640 1932 Attamen
1667 1877 1730 1931 ad
1761 1893 1873 1932 rem
1894 1878 2034 1930 illaut

453 1988 695 2043 magnam
737 1981 894 2042 atque
932 1972 1226 2025 mirabilem
1262 1985 1365 2024 non
1411 1985 1596 2039 parum
1646 1968 1869 2022 contulit
1907 1983 2034 2021 cen-

456 2067 629 2128 turio;
678 2063 725 2116 id
773 2063 911 2130 quod
955 2063 1115 2115 etiam
1165 2061 1411 2114 Christus
1451 2060 1729 2114 declarans
1775 2058 1983 2112 dicebat
2021 2074 2033 2109 :

467 2155 603 2210 Vade
631 2196 644 2218 ,
690 2165 738 2208 et
779 2155 904 2208 sicut
953 2153 1210 2207 credidisti
1255 2154 1344 2218 ﬁat
1375 2151 1738 2205 tibi.Vidistin‘
1769 2148 2038 2217 quomodo

457 2248 696 2301 restituta
723 2262 885 2314 puero
912 2247 1112 2299 sanitas
1159 2256 1212 2298 et
1235 2244 1432 2298 Christi
1467 2245 1749 2312 potentiam
1779 2251 1830 2296 et
1856 2251 2041 2296 centu-

454 2338 623 2390 riunis
653 2335 807 2390 ﬁdem
839 2335 1221 2402 prmdicaverit,
1251 2344 1305 2389 et
1333 2333 1471 2402 quod
1504 2333 1739 2387 futurum
1766 2341 1882 2387 erat
1910 2347 2040 2386 con-

455 2427 771 2482 ﬁrmaverit.
822 2427 930 2482 luto
960 2443 1084 2482 vero
1125 2427 1300 2481 omnia
1343 2424 1538 2480 Christi
1574 2426 1862 2494 potentiam
1906 2440 2040 2494 prce-

451 2517 724 2570 dieabaut.
755 2516 868 2569 Non
900 2517 1041 2570 enim
1070 2531 1264 2585 corpus
1292 2527 1492 2568 tantum
1526 2517 1674 2584 pueri
1714 2515 2041 2580 sanavit,sed

452 2607 614 2660 etiam
640 2605 968 2660 centurionis
1004 2607 1234 2659 animam
1269 2606 1318 2658 in
1353 2606 1508 2660 ﬁdem
1540 2622 1632 2674 per
1665 2606 1916 2660 miracula
1958 2615 2043 2659 at-

455 2699 638 2751 traxit.
671 2697 748 2751 Tu
779 2713 907 2752 vero
953 2713 1020 2751 ne
1061 2697 1111 2751 id
1153 2706 1354 2751 tantum
1396 2700 1733 2767 perpendas,
1783 2699 1924 2768 quod
1958 2699 2044 2753 hic

451 2786 766 2852 crediderit,
809 2787 896 2841 ille
923 2794 1138 2842 sanatus
1165 2788 1252 2851 sit,
1284 2789 1376 2841 sed
1406 2789 1479 2843 rei
1508 2789 1835 2844 celeritatem
1880 2790 2043 2843 mira-

457 2893 555 2941 re;
603 2893 721 2930 nam
765 2877 868 2932 hoc
913 2879 1236 2949 evangelista
1286 2879 1613 2935 declaravit:
1644 2880 1711 2934 Et
1739 2894 1948 2936 sanatus
1973 2893 2043 2935 est

463 2985 589 3034 puer
615 2971 665 3021 in
711 2970 802 3022 illa
852 2969 975 3022 hora
1005 2986 1022 3023 :
1052 2971 1191 3040 quod
1223 2971 1382 3024 etiam
1427 2971 1494 3026 de
1538 2972 1750 3040 leproso
1791 2975 1998 3028 dicebat
2026 3015 2040 3041 ,

463 3057 737 3124 Confestim
768 3062 1037 3113 mundatus
1081 3070 1173 3114 est.
1225 3060 1337 3114 Non
1384 3062 1524 3114 enim
1556 3063 1790 3118 curando
1829 3063 1999 3118 solum
2029 3103 2045 3130 ,

462 3148 556 3202 sed
584 3149 742 3203 etiam
789 3150 836 3203 id
868 3151 1230 3218 inexspectato
1277 3154 1434 3204 modo
1477 3162 1529 3206 et
1578 3155 1628 3207 in
1671 3165 1944 3210 momento
1974 3157 2048 3209 fa-

463 3237 673 3302 ciendo,
706 3239 994 3307 potentiam
1023 3239 1358 3294 ostendebat.
1393 3241 1572 3311 Neque
1602 3244 1702 3299 hoc
1734 3243 1893 3299 modo
1925 3254 2045 3298 tan-

465 3335 573 3380 tum
599 3328 750 3396 juvat
790 3329 1037 3398 utilisque
1068 3339 1188 3393 est,
1235 3331 1326 3384 sed
1371 3332 1510 3400 quod
1539 3334 1696 3386 etiam
1742 3334 2048 3403 frequenter

463 3417 586 3474 dum
621 3417 870 3474 miracula
915 3427 1085 3485 patrat
1105 3462 1118 3480 ,
1147 3419 1212 3473 de
1241 3436 1403 3488 regno
1429 3436 1732 3476 sermonem
1765 3425 1967 3491 aperiat
1996 3434 2051 3481 et

465 3526 652 3564 otnnes
687 3511 751 3564 ad
783 3508 906 3565 illud
939 3510 1188 3565 attrahat.
1223 3510 1428 3566 Etenim
1457 3527 1575 3566 cum
1604 3529 1663 3569 se
1700 3513 1914 3569 Judwos
1942 3516 2050 3585 eje-

467 3610 672 3654 cturum
699 3602 1016 3666 minabatur,
1050 3620 1155 3657 non
1181 3613 1235 3658 ut
1264 3605 1480 3673 ejiceret
1511 3605 1841 3669 minabatur;
1871 3607 1962 3660 sed
1998 3617 2052 3661 ut

468 3702 612 3746 metu
661 3695 776 3747 illos
824 3695 874 3746 in
929 3710 1148 3763 regnum
1204 3711 1300 3765 per
1351 3697 1508 3750 verba
1556 3712 1648 3750 sua
1697 3697 2048 3768 pertraheret.

469 3785 619 3851 Quod
646 3787 687 3839 si
719 3786 844 3839 nihil
877 3787 998 3841 hinc
1031 3788 1160 3841 lucri
1190 3787 1468 3855 fecerunt,
1502 3789 1553 3842 id
1586 3791 1818 3858 ipsorum
1847 3793 2048 3846 crimen

468 3885 581 3937 est.
629 3877 971 3944 omniumque
1015 3877 1103 3944 qui
1159 3878 1273 3945 pari
1321 3877 1507 3934 morbo
1558 3878 1884 3934 laborarunt.
1935 3881 2049 3935 Non

471 3969 611 4021 enim
637 3967 832 4021 Judacis
851 3968 1018 4021 solum
1045 3967 1094 4021 id
1118 3969 1329 4035 accidit,
1358 3971 1449 4025 sed
1479 3970 1659 4025 multis
1681 3973 1838 4026 etiam
1866 3988 2048 4027 eorum

472 4060 559 4128 qui
599 4059 959 4113 crediderunt.
1006 4057 1136 4114 Nam
1168 4058 1330 4114 Judas
1377 4061 1517 4117 ﬁlius
1545 4064 1695 4133 regni
1725 4073 1841 4118 erat
1868 4072 1923 4117 et
1958 4079 2054 4118 au-

473 4150 601 4202 divit
648 4165 765 4203 cum
799 4150 1092 4218 discipulis,
1125 4150 1374 4206 Sedcbitis
1418 4170 1570 4222 super
1610 4156 1751 4209 sedes
1789 4155 2052 4210 duodecim

473 4239 705 4308 (Matth.
757 4240 843 4294 19.
901 4241 1027 4312 28);
1081 4242 1173 4296 sed
1220 4241 1385 4296 factus
1428 4255 1508 4298 est
1561 4247 1817 4314 gehennae
1874 4248 2050 4312 ﬁlius;

473 4331 725 4402 Ethiops
753 4341 928 4386 autem
961 4334 1066 4393 ille,
1097 4333 1353 4386 barbarus
1378 4348 1499 4388 cum
1533 4344 1708 4399 esset,
1740 4351 1804 4388 ex
1835 4351 2055 4390 numero

474 4436 657 4475 eorum
705 4423 792 4490 qui
830 4422 897 4473 ab
946 4423 1149 4475 oriente
1178 4429 1233 4476 et
1262 4423 1541 4478 occidente
1589 4435 1884 4487 venerunt,
1933 4441 2052 4479 cum

477 4510 779 4575 Abraham,
822 4509 968 4564 lsaac
1019 4518 1074 4563 et
1116 4510 1281 4566 Jacob
1327 4526 1527 4565 corona
1571 4513 1873 4567 donabitur.
1907 4513 1959 4567 ld
2003 4524 2057 4569 et

477 4617 616 4655 nunc
644 4603 831 4671 agitur.
867 4600 1018 4654 Multi
1038 4601 1201 4667 enim,
1232 4603 1420 4672 inquit,
1454 4613 1599 4657 erunt
1626 4605 1775 4673 primi
1800 4606 2056 4659 novissimi

476 4701 521 4743 et
544 4692 797 4745 novissimi
842 4691 990 4761 primi
1019 4690 1180 4762 (Ibid.
1213 4708 1260 4744 υ.
1294 4693 1402 4762 50).
1453 4693 1562 4746 lloc
1607 4705 1782 4748 autem
1821 4695 2052 4762 dicebat,

478 4797 534 4838 ut
565 4799 734 4852 neque
763 4783 814 4837 hi
861 4784 1128 4852 negligant
1154 4823 1168 4846 ,
1199 4797 1262 4838 ac
1291 4783 1336 4837 si
1365 4799 1468 4837 non
1498 4784 1698 4851 possint
1727 4788 1923 4850 redire,
1964 4803 2058 4841 ne-

477 4891 578 4944 que
607 4874 680 4927 illi
708 4874 859 4943 quasi
902 4882 1106 4927 stantes
1134 4872 1424 4928 conﬁdant.
1474 4873 1585 4930 lloc
1627 4884 1679 4930 et
1717 4875 1947 4932 Joannes
1987 4877 2055 4931 ab

478 4963 699 5018 exordio
739 4963 1124 5032 praemuni-abst
1147 4962 1368 5017 dicens:
1411 4963 1588 5018 Potest
1626 4964 1756 5021 Deus
1782 4983 1843 5021 ea:
1869 4967 2056 5036 lapidi-

479 5056 570 5108 bus
614 5054 691 5107 Itis
733 5055 975 5107 suscitare
1017 5053 1149 5122 ﬁlios
1200 5055 1416 5110 Abraha:
1468 5055 1644 5125 (Ibid.
1696 5058 1748 5110 5.
1781 5057 1875 5129 9).
1920 5061 2052 5126 Quia

481 5144 623 5198 enim
653 5144 755 5198 hoc
775 5153 1088 5224 eventurum
1116 5154 1250 5209 erat,
1282 5145 1370 5201 diu
1402 5156 1526 5202 ante
1557 5152 1963 5217 prtenuntiatur,
1998 5161 2056 5207 ut

481 5250 639 5289 nemo
668 5235 734 5289 de
754 5236 829 5288 rei
856 5235 1134 5288 insolentia
1166 5237 1484 5293 turbaretur.
1513 5238 1703 5292 Verum
1734 5240 1840 5304 ille,
1871 5250 2053 5312 utpote

483 5327 662 5391 homo,
711 5325 1001 5396 secundum
1043 5336 1256 5393 catulum
1338 5341 1497 5382 suum
1588 5329 1702 5383 haec
1787 5333 2052 5405 dicebat;

476 5409 732 5465 Christus
763 5416 964 5471 autem,
1007 5422 1117 5461 rem
1151 5417 1205 5460 ut
1245 5407 1548 5462 certissime
1591 5406 1828 5460 futuram
1868 5412 2048 5478 operi.

478 5515 581 5556 nus
602 5509 656 5557 et
683 5500 945 5568 exemplis
984 5497 1325 5555 conﬁrmavit
1349 5498 1448 5568 (α).

553 5660 625 5722 (a)
649 5659 822 5725 Graece
859 5661 1085 5713 ediderat
1109 5661 1276 5711 Montl'.
1309 5678 1320 5710 :
1357 5663 1484 5712 Ἀλλ’
1511 5663 1686 5720 ἐκεῖνος
1733 5663 1818 5725 μὴν
1841 5663 1907 5718 ὡς
1929 5662 2056 5711 ἐνδε-

1192 385 1244 443 8.
1282 385 1557 442 JOANNIS
1595 381 2063 441 CIIRYSOSTOMI
2103 381 2414 438 ARCHIEP.
2455 385 2989 442 CONSTANTINOP.

3620 395 3727 451 5‘0

2214 501 2561 567 Prtesumptio
2578 503 2817 556 vitanda.
2840 505 3033 558 Contra
3053 507 3542 566 Manicheam—Ne
3563 511 3730 582 igitur

2143 593 2394 662 ﬁdamus,
2419 599 2520 653 etsi
2559 609 2785 662 stemus,
2823 602 2917 655 sed
2947 602 3104 655 nobis
3137 602 3268 671 ipsis
3300 601 3547 657 dicamus
3576 622 3588 654 :
3625 602 3728 667 Qui

2142 687 2346 741 videtur
2356 698 2514 754 stare,
2535 691 2708 743 videat
2725 707 2786 744 ne
2801 693 2958 745 cadat
2975 694 3018 763 (l
3034 733 3047 745 .
3065 692 3184 749 Cor.
3208 693 3290 748 10.
3316 692 3425 762 19).
3442 693 3521 747 Ne
3538 695 3731 765 despe-

2142 791 2347 842 remus,
2377 777 2468 847 qui
2502 781 2758 847 prostrati
2791 781 3069 850 iacemus,
3103 784 3199 837 sed
3228 783 3473 838 dicamus
3503 804 3515 838 :
3551 784 3730 838 Num-

2144 867 2267 935 quid
2289 869 2376 936 qui
2403 870 2559 930 radit,
2595 885 2696 922 non
2727 873 2989 939 resurget?
3015 870 3140 939 (Jer.
3161 873 3300 943 8.4).
3334 874 3543 929 Etenim
3569 876 3727 930 multi

2140 951 2229 1019 qui
2259 952 2326 1006 ad
2353 953 2524 1020 ipsum
2552 953 2666 1006 caeli
2699 955 2953 1007 verticem
2981 952 3341 1008 ascenderant
3367 995 3382 1020 ,
3413 954 3502 1024 qui
3528 955 3738 1023 patien-

2141 1045 2268 1097 tiam
2299 1059 2542 1114 magnam
2572 1044 2926 1099 exhibuerant
2949 1088 2962 1110 ,
2995 1045 3267 1100 desertum
3297 1054 3696 1117 occupaverant
3718 1087 3733 1110 ,

2140 1135 2417 1189 mulierem
2451 1149 2517 1188 ne
2560 1138 2609 1188 in
2638 1137 2842 1191 somnis
2882 1137 3097 1206 quidem
3128 1137 3408 1204 viderant,
3455 1155 3521 1194 ex
3570 1151 3734 1208 parva

2141 1225 2462 1294 negligentia
2503 1226 2824 1295 supplantati
2873 1237 3014 1292 sunt,
3062 1238 3114 1281 et
3152 1227 3204 1280 in
3247 1219 3418 1297 ipsum
3470 1229 3730 1298 nequitia:

2142 1318 2460 1391 barathrum
2481 1318 2703 1386 dejecti;
2752 1320 2840 1373 alii
2875 1329 3058 1374 centra
3087 1337 3153 1375 ex
3180 1321 3368 1376 eodem
3398 1323 3652 1377 barathro
3683 1324 3736 1378 in

2142 1409 2329 1463 caelum
2375 1410 2773 1472 ascenderunt,
2800 1421 2960 1481 atque
3003 1428 3032 1466 a
3073 1427 3232 1467 scena
3261 1421 3313 1467 et
3347 1414 3627 1470 orchestra
3669 1414 3736 1470 ad

2142 1502 2433 1571 angelicam
2465 1504 2627 1556 vitam
2673 1505 2916 1558 conversi
2957 1513 3109 1569 sunt;
3145 1513 3452 1576 tantamque
3479 1506 3736 1563 virtutem

2139 1592 2500 1648 exhibuerunt
2523 1635 2536 1650 .
2572 1603 2628 1648 ut
2665 1594 2942 1649 daemonas
2982 1595 3277 1664 pellerent,
3310 1597 3588 1667 multaque
3633 1596 3736 1652 alia

2141 1683 2333 1736 similia
2366 1686 2514 1754 signa
2542 1683 2787 1739 ederent.
2820 1684 2914 1739 llis
2939 1686 3198 1754 exemplis
3228 1686 3398 1755 plenae
3429 1697 3554 1741 sunt
3584 1686 3736 1742 Seri-

2141 1783 2333 1842 pturae,
2363 1775 2520 1844 plena
2552 1775 2827 1830 hominum
2857 1776 2984 1829 vita.
3017 1775 3134 1830 Jam
3163 1774 3433 1832 fornicarii
3462 1787 3510 1830 et
3544 1777 3739 1832 molles

2142 1865 2553 1922 Manichzeorum
2596 1884 2686 1922 ora
2719 1871 3100 1938 comprimunt,
3143 1869 3233 1939 qui
3264 1869 3447 1923 dicunt
3475 1869 3739 1924 malitiam

2143 1973 2264 2012 esse
2293 1959 2566 2013 immotam
2599 2001 2612 2024 ,
2662 1959 2858 2015 diaboli
2900 1975 3014 2015 rem
3041 1970 3294 2031 agentes,
3344 1971 3398 2016 et
3426 1977 3613 2015 eorum
3647 1964 3740 2030 qui

2141 2051 2326 2104 virtuti
2356 2066 2573 2118 operam
2606 2052 2733 2106 dare
2761 2053 2959 2106 vellent
2986 2068 3175 2108 manus
3214 2053 3571 2108 dissolventes
3599 2095 3613 2116 ,
3662 2055 3742 2107 vi-

2148 2153 2359 2213 tamque
2385 2159 2596 2198 omnem
2627 2154 2948 2199 everteutes.
2977 2144 3108 2198 Nam
3140 2145 3227 2213 qui
3258 2144 3371 2199 haec
3407 2143 3743 2212 persuadere

2146 2247 2407 2290 conantur
2429 2278 2441 2300 ,
2475 2252 2579 2290 non
2623 2239 2795 2291 futura
2829 2246 3029 2290 tantum
3056 2238 3432 2307 pessumdant;
3466 2237 3560 2291 sed
3595 2253 3744 2303 prses

2143 2329 2315 2382 sentia
2342 2344 2552 2400 quoque
2576 2345 2672 2398 pro
2694 2329 2829 2383 virili
2859 2344 2952 2384 sus
2988 2329 3160 2398 deque
3191 2338 3427 2384 vertunt.
3457 2329 3744 2396 Quomodo

2145 2418 2288 2474 enim
2334 2420 2385 2473 in
2431 2419 2667 2489 nequitia
2713 2419 2899 2474 vivens
2945 2420 3248 2488 quispiam,
3291 2420 3472 2474 virtuti
3516 2435 3741 2490 operam

2147 2510 2277 2566 dare
2321 2513 2566 2577 studeat,
2613 2511 2656 2564 si
2701 2525 2760 2565 se
2801 2511 2867 2565 ad
2916 2511 3060 2565 illam
3106 2521 3379 2566 revertere
3426 2526 3532 2566 non
3581 2526 3744 2581 posse

2151 2611 2315 2670 putet,
2347 2603 2390 2655 si
2423 2617 2529 2654 non
2555 2600 2738 2656 credat
2767 2615 2825 2654 se
2866 2601 2916 2655 in
2947 2601 3138 2654 melius
3163 2615 3317 2669 posse
3343 2601 3580 2654 mutari?
3607 2602 3743 2656 Nam

2149 2693 2192 2746 si
2221 2708 2380 2754 nunc,
2414 2692 2679 2746 stantibus
2708 2692 2934 2761 legibus,
2969 2693 3182 2747 indictis
3211 2693 3506 2762 suppliciis,
3541 2709 3744 2764 propo-

2149 2786 2245 2838 sita
2275 2785 2439 2854 gloria
2465 2825 2478 2847 ,
2524 2799 2642 2852 qure
2673 2783 2869 2838 multos
2901 2787 3134 2838 excitare
3179 2785 3386 2853 possit;
3409 2801 3531 2839 cum
3561 2795 3616 2841 et
3645 2800 3744 2856 ge-

2150 2876 2325 2931 henna
2357 2885 2717 2945 exSpectetur,
2751 2885 2805 2931 et
2830 2891 3050 2945 regnum
3082 2877 3423 2946 promittatur
3446 2917 3460 2942 ,
3489 2891 3614 2932 cum
3644 2878 3750 2932 im-

2151 2969 2301 3038 probi
2332 2967 2614 3032 dedecore,
2669 2967 2791 3022 boni
2831 2968 3075 3029 laudibus
3118 2968 3441 3031 afﬁciantur,
3492 2970 3581 3023 vix
3625 2969 3750 3040 qui-

2153 3061 2295 3130 piam
2328 3060 2492 3114 velint
2519 3060 2730 3113 virtutis
2755 3061 2980 3115 sudores
3000 3060 3147 3116 adire
3172 3078 3188 3116 :
3216 3061 3298 3115 his
3336 3062 3585 3130 sublatis,
3615 3063 3749 3134 quid

2155 3150 2406 3220 impediet
2431 3152 2715 3222 quominus
2741 3153 2918 3206 omnia
2951 3167 3167 3222 pessum
3189 3153 3352 3207 eant?

2224 3244 2273 3295 6.
2320 3241 2446 3296 Cum
2476 3243 2665 3310 ﬁducia
2713 3252 2759 3296 et
2789 3244 2969 3298 timore
3010 3261 3100 3314 per
3127 3257 3396 3316 angustam
3439 3247 3572 3300 viam
3603 3249 3748 3303 incc-

2152 3333 2658 3402 dendum.Ea:cmplo
2683 3332 2890 3388 Davidis
2917 3335 3255 3406 vigilantiam,
3284 3336 3527 3402 ﬁduciam
3558 3348 3606 3391 et
3636 3355 3750 3407 pae-

2153 3427 2415 3480 nitentiam
2440 3425 3033 3482 docemur.—Videntes
3063 3431 3243 3496 itaque
3271 3426 3513 3482 fraudem
3556 3430 3752 3500 nequi-

2155 3519 2389 3587 tiamque
2427 3518 2743 3572 diabolicam
2769 3559 2785 3582 ,
2829 3519 3081 3587 ipsosque
3121 3533 3330 3573 necnon
3375 3535 3469 3575 eos
3513 3523 3604 3590 qui
3653 3521 3750 3578 fati

2157 3610 2301 3677 leges
2332 3616 2567 3664 statuere
2595 3617 2860 3678 satagunt,
2893 3607 3117 3662 adversa
3147 3610 3366 3674 sentire,
3397 3621 3450 3664 et
3476 3614 3749 3667 contraria

2157 3697 2551 3766 legislatoribus
2572 3706 2938 3764 externorum,
2962 3707 3016 3751 et
3037 3698 3127 3752 Dei
3151 3699 3166 3730 ⁸
3185 3700 3438 3764 oraculis,
3462 3711 3517 3755 et
3539 3712 3751 3758 natura

2156 3789 2474 3851 ratiociniis,
2517 3798 2571 3840 et
2598 3788 2866 3842 communi
2903 3789 3136 3842 omnium
3169 3790 3404 3858 opinioni
3431 3833 3444 3856 ,
3481 3791 3749 3859 barbaris,

2154 3889 2208 3935 et
2237 3879 2468 3950 Scythis,
2499 3889 2549 3931 et
2578 3878 2894 3942 Thracibus,
2921 3878 3246 3950 demumque
3272 3882 3483 3936 caneris
3509 3883 3750 3938 homini-

2157 3978 2276 4041 bus,
2306 3977 2605 4044 vigilemus,
2636 3974 2814 4028 dilecti
2848 4015 2861 4039 ,
2908 3982 3068 4043 atque
3101 3975 3202 4028 illis
3245 3977 3495 4030 omnibus
3521 3978 3639 4033 vale
3660 3978 3748 4032 di-

2155 4079 2370 4134 centes,
2417 4068 2722 4122 incedamus
2765 4081 2861 4136 per
2889 4074 3166 4135 angustam
3214 4068 3353 4123 viam
3394 4084 3513 4122 eum
3556 4069 3753 4126 ﬁducia

2156 4170 2209 4216 et
2240 4161 2460 4222 timore;
2491 4174 2613 4214 cum
2661 4161 2849 4213 timore
2875 4159 3108 4227 quidem,
3142 4160 3212 4213 ob
3250 4161 3538 4229 przrcipitia
3571 4165 3754 4217 utriuo

2159 4269 2261 4320 que
2289 4254 2494 4320 posita;
2524 4267 2644 4304 cum
2676 4250 2862 4304 ﬁducia
2891 4267 3018 4304 vero
3041 4292 3056 4317 ,
3088 4254 3156 4306 ob
3180 4252 3371 4308 ducem
3403 4255 3501 4308 vite
3537 4255 3751 4310 Jesum.

2161 4341 2266 4396 lter
2294 4357 2513 4413 agamus
2556 4343 2718 4396 sobrii
2749 4357 2811 4398 ac
2850 4343 3054 4412 vigiles.
3094 4344 3226 4398 Nam
3257 4345 3301 4399 si
3345 4345 3429 4398 vel
3475 4348 3752 4413 paululum

2160 4435 2276 4503 quis
2304 4435 2590 4500 dormitet,
2647 4434 2822 4489 statim
2851 4449 2909 4488 se
2943 4437 3263 4504 prmcipitcm
3306 4436 3414 4491 dat.
3444 4438 3561 4492 Non
3604 4440 3752 4493 enim

2159 4540 2342 4580 sumus
2375 4524 2719 4594 perfecﬁores
2753 4524 2969 4590 Davide,
3011 4526 3101 4592 qui
3128 4543 3191 4580 ex
3219 4542 3378 4594 parva
3424 4530 3749 4600 negligentia

2162 4617 2213 4669 in
2247 4617 2444 4684 peceati
2474 4616 2783 4670 barathrum
2817 4616 2919 4669 ruit
2948 4659 2961 4681 ,
3005 4617 3099 4670 sed
3132 4619 3309 4672 statim
3362 4623 3617 4676 surrexit.
3665 4621 3751 4679 Ne

2160 4721 2286 4774 ergo
2312 4714 2618 4774 peccantem
2645 4706 2817 4760 solum
2849 4707 3123 4774 respicias,
3153 4707 3245 4761 sed
3275 4709 3434 4762 etiam
3468 4718 3748 4779 peccatum

2159 4796 2483 4852 abluentem.
2510 4797 2626 4852 Non
2666 4799 2807 4852 enim
2843 4797 2963 4853 ideo
2990 4807 3191 4852 tantum
3220 4801 3336 4856 hare
3363 4802 3583 4857 historia
3606 4805 3750 4858 scri-

2160 4896 2248 4955 pta
2276 4897 2357 4941 est
2381 4928 2394 4951 ,
2431 4898 2486 4941 ut
2510 4887 2715 4958 lapsum
2749 4889 3021 4956 respicias,
3053 4889 3144 4944 sed
3175 4900 3230 4945 ut
3259 4904 3565 4963 surgentem
3592 4897 3755 4954 mire-

2160 4977 2235 5031 ris
2277 4994 2292 5029 :
2354 4985 2411 5030 ut
2451 4976 2626 5032 discas
2685 4984 2805 5047 post
2848 4977 3093 5045 lapsum,
3141 4984 3412 5049 quomodo
3461 5000 3746 5056 resurgere

2158 5078 2419 5139 Oporteat.
2473 5071 2929 5138 Quemadmodum
2972 5074 3112 5127 enim
3161 5076 3356 5130 medici
3399 5079 3747 5146 gravissimos

2159 5161 2376 5216 morbos
2421 5163 2472 5216 in
2519 5162 2712 5218 libellis
2757 5162 3106 5232 describunt,
3166 5174 3329 5235 atque
3371 5168 3446 5222 ita
3491 5171 3747 5227 medendi

2225 5276 2241 5306 ί
2278 5273 2391 5333 Alii,
2415 5272 2608 5324 Christi.

2150 5355 2330 5429 esb‘ad
2357 5351 2578 5429 litteram
2603 5368 2614 5403 :
2644 5356 2825 5429 Verum
2849 5354 2933 5429 it_l_e
2955 5354 3045 5429 ltoc
3080 5359 3309 5422 pratici!
3329 5369 3513 5414 timum
3536 5375 3590 5416 ut
3611 5381 3703 5429 pos

2150 5411 2326 5462 sibila:
2350 5419 2476 5482 erat_
2499 5413 2626 5464 enim
2649 5416 2792 5485 (torno
2817 5432 2834 5468 :
2865 5411 3092 5471 Christus
3122 5411 3309 5485 autem,
3332 5411 3719 5512 uictimam];

2150 5475 2563 5512 lurum,nmrshua
2588 5478 2870 5512 ΙΑη-Ιιιιηιηιὶ
2909 5483 3320 5512 ηιηΙιι-..ηηιὸηηιηω
3351 5489 3577 5512 φαμι-η
3624 5494 3639 5512 ι
3669 5509 3693 5512 _

2147 5473 2563 5544 turum,opet'ibus
2588 5475 2870 5544 (dictorum)
2907 5473 3322 5544 conﬁrmationem
3348 5473 3728 5541 ὲέτιὶἰὸέἱὶὲζίἰιῖ-

2235 5533 2384 5614 pate’tr'l
2395 5533 2728 5614 interpretem
2764 5533 3024 5614 aberrasse
3058 5556 3168 5593 cum
3192 5533 3726 5614 νένᾘαζῶξὲξᾷόῇἶ-

2143 5599 2242 5676 ξξξζ
2263 5595 2483 5676 reddet'e
2513 5595 2725 5676 c'red'idﬁit
2748 5601 3031 5676 scribepdo,
3055 5607 3315 5676 secupduttt
3340 5595 3722 5676 Eapidta'm'ﬁ,

2145 5653 3720 5743 ἒέξεεεηΨἓξὶτξιὲ.Ρὶἳένὲεξπξςιχάεἐνέζὴεξίὲειίξέτὲέξᾲῐξτᾷἷῇἶῑ

487 5720 685 5792 χὸμεῇρογ
720 5723 834 5768 αὐτὸ
855 5725 1008 5792 λέγει’-
1029 5725 1271 5792 ἇγϐριιίπος
1290 5726 1377 5786 γὰρ
1397 5725 1471 5792 ἦγ’
1495 5720 1827 5792 ὀᾉδὲμΧριάτὴς
1849 5727 1912 5780 ὡς
1935 5725 2043 5792 argiv-

2149 5722 2323 5792 ettune
2345 5731 2524 5792 sensus
2549 5727 2644 5781 est,
2665 5720 2770 5772 erat
2789 5720 2915 5773 enim
2939 5720 3233 5787 priscursor.
3252 5720 3335 5782 Cir
3356 5720 3718 5785 Ἁάηοὶῖιέίίθιῖιξ

485 5776 579 5834 sui:
602 5782 844 5843 ἐσόμενον,
866 5776 950 5844 τήν
987 5786 1082 5834 ἀπὸ
1115 5776 1218 5833 ’τῶν
1252 5776 1398 5848 ἓρῇὠν
1418 5776 1925 5850 ’ἀπόδειξιν’παρέῇίωῦ.
1947 5784 2043 5835 Hoc

2149 5776 2203 5823 ad
2230 5777 2406 5826 locum.
2439 5779 2576 5830 Εοιτ.
