4066 6430
279 451 377 506 διι

278 565 596 621 methodum
624 566 759 620 alios
799 565 1028 628 docent,
1059 576 1120 619 ut
1145 565 1196 619 in
1242 561 1535 632 majoribus
1559 560 1876 624 exercitati,

277 660 518 714 minores
543 658 892 728 aegritudines
926 657 1132 712 facilius
1170 667 1428 726 superent
1461 676 1473 710 :
1520 658 1598 712 sic
1632 646 1696 713 et
1740 659 1882 714 Deus

275 751 594 819 gravissima
638 759 856 818 peccata
900 750 954 804 in
999 748 1234 804 medium
1281 749 1543 815 adduxit,
1594 759 1652 803 ut
1695 752 1783 820 qui
1827 751 1880 804 in

274 844 484 912 exiguis
549 843 683 911 lapsi
736 851 962 904 essent,
1021 855 1210 897 eorum
1261 842 1513 910 exemplo
1580 842 1878 898 faciliorem

272 932 599 986 emendandi
647 934 908 988 rationem
948 931 1273 988 invenirent.
1299 932 1355 988 Si
1381 933 1525 987 enim
1554 934 1756 1003 majora
1790 952 1878 990 rc-

267 1023 510 1078 medium
545 1023 866 1088 habuerunt,
899 1024 1069 1078 multo
1093 1023 1301 1080 facilius
1327 1025 1556 1079 minoia.
1593 1025 1878 1081 Videamus

269 1112 432 1182 igitur
465 1128 570 1183 qua
602 1115 810 1170 ratione
836 1115 1210 1184 aagrotavcrit,
1256 1129 1364 1184 qua
1401 1115 1759 1171 valetudinem
1787 1133 1876 1171 re-

265 1207 608 1273 cuperaverit
641 1206 723 1260 vir
766 1206 858 1260 ille
902 1207 1108 1261 beatus.
1157 1205 1288 1272 Quae
1329 1206 1489 1275 igitur
1519 1205 1692 1260 morbi
1737 1208 1876 1263 ratio

265 1294 411 1349 fuit?
442 1295 738 1352 Ilaechatus
767 1307 870 1362 est,
902 1306 953 1351 et
972 1296 1193 1355 occidit.
1221 1297 1338 1352 Non
1369 1299 1511 1353 enim
1541 1313 1733 1353 vereor
1758 1300 1873 1354 haec

265 1402 460 1457 magna
509 1404 645 1444 voce
674 1389 965 1458 publicare.
999 1390 1130 1444 Nam
1167 1391 1211 1445 si
1244 1390 1476 1461 Spiritus
1507 1402 1725 1447 sanctus
1763 1407 1872 1449 non

263 1489 420 1550 turpe
448 1483 780 1536 existimavit
829 1499 974 1546 esse,
1005 1483 1142 1538 hanc
1174 1494 1338 1538 totam
1383 1485 1661 1541 historiam
1689 1488 1870 1557 publi-

259 1587 407 1638 care,
444 1574 617 1627 multo
648 1575 817 1644 magis
843 1576 1111 1628 nos‘illam
1147 1592 1252 1630 non
1280 1577 1510 1631 obscure
1547 1578 1751 1633 referre
1776 1579 1872 1632 de-

257 1664 472 1719 bemus.
502 1667 842 1735 Quapropter
886 1684 990 1721 non
1023 1669 1186 1723 modo
1225 1668 1342 1725 lucc
1370 1671 1672 1740 praedicabo
1711 1712 1728 1736 ,
1770 1672 1869 1728 sed

258 1758 405 1812 aliud
435 1775 653 1829 quoque
699 1760 969 1828 adjiciam.
1015 1762 1229 1814 Etenim
1257 1763 1346 1830 qui
1390 1764 1509 1818 inec
1547 1764 1822 1818 occultant
1847 1805 1862 1828 ,

258 1851 355 1904 viri
407 1851 552 1906 illius
603 1854 855 1906 virtutem
897 1853 1224 1907 obscurant:
1255 1869 1318 1907 ac
1363 1856 1502 1909 sicut
1553 1855 1588 1909 ii
1628 1856 1716 1925 qui
1747 1855 1866 1924 ejus

255 1958 378 1998 cum
421 1943 675 1999 Goliatho
739 1960 969 2016 pugnam
1017 1955 1434 2012 tacerent,-non
1483 1949 1730 2018 exiguam
1761 1949 1862 2018 ipsi

253 2052 512 2092 coronam
564 2039 893 2103 adimerent,
929 2038 1150 2107 perinde
1179 2040 1414 2096 facerent
1456 2043 1544 2111 qui
1588 2043 1724 2097 hanc
1777 2043 1862 2096 hi-

254 2132 479 2184 storiam
511 2140 1003 2198 pra-tercurrcrent.
1037 2134 1230 2187 Annon
1260 2150 1376 2190 rem
1423 2118 1576 2190 vobis
1608 2137 1860 2205 inexspe-

252 2231 453 2277 ctatam
503 2224 662 2277 dico?
693 2223 798 2277 Sed
843 2224 1104 2279 tantillum
1151 2226 1556 2294 praestolamini,
1596 2235 1650 2280 et
1676 2228 1859 2282 scietis

254 2329 354 2369 nos
385 2313 502 2368 lure
550 2315 672 2383 jure
713 2317 763 2370 in
813 2316 1047 2372 medium
1092 2318 1401 2387 protulisse.
1453 2317 1576 2372 Ideo
1629 2333 1858 2386 namque

250 2416 532 2476 peceatum
564 2408 849 2476 ampliﬁco,
877 2409 1034 2478 idque
1066 2411 1436 2478 inexspectata
1471 2410 1721 2480 loquendi
1749 2411 1852 2471 via.

250 2507 310 2550 ttt
343 2497 625 2565 pharmaca
653 2514 834 2567 parem
864 2500 1188 2567 copiosiora.
1213 2500 1349 2565 Quid
1381 2501 1557 2568 itaque
1581 2501 1856 2569 propono?

251 2587 515 2643 Virtutem
566 2588 704 2651 viri;
740 2590 791 2644 id
821 2590 962 2660 quod
1002 2593 1216 2659 gravius
1260 2590 1462 2646 crimen
1505 2591 1691 2645 efﬁcit.
1736 2591 1852 2646 Non

245 2677 390 2733 enim
438 2695 532 2748 pur
559 2690 643 2736 est
683 2682 735 2735 in
791 2683 1040 2736 omnibus
1078 2693 1132 2738 ct
1177 2684 1314 2738 circa
1347 2699 1536 2738 omnes
1569 2684 1667 2738 hac
1698 2688 1750 2738 in
1796 2701 1854 2741 re

240 2769 505 2837 judicium
542 2789 553 2822 :
588 2771 828 2826 Potentes
859 2774 1001 2827 enim
1028 2815 1043 2838 ,
1089 2776 1302 2843 inquit,
1337 2785 1564 2842 potenter
1603 2783 1853 2828 tormenta

243 2865 500 2933 patientur
531 2866 684 2935 (Sap.
715 2867 768 2920 6.
795 2868 885 2934 7);
915 2877 986 2931 et,
1021 2867 1121 2931 Qui
1149 2868 1286 2920 novit
1315 2869 1618 2921 voluntatem
1657 2868 1852 2921 domini

239 2954 343 3018 sui,
374 2965 421 3007 et
457 2971 560 3008 non
585 2957 706 3023 facit
729 2996 744 3020 ,
777 2959 1035 3027 vapulabit
1067 2959 1241 3012 multis
1290 2957 1443 3026 (Luc.
1477 2958 1562 3011 12.
1598 2959 1713 3028 47).
1751 2959 1851 3010 Ita-

238 3061 345 3114 que
376 3046 548 3114 major
595 3049 827 3117 cognitio
859 3050 1077 3115 majoris
1105 3059 1188 3103 est
1234 3065 1397 3102 causa
1427 3050 1690 3119 supplicii.
1724 3050 1849 3104 ideo

237 3139 496 3193 sacerdos
524 3140 610 3208 qui
641 3141 690 3194 in
726 3141 892 3210 paria,
926 3152 1088 3210 atque
1117 3143 1348 3206 subditi,
1384 3143 1575 3196 incidit
1600 3155 1843 3212 peccata,

239 3244 344 3283 non
380 3246 555 3297 pares,
589 3231 683 3284 sed
716 3232 887 3286 multo
935 3234 1214 3302 graviores
1254 3234 1403 3287 dabit
1448 3249 1656 3304 poenas.
1713 3235 1847 3289 For-

237 3331 382 3377 tasse
428 3322 555 3377 dum
602 3340 687 3378 me
716 3325 909 3380 videtis
952 3327 1280 3394 ampliﬁcare
1310 3328 1514 3382 crimen
1551 3369 1565 3392 ,
1617 3330 1845 3384 tremitis

234 3425 289 3468 et
317 3415 633 3472 formidatis.
680 3426 736 3469 ct
781 3431 868 3471 me
911 3417 1060 3486 quasi
1104 3433 1200 3485 per
1245 3419 1537 3487 praecipitia
1588 3420 1838 3474 inceden-

236 3517 344 3560 tem
400 3507 690 3560 miramini.
736 3509 849 3577 Ego
893 3517 1022 3564 Vero
1063 3517 1268 3564 tantum
1311 3512 1450 3565 circa
1492 3511 1623 3580 justi
1678 3514 1845 3569 virtu-

235 3605 342 3649 tem
371 3604 426 3649 et
448 3584 636 3650 merita
665 3597 897 3661 conﬁdo,
929 3599 1172 3653 utetiam
1203 3600 1426 3654 ulterius
1479 3603 1794 3672 progrediar
1826 3624 1839 3657 ;

232 3697 435 3759 quanto
492 3690 636 3743 enim
682 3690 851 3760 magis
897 3691 1100 3746 crimen
1141 3692 1348 3761 augebo
1375 3735 1390 3758 ,
1436 3702 1583 3748 tanto
1619 3695 1841 3764 majori—

234 3781 332 3835 bus
381 3780 633 3836 Davidem
703 3782 949 3837 laudibus
991 3784 1268 3838 celebrare
1320 3795 1528 3852 potero.
1590 3788 1655 3841 Et
1709 3789 1838 3856 quid

234 3873 319 3928 his
371 3873 548 3942 majus
575 3917 590 3936 ν
643 3875 886 3943 inquies,
937 3874 1177 3943 proferre
1215 3878 1437 3944 possis?
1480 3877 1644 3933 Multo
1691 3892 1840 3935 certe

233 3965 461 4033 majora.
511 3963 972 4032 Qucﬁiadntodunt
1035 3967 1180 4020 enim
1237 3968 1385 4020 Caini
1457 3969 1662 4025 crimen
1730 3988 1837 4025 non

231 4057 409 4111 caedes
450 4057 610 4111 modo
653 4068 764 4112 erat
796 4101 810 4122 ,
859 4058 952 4112 sed
1000 4058 1188 4113 multis
1217 4061 1457 4114 caedibus
1502 4053 1860 4131 pejustnon'

230 4149 376 4204 enim
406 4149 661 4212 alienum,
693 4149 788 4204 sed
819 4148 1074 4212 fratrem;
1111 4162 1165 4205 et
1192 4154 1432 4216 fratrem,
1468 4168 1576 4207 non
1630 4154 1838 4210 laeden-

230 4251 338 4296 tem
373 4282 389 4306 ,
436 4240 530 4295 sed
583 4241 767 4294 laesum
803 4240 1036 4306 occidit;
1071 4257 1177 4296 non
1224 4253 1342 4312 post
1373 4245 1565 4299 multas
1597 4255 1835 4313 patratas

227 4332 428 4394 cmdes,
463 4331 555 4385 sed
598 4332 710 4399 ipse.
750 4334 1142 4388 exsecrandum
1191 4335 1370 4390 scelus
1401 4338 1547 4406 prior
1577 4339 1782 4394 invenit
1814 4356 1828 4394 :

227 4423 307 4476 sic
334 4423 386 4476 in
413 4421 515 4475 hoc
544 4439 649 4491 quo
679 4423 746 4476 de
780 4425 986 4491 agimus
1013 4426 1282 4493 ciceronis,
1324 4444 1430 4480 non
1459 4429 1638 4482 caedes
1669 4431 1829 4485 modo

227 4515 435 4569 facinus
463 4514 560 4568 hoc
583 4523 728 4578 erat;
760 4532 864 4569 non
889 4517 1032 4569 enim
1060 4518 1142 4570 vir
1163 4535 1192 4571 e
1218 4520 1373 4573 trivio
1405 4520 1667 4575 homicida
1692 4534 1827 4589 erat,

224 4608 321 4662 scd
365 4607 661 4676 propheta;
708 4623 812 4661 non
843 4608 1126 4663 hedentem
1153 4650 1168 4674 ,
1217 4611 1312 4665 sed
1352 4614 1538 4666 ltus-um
1584 4617 1776 4670 occidat
1811 4636 1824 4671 :

225 4698 387 4753 lazsus
413 4699 606 4767 quippe
647 4698 819 4752 fuerat
853 4713 916 4752 ex
943 4699 1209 4753 adulterio
1248 4717 1368 4754 cum
1403 4718 1571 4758 uxore
1619 4721 1634 4758 :
1669 4716 1829 4775 atque

226 4791 330 4845 hoc
364 4791 526 4844 etiam
559 4793 733 4846 secius
765 4792 988 4844 addidit.
1040 4793 1315 4847 Videtisne
1367 4796 1638 4864 quomodo
1679 4799 1827 4865 justo

225 4882 343 4934 viro
369 4898 476 4934 non
509 4897 745 4950 parcam,
781 4892 832 4936 et
855 4885 970 4936 sine
1013 4885 1120 4938 ullo
1159 4895 1587 4955 temperamento
1617 4890 1823 4944 scelera

222 4974 343 5041 ejus
368 4977 734 5028 recenseam?
781 4977 1028 5028 Altamen
1081 4979 1147 5028 ita
1192 4979 1258 5030 dc
1317 4978 1462 5032 illius
1507 4982 1827 5051 purgatione

219 5064 468 5128 confido,
522 5074 579 5118 nt
610 5076 727 5134 post
772 5077 975 5121 tantum
1021 5069 1287 5122 scelerum
1334 5070 1588 5136 culmen,
1641 5083 1824 5142 optem

219 5155 412 5210 adesse
443 5156 793 5220 Manichacus,
839 5158 927 5227 qui
975 5157 1089 5212 lucc
1130 5160 1365 5214 maxime
1403 5163 1726 5230 traducunt,
1772 5177 1824 5219 et

219 5247 593 5302 Marcionistas
619 5289 636 5313 ,
670 5257 727 5300 ut
771 5248 983 5302 illorum
1028 5265 1123 5304 ora
1166 5254 1384 5321 egregie
1441 5255 1708 5309 claudam.
1742 5257 1824 5310 Illi

221 5356 451 5406 namque
469 5341 655 5395 dicunt
672 5341 843 5408 ipsum
868 5355 918 5397 et
935 5345 1199 5400 occidisse
1220 5355 1274 5399 et
1291 5347 1613 5402 mmchatum
1636 5348 1819 5413 fuisse;

217 5447 320 5502 ego
345 5448 476 5488 vero
508 5449 613 5485 non
648 5433 699 5486 id
742 5443 946 5487 tantum
991 5435 1146 5500 dico,
1201 5437 1295 5491 sed
1347 5439 1612 5507 duplicem
1658 5440 1822 5495 fuisse

216 5523 425 5579 eaedem
453 5525 818 5579 demonstravi
846 5565 860 5587 ,
912 5536 1021 5580 tum
1053 5528 1193 5596 quod
1225 5529 1311 5583 ille
1347 5530 1458 5598 jam
1490 5544 1613 5586 ante
1663 5534 1821 5588 tarsus

216 5617 306 5677 sit,
340 5625 452 5672 tum
478 5615 621 5686 quod
651 5625 810 5670 tantae
838 5618 1114 5687 dignitatis
1141 5630 1286 5674 esset
1319 5624 1361 5675 is
1391 5625 1480 5691 qui
1514 5626 1724 5678 occidit.

289 5709 344 5763 7.
387 5707 661 5763 Peccatum
698 5712 904 5764 Doridis
941 5723 1205 5780 quantum.
1251 5713 1423 5783 Ipsius
1473 5728 1582 5784 post
1615 5720 1816 5788 lapsum

213 5809 409 5863 quanta
443 5801 619 5853 virtus.
670 5831 742 5840 ——
792 5803 907 5855 Non
953 5805 1094 5858 enim
1143 5821 1239 5874 par
1281 5819 1365 5860 est
1405 5810 1607 5863 crimen
1647 5814 1818 5866 virum

215 5893 419 5955 Spiritu
446 5904 630 5946 sancto
658 5894 954 5962 (lignatum,
999 5906 1074 5950 tot
1105 5898 1381 5954 beneficiis
1410 5900 1676 5969 affectum,
1725 5906 1814 5974 qui

1236 447 1301 503 IN
1339 441 1754 502 MATTIIEUM
1795 441 2028 498 llOMlL.
2076 443 2264 498 XXVI.
2307 449 2377 502 al.
2423 448 2640 506 XXVII.

3438 470 3608 527 '342

2000 567 2201 615 tantam
2240 572 2562 631 potestatem
2607 577 2724 621 erat
2769 569 3015 640 adeptus,
3065 573 3119 628 in
3153 575 3241 630 tali
3288 587 3446 635 :etate
3491 581 3606 638 lucc

1995 650 2228 709 facinora
2256 656 2493 725 aggredi,
2524 666 2684 728 atque
2712 659 2943 730 idipsum
2967 669 3263 734 perpetrari
3291 684 3319 721 τι
3348 671 3485 738 viro,
3516 676 3603 729 cui

1993 744 2126 799 nihil
2156 760 2344 802 eorum
2373 759 2663 820 competat.
2715 753 2966 808 Attamen
3000 754 3126 812 hinc
3154 759 3452 816 mirabilior
3477 779 3606 819 cva-

1989 834 2068 890 dit
2100 837 2185 892 vir
2227 838 2320 894 ille
2363 839 2537 905 fortis,
2579 843 2720 912 quod
2773 844 2824 898 in
2872 846 3194 916 profundum
3231 854 3485 924 nequitiae
3527 858 3599 912 la-

1989 939 2137 996 psus,
2180 944 2287 983 non
2314 931 2496 986 animo
2519 931 2799 1000 defecerit,
2850 952 2957 992 non
2984 939 3308 1011 desperarit,
3354 959 3461 1000 non
3507 964 3600 1003 se-

1990 1016 2161 1084 ipsum
2193 1021 2443 1091 supinum
2477 1027 2787 1096 projecerit,
2834 1029 2976 1084 letali
3009 1031 3229 1088 vulnere
3255 1037 3539 1094 confossus
3567 1055 3597 1095 ι

1986 1111 2222 1191 diabolo,
2276 1116 2370 1171 sed
2398 1119 2525 1180 cito.
2562 1122 2670 1173 imo
2697 1121 2903 1191 statim,
2935 1139 3128 1194 magna
3156 1142 3278 1182 cum
3301 1130 3598 1187 vehemen-

1988 1207 2057 1258 tia
2089 1207 2260 1276 majus
2291 1209 2544 1264 inlliserit
2575 1212 2790 1279 vulnus,
2835 1230 2996 1285 quam
3030 1230 3330 1288 acceperat.
3364 1222 3598 1282 Perinde

1986 1305 2146 1365 atque
2182 1299 2223 1351 si
2267 1300 2317 1352 in
2347 1301 2466 1356 acie
2495 1301 2756 1359 barbarus
2786 1306 3052 1376 quispiam
3094 1308 3146 1364 in
3178 1326 3274 1366 cor
3306 1315 3386 1368 vel
3417 1312 3469 1370 i'n
3499 1316 3592 1374 he-

1981 1401 2080 1456 par
2107 1392 2310 1444 strenui
2342 1391 2440 1446 viri
2473 1392 2679 1449 hastam
2715 1396 2972 1465 inﬁxerit,
3013 1410 3069 1455 et
3097 1404 3388 1460 secundam
3423 1411 3590 1478 magis

1980 1480 2193 1535 letalem
2226 1483 2430 1554 plagam
2465 1488 2751 1556 addiderit,
2798 1501 2907 1546 tum
2941 1494 3030 1549 ille
3070 1497 3251 1565 lapsus
3279 1500 3584 1570 plagarum-

1977 1588 2082 1641 que
2113 1577 2371 1650 sanguine
2396 1579 2772 1647 circumfusus,
2803 1585 2910 1638 cito
2931 1591 3243 1652 surrexerit,
3274 1592 3586 1665 hastamque

1976 1665 2193 1721 vibrans
2225 1668 2434 1724 hostem
2467 1673 2787 1741 confuderit,
2831 1686 2885 1731 et
2932 1681 3166 1734 occisum
3212 1687 3392 1738 statim
3437 1687 3582 1741 lmmi

1976 1771 2303 1828 prostratum
2334 1765 2610 1835 reliquerit
2643 1785 2657 1821 :
2691 1769 2769 1823 sic
2796 1780 2850 1823 et
2877 1787 3038 1838 nunc,
3068 1789 3173 1843 quo
3196 1777 3451 1845 majorem
3481 1781 3579 1834 Da-

1974 1852 2112 1906 vidis
2139 1856 2345 1925 plagam
2386 1859 2609 1927 dixeris,
2659 1877 2726 1915 eo
2767 1863 3152 1922 mirabiliorem
3181 1871 3415 1928 confossi
3458 1878 3578 1930 ani—

1973 1957 2119 1997 mum
2167 1947 2439 2011 ostendis,
2488 1951 2629 2019 quod
2672 1962 2793 2021 post
2840 1956 3034 2012 vulnus
3075 1969 3181 2014 tam
3226 1978 3424 2032 grave,
3485 1985 3579 2036 po-

1972 2037 2134 2090 tuerit
2163 2046 2217 2092 et
2260 2054 2505 2110 surgere,
2539 2053 2591 2097 et
2626 2044 2678 2098 in
2711 2044 2891 2102 fronte
2921 2051 3042 2105 valli
3065 2061 3228 2120 stare,
3264 2056 3577 2130 hostemth

1968 2139 2335 2197 prosternere.
2366 2133 2480 2190 Hoc
2509 2152 2640 2192 vero
2669 2151 2929 2207 quantum
2958 2145 3048 2204 sit.
3073 2148 3245 2202 sciunt
3274 2166 3464 2207 omnes
3485 2161 3574 2223 qni

1968 2220 2019 2273 iu
2040 2223 2220 2290 gravia
2253 2223 2388 2294 lapsi
2416 2236 2541 2282 sunt
2571 2239 2811 2298 peccata.
2837 2232 2955 2288 Non
2983 2238 3127 2291 enim
3158 2239 3225 2291 ita
3258 2240 3410 2296 fortis
3437 2220 3572 2298 stro-

1974 2314 2179 2383 unique
2204 2316 2370 2370 animi
2399 2327 2484 2372 est
2511 2329 2660 2374 recta
2681 2320 3022 2376 incedentem
3048 2338 3272 2378 cursum
3309 2325 3571 2393 perficere

1971 2404 2041 2474 (is
2057 2407 2204 2461 enim
2219 2409 2482 2463 comitem
2503 2409 2834 2481 habetspent
2849 2411 3050 2468 bonam
3064 2415 3435 2471 concitantem
3450 2434 3570 2473 ner-

1970 2511 2071 2553 vos
2092 2507 2146 2553 et
2169 2499 2514 2553 alacritatem
2544 2501 2880 2572 addentem),
2910 2513 2970 2557 ut
2988 2516 3109 2572 post
3130 2507 3279 2560 mille
3306 2522 3565 2575 coronas,

1971 2596 2198 2658 tropaea,
2216 2590 2494 2656 victorias,
2512 2593 2749 2661 graviter
2763 2593 2977 2664 lapsum
2997 2611 3160 2665 posse
3177 2599 3432 2654 eumdem
3447 2615 3565 2654 cur-

1968 2695 2092 2734 sum
2109 2679 2289 2735 denuo
2306 2680 2840 2750 repetere.Utautem
2861 2685 2914 2740 id
2928 2689 3074 2756 quod
3091 2689 3217 2744 dico
3229 2691 3431 2747 clarius
3442 2707 3565 2747 eva-

1957 2770 2068 2837 dat,
2121 2773 2270 2827 aliud
2312 2775 2490 2844 priore
2535 2793 2643 2833 non
2686 2781 2867 2837 minus
2910 2785 3216 2854 exemplum
3249 2788 3302 2841 in
3333 2791 3566 2844 medium

1962 2867 2112 2920 vobis
2161 2868 2403 2936 proferre
2448 2871 2688 2926 tentabo.
2745 2874 2931 2945 Cogita
2975 2878 3103 2931 mihi
3148 2880 3565 2949 gubernatorem

1958 2958 2124 3010 maria
2175 2961 2320 3014 mille
2363 2976 2666 3029 emensum,
2725 2977 2848 3034 post
2892 2974 3563 3043 tantam_navigationem,

1958 3059 2079 3116 post
2124 3051 2318 3106 multas
2370 3063 2738 3123 tempestates,
2792 3061 3065 3128 scopulos,
3111 3039 3334 3128 lhtctus,
3385 3039 3566 3121 multis

1957 3142 2273 3198 instructum
2322 3147 2579 3209 mercium
2630 3150 2875 3214 sarcinis,
2913 3151 2963 3205 in
3015 3153 3133 3222 ipso
3180 3166 3368 3224 portus
3422 3161 3563 3214 ostio

1954 3234 2284 3301 demersum,
2328 3240 2417 3306 qui
2462 3241 2545 3293 vix
2577 3257 2608 3294 e
2639 3251 2784 3295 tanto
2811 3244 3089 3311 naufragio
3129 3248 3302 3303 nudus
3325 3251 3565 3322 effugere

1955 3331 2186 3396 potuerit
2217 3347 2230 3388 ;
2259 3345 2367 3397 quo
2397 3331 2487 3386 ille
2516 3334 2700 3386 animo
2729 3334 2892 3388 fuerit
2918 3351 3043 3406 erga
3079 3340 3472 3410 navigationem
3509 3354 3562 3400 et

1955 3420 2156 3473 marina
2181 3420 2458 3489 pericula?
2485 3439 2612 3477 num
2639 3424 2729 3478 ille
2753 3425 2979 3480 voluerit
3005 3444 3282 3500 umquam,
3318 3435 3418 3489 nisi
3448 3438 3564 3490 ani—

1953 3513 2022 3564 mi
2051 3515 2120 3566 sit
2147 3514 2435 3569 admodum
2459 3518 2686 3583 strenui,
2709 3519 2794 3574 vel
2821 3519 2966 3586 litus,
2993 3523 3079 3577 vel
3099 3535 3332 3593 portum,
3353 3530 3439 3583 vel
3469 3545 3562 3584 na.

1955 3620 2070 3659 rem
2103 3607 2262 3661 ullam
2293 3609 2610 3677 respicere?
2644 3610 2761 3664 Non
2790 3612 2973 3681 utique
3001 3622 3128 3684 puto
3158 3634 3169 3667 :
3202 3617 3296 3672 scd
3326 3621 3560 3675 occulta-

1950 3706 2038 3751 tus
2056 3697 2273 3765 jacebit,
2307 3701 2448 3755 diem
2475 3702 2525 3755 in
2555 3715 2768 3758 nouem
2791 3715 3027 3771 vertens,
3054 3711 3309 3781 onmiqne
3336 3729 3432 3782 spe
3463 3715 3559 3770 de-

1948 3791 2201 3852 Stitutus;
2247 3792 2517 3861 maletqtte
2546 3793 2707 3847 vitam
2740 3796 3019 3854 mendicus
3045 3814 3225 3869 agere,
3253 3819 3409 3871 quam
3444 3808 3556 3874 pri-

1949 3881 2118 3933 stinos
2144 3881 2292 3934 adire
2322 3883 2554 3937 labores.
2587 3886 2657 3939 At
2684 3902 2790 3940 non
2827 3889 2948 3941 talis
2981 3889 3076 3942 fttit
3105 3892 3190 3944 hic
3215 3896 3293 3948 vir
3325 3898 3510 3953 beatus
3544 3919 3559 3955 :

1948 3972 2041 4024 sed
2088 3984 2209 4041 post
2238 3981 2442 4028 tantum
2474 3976 2830 4047 naufragium,
2881 3993 2995 4047 post
3032 3992 3107 4036 tot
3138 3985 3349 4042 labores
3377 3999 3431 4044 ct
3462 4007 3555 4046 su-

1945 4061 2129 4129 dores,
2181 4079 2287 4118 non
2334 4067 2525 4120 mansit
2575 4070 2857 4136 occultus;
2911 4073 3002 4126 sed
3066 4077 3243 4130 navim
3297 4085 3550 4150 extraxit,

1943 4157 2303 4225 expansisque
2347 4159 2498 4224 velis,
2549 4168 2604 4213 et
2650 4173 2874 4230 accepto
2921 4166 3308 4236 gubernaculo,
3345 4173 3554 4230 labores

1943 4248 2094 4313 adiit,
2136 4258 2192 4302 et
2234 4249 2466 4318 majores
2510 4268 2669 4320 quatn
2724 4255 2871 4324 prius
2915 4257 3128 4314 divitias
3168 4264 3396 4332 adeptus
3447 4281 3547 4322 est.

1944 4337 2095 4404 Quod
2142 4339 2186 4392 si
2233 4349 2380 4394 stare
2435 4352 2488 4395 et
2541 4341 2750 4410 lapsum
2801 4361 2905 4398 non
2952 4363 3168 4418 semper
3209 4353 3394 4419 jacere
3448 4359 3552 4411 mi-

1942 4431 2109 4484 rabile
2140 4441 2242 4495 est,
2277 4431 2456 4487 denuo
2483 4435 2708 4499 excitari
2741 4447 2796 4491 et
2830 4439 2955 4492 talia
2986 4442 3265 4512 perﬁcere,
3299 4457 3432 4517 quot
3460 4465 3553 4505 co-

1941 4525 2085 4578 ronis
2114 4525 2334 4594 dignum
2363 4541 2467 4579 non
2491 4527 2632 4581 erit?
2656 4529 2815 4596 Atqui
2847 4531 3012 4584 multa
3043 4544 3198 4588 erant
3225 4551 3347 4605 qua:
3375 4539 3550 4608 ipsum

1940 4618 1993 4671 in
2031 4618 2462 4685 deSperationem
2509 4618 2878 4688 conjicerent?
2929 4625 3127 4693 prium,
3174 4632 3380 4697 peccati
3431 4649 3550 4687 ma-

1934 4710 2156 4775 gnitudo
2180 4709 2483 4775 ;-secundo,
2514 4710 2657 4779 quod
2687 4729 2791 4767 non
2826 4713 2877 4767 in
2907 4716 3160 4784 primmva
3181 4731 3361 4788 actate,
3381 4741 3548 4794 quan-

1933 4801 2006 4856 do
2053 4800 2225 4869 major
2266 4811 2382 4856 erat
2416 4817 2541 4871 spes
2583 4807 2930 4868 reversionis.
2965 4810 3057 4863 sed
3091 4809 3401 4869 declinante
3437 4819 3546 4885 jam

1940 4907 2099 4949 natatc
2133 4895 2181 4949 id
2210 4911 2400 4963 passus
2437 4909 2602 4952 esset.
2651 4899 2835 4971 Neque
2864 4906 3008 4958 enim
3044 4919 3331 4975 mercator,
3363 4914 3450 4981 qui
3483 4932 3547 4968 ex

1935 4994 2092 5053 portu
2139 5001 2391 5055 egressus
2437 4989 2615 5044 statim
2662 4992 2997 5064 naufragium
3050 5001 3268 5065 patitur,
3324 5006 3549 5072 perinde

1936 5076 2163 5129 afﬁcitur
2209 5079 2414 5145 dolore,
2471 5090 2631 5149 atque
2680 5084 2722 5137 is
2767 5087 2854 5154 qui
2902 5099 3026 5156 post
3059 5093 3254 5156 multas
3303 5110 3546 5165 peractas

1938 5171 2325 5234 negotiationes
2384 5174 2432 5226 in
2477 5176 2757 5243 scopulum
2805 5179 3072 5251 impingit.
3128 5185 3346 5254 Tertio,
3403 5194 3542 5260 quod

1938 5273 2052 5330 post
2087 5273 2260 5317 tantas
2304 5265 2560 5320 Collectas
2610 5268 2824 5324 divitias
2870 5271 2921 5326 id
2971 5290 3159 5342 passus
3195 5281 3263 5333 sit
3300 5300 3310 5333 :
3341 5287 3538 5339 ctenim

1936 5372 2040 5407 non
2073 5372 2247 5422 parva-
2276 5357 2346 5411 illi
2383 5369 2508 5412 tunc
2535 5361 2760 5416 aderant
2797 5367 3060 5420 mercium
3088 5373 3350 5437 sarcinae;
3389 5392 3539 5429 nent-

1936 5461 2000 5514 pe
2039 5445 2126 5499 illa
2156 5463 2274 5516 qua}
2307 5451 2354 5500 itt
2392 5450 2639 5516 [ll‘llll:l:\‘:l
2675 5464 2832 5509 :ctatc
2862 5469 3130 5525 gesserat,
3185 5479 3308 5517 cum
3363 5477 3543 5534 pastor

1933 5549 2110 5603 esset;
2163 5557 2337 5609 pugna
2380 5553 2568 5598 contra
2627 5547 2960 5616 Goliathum,
3029 5569 3150 5608 cum
3199 5560 3540 5626 splendidum

1931 5634 2101 5687 erexit
2130 5645 2388 5702 tropaeum
2423 5656 2434 5687 :
2473 5641 2808 5709 philosophia
2845 5644 2931 5697 illa
2963 5661 3121 5715 quam
3148 5651 3390 5707 exhibuit
3412 5670 3538 5725 erga

1931 5725 2164 5780 Saulem.
2188 5727 2557 5795 Evangelicam
2590 5733 2731 5784 enim
2761 5737 2998 5789 05tendit
3021 5741 3535 5809 magnanimitatem,

1929 5832 2051 5870 cum
2099 5820 2399 5872 sexcenties
2443 5821 2651 5876 hostem
2700 5841 2808 5890 prec
2849 5829 3096 5883 manibus
3138 5831 3401 5899 habuerit,
3452 5838 3535 5890 cui

1933 5922 2146 5978 semper
2170 5913 2443 5978 pepercit;
2479 5913 2771 5985 maluitquc
2796 5920 3039 5987 patriam,
3076 5923 3398 5993 libertatem,
3425 5926 3534 5983 imo
