4066 6512
493 423 594 478 545

494 545 649 590 vitam
681 535 946 599 amittere,
975 549 1133 606 quam
1166 534 1262 589 sibi
1308 536 1501 605 injuste
1544 534 1874 588 insidiantem
1898 533 2068 587 inter—

493 627 672 681 lieerc.
697 623 824 678 Post
851 624 1098 694 adeptum
1126 639 1336 695 quoque
1355 639 1573 693 regnum
1602 639 1704 676 non
1736 638 1893 691 parva
1927 633 2070 676 recte

493 717 681 786 gessit.
731 717 903 786 Supra
949 713 1257 769 memoratis
1302 714 1541 770 addenda
1569 714 1683 782 ejus
1717 713 1856 782 apud
1884 727 2071 767 omnes

487 806 830 872 existimatio,
866 821 986 860 nam
1014 805 1155 877 quod
1183 821 1212 860 a
1245 813 1387 860 tanta
1415 805 1576 876 gloria
1603 804 1905 868 excidisset,
1961 819 2067 857 non

490 912 709 964 parvum
739 896 918 950 'auitni
960 906 1159 950 motttm
1205 897 1440 952 excitare
1484 904 1712 966 poterat.
1765 895 1879 950 Non
1924 896 2066 951 enim

489 996 693 1040 tantum
723 986 947 1041 ornabat
973 1000 1220 1055 purpura:
1241 987 1425 1049 decus.
1449 994 1702 1058 quantum
1731 985 1934 1056 pudore
1955 985 2066 1039 suf-

487 1076 738 1132 fundebat
762 1077 966 1146 peccati
995 1078 1122 1130 tanti
1151 1077 1375 1133 macula.

556 1168 608 1222 8.
650 1166 810 1223 Scitis
861 1183 1022 1238 porro
1072 1183 1231 1238 quam
1279 1184 1518 1224 amarum
1564 1170 1632 1224 sit
1677 1183 1798 1224 cum
1851 1178 2063 1241 peccata

485 1259 822 1329 evulgantur,
873 1269 925 1313 et
970 1267 1168 1329 quanto
1209 1260 1279 1313 sit
1320 1274 1454 1329 optts
1490 1261 1689 1324 animo,
1724 1268 1838 1314 uta
1885 1258 2065 1312 multis

482 1363 762 1409 accusatus
800 1353 899 1417 vir,
948 1362 1133 1422 totque
1180 1353 1381 1409 habens
1422 1354 1681 1409 scelerum
1727 1361 1913 1418 testes,
1959 1366 2064 1405 non

485 1459 701 1514 prorsus
727 1444 992 1499 concidat.
1025 1448 1271 1498 Attamen
1299 1454 1548 1500 strenuus
1585 1443 1674 1498 ille
1701 1445 1802 1510 vir,
1833 1443 1933 1496 tela
1967 1444 2059 1496 ist-

483 1535 597 1591 hmc
626 1536 802 1588 omnia
840 1534 909 1590 ab
938 1536 1115 1588 anima
1143 1550 1235 1587 sua
1263 1533 1477 1599 evulsit,
1521 1533 1818 1602 deindeque
1849 1533 1916 1586 ita
1950 1532 2060 1586 ela-

481 1627 606 1690 ruit,
654 1627 724 1681 ita
767 1626 1000 1685 maculas
1044 1626 1211 1691 eluit,
1255 1627 1328 1679 ita
1387 1623 1612 1678 mundus
1651 1624 1930 1694 apparuit,
2005 1632 2060 1676 ιιι

479 1719 637 1773 etiam
688 1729 806 1788 post
855 1726 1080 1771 mortem
1124 1726 1376 1786 nepotum
1404 1731 1623 1773 suorum
1659 1725 1875 1787 peccata
1904 1715 2057 1770 obte-

477 1819 626 1878 geret
653 1825 670 1863 :
698 1817 752 1864 et
777 1810 915 1878 quod
948 1809 1015 1864 de
1047 1808 1352 1864 Abrahamo
1378 1808 1589 1864 dixerat
1614 1808 1770 1871 Deus,
1819 1807 1870 1861 id
1899 1807 2058 1861 etiam

475 1903 542 1958 de
587 1903 676 1956 illo
723 1901 1017 1972 proferret;
1059 1903 1166 1955 imo
1211 1902 1377 1956 undto
1420 1903 1588 1970 magis
1628 1900 1695 1955 de
1730 1900 1948 1954 Davide.
1985 1900 2061 1954 De

477 1994 775 2063 patriarcha
818 1993 959 2048 enim
998 1994 1072 2047 ait
1122 2011 1134 2047 :
1183 1991 1495 2047 Recordatns
1516 2008 1626 2045 sam
1658 1991 1938 2044 testamenti
1965 1992 2060 2044 mei

475 2087 609 2154 quod
637 2086 732 2156 fuit
761 2085 830 2137 ad
851 2085 1106 2137 Abraham
1131 2083 1324 2154 (Exod.
1347 2083 1402 2137 2.
1427 2083 1554 2152 24);
1586 2082 1670 2136 hic
1697 2097 1824 2138 vero
1853 2096 1956 2135 non
1978 2082 2057 2134 lo-

475 2176 653 2243 qttitur
676 2174 746 2229 dc
776 2183 1094 2228 testamento
1129 2191 1141 2226 :
1172 2174 1266 2227 sed
1297 2173 1462 2242 quid?
1493 2171 1712 2241 Propter
1742 2171 1910 2225 David
1930 2188 2056 2240 pue-

475 2282 588 2318 rum
628 2280 792 2317 meum
837 2275 1096 2335 protegam
1140 2264 1271 2317 hanc
1313 2264 1562 2316 civitatem
1607 2261 1773 2332 (lsai.
1807 2263 1895 2318 57.
1923 2263 1991 2318 55

471 2356 808 2408 Salomouetu
835 2353 992 2408 etiam
1021 2355 1109 2422 qui
1143 2362 1285 2406 tanta
1321 2351 1522 2408 scelera
1544 2351 1783 2418 admisit,
1812 2352 1882 2407 ob
1905 2367 2055 2406 suam

471 2460 597 2514 erga
645 2445 895 2499 Dat-idem
937 2444 1360 2500 benevolentiam
1411 2459 1519 2499 non
1557 2444 1800 2515 permisit
1846 2445 1987 2500 Deus
2019 2460 2058 2516 ge

473 2550 637 2605 regno
676 2535 943 2590 excidere.
996 2533 1272 2603 Tantaque
1311 2543 1426 2590 erat
1459 2534 1558 2588 viri
1606 2534 1952 2598 existimatio,
2002 2543 2060 2588 ut

474 2635 588 2692 post
622 2630 696 2677 tot
733 2639 902 2678 annos
947 2624 1135 2679 Petrus
1174 2625 1227 2679 in
1261 2625 1518 2680 concione
1559 2625 1626 2680 ad
1663 2624 1878 2680 Iudaeos
1917 2625 2058 2680 dice.

472 2728 556 2772 ret
593 2733 607 2771 :
642 2716 812 2771 Liceat
851 2717 1096 2770 audenter
1122 2717 1289 2770 dicere
1327 2716 1398 2770 ad
1425 2733 1509 2770 vos
1538 2717 1602 2771 de
1629 2717 1920 2786 patriarcha
1943 2717 2056 2770 Da-

471 2808 576 2873 rid,
611 2807 846 2876 quoniam
892 2807 1154 2873 defunctus
1189 2816 1260 2861 est
1309 2815 1355 2860 et
1409 2807 1633 2876 sepultus
1688 2805 1905 2878 (11.1.2.
1937 2806 2051 2876 29).

469 2899 714 2954 Christus
767 2914 978 2969 quoque
1028 2897 1241 2954 Jndteos
1293 2897 1595 2967 alloquens,
1649 2896 1884 2951 ostendit
1934 2913 2052 2952 eum

470 2989 630 3043 etiam
673 2996 792 3058 post
834 2998 1110 3058 peccatum
1154 2990 1225 3042 ita
1272 2988 1502 3057 Spiritus
1546 2990 1713 3057 gratia
1757 2988 2052 3058 dignatum,

472 3093 525 3134 nt
572 3083 734 3135 etiam
782 3079 850 3134 de
901 3080 1066 3149 ipsius
1111 3078 1388 3135 divinitate
1434 3078 1764 3148 prephetiam
1814 3079 2057 3134 emittere

471 3171 722 3227 meruerit
773 3188 786 3226 :
832 3168 1062 3240 indeque
1106 3169 1340 3239 ipsorum
1369 3184 1464 3224 ora
1489 3170 1748 3224 obturans
1794 3169 2003 3224 dicehat
2039 3187 2050 3223 :

474 3263 739 3332 Quomodo
781 3279 899 3333 ergo
938 3260 1106 3315 David
1147 3262 1200 3315 in
1242 3261 1423 3331 spiritu
1447 3269 1591 3315 vocat
1618 3277 1730 3315 eum
1758 3259 2052 3325 Dominum,

469 3357 658 3421 dicens,
705 3352 847 3408 Dixit
889 3353 1130 3406 Dominus
1177 3351 1398 3406 Domino
1440 3368 1580 3416 meo,
1625 3351 1759 3407 Sede
1803 3367 1835 3404 a
1865 3353 2055 3407 dextris

468 3448 588 3499 meis
623 3444 831 3515 (Matth.
861 3444 952 3497 22.
985 3444 1121 3512 ιδῃ
1152 3443 1219 3497 Ει
1242 3443 1380 3512 quod
1415 3445 1465 3497 itt
1488 3443 1665 3514 Moyse
1693 3441 1889 3497 factum
1930 3452 2052 3510 est,

471 3534 570 3588 hoc
597 3536 756 3589 etiam
786 3533 837 3587 iu
866 3531 1085 3587 Davide.
1133 3530 1590 3597 Quemadmodum
1634 3534 1776 3585 enim
1811 3531 2050 3599 Mariam,

466 3626 631 3679 invito
661 3623 1044 3694 etiamMoyse,
1073 3623 1352 3693 castigavit
1398 3623 1555 3690 Deus,
1580 3637 1643 3677 eo
1669 3622 1810 3692 quod
1833 3624 2052 3677 fratrem

1230 424 1285 478 S.
1326 422 1603 479 JOANNIS
1640 418 2110 478 CHRYSOSTOMI
2147 417 2460 474 ARCIIIEI‘.
2503 415 3036 472 CONSTANTINOP.

3659 424 3766 481 3M

2179 535 2505 591 contumelia
2526 534 2812 599 affecisset,
2838 535 2963 605 quia
2989 550 3184 604 nempe
3206 544 3456 588 sanetum
3481 533 3634 589 illum
3659 535 3727 589 ad
3742 563 3760 574 -

2179 627 2398 681 modum
2428 626 2683 698 diligebat
2712 644 2726 679 :
2759 627 2859 689 sic,
2892 636 2946 680 et
2975 627 3079 681 hoc
3113 627 3351 692 nolente,
3385 625 3555 680 lilium
3584 626 3766 679 rebel—

2175 719 2279 772 lem
2303 719 2450 774 ultus
2476 731 2578 774 est.
2605 719 2729 773 llaec
2753 735 2875 773 cum
2897 720 3038 782 aliis,
3071 720 3182 772 imo
3210 735 3322 789 prae
3347 720 3488 784 aliis,
3521 719 3620 772 viri
3648 719 3768 771 vir-

2175 819 2343 864 tutem
2379 813 2509 866 satis
2547 811 2837 866 declarant.
2888 808 3019 863 Nam
3054 825 3180 863 cum
3217 809 3359 864 Deus
3391 808 3495 864 fert
3530 819 3765 864 senten-

2174 900 2323 958 tiam.
2357 899 2492 953 nihil
2521 901 2658 954 ultra
2691 900 3102 968 exp'orandum.
3141 899 3198 953 Si
3231 899 3396 954 vultis
3430 908 3614 953 autem
3642 898 3763 967 ejus

2173 984 2559 1054 philosophiam
2602 983 2900 1037 minutatim
2932 981 3196 1049 ediscere,
3237 982 3362 1036 licet
3390 982 3763 1052 percurrenti-

2170 1076 2270 1132 hus
2319 1074 2593 1129 historiam
2650 1087 2834 1130 eorum
2881 1088 3000 1141 qua:
3045 1082 3166 1142 post
3211 1081 3488 1142 peccatum
3539 1070 3707 1141 gessit
3744 1110 3772 1134 ,.

2169 1167 2350 1222 videre
2393 1178 2642 1234 quantam
2691 1163 2778 1217 ille
2815 1163 2953 1231 apud
2986 1165 3148 1216 Deum
3191 1161 3438 1216 fiduciam
3467 1161 3760 1225 habuerit,

2168 1266 2363 1328 quanta
2403 1258 2520 1326 ejus
2562 1255 2931 1311 benevolentia
2968 1254 3217 1325 dignatus
3257 1254 3347 1318 sit,
3396 1261 3657 1323 quantum
3704 1252 3760 1304 in

2168 1351 2362 1406 virtute
2383 1351 2686 1419 profecerit,
2715 1364 2874 1420 quam
2902 1358 3050 1405 recte
3075 1348 3142 1403 a‘d
3171 1348 3415 1402 ultimum
3446 1361 3618 1416 usque
3645 1345 3762 1415 spi-

2166 1443 2325 1497 ritum
2347 1441 2557 1496 vixerit.
2588 1424 2680 1495 llis
2707 1441 2867 1511 igitur
2888 1439 3149 1509 exemplis
3176 1439 3424 1501 instituti,
3445 1438 3756 1506 vigilemus,

2166 1546 2554 1601 caveamusque
2583 1547 2649 1586 ne
2679 1531 2924 1586 labamur
2955 1547 2970 1584 :
3009 1529 3151 1600 quod
3180 1531 3223 1584 si
3251 1529 3464 1600 quando
3492 1527 3598 1582 labi
3624 1541 3761 1582 eon-

2166 1625 2352 1694 tingat,
2400 1638 2469 1678 ne
2516 1623 2764 1691 prostrati
2797 1623 3090 1692 jaceamus.
3147 1621 3329 1690 Neque
3369 1623 3510 1674 enim
3534 1629 3755 1689 peccata

2166 1714 2380 1768 Davidis
2407 1716 2652 1783 exposui,
2693 1721 2752 1768 ut
2780 1729 2874 1768 vos
2905 1713 2956 1766 in
2983 1713 3261 1782 segnitiem
3289 1711 3571 1781 conjiciam
3597 1726 3612 1774 ;
3655 1709 3755 1764 sed

2165 1815 2222 1858 ut
2252 1805 2496 1860 timorem
2523 1806 2797 1860 incutiam.
2833 1804 2964 1859 Nam
2996 1805 3039 1859 si
3066 1803 3242 1873 justus
3273 1803 3386 1870 ille,
3414 1803 3536 1872 quia
3567 1817 3759 1872 parum

2163 1897 2428 1966 neglexit,
2479 1904 2556 1950 tot
2597 1896 2808 1965 excepit
2849 1896 3090 1961 vulnera,
3140 1894 3266 1965 quid
3308 1896 3515 1965 passuri
3567 1907 3762 1949 sumus

2164 2004 2281 2054 nos,
2311 1990 2398 2059 qui
2426 1989 2662 2059 quotidie
2690 2003 2881 2057 segnes
2907 1988 3134 2042 sumus?
3175 1986 3252 2042 Ne
3278 1989 3484 2058 cogites
3521 2001 3651 2056 ergo
3680 1986 3762 2040 la-

2165 2098 2315 2153 psum
2357 2083 2500 2135 illum
2538 2096 2678 2145 esse,
2713 2090 2769 2134 ut
2816 2081 2937 2135 hinc
2981 2080 3254 2149 negligens
3279 2079 3474 2134 evadas
3501 2095 3517 2137 :
3549 2078 3644 2133 sed
3671 2088 3756 2131 te-

2162 2188 2283 2227 cum
2313 2181 2498 2241 reputa
2528 2182 2658 2243 quot
2680 2181 2981 2241 quantaque
3007 2181 3188 2240 postea
3225 2171 3426 2233 fecerit,
3483 2177 3616 2239 quot
3661 2170 3760 2223 lle-

2163 2274 2266 2329 tns,
2300 2273 2553 2334 quantam
2593 2264 2960 2333 paenitentiam
3007 2272 3160 2317 nocte
3193 2261 3388 2332 dieque
3415 2261 3759 2328 exhibuerit,

2162 2356 2334 2412 fontes
2376 2356 2732 2426 larrymarum
2784 2357 3054 2420 emittens,
3103 2353 3274 2422 iisque
3321 2354 3508 2408 lavans
3557 2352 3757 2407 lectum

2161 2464 2343 2512 suum;
2395 2458 2448 2501 et
2486 2447 2600 2500 hmo
2644 2460 2800 2500 sacco
2851 2446 3087 2499 indutus.
3143 2443 3198 2498 Si
3240 2452 3418 2498 autem
3466 2443 3557 2498 ille
3606 2429 3754 2498 tat'tta

2161 2540 2366 2609 eguerit
2394 2537 2768 2600 conversione,
2798 2551 2899 2605 qua
2932 2536 3138 2590 ratione
3168 2535 3460 2604 poterimus
3489 2547 3589 2588 nos
3611 2535 3757 2586 salu-

2163 2642 2266 2687 tem
2299 2630 2573 2700 consequi,
2622 2638 2744 2699 post
2782 2637 2861 2682 tot
2893 2638 3108 2697 peccata
3141 2626 3291 2680 nullo
3315 2625 3624 2695 compuncti
3653 2623 3755 2678 do-

2159 2723 2310 2776 lore?
2339 2720 2468 2775 Nam
2502 2720 2588 2790 qui
2637 2718 2817 2772 multis
2845 2719 3101 2787 operibus
3129 2717 3283 2773 bouis
3310 2718 3602 2771 instructus
3648 2725 3754 2779 est,

2159 2813 2312 2868 facile
2354 2813 2520 2882 possit
2568 2812 2694 2866 hinc
2735 2820 2951 2881 peccata
2998 2825 3093 2865 sua
3122 2810 3376 2879 obtegere
3409 2827 3421 2862 :
3453 2809 3543 2879 qui
3571 2817 3756 2862 autem

2159 2905 2331 2960 nudus
2374 2913 2477 2970 est,
2524 2917 2860 2973 quocumque
2899 2901 3005 2956 telo
3044 2902 3353 2970 impetatur.
3386 2900 3604 2955 letalem
3636 2898 3755 2969 pla-

2159 3011 2277 3065 gam
2309 2995 2522 3062 accipit.
2574 2993 2652 3048 Ne
2673 2992 2838 3062 igitur
2866 2991 2966 3046 hoc
2995 2992 3222 3056 accidat,
3257 3006 3355 3046 nos
3384 2990 3541 3045 bonis
3571 2990 3754 3061 operi-

2158 3087 2258 3142 hus
2286 3089 2302 3118 ¹
2352 3087 2674 3150 muniamus,
2726 3094 2781 3140 et
2825 3085 2868 3138 si
2911 3084 3052 3152 quod
3094 3093 3374 3153 peccatum
3403 3082 3752 3145 admittatur,

2159 3175 2439 3232 c0nfestim
2471 3190 2568 3230 nos
2598 3176 2913 3237 abluatnus;
2949 3184 3004 3228 ut
3035 3173 3134 3228 hac
3172 3174 3276 3226 vita
3309 3174 3374 3227 ad
3404 3172 3499 3228 Dei
3525 3173 3756 3243 gloriam

2158 3277 2396 3338 peracta,
2443 3267 2617 3321 futura
2650 3266 2736 3320 illa
2772 3265 3010 3320 fruamur
3038 3265 3145 3318 vita
3177 3283 3190 3318 :
3220 3280 3379 3334 quam
3422 3278 3521 3318 nos
3561 3278 3758 3320 omnes

2157 3359 2376 3427 assequi
2407 3359 2701 3427 contingat,
2729 3357 2895 3426 gratia
2925 3366 2978 3411 et
3001 3356 3328 3426 benignitate
3352 3355 3561 3409 Domini
3585 3358 3756 3411 nostri

2155 3450 2280 3504 .lesu
2313 3449 2532 3516 Christi,
2563 3448 2646 3503 cui
2667 3447 2842 3518 gloria
2870 3457 2925 3502 et
2952 3448 3235 3515 imperium
3267 3447 3318 3501 in
3349 3445 3545 3501 smcula
3576 3460 3754 3501 saecu-

2160 3542 2354 3595 lorum.
2389 3543 2582 3594 Amen.

2223 3633 2239 3662 ί
2281 3630 2334 3679 In
2357 3629 2520 3678 Morel.
2546 3628 2669 3688 solo,
2687 3627 2764 3676 bte
2791 3640 2952 3686 voces,
2978 3626 3109 3677 bonis
3131 3625 3372 3688 operibus,
3395 3625 3628 3675 deerant.

1539 3851 1887 3913 HOMILIA
1936 3852 2203 3915 XXVII.
2248 3851 2334 3914 al.
2382 3849 2680 3911 XXVIII.

468 3974 593 4025 tier.
653 3973 703 4024 8.
759 3986 808 4022 v.
863 3971 947 4024 Η.
1005 3969 1068 4022 Et
1120 3985 1234 4022 cum
1288 3970 1505 4023 venisset
1543 3968 1690 4025 Iesus
1735 3975 1790 4025 in
1846 3973 2050 4026 domum

541 4063 700 4122 l'ett'i,
746 4062 867 4115 vidit
905 4077 1102 4115 socrum
1148 4066 1258 4131 ejus
1291 4063 1542 4132 jacentem
1568 4071 1614 4116 et
1650 4064 2052 4132 febricitantem:

541 4155 620 4206 iii.
665 4163 712 4204 et
753 4153 908 4222 tetigit
939 4167 1142 4204 utauum
1183 4157 1312 4221 ejus,
1343 4162 1390 4206 et
1416 4149 1617 4222 ret't'quit
1648 4171 1757 4209 eam
1787 4156 1940 4224 [ebria
1963 4173 1981 4210 :
2006 4167 2053 4211 et

537 4244 753 4296 surrexit
782 4251 826 4294 et
855 4242 1166 4295 ministrabat
1194 4243 1257 4296 ei.

539 4335 590 4386 ‘l.
637 4332 842 4386 Marsus
889 4341 945 4384 ut
987 4340 1198 4400 tempus
1245 4333 1608 4401 significaret,
1644 4334 1816 4397 dixit,
1871 4334 2055 4386 Statim

468 4426 485 4492 (
513 4422 672 4476 Marc.
709 4423 758 4476 l.
789 4422 848 4477 5t
873 4424 925 4491 ):
965 4422 1051 4477 hic
1082 4437 1205 4476 vero
1249 4423 1458 4491 signum
1493 4425 1829 4478 solummodo
1862 4427 2054 4493 posuit,

471 4526 783 4582 tempusque
814 4529 916 4568 non
946 4513 1166 4568 notavit.
1197 4514 1299 4567 Alii
1325 4524 1501 4569 autem
1531 4515 1731 4582 dicunt,
1753 4532 1950 4586 a'gram
1973 4518 2059 4572 de-

469 4607 808 4659 l-umbcntetn
856 4619 1072 4674 rogasse
1120 4604 1266 4658 illum
1307 4624 1319 4657 :
1367 4607 1452 4660 hic
1504 4622 1662 4675 porro
1716 4608 1842 4662 illud
1897 4611 2055 4663 etiam

471 4697 652 4750 tacuit.
703 4695 756 4748 lu
801 4710 900 4765 qua
943 4710 1000 4749 re
1032 4706 1204 4750 tamen
1255 4697 1396 4749 nulla
1432 4701 1512 4750 est
1539 4697 1928 4766 discrepantia;
1961 4701 2056 4755 sed

469 4787 613 4839 aliud
652 4796 736 4839 est
783 4785 1075 4850 brevitatis,
1121 4787 1261 4840 aliud
1306 4788 1556 4856 plenioris
1585 4792 1922 4845 narrationis.
1951 4791 2055 4847 Sed

473 4895 568 4932 cur
597 4883 869 4948 ingressus
897 4887 979 4932 est
1005 4879 1055 4932 in
1100 4878 1314 4932 domum
1360 4881 1538 4933 Petri?
1576 4881 1698 4934 Mihi
1731 4883 1940 4949 quidem
1975 4886 2056 4937 vi-

475 4971 627 5023 detur
655 5010 670 5036 ,
704 4978 760 5023 ut
803 4969 979 5023 cibum
1021 4979 1300 5024 sumeret:
1332 4970 1379 5023 id
1427 4970 1566 5040 quod
1611 4971 1892 5041 signiﬁcat,
1933 4989 2053 5028 cmn

473 5064 547 5112 ait
575 5076 587 5112 :
620 5059 873 5126 Surrexit,
905 5070 951 5112 et
983 5061 1294 5113 ministrabat
1330 5062 1394 5114 ei.
1425 5061 1554 5115 Nam
1595 5063 1731 5130 apud
1770 5063 2057 5134 discipulos

474 5150 793 5215 divertebnt,
828 5158 957 5206 utet
983 5151 1120 5221 apud
1151 5151 1472 5217 Mattltzeutn,
1499 5153 1710 5221 quando
1734 5154 1875 5208 illum
1904 5171 2056 5209 voca-

475 5246 567 5308 vit,
595 5248 797 5298 honore
827 5244 944 5298 illos
962 5245 1202 5299 alliciens
1234 5254 1286 5298 ut
1306 5246 1649 5299 studiosiores
1682 5247 1942 5301 redderet.
1977 5249 2054 5302 'l'u

483 5351 606 5388 vero
635 5335 721 5389 hic
745 5334 873 5388 mihi
901 5336 1207 5390 consideres
1237 5339 1389 5390 velim
1422 5337 1558 5390 Petri
1585 5353 1707 5406 erga
1732 5338 1878 5390 illum
1909 5355 2056 5393 reve-

479 5427 722 5480 rentiam.
755 5425 885 5480 Cum
927 5427 1066 5481 enim
1099 5442 1310 5482 socrum
1355 5428 1573 5482 haberet
1611 5429 1753 5482 domi
1794 5431 2056 5497 jacentcm

481 5529 530 5570 et
558 5517 839 5572 admodum
875 5516 1283 5582 febricitantem,
1326 5535 1429 5573 non
1474 5522 1631 5573 traxit
1669 5535 1789 5575 cum
1819 5521 2055 5589 domum,

481 5610 573 5662 sed
622 5609 947 5678 exspectavit
992 5609 1164 5665 donec
1202 5611 1456 5666 doctrinae
1489 5615 1792 5681 priedicatio
1818 5615 2059 5670 abSolve-

482 5710 649 5763 retur,
691 5702 976 5771 exterique
1015 5718 1200 5757 omnes
1245 5714 1580 5765 sanarentur,
1613 5715 1664 5761 et
1690 5716 1814 5758 tunc
1845 5705 2056 5760 domum

482 5803 601 5842 cum
633 5791 901 5857 intrasset,
933 5792 1077 5845 illttm
1108 5795 1329 5862 rogavit.
1357 5795 1441 5846 Sic
1471 5794 1533 5847 ait
1555 5797 1705 5851 initio
1741 5798 2050 5851 ittstitttcltaa

2161 3981 2260 4035 tur,
2291 3981 2350 4024 ut
2379 3986 2463 4024 res
2503 3957 2730 4022 aliorum
2767 3970 2876 4022 suis
2902 3951 3481 4041 anteponeret.hltaque
3510 3987 3618 4026 non
3651 3966 3758 4021 Pe-

2161 4073 2271 4118 trus
2299 4063 2468 4132 ipsmn
2488 4061 2721 4124 induxit,
2745 4059 2838 4113 sed
2857 4061 2968 4128 ipse
2990 4071 3182 4129 sponte
3199 4062 3436 4129 intravit,
3468 4075 3758 4132 postquam

2158 4155 2400 4208 centurio
2421 4153 2626 4208 dixerat
2658 4171 2668 4204 :
2699 4150 2818 4205 Non
2840 4168 2950 4204 sum
2968 4154 3172 4220 dignus,
3201 4164 3254 4204 ut
3275 4155 3429 4208 intres
3449 4155 3542 4207 sub
3567 4166 3758 4210 tectum

2160 4260 2362 4305 meum;
2402 4244 2682 4297 declarans
2735 4253 2990 4312 quantum
3035 4243 3421 4313 gratiﬁcaretur
3462 4246 3734 4317 discipulo

2164 4336 2319 4405 Atqui
2346 4335 2652 4390 consideres
2682 4337 2839 4390 velim
2869 4337 3054 4405 quales
3078 4346 3260 4390 essent
3295 4337 3621 4406 piscatorum
3653 4339 3756 4392 ho-

2163 4444 2344 4482 rumce
2368 4430 2539 4492 cedes;
2571 4435 2804 4482 attamen
2834 4428 2887 4482 in
2937 4429 3147 4484 illorum
3178 4430 3382 4500 tuguria
3416 4432 3620 4486 intrare
3647 4449 3756 4488 non

2160 4521 2472 4591 dedignatus
2502 4531 2616 4580 est;
2642 4537 2747 4590 quo
2771 4537 2867 4576 nos
2887 4522 3107 4577 doceret
3135 4533 3192 4576 nt
3216 4523 3268 4576 in
3290 4524 3540 4578 omnibus
3557 4523 3758 4580 fastum

2163 4615 2424 4669 calcemus
2457 4615 2765 4667 humanum.
2816 4613 2880 4666 Et
2907 4613 3068 4667 modo
3096 4614 3310 4684 quidem
3339 4615 3518 4670 verbis
3546 4625 3756 4672 tantum

2163 4715 2334 4767 sanat,
2370 4706 2527 4760 modo
2566 4720 2782 4760 manum
2825 4707 3069 4776 porrigit,
3104 4707 3263 4761 modo
3293 4717 3580 4780 utrumque
3611 4725 3755 4779 pne-

2162 4803 2285 4856 stat,
2321 4795 2635 4848 medicinam
2664 4793 2734 4848 ob
2765 4794 2952 4849 oculos
2977 4795 3197 4850 ducens.
3232 4795 3345 4851 Non
3367 4799 3510 4853 enim
3537 4799 3757 4855 volebat

2163 4902 2375 4954 semper
2422 4886 2684 4956 stupcudo
2724 4887 2883 4941 modo
2935 4888 3188 4941 miracula
3234 4890 3418 4945 edere.
3460 4890 3756 4960 Oportebat

2162 4982 2354 5047 quippe
2379 4979 2586 5032 interim
2610 4980 2795 5038 latere.
2821 4981 3050 5034 maxime
3071 4983 3424 5050 praesentibus
3449 4982 3752 5053 discipulis,

2161 5072 2248 5140 qui
2281 5085 2341 5123 ex
2378 5072 2538 5125 nimio
2579 5072 2772 5140 gaudio
2799 5072 2972 5126 omnia
3011 5074 3409 5141 prmdicasseut.
3445 5075 3576 5130 lllttd
3624 5094 3757 5132 vero

2164 5164 2284 5216 hinc
2314 5165 2479 5231 palatii
2509 5174 2609 5229 est,
2645 5165 2783 5233 quod
2818 5177 3091 5236 postquam
3141 5170 3372 5222 venisset
3409 5169 3460 5222 in
3489 5178 3754 5238 montem,

2163 5255 2472 5323 pratciperet
2501 5257 2797 5323 discipulis,
2835 5273 2901 5312 ne
2928 5260 3010 5311 cui
3041 5259 3090 5311 id
3122 5260 3379 5315 dict-rent.
3402 5260 3597 5331 Tetigit
3623 5279 3757 5332 ergo

2161 5346 2376 5413 enrpus',
2412 5364 2584 5414 neque
2615 5347 2770 5400 modo
2803 5348 2991 5402 febrim
3025 5353 3300 5413 exstinxit,
3336 5351 3429 5407 sed
3459 5361 3514 5408 et
3547 5353 3759 5409 valetu-

2162 5438 2341 5492 dinem
2386 5439 2539 5507 plene
2581 5440 2846 5493 restituit:
2877 5442 2998 5510 quia
3027 5443 3168 5496 enim
3210 5444 3341 5498 levis
3365 5453 3481 5498 erat
3506 5446 3754 5510 morbus,

2164 5544 2226 5583 ex
2253 5529 2497 5584 medendi
2537 5528 2696 5584 modo
2721 5531 3007 5599 potentiam
3049 5546 3200 5588 suam
3226 5533 3485 5601 ostendit;
3529 5535 3580 5590 id
3608 5535 3758 5606 quod

2163 5635 2250 5673 ars
2281 5619 2554 5674 medicinae
2582 5635 2688 5674 non
2715 5620 2947 5676 fecisset.

2239 5710 2476 5765 Christus
2493 5711 2725 5765 celeriter
2741 5714 2941 5766 morbos
2958 5715 3225 5784 auferebat
3237 5715 3485 5770 .—Scitis
3501 5730 3756 5775 cessante

2169 5800 2317 5853 febre
2345 5803 2510 5854 multo
2540 5812 2778 5873 tempore
2809 5821 2941 5874 opus
2964 5822 3101 5864 esse,
3141 5819 3193 5859 ut
3219 5809 3343 5877 nigri
3374 5808 3424 5861 in
3461 5809 3750 5880 pristinum
