4066 6458
304 482 670 541 valetudinem
699 480 1070 537 restituantur.
1092 474 1200 532 Sed
1229 484 1353 531 tunc
1375 473 1555 529 omnia
1581 472 1738 526 simul
1765 470 1904 525 facta

304 584 457 631 sunt.
486 574 606 629 Non
646 572 735 627 hic
760 578 939 625 autem
980 568 1180 633 solum,
1214 564 1309 620 sed
1334 565 1496 619 etiam
1529 564 1579 616 in
1608 561 1764 615 mari.
1797 559 1909 614 lllic

305 665 451 720 enim
482 679 588 719 non
619 670 808 718 ventos
840 669 1043 715 tantum
1070 673 1127 714 et
1153 664 1524 727 tempestatem
1552 652 1783 715 sedavit,
1811 645 1912 705 sed

306 760 469 813 etiam
495 764 701 810 motum
718 752 971 807 ﬂuctuum
998 751 1177 806 statim
1200 745 1540 817 compressit,
1568 742 1710 814 quod
1734 744 1909 812 ipsum

306 849 469 904 etiam
498 846 773 901 insolitum
798 852 916 899 erat
943 858 959 898 :
988 841 1199 898 etiamsi
1226 839 1371 894 enim
1399 844 1689 907 tempestas
1709 843 1904 897 cesset,

307 940 477 993 multo
507 944 696 1008 postea
742 946 987 1005 tempore
1029 932 1185 988 undae
1225 930 1506 986 ﬂuctuant.
1544 928 1651 984 Sed
1688 942 1794 982 non
1838 926 1911 981 ita

308 1029 509 1084 Christi
551 1026 721 1098 jussio
761 1034 1050 1097 operatur:
1078 1024 1259 1079 omnia
1284 1022 1427 1079 enim
1457 1020 1637 1075 statim
1674 1026 1908 1085 cessant,

309 1129 367 1175 ut
394 1120 447 1175 in
473 1120 699 1174 muliere
724 1118 922 1174 factum
945 1127 1049 1174 est.
1078 1117 1142 1172 Et
1163 1116 1267 1172 hoc
1286 1116 1568 1170 declarans
1586 1111 1910 1182 evangelista

306 1213 521 1268 dicebat
546 1229 561 1265 :
587 1212 843 1276 Surrexit,
885 1218 933 1264 et
956 1210 1272 1265 ministrabat
1297 1209 1376 1272 ei;
1400 1207 1542 1277 quod
1568 1205 1771 1260 Christi
1799 1204 1909 1257 vir-

310 1305 437 1358 tutis
466 1302 679 1372 signum
722 1294 877 1367 erat,
911 1316 1121 1356 necnon
1164 1299 1389 1354 allectus
1434 1297 1698 1360 mulieris,
1747 1310 1909 1366 quem

306 1409 433 1464 erga
461 1394 734 1449 Christum
756 1391 1019 1449 exhibuit.
1061 1392 1227 1447 Aliud
1252 1406 1465 1462 quoque
1496 1390 1620 1444 hinc
1651 1388 1911 1457 perspici-

306 1502 447 1552 mus,
482 1501 678 1555 nempe
716 1485 942 1541 aliorum
965 1483 1087 1541 ﬁdei
1120 1485 1393 1540 Christum
1417 1485 1645 1538 aliorum
1671 1482 1909 1537 curatio-

306 1593 429 1631 nem
441 1578 764 1633 concedere.
778 1576 911 1632 Nam
925 1576 1011 1631 hic
1022 1576 1113 1631 alii
1128 1577 1297 1645 ipsum
1311 1574 1590 1645 rogabant,
1610 1574 1837 1628 utetiam
1857 1574 1910 1628 in

306 1684 475 1740 puero
486 1670 839 1725 centurionis.
858 1668 1173 1737 Hujusmodi
1188 1684 1316 1723 vero
1332 1668 1558 1737 gratiam
1573 1667 1802 1721 aliorum
1818 1681 1909 1722 ro-

304 1773 429 1833 gatu
445 1760 778 1817 concedebat
794 1759 1119 1830 (dummodo
1139 1760 1185 1814 is
1209 1760 1301 1830 qui
1312 1758 1602 1814 curabatur
1615 1756 1908 1829 crederet),

304 1870 426 1910 cum
444 1870 552 1909 non
574 1862 786 1923 poterat
796 1869 937 1924 aeger
950 1856 1121 1923 ipsum
1135 1853 1444 1915 convenire,
1458 1851 1544 1908 vel
1559 1867 1680 1907 cum
1694 1860 1913 1922 propter

307 1947 663 2016 ignorantiam
708 1961 814 2001 non
855 1960 1107 2015 magnum
1128 1944 1256 2015 quid
1288 1943 1555 2000 sentiebat
1578 1943 1647 2001 de
1670 1942 1908 2009 Christo,

305 2038 393 2095 vel
417 2054 542 2094 cum
562 2048 694 2093 tetas
718 2037 844 2107 aegri
866 2037 1147 2091 immatura
1173 2046 1307 2092 erat.
1359 2035 1449 2091 16.
1508 2034 1726 2107 Vespere
1744 2044 1913 2090 autem

308 2132 465 2199 facto,
492 2128 783 2182 obtulerunt
812 2128 858 2183 ei
886 2128 1072 2182 multos
1091 2128 1344 2182 dwmonia
1374 2127 1629 2191 habentes,
1657 2136 1705 2182 et
1741 2128 1912 2199 ejicie-

307 2219 391 2273 bat
412 2219 622 2287 spiritus
646 2235 822 2273 eorum
846 2219 910 2272 ab
939 2220 1009 2273 eis
1033 2219 1200 2286 verba,
1238 2228 1287 2272 et
1312 2234 1485 2273 omnes
1518 2219 1651 2273 male
1675 2219 1912 2275 habentes

307 2312 535 2373 curabat,
571 2312 658 2366 I7.
686 2320 744 2364 ut
758 2311 1119 2380 adimpleretur
1138 2310 1275 2380 quod
1291 2311 1483 2364 dictum
1498 2322 1570 2365 est
1598 2326 1688 2379 per
1717 2308 1911 2365 Isaiam

307 2402 613 2472 prophetam
635 2417 654 2455 :
681 2399 712 2453 1
716 2418 803 2469 pse
820 2401 1144 2469 inﬁrmitates
1170 2410 1372 2456 nostras
1391 2402 1605 2472 accepit,
1633 2411 1679 2455 et
1703 2402 1913 2471 agritu-

307 2494 451 2547 dines
478 2492 697 2562 portavit
718 2492 737 2558 (
754 2492 884 2547 Isoi.
909 2494 998 2548 55.
1030 2494 1118 2563 4).
1147 2492 1334 2548 Viden’
1363 2493 1715 2549 multitudinis
1750 2492 1909 2549 ﬁdem

306 2586 563 2656 deinceps
592 2585 914 2640 adauctam?
943 2585 1126 2655 Neque
1151 2587 1317 2650 enim,
1350 2598 1574 2657 urgente
1618 2588 1743 2643 licet
1771 2596 1908 2644 tem-

307 2691 459 2745 pore,
490 2676 744 2731 recedere
776 2677 1052 2740 volebant.
1084 2692 1259 2747 neque
1288 2677 1723 2747 intempestivum
1753 2688 1905 2749 puta-

308 2769 435 2824 bant
464 2770 509 2824 si
554 2783 777 2839 vesperc
815 2778 1047 2839 mgrotos
1093 2785 1220 2825 suos
1261 2770 1610 2826 adducerent.
1656 2772 1733 2826 Tu
1786 2786 1911 2827 vero

306 2860 440 2914 mihi
497 2860 791 2930 perpende,
842 2868 1095 2928 quantam
1151 2860 1547 2916 multitudinem
1601 2877 1786 2916 eorum
1819 2864 1911 2932 qui

303 2955 592 3007 sanitatem
623 2961 947 3021 acceperunt
975 2960 1387 3022 prxtereurrant
1408 2953 1770 3021 evangelistze,
1803 2970 1909 3008 non

304 3045 581 3116 sigillatim
622 3055 987 3107 recensentes,
1029 3044 1125 3099 sed
1170 3058 1277 3098 uno
1317 3045 1483 3099 verbo
1527 3046 1909 3099 miraculorum

307 3137 529 3207 pelagus
578 3137 898 3191 immensum
946 3133 1262 3192 referentes.
1307 3135 1511 3191 Deinde
1558 3152 1629 3191 ne
1665 3137 1910 3191 miraculi

306 3228 621 3297 magnitudo
661 3228 1091 3283 incredulitatem
1132 3236 1364 3297 pareret,
1399 3230 1541 3296 quod
1571 3237 1776 3281 tantum
1817 3242 1913 3296 po-

306 3321 494 3388 pulum
534 3329 640 3373 tam
682 3320 843 3374 variis
870 3318 1117 3374 ail‘eCtuin
1163 3320 1365 3373 morbis
1395 3319 1448 3371 in
1478 3329 1752 3375 momento
1778 3328 1913 3373 tem-

276 3411 454 3485 poris
498 3413 722 3467 solverit
764 3420 819 3466 et
862 3412 1148 3475 curaverit,
1210 3411 1286 3465 rei
1321 3419 1508 3465 testem
1544 3411 1759 3466 adducit
1790 3427 1913 3481 pro-

308 3506 546 3577 phetam,
594 3518 839 3575 magnam
888 3503 1084 3573 ubique
1121 3517 1187 3555 ex
1219 3500 1511 3571 Scripturis
1554 3518 1731 3557 rerum
1770 3518 1911 3572 pra:-

305 3598 597 3653 dictionem
644 3593 954 3658 ostendens,
1001 3593 1168 3664 signis
1216 3594 1346 3662 ipsis
1395 3609 1502 3648 non
1551 3593 1908 3664 inferiorem:

309 3692 455 3757 Ilaec,
486 3688 676 3766 inquit,
709 3685 873 3742 Isaias
902 3686 1068 3740 dicit:
1102 3683 1440 3751 Iri/inuitam
1464 3694 1662 3739 nostras
1692 3688 1909 3755 accepit,

308 3800 353 3844 et
378 3786 706 3859 (egritudines
731 3786 967 3857 portavit.
996 3784 1111 3839 Non
1138 3782 1289 3849 dixit,
1323 3782 1525 3845 Solvit;
1556 3782 1672 3845 sed,
1706 3783 1912 3851 Accepit

306 3893 355 3935 et
401 3878 827 3950 portavit:quod
875 3877 943 3932 de
990 3876 1227 3947 peccatis
1267 3876 1443 3945 potius
1488 3873 1618 3928 mihi
1649 3874 1849 3929 dictum
1880 3889 1910 3927 a

308 3972 571 4044 prOpheta
600 3970 827 4034 videtur,
859 3984 1017 4039 quam
1051 3968 1118 4023 de
1141 3965 1363 4029 morbis,
1388 3973 1441 4021 et
1468 3980 1589 4020 cum
1620 3964 1720 4019 hoc
1749 3963 1913 4018 Joan-

309 4067 393 4121 nis
409 4066 555 4120 dicto
577 4072 871 4124 consonat;
902 4060 1029 4115 Ecce
1046 4076 1208 4130 agnus
1236 4058 1350 4126 Dei,
1378 4058 1465 4127 qui
1494 4057 1626 4111 tollit
1650 4068 1911 4127 peccatum

310 4156 487 4209 mundi
519 4153 697 4220 (Joan.
723 4154 776 4209 I.

378 4249 434 4307 2.
477 4248 752 4302 Peccatum
796 4244 1085 4298 morborum
1132 4258 1305 4297 causa.
1350 4240 1539 4295 Christi
1580 4241 1828 4295 modestia
1866 4250 1913 4295 et

310 4338 659 4411 pulchritudo.
676 4366 749 4377 --
766 4335 1049 4403 Quomodo
1076 4351 1205 4405 ergo
1233 4334 1465 4404 idipsum
1499 4334 1568 4391 de
1593 4334 1798 4389 morbis
1826 4334 1913 4389 hic

310 4434 462 4507 ponit
490 4431 848 4502 evangelista?
876 4430 968 4485 Vel
991 4430 1132 4499 quod
1156 4429 1412 4485 historico
1444 4445 1595 4485 more
1625 4441 1677 4486 et
1700 4432 1764 4485 ad
1789 4431 1915 4485 lite-

308 4542 425 4582 ram
454 4525 557 4580 hoc
587 4522 948 4579 testimonium
982 4522 1143 4593 legat,
1171 4523 1253 4577 vel
1280 4531 1334 4576 ut
1360 4522 1607 4576 ostendat
1628 4522 1913 4593 plerosque

311 4619 535 4675 morbos
564 4631 627 4671 ex
676 4614 908 4686 peccatis
937 4616 1130 4667 animae
1170 4613 1457 4683 proﬁcisci.
1491 4612 1623 4666 Nam
1656 4615 1700 4667 si
1743 4629 1910 4678 mors,

309 4725 434 4780 quae
462 4715 621 4776 caput
644 4714 727 4762 est
753 4705 1015 4769 omnium,
1045 4720 1112 4760 ex
1140 4711 1361 4773 peccato
1381 4703 1642 4772 originem
1671 4708 1913 4759 occasio-

311 4813 543 4868 nemque
588 4796 792 4863 habuit,
825 4796 994 4849 multo
1036 4796 1206 4864 magis
1244 4794 1589 4864 aegritudines
1620 4794 1743 4848 hinc
1781 4804 1914 4850 ortae

310 4900 441 4946 sunt
468 4909 481 4945 :
513 4888 946 4961 quandoquidem
974 4888 1100 4942 hinc
1124 4887 1284 4941 etiam
1306 4886 1507 4952 evenit,
1539 4898 1594 4939 ut
1621 4902 1719 4941 nos
1748 4888 1918 4956 passi-

311 4986 451 5041 biles
473 4984 660 5038 simus.
689 4983 776 5038 I8.
811 4981 999 5035 Videas
1028 4980 1181 5034 Jcsus
1209 4983 1379 5033 turbas
1408 4981 1593 5033 multas
1619 4980 1812 5033 circum
1836 4997 1911 5046 se,

309 5081 463 5148 iussit
484 5078 833 5147 transfretare.
860 5073 1048 5129 Viden’
1064 5090 1275 5128 rursum
1307 5089 1465 5144 quam
1496 5075 1563 5128 sit
1587 5074 1655 5127 ab
1679 5082 1916 5127 ostenta-

311 5174 462 5227 tione
504 5164 750 5225 alienus?
794 5166 927 5223 Nam
972 5166 1149 5222 caeteri
1192 5165 1393 5230 dicunt,
1426 5166 1598 5234 ipsum
1642 5156 1915 5219 dri-mones

316 5264 627 5327 increpasse
646 5275 716 5313 ne
739 5258 979 5313 dicerent
1004 5256 1121 5326 quis
1146 5264 1291 5309 esset
1317 5272 1328 5306 :
1355 5255 1441 5309 hic
1472 5270 1596 5309 vero
1618 5255 1713 5318 ait,
1741 5257 1912 5323 ipsum

312 5353 583 5406 amovisse
624 5352 825 5405 turbas.
862 5347 994 5401 Illud
1032 5356 1209 5401 autem
1237 5346 1447 5415 agebat,
1478 5353 1587 5399 tum
1615 5354 1673 5398 ut
1702 5362 1796 5399 nos
1837 5345 1915 5397 in-

312 5446 563 5497 stitueret
587 5441 911 5509 doceretque
942 5438 1280 5502 modestiam,
1315 5447 1423 5490 tum
1460 5447 1517 5489 ut
1544 5437 1798 5489 invidiam
1822 5451 1913 5491 se-

314 5536 468 5589 daret
509 5533 807 5597 Judaicam,
858 5531 1182 5599 doceretque
1226 5529 1356 5581 nihil
1402 5527 1471 5581 ad
1497 5529 1912 5582 ostentationem

314 5642 437 5683 esse
483 5624 803 5679 faciendum.
838 5622 953 5676 Non
1000 5622 1142 5675 enim
1173 5633 1399 5689 corpora
1445 5628 1645 5673 tantum
1670 5617 1909 5681 curabat,

314 5720 410 5774 sed
442 5718 601 5771 etiam
629 5714 949 5769 emendabat
975 5714 1228 5768 animam.
1264 5712 1539 5779 IpS'lIlllllIC
1566 5708 1631 5762 ad
1673 5709 1912 5777 philoso-

316 5811 493 5881 phiam
544 5808 885 5863 institucbat°
920 5822 1039 5860 sese
1086 5815 1310 5872 utroque
1356 5801 1514 5855 modo
1552 5801 1829 5864 exhibens,
1860 5809 1912 5855 et

1296 355 1360 413 IN
1395 352 1806 413 MATTIIEUM
1846 350 2073 410 IIOMIL
2121 350 2331 407 XXVII.
2373 352 2444 407 al.
2491 352 2725 409 XXVIII.

3536 357 3640 415 516

2020 468 2241 524 morbos
2267 479 2569 537 curantem,
2619 479 2674 526 et
2718 470 2852 526 nihil
2896 487 2963 529 ex
2992 473 3133 530 fastu
3174 484 3446 547 agentem.
3482 478 3633 534 Multi

2018 562 2216 631 quippe
2261 562 2363 632 ipsi
2411 562 2686 618 hmrebant
2735 578 2921 620 amore
2963 565 3429 635 admirationeque
3461 570 3634 638 ducti,

2016 664 2181 724 atque
2234 655 2409 724 ipsum
2462 670 2678 725 semper
2728 657 2914 713 videre
2956 659 3256 729 cupientes.
3303 662 3434 729 Quis
3482 664 3628 718 enim

2018 746 2394 813 abscessisset,
2444 746 2571 802 dum
2605 748 2695 805 ille
2728 758 2873 806 tanta
2917 751 3173 807 miracula
3217 755 3494 824 patraret?
3539 765 3633 810 aut

2017 835 2139 903 quis
2168 835 2429 891 noluisset
2472 836 2662 894 faciem
2689 848 2744 895 et
2780 855 2844 896 os
2887 841 3012 896 talia
3046 841 3318 913 loquentis
3345 845 3631 914 aspicere?

2018 925 2202 995 Neque
2246 928 2391 983 enim
2435 944 2504 985 ex
2549 932 2806 1002 prodigiis
2864 940 3072 988 tantum
3112 934 3484 1003 admirandus,
3533 936 3629 992 sed

2018 1018 2186 1086 ipsius
2210 1019 2385 1074 solum
2408 1032 2733 1092 conspectus
2757 1025 2926 1095 gratia
2958 1026 3127 1081 multa
3160 1027 3351 1096 plenus
3391 1035 3547 1083 erat:
3577 1029 3633 1083 id

2019 1110 2160 1180 quod
2194 1111 2436 1168 indicans
2484 1114 2745 1185 propheta
2801 1116 3018 1173 dicebat
3064 1136 3078 1171 :
3130 1118 3413 1189 Speciosus
3462 1125 3634 1191 fama

2020 1220 2129 1273 pra:
2156 1205 2279 1273 filiis
2307 1204 2570 1261 hominum
2623 1207 2641 1279 (
2664 1206 2809 1263 Psai.
2851 1210 2942 1265 44.
2971 1211 3006 1265 5
3026 1210 3067 1279 ).
3097 1211 3250 1279 Quod
3278 1212 3327 1266 si
3360 1211 3524 1269 Isaias
3548 1212 3632 1273 di-

2020 1304 2126 1362 cat,
2155 1295 2276 1351 Nou
2300 1297 2514 1352 habebat
2532 1300 2750 1367 speciem
2774 1317 2933 1370 neque
2957 1300 3189 1356 decorem
3220 1300 3240 1374 (
3254 1301 3383 1357 lsai.
3413 1303 3503 1360 55.
3533 1303 3568 1357 2
3584 1304 3629 1376 ),

2017 1396 2111 1442 aut
2142 1388 2272 1442 illud
2301 1388 2369 1443 de
2393 1389 2689 1445 divinitatis
2712 1390 2883 1461 gloria
2924 1391 3181 1447 inell'abili
3221 1393 3505 1464 intelligit;
3538 1405 3630 1450 aut

2020 1495 2083 1535 ea
2108 1496 2227 1555 quae
2253 1482 2306 1535 in
2338 1483 2589 1552 passione
2615 1493 2765 1552 gesta
2787 1492 2914 1539 sunt
2942 1493 3146 1553 narrat,
3172 1486 3632 1558 ignominiamque

2019 1574 2165 1629 illam
2193 1590 2353 1645 quam
2393 1576 2570 1631 crucis
2603 1587 2848 1646 tempore
2872 1577 3146 1641 sustinuit,
3179 1588 3272 1632 aut
3314 1580 3629 1635 tenuitatem

2019 1666 2164 1721 illam
2205 1682 2363 1737 quam
2395 1677 2509 1722 toto
2546 1669 2669 1723 vita:
2698 1677 2945 1738 tempore
2986 1670 3039 1723 in
3086 1671 3335 1725 omnibus
3364 1671 3629 1726 exhibuit.

2017 1758 2135 1813 Non
2159 1769 2338 1813 autem
2387 1760 2534 1828 prius
2581 1759 2934 1815 transfretare
2973 1759 3155 1830 jussit,
3204 1776 3365 1831 quam
3408 1763 3632 1816 morbos

2017 1858 2283 1905 curasset.
2312 1850 2565 1919 Alioquin
2616 1865 2723 1906 non
2769 1851 2820 1905 id
2864 1851 3011 1910 ferre
3035 1853 3358 1922 potuissent.
3386 1853 3458 1911 Ut
3486 1858 3630 1911 cuitu

2018 1942 2072 1997 in
2101 1950 2285 1998 monte
2328 1957 2435 1998 non
2478 1943 2825 1999 concionanti
2868 1943 3031 1998 modo
3058 1944 3305 2012 aderant,
3334 1946 3431 2001 sed
3467 1948 3631 2003 etiam

2017 2034 2264 2090 silentem
2287 2034 2652 2106 sequebantur
2679 2052 2693 2090 :
2736 2035 2814 2091 sic
2852 2036 3016 2091 etiam
3050 2052 3194 2091 nunc
3225 2054 3331 2091 non
3360 2040 3627 2095 miracula

2017 2127 2200 2183 edenti
2230 2137 2434 2183 tantum
2461 2128 2775 2195 haerebant;
2803 2129 2900 2185 sed
2926 2130 3091 2185 etiam
3122 2140 3245 2200 post
3283 2131 3426 2187 edita
3455 2133 3633 2204 signa,

2019 2219 2105 2275 vel
2130 2234 2195 2275 ex
2221 2220 2337 2290 ejus
2364 2220 2513 2275 vultu
2540 2229 2594 2275 et
2618 2232 2913 2291 conspectu
2937 2237 3187 2292 magnam
3213 2224 3507 2294 carpebant
3530 2226 3635 2280 nti-

2020 2312 2245 2367 litatem.
2277 2312 2411 2367 Nam
2440 2313 2487 2368 si
2514 2312 2725 2385 Moyses
2753 2314 2926 2384 gloria
2965 2315 3365 2385 splendentem,
3398 2316 3635 2388 Stepha-

2018 2421 2120 2460 nus
2162 2406 2465 2474 angelicum
2512 2405 2715 2459 vultum
2769 2406 2977 2473 habuit,
3025 2409 3201 2479 cogita
3243 2411 3456 2479 qualem
3508 2420 3635 2467 tunc

2018 2497 2331 2566 apparuisse
2346 2512 2688 2553 communem
2709 2498 2994 2553 Dominum
3024 2502 3316 2558 verisimile
3342 2512 3444 2558 est.
3473 2502 3637 2561 Forte

2017 2604 2147 2644 vero
2178 2589 2329 2643 multi
2352 2589 2464 2659 jam
2494 2589 2611 2659 ejus
2644 2589 2888 2646 videndae
2928 2592 3177 2663 imaginis
3206 2594 3501 2663 cupiditate
3550 2598 3635 2649 iu-

2018 2681 2165 2735 censi
2190 2690 2318 2735 sunt
2346 2699 2358 2733 :
2391 2680 2488 2736 sed
2515 2683 2559 2735 si
2592 2682 2839 2747 velimus,
2869 2684 3027 2753 longe
3056 2686 3482 2755 splendidiorem
3518 2688 3635 2758 ipsa

2017 2770 2338 2827 videbimus.
2362 2771 2494 2826 Nam
2544 2772 2587 2826 si
2616 2788 2738 2827 cum
2777 2774 2967 2827 fiducia
2998 2784 3054 2828 et
3082 2775 3278 2831 virtute
3318 2777 3481 2831 vitam
3516 2794 3638 2847 per-

2016 2878 2261 2933 agamus,
2307 2864 2360 2917 in
2394 2862 2626 2917 nubibus
2672 2864 2846 2933 ipsum
2892 2865 3247 2935 excipiemus,
3278 2867 3491 2922 obviam
3533 2870 3640 2938 ipsi

2020 2954 2297 3009 venientes
2320 2954 2371 3007 in
2399 2954 2686 3007 immortali
2710 2965 2766 3009 et
2794 2955 3187 3024 iucorruptibili
3217 2972 3466 3029 corpore.
3500 2960 3634 3014 Per-

2020 3045 2194 3115 pende
2223 3054 2404 3099 autem
2429 3060 2589 3115 quam
2623 3047 2816 3099 leniter
2856 3046 3292 3115 ipsosamoveat,
3326 3065 3425 3104 nec
3453 3049 3638 3105 deter-

2020 3145 2155 3190 reat.
2198 3134 2317 3190 Non
2343 3135 2487 3189 enim
2517 3135 2672 3198 dixit,
2717 3134 3013 3201 Recedite;
3045 3136 3140 3191 sed
3172 3137 3523 3195 transfretare
3547 3140 3637 3210 jn-

2020 3230 2131 3294 bet,
2162 3244 2310 3297 spem
2338 3227 2543 3283 faciens
2580 3242 2639 3282 se
2670 3227 2764 3280 illo
2795 3228 3143 3297 trajecturum
3175 3244 3316 3287 esse.
3344 3231 3435 3287 Sic
3466 3233 3637 3288 turba:

2020 3321 2237 3390 quidem
2286 3319 2513 3375 multum
2553 3320 2883 3375 exhibebant
2923 3322 3146 3387 amoris,
3192 3333 3397 3378 etcum
3439 3326 3635 3382 atl'eetu

2021 3428 2215 3482 magno
2244 3412 2643 3483 sequebantur;
2674 3428 2815 3467 unus
2833 3422 3015 3468 autem
3041 3417 3387 3483 pecuniarum
3419 3434 3634 3483 svrvus,

2019 3508 2433 3576 arrogantisque
2460 3505 2651 3575 plenus
2676 3507 2905 3560 accessit
2930 3521 2993 3561 ac
3019 3506 3155 3561 dixit
3184 3526 3195 3563 :
3232 3509 3319 3564 19.
3362 3508 3635 3582 Magister,

2018 3615 2202 3668 sequar
2232 3608 2279 3651 te
2302 3614 2619 3666 quocumque
2643 3598 2783 3651 ieris.
2815 3597 3277 3669 Vidistin’quanta
3303 3603 3638 3671 arrogantia?

2020 3693 2097 3744 Ac
2150 3690 2194 3743 si
2249 3704 2357 3743 non
2406 3689 2719 3760 dignaretur
2762 3704 2823 3744 se
2872 3704 2996 3745 cum
3039 3691 3192 3745 turba
3242 3707 3633 3760 annumerarc,

2018 3796 2188 3851 seque
2218 3792 2497 3836 ostentans
2537 3782 2689 3849 quasi
2730 3796 2838 3835 non
2866 3782 2920 3835 in
2951 3782 3091 3852 vulgi
3127 3784 3281 3839 turba
3319 3796 3638 3855 computau-

2018 3872 2141 3938 dus,
2170 3874 2248 3927 sic
2271 3873 2501 3927 accedit.
2532 3871 2689 3926 Tales
2718 3880 2843 3927 sunt
2869 3872 3075 3928 Judaici
3122 3890 3322 3940 mores,
3366 3876 3638 3947 intempeo

2021 3965 2158 4020 stiva
2218 3964 2360 4034 pleni
2408 3963 2622 4017 liducia.
2674 3963 2763 4019 Sic
2810 3973 2866 4020 et
2910 3964 3047 4020 alius
3108 3978 3293 4035 postea
3351 3969 3637 4025 silentibus

2019 4056 2270 4110 omnibus
2318 4056 2582 4122 insiliens,
2615 4055 2690 4108 ait
2720 4073 2732 4108 :
2769 4055 2919 4122 Quod
2959 4067 3033 4111 est
3061 4058 3286 4126 primum
3334 4060 3636 4113 mandatum

2020 4146 2236 4221 (Mauh.
2270 4148 2358 4201 22.
2389 4148 2523 4218 '56)?
2553 4136 2807 4201 Attamen
2858 4149 3121 4205 Dominus
3167 4153 3533 4221 importunam
3567 4155 3635 4207 li-

2020 4241 2282 4295 bertatem
2309 4256 2413 4293 non
2444 4239 2723 4307 corripuit,
2755 4246 2813 4293 ut
2838 4254 2936 4295 uos
2962 4239 3029 4294 ad
3055 4242 3361 4310 liujusmodi
3389 4245 3635 4299 homines

2022 4329 2273 4386 ferendos
2317 4330 2640 4383 institueret.
2692 4329 2818 4384 Ideo
2866 4344 2972 4384 non
3020 4332 3193 4400 palam
3237 4334 3509 4403 redarguit
3538 4351 3634 4389 eos

2021 4425 2111 4495 qui
2153 4426 2290 4478 mala
2318 4424 2620 4494 cogitarent
2644 4431 2657 4477 ἑ
2687 4423 2783 4478 sed
2812 4438 3000 4478 eorum
3024 4426 3263 4494 Opinioni
3282 4426 3631 4497 'respondet,

2022 4518 2152 4586 ipsis
2189 4516 2321 4571 solis
2358 4517 2780 4572 coniutationem
2827 4517 3214 4586 inspiciendam
3277 4520 3590 4590 relinquens
3617 4564 3633 4588 ,

2021 4607 2397 4679 duplicemque
2429 4609 2560 4677 ipsis
2588 4623 2785 4678 parens
2812 4610 3119 4678 utilitatem,
3152 4621 3207 4667 ut
3240 4628 3435 4683 nempe
3459 4616 3637 4669 sciant

2022 4717 2083 4756 se
2107 4699 2458 4756 conscientiae
2480 4709 2693 4756 secreta
2725 4715 2908 4767 nosse,
2939 4712 3103 4771 utque
3132 4711 3252 4772 post
3280 4704 3465 4759 datum
3495 4704 3637 4759 indi-

1999 4780 2164 4846 'cium
2197 4791 2329 4847 illud
2374 4791 2552 4847 adhuc
2597 4791 2785 4857 lateat,
2830 4793 2964 4847 dans
3005 4794 3182 4849 locum
3210 4796 3277 4850 ad
3306 4798 3635 4867 resipiscen-

2020 4889 2171 4954 dum,
2213 4889 2258 4942 si
2300 4887 2504 4941 velint:
2540 4886 2766 4955 idquod
2796 4902 2939 4941 nunc
2969 4887 3131 4941 etiam
3170 4887 3318 4943 fecit.
3360 4889 3456 4944 Hic
3487 4892 3634 4945 enim

2023 4980 2190 5034 multa
2218 4980 2366 5049 signa
2402 4978 2608 5043 videns,
2666 4978 2983 5047 turbamque
3014 4977 3347 5044 afﬂuentem,
3380 4980 3638 5048 sperabat

2022 5088 2079 5126 se
2107 5088 2172 5126 ex
2208 5080 2286 5125 tot
2332 5064 2601 5135 "timentis
2628 5069 2908 5123 ditandum
2937 5085 3079 5135 esse,
3113 5070 3340 5140 ideoque
3365 5072 3513 5125 illum
3545 5089 3632 5127 se-

2020 5165 2109 5235 qui
2132 5162 2403 5231 cupiehat.
2439 5161 2718 5217 Undenam
2746 5161 2847 5215 hoc.
2874 5161 3032 5215 nobis
3064 5162 3287 5229 patebit?
3308 5163 3388 5216 Ex
3412 5178 3635 5232 resp0n—

2022 5258 2174 5309 sione
2218 5255 2442 5318 Christi,
2486 5255 2578 5323 qui
2634 5269 2739 5307 non
2783 5252 2961 5308 verbis
3012 5254 3304 5323 loquentis,
3343 5253 3439 5308 sed
3467 5256 3637 5309 menti

2024 5346 2335 5416 respondet.
2378 5346 2515 5413 Quid
2542 5345 2723 5417 enim?
2752 5346 2958 5414 inquit;
2990 5360 3059 5397 an
3090 5346 3342 5413 pecunias
3386 5355 3437 5399 te
3468 5346 3637 5399 colle-
3700 5364 3705 5369 ·

2021 5450 2229 5493 cturum
2262 5454 2469 5508 speras,
2506 5440 2550 5493 si
2581 5454 2665 5493 me
2701 5438 2987 5508 sequaris?
3014 5454 3193 5492 annon
3224 5439 3372 5492 vides
3405 5438 3533 5495 mihi
3570 5455 3638 5493 ne

2022 5532 2380 5587 diversorium
2408 5531 2623 5600 quidem
2655 5547 2775 5586 esse
2803 5531 2959 5600 quale
2988 5531 3118 5597 ipsis
3134 5530 3324 5584 avibus
3355 5531 3477 5583 est?
3502 5528 3635 5583 Nam

2023 5628 2118 5692 ait,
2149 5624 2239 5679 20.
2283 5623 2471 5694 Vulpes
2501 5628 2671 5694 foveas
2724 5624 2928 5690 habent,
2957 5632 3003 5675 et
3039 5622 3266 5679 uolucres
3300 5621 3414 5679 cadi
3442 5622 3633 5683 nidos;

2093 5813 2103 5837 ¹
2145 5806 2256 5865 Alii,
2288 5811 2603 5867 (U'rogauttw.
