4066 6502
459 389 561 446 5i!)

456 517 486 555 ιι
517 498 793 555 vermibus
821 513 931 552 non
964 495 1200 561 corrodi,
1226 509 1329 549 non
1353 493 1404 547 in
1430 492 1702 561 sandapila
1729 491 1934 561 jacere,
1955 503 2060 542 non

457 589 649 645 oculos
688 589 982 649 clausisse,
1014 599 1186 655 neque
1245 583 1440 638 institis
1485 583 1704 652 ligatum
1748 596 1892 638 esse.
1926 579 2059 634 Nam

456 683 700 753 graviora
739 680 961 751 patitur,
991 695 1149 748 quam
1198 686 1470 739 mortuus,
1506 691 1612 729 non
1642 674 1918 728 vermibus
1941 688 2064 727 cor-

458 773 804 836 rodentibus,
838 772 934 826 sed
974 771 1100 824 feris
1143 767 1547 824 immanioribus
1581 765 1742 819 animi
1782 763 2064 818 affectibus

460 867 632 935 ipsum
656 863 1101 933 discerpentibus.
1122 863 1177 916 Si
1199 870 1375 915 autem
1399 870 1612 929 apertos
1638 858 1830 912 haheat
1853 856 2060 920 oculos,

461 957 562 1009 hoc
592 956 716 1009 item
745 956 902 1025 longe
946 956 1098 1024 pejus
1123 963 1227 1017 est,
1260 967 1418 1022 quam
1459 953 1503 1005 si
1531 951 1697 1005 clausi
1741 958 1941 1004 essent.
1969 948 2063 1003 Et-

458 1048 605 1100 enim
624 1047 764 1100 oculi
789 1046 985 1100 mortui
1008 1044 1140 1098 nihil
1161 1044 1281 1097 mali
1307 1043 1522 1105 vident;
1552 1042 1637 1096 hic
1663 1050 1842 1094 autem
1866 1040 2064 1108 apertis

457 1138 628 1192 oculis
667 1137 982 1192 innumeros
1023 1136 1122 1190 sibi
1159 1134 1382 1188 attrahit
1418 1132 1654 1187 morbos.
1702 1131 1814 1206 Ille‘
1822 1132 1969 1200 jacet
2008 1131 2062 1184 in

458 1227 734 1297 sandapila
763 1227 830 1282 ad
863 1226 1040 1283 omnia
1083 1224 1408 1287 immobilis;
1437 1224 1522 1278 hic
1557 1224 1608 1277 in
1637 1224 1895 1293 sepulcro
1919 1237 2064 1277 rnor-

458 1319 648 1374 borum
677 1319 826 1373 millc
859 1333 1025 1372 onere
1050 1316 1274 1370 obrutus
1312 1324 1413 1370 est.
1447 1316 1516 1368 At
1541 1329 1646 1368 non
1692 1314 1842 1368 vides
1866 1327 2063 1381 corpus

457 1416 574 1480 ejus
618 1409 890 1480 putridum
913 1408 936 1461 ?
963 1407 1031 1460 Et
1059 1406 1185 1476 quid
1231 1405 1368 1459 hoc?
1391 1404 1487 1458 llic
1513 1404 1711 1473 quippe
1729 1443 1746 1465 ,
1773 1412 2060 1472 antequam

455 1516 656 1572 corpus
681 1502 799 1570 ejus
829 1508 1120 1570 putrescat,
1143 1499 1376 1564 animam
1401 1497 1559 1551 habet
1584 1504 1911 1566 corruptam,
1934 1511 2061 1565 per-

456 1594 650 1660 ditam,
677 1593 871 1649 fanore
909 1593 1142 1661 plurimo
1173 1590 1564 1644 labefactatam.
1585 1588 1678 1644 llle
1719 1588 1934 1657 quidem
1967 1602 2063 1656 per

456 1685 644 1741 decem
667 1685 782 1740 dies
811 1685 980 1749 faetet,
1012 1683 1099 1736 hic
1129 1696 1258 1736 vero
1287 1696 1385 1752 per
1411 1689 1576 1734 totam
1617 1682 1778 1734 vitam
1812 1679 2060 1734 faetorem

455 1776 676 1838 emittit,
699 1789 762 1830 os
793 1774 996 1830 habens
1023 1773 1220 1828 cloacis
1239 1771 1727 1841 ipsisimmundius.
1745 1769 1866 1826 Uno
1895 1770 2064 1825 verbo

458 1876 665 1922 tantum
683 1865 750 1922 ab
780 1866 884 1920 hoc
905 1865 995 1920 ille
1015 1864 1212 1930 differt,
1237 1875 1492 1934 quantum
1514 1863 1603 1917 ille
1632 1862 1847 1933 quidem
1870 1877 2063 1917 corru-

459 1960 697 2027 ptionem
723 1966 925 2011 naturae
953 1956 1184 2010 debitam
1212 1955 1424 2023 patitur,
1452 1955 1537 2008 hic
1558 1970 1686 2008 vero
1707 1969 1827 2007 cum
1853 1953 1938 2007 illa
1963 1968 2064 2023 pu-

460 2050 688 2112 tredine,
710 2064 829 2103 eam
861 2048 1020 2103 etiam
1044 2062 1162 2116 qua:
1197 2063 1261 2101 ex
1294 2046 1496 2115 perdita
1524 2048 1696 2100 oritur
1719 2047 1828 2100 vita
1855 2045 1953 2100 sibi
1985 2055 2068 2098 at-

440 2128 653 2207 trahit;
677 2149 960 2196 sescentas
988 2141 1087 2195 sibi
1118 2140 1358 2209 quotidie
1383 2143 1688 2210 exe0gitans
1705 2141 2066 2209 cormptionis

458 2231 686 2301 species.
709 2231 816 2286 Sed
840 2231 928 2286 ille
951 2246 1089 2301 equo
1107 2230 1311 2298 fertur?
1332 2231 1469 2297 Quid
1494 2232 1594 2286 hoc
1617 2233 1738 2286 est?
1758 2231 1888 2284 Nam
1909 2231 1992 2284 hic
2010 2232 2064 2285 in

459 2322 598 2376 lecto
621 2320 926 2385 decumbit;
955 2319 1204 2389 quodque
1226 2321 1440 2389 gravius
1470 2330 1573 2383 cst,
1600 2321 1726 2374 dum
1765 2321 1910 2374 illum
1947 2336 2068 2374 cor-

460 2419 676 2480 ruptum
719 2421 774 2465 et
801 2410 1075 2466 fatentem
1121 2426 1278 2464 nemo
1315 2409 1479 2476 videt,
1502 2426 1625 2472 cum
1667 2426 1845 2464 arcam
1874 2411 2067 2466 habeat

459 2501 581 2555 velo
609 2510 887 2570 opertam;
936 2502 1023 2555 hic
1063 2502 1248 2557 vivens
1287 2516 1352 2556 ac
1393 2502 1607 2558 ftetidus
1646 2503 2066 2574 circumquaque

458 2601 703 2663 vagatur,
735 2602 998 2647 mortuam
1028 2593 1258 2646 animam
1285 2594 1336 2647 in
1364 2609 1600 2663 corpore.
1616 2595 1767 2664 quasi
1805 2598 1859 2649 in
1885 2596 2066 2664 sepul-

461 2699 553 2738 cro
579 2685 982 2739 circumferens.
1014 2687 1092 2739 Ac
1122 2689 1164 2739 si
1203 2697 1383 2755 posset
1409 2690 1583 2742 anima
1611 2691 1848 2758 conspici
1887 2691 1982 2743 viri
2011 2691 2066 2744 in

460 2776 671 2830 deliciis
713 2786 768 2831 et
795 2777 848 2830 in
884 2779 1116 2848 nequitia
1147 2779 1402 2845 viventis,
1436 2781 1646 2835 videres
1675 2783 1833 2850 longe
1872 2783 2065 2837 melius

459 2880 580 2922 esse
623 2867 675 2921 in
702 2868 948 2938 sepulcro
974 2869 1189 2938 ligatum
1209 2870 1391 2937 jacere
1409 2911 1424 2936 ,
1452 2888 1609 2938 quam
1638 2872 1841 2926 catenis
1872 2887 2063 2940 pecca-

461 2969 636 3015 torum
664 2962 995 3031 constringi;
1027 2977 1090 3015 ac
1138 2963 1364 3031 lapidem
1395 2966 1793 3033 superpositum
1839 2965 2058 3031 habere,

460 3069 619 3122 quam
649 3069 812 3124 grave
851 3054 978 3109 illud
1005 3055 1429 3111 insensibilitatis
1453 3059 1785 3127 operculum.
1817 3061 2064 3128 Quapro-

464 3153 580 3210 pter
609 3158 733 3197 com
748 3146 861 3198 enit
888 3155 945 3200 ut
973 3156 1307 3201 mortuorum
1331 3147 1589 3203 horumce
1606 3150 1917 3220 propinqui,
1937 3167 2065 3221 quo-

466 3237 610 3288 niam
651 3234 728 3287 illi
761 3236 840 3288 sic
878 3235 998 3289 sine
1027 3251 1191 3290 sensu
1215 3237 1422 3304 jaceut,
1457 3240 1524 3292 ad
1562 3239 1750 3294 Jesum
1790 3243 2056 3299 accedant

461 3339 557 3393 pro
587 3325 692 3378 illis
716 3367 730 3389 ,
757 3335 812 3378 ut
836 3326 961 3379 olim
991 3327 1152 3380 Maria
1184 3343 1280 3396 pro
1309 3329 1531 3385 Lazaro.
1566 3332 1789 3387 Etiamsi
1819 3334 2058 3402 foetidos,

460 3415 669 3469 etiamsi
693 3417 1077 3485 quatriduanns
1097 3420 1188 3484 sit,
1214 3436 1279 3473 ne
1312 3421 1604 3491 desperes:
1635 3424 1728 3479 sed
1758 3427 1975 3492 accede;
2007 3438 2062 3483 et

457 3505 689 3572 lapidem
735 3506 880 3574 prius
916 3523 1151 3563 remove.
1178 3509 1306 3563 Nam
1353 3520 1479 3566 tunc
1508 3515 1714 3568 videbis
1751 3517 2053 3584 jacenlcm,

457 3596 604 3663 quasi
639 3597 688 3650 in
716 3598 984 3666 sepulcro,
1018 3609 1074 3654 et
1096 3601 1272 3656 fasciis
1303 3603 1539 3672 ligatum.
1573 3606 1637 3660 Et
1684 3609 1726 3661 si
1776 3610 1968 3677 placet,
2004 3613 2055 3665 in

459 3687 689 3742 medium
729 3691 1030 3760 quempiam
1077 3687 1152 3746 ex'
1187 3694 1312 3749 viris
1359 3697 1654 3752 illustribus
1701 3700 2053 3758 adducamus.

455 3781 524 3834 At
551 3796 621 3835 ne
642 3783 907 3848 timentis;
940 3786 1101 3838 tacito
1130 3788 1325 3855 quippe
1355 3789 1572 3844 nurnine
1599 3794 1901 3861 exemplum
1933 3812 2056 3864 pro-

457 3871 654 3930 feram;
690 3872 819 3939 imo,
856 3875 900 3927 si
938 3890 1131 3929 nomen
1173 3877 1429 3945 dicerem,
1460 3896 1527 3934 ne
1570 3882 1648 3936 sic
1674 3883 1889 3951 quidem
1936 3903 2052 3942 me-

455 3965 706 4019 tuendum
737 3975 901 4020 esset.
930 3967 1060 4034 Quis
1089 3971 1231 4023 enim
1263 3987 1512 4041 umquam
1542 3985 1812 4030 mortuum
1840 3978 2051 4034 timuit?

1362 378 1428 436 IN
1463 375 1874 435 ΜΛΤΤΗᾹΞΗΜ
1916 367 2147 428 llOBIIL.
2191 371 2427 428 XXVIII.
2469 377 2540 431 al.
2583 377 2776 434 XXIX.

3575 434 3581 440 .
3667 382 3773 440 550

2172 461 2387 562 Siquid
2405 491 2547 545 enim
2579 491 2783 556 fecerit,
2814 500 3058 546 mortuus
3081 500 3264 548 tamen
3295 503 3508 558 manet;
3531 503 3775 549 mortuus

2170 600 2300 640 vero
2327 587 2593 639 viventem
2636 585 2833 640 lwdere
2877 585 3024 639 nullo
3054 596 3211 655 pacto
3253 597 3448 656 potest.
3484 585 3772 643 Videamus

2172 679 2350 746 itaque
2371 690 2532 747 caput
2552 678 2670 747 ejus
2701 678 2942 748 ligatum.
2966 678 3100 733 Nam
3127 695 3246 734 cum
3273 679 3467 734 crebro
3487 680 3596 736 sint
3615 682 3773 750 ebrii,

2170 770 2394 840 perinde
2437 781 2597 840 atque
2633 772 2827 825 mortui
2860 772 3042 826 multis
3083 771 3438 826 velaminibus
3475 781 3529 828 et
3569 772 3772 837 fasciis,

2169 863 2246 916 sic
2275 876 2465 916 omnes
2504 861 2726 916 istorum
2751 877 2942 916 sensus
2964 862 3321 917 occluduntur
3341 872 3395 919 et
3433 863 3682 936 ligantur.
3714 863 3774 921 Si

2168 952 2318 1006 lubet
2359 952 2520 1006 etiam
2550 968 2739 1005 inanus
2780 952 2985 1019 videre,
3019 952 3136 1006 illas
3161 954 3464 1023 conspicias
3487 954 3773 1010 ventrii'al-

2169 1043 2375 1111 ligatas,
2400 1053 2455 1096 ut
2482 1042 2853 1096 dcfunctormn
2883 1059 3094 1108 manus,
3111 1054 3164 1097 et
3186 1044 3415 1108 vinctas,
3434 1060 3542 1100 non
3572 1045 3774 1113 fasciis,

2167 1132 2263 1189 sed
2291 1121 2532 1188 avaritize
2563 1133 2807 1198 vinculis,
2833 1134 2974 1203 quod
3002 1135 3160 1204 longe
3190 1134 3427 1190 deterius
3450 1149 3567 1201 est;
3600 1151 3777 1206 neque

2167 1225 2310 1279 enim
2341 1225 2601 1294 permittit
2629 1225 2728 1278 illa
2756 1235 2812 1279 ut
2852 1225 2918 1278 ad
2960 1226 3396 1296 elcemosynam,
3429 1226 3513 1278 vel
3539 1225 3604 1281 ad
3631 1226 3772 1280 aliud

2167 1315 2456 1385 quodpiam
2496 1331 2633 1385 opus
2663 1317 2858 1370 bonum
2901 1315 3295 1383 extendantur;
3333 1316 3428 1371 sed
3476 1317 3778 1373 inutiliores

2169 1406 2370 1470 efficit,
2400 1422 2559 1476 quam
2603 1417 2938 1460 mortuorum
2968 1421 3182 1461 manus.
3213 1404 3379 1461 Visne
3404 1415 3462 1460 ut
3487 1407 3649 1462 etiam
3683 1423 3776 1476 pe-

2168 1499 2266 1554 des
2294 1500 2546 1554 similiter
2573 1501 2784 1553 vinctos
2824 1498 3142 1553 videamus?
3171 1481 3298 1554 Illos
3324 1514 3539 1570 quoque
3568 1499 3777 1570 respice

2167 1592 2312 1646 curis
2345 1591 2666 1645 constrictos
2689 1632 2703 1655 ,
2747 1590 2836 1660 qui
2865 1589 2985 1644 ideo
3013 1604 3120 1644 non
3149 1590 3356 1658 possint
3385 1591 3452 1644 ad
3489 1590 3774 1645 ecclesiam

2171 1684 2265 1738 Dei
2309 1698 2614 1752 properare.
2654 1681 2838 1736 Vidiin
2883 1682 3189 1736 mortuum?
3215 1681 3598 1743 Pollinetorem
3632 1682 3772 1738 vide.

2168 1774 2300 1840 Quis
2343 1775 2531 1828 horum
2582 1774 2869 1843 pollinctor
2905 1773 3027 1827 est?
3058 1773 3310 1828 Diabolus
3349 1771 3441 1840 qui
3489 1771 3776 1842 diligenter

2170 1866 2314 1935 ipsos
2339 1866 2674 1935 constringit,
2710 1880 2807 1918 nec
2837 1865 2963 1917 sinit
2988 1873 3046 1917 ut
3078 1863 3240 1917 homo
3265 1873 3394 1918 vere
3415 1861 3584 1916 homo
3607 1877 3775 1932 appa-

2170 1968 2321 2024 reat,
2351 1958 2444 2012 sed
2487 1959 2684 2028 ligmim
2724 1958 2952 2012 aridum.
2985 1956 3084 2012 Ubi
3111 1956 3256 2010 enim
3294 1971 3396 2011 nec
3437 1956 3630 2010 oculus
3675 1971 3774 2010 nec

2171 2067 2384 2116 manus,
2417 2066 2517 2106 nec
2550 2050 2734 2120 pedes,
2769 2066 2867 2104 nec
2891 2050 3035 2103 aliud
3067 2049 3371 2119 hujusmodi
3401 2060 3483 2104 est
3505 2047 3776 2120 quomodo

2170 2160 2290 2198 esse
2314 2159 2469 2213 posse
2484 2143 2646 2198 homo
2669 2144 2950 2198 videatur?
2972 2143 3061 2199 Sic
3079 2143 3320 2212 ipsorum
3343 2144 3576 2196 animam
3600 2141 3778 2195 fasciis

2170 2234 2473 2290 devinctam
2506 2236 2823 2304 conspicere
2853 2244 2970 2299 est,
3021 2233 3224 2287 idolum
3257 2233 3426 2302 magis
3455 2247 3614 2301 quam
3658 2233 3777 2285 ani-

2171 2343 2333 2382 mam.
2365 2326 2630 2393 Quoniam
2665 2327 2822 2396 igitur
2857 2325 2958 2394 ipsi
3004 2326 3121 2378 sine
3148 2339 3311 2380 sensu
3335 2323 3516 2392 jaccut
3555 2323 3776 2388 mortui,

2173 2436 2270 2488 pro
2296 2419 2399 2472 illis
2426 2419 2492 2472 ad
2515 2418 2700 2473 Iesum
2722 2415 3059 2479 accedamus,
3084 2429 3370 2484 precemur
3392 2423 3449 2466 ut
3473 2422 3777 2480 resurgant,

2170 2507 3076 2579 amovcamuslapidem,solvamus
3108 2505 3320 2560 fascias.
3350 2503 3406 2559 Si
3433 2505 3575 2558 enim
3597 2504 3778 2558 abstu-

2173 2601 2300 2656 lcris
2325 2600 2577 2670 lapidem,
2603 2600 2655 2653 id
2683 2608 2786 2664 est,
2812 2598 2954 2653 illam
2984 2598 3036 2651 in
3060 2597 3494 2651 malissensuum
3525 2593 3779 2664 privatio-

2171 2711 2316 2758 nem,
2345 2694 2453 2752 cito
2482 2694 2600 2746 illos
2627 2709 2658 2746 e
2683 2690 2932 2758 sepulcro
2957 2690 3210 2745 eduxeris
3240 2707 3252 2741 :
3284 2690 3512 2743 eductos
3541 2702 3669 2742 vero
3695 2685 3778 2740 fa-

2172 2786 2330 2840 cilius
2357 2799 2386 2836 a
2433 2783 2660 2837 vinculis
2703 2781 2974 2838 liberabis.
3008 2781 3160 2835 Tunc
3202 2791 3252 2835 te
3291 2777 3563 2832 Christum
3608 2793 3777 2848 agno-

2173 2884 2307 2939 scet,
2333 2888 2455 2929 cum
2498 2872 2829 2937 surrexeris;
2855 2886 2975 2925 cum
3006 2869 3216 2925 solutus
3247 2869 3434 2932 fueris,
3475 2879 3601 2922 tunc
3630 2879 3680 2921 te
3711 2867 3777 2921 ad

2169 2985 2380 3024 uenam
2425 2983 2576 3022 suam
2615 2965 2850 3022 vocabit.
2876 2965 3147 3034 Quotquot
3183 2963 3343 3032 igitur
3384 2960 3583 3018 Christi
3620 2960 3777 3014 amici

2169 3063 2320 3123 estis.
2352 3067 2614 3130 quotquot
2640 3057 2908 3126 discipuli,
2937 3063 3198 3126 quotquot
3228 3062 3497 3110 mortuum
3524 3053 3742 3123 diligitis
3761 3092 3777 3117 ,

2169 3152 2237 3206 ad
2275 3151 2458 3206 Jesum
2502 3151 2771 3218 supplices
2809 3147 3048 3202 accedite
3089 3156 3142 3201 et
3187 3146 3501 3215 supplicate.
3553 3143 3776 3198 Etiamsi

2165 3247 2312 3303 enim
2353 3256 2703 3311 summeperc
2732 3239 2953 3295 foetidos
2980 3240 3083 3303 sit,
3137 3246 3374 3293 attamen
3423 3254 3526 3292 non
3575 3237 3776 3292 debent

2171 3329 2453 3406 propinqui
2485 3334 2603 3403 ejus
2628 3333 2800 3402 ipsum
2828 3330 3102 3394 deserere,
3131 3330 3227 3384 scd
3257 3337 3404 3383 tanto
3430 3333 3597 3400 magis
3623 3345 3776 3383 acce—

2168 3430 2297 3485 dere
2323 3470 2338 3493 ,
2370 3438 2572 3498 quanto
2611 3425 2781 3495 magis
2813 3422 3042 3492 putredo
3071 3430 3295 3491 augetur
3323 3437 3335 3474 :
3376 3430 3433 3474 ut
3471 3431 3597 3474 tunc
3636 3421 3776 3474 fece-

2169 3530 2292 3574 runt
2318 3518 2503 3573 Lazari
2530 3531 2782 3579 sorores;
2812 3529 2986 3584 neque
3026 3521 3149 3567 ante
3175 3511 3474 3577 discedere,
3500 3520 3773 3580 rogantes,

2167 3620 2448 3681 precantes
2473 3653 2487 3675 ,
2529 3608 2893 3678 supplicantes
2913 3647 2928 3671 ,
2960 3621 3118 3674 quam
3149 3605 3297 3659 illum
3327 3605 3592 3659 viventem
3622 3619 3775 3658 recc-

2166 3705 2424 3775 perimus.
2451 3703 2582 3758 Nam
2609 3703 2653 3756 si
2684 3702 2760 3755 sic
2791 3717 2878 3755 res
2905 3709 3119 3754 nostras
3145 3709 3199 3752 et
3228 3700 3592 3767 proximorum
3619 3714 3774 3753 curc-

2164 3812 2308 3857 mus,
2347 3793 2574 3848 futuram
2617 3794 2724 3847 cito
2755 3794 2914 3844 vitam
2945 3804 3381 3858 consequemur:
3415 3793 3529 3858 qua
3565 3790 3768 3841 utinam

2163 3902 2263 3941 nos
2291 3887 2391 3939 frui
2419 3884 2712 3952 contingat,
2736 3883 2903 3953 gratia
2935 3892 2989 3936 et
3018 3881 3344 3951 benignitate
3368 3880 3576 3935 Domini
3601 3881 3771 3936 nostri

2159 3979 2287 4034 JeSu
2316 3978 2535 4040 Christi,
2558 3976 2641 4030 cui
2666 3975 2830 4043 gloria
2861 3975 2911 4025 in
2939 3972 3132 4026 smcula
3164 3973 3504 4027 srecnlorunt.
3541 3973 3733 4026 Amen.

1531 4183 1881 4246 HOMILIA
1924 4187 2222 4250 XXVIII.
2267 4189 2352 4250 al.
2398 4185 2644 4247 XXIX.

447 4321 576 4377 CAP.
617 4323 671 4377 8.
724 4340 774 4377 v.
818 4323 908 4379 ‘25.
963 4324 1032 4378 Et
1073 4326 1368 4380 ascendente
1412 4343 1469 4380 eo
1507 4327 1561 4380 in
1608 4328 1915 4392 naviculam,
1960 4345 2044 4382 se-

517 4417 660 4484 quuti
688 4427 802 4470 sunt
824 4435 936 4470 eum
959 4417 1198 4485 discipuli
1225 4419 1356 4486 ejus.
1380 4420 1471 4471 Ἡ.
1502 4417 1570 4471 Et
1599 4436 1710 4473 ecce
1740 4429 1905 4474 motus
1932 4437 2040 4472 ma-

517 4525 648 4579 gnus
677 4511 843 4577 factus
889 4520 962 4563 est
1010 4511 1063 4562 in
1093 4511 1243 4574 mari,
1276 4511 1351 4562 ila
1398 4520 1452 4563 ut
1482 4511 1718 4565 navicula
1763 4513 2043 4582 operiretur

516 4601 750 4667 ﬂuctibus
777 4601 922 4666 :ipse
940 4615 1054 4653 vero
1083 4600 1380 4654 dormiebat.

519 4689 570 4741 1.
602 4687 765 4743 Nulla
792 4691 922 4743 inter
945 4692 1274 4760 evangelista:
1302 4693 1636 4748 dissonantia.
1661 4724 1730 4732 —
1747 4693 1937 4756 anas,
1972 4708 2040 4748 ne

446 4779 566 4847 quis
596 4782 662 4834 ab
692 4781 807 4848 ipso
837 4792 1136 4851 temporum
1176 4784 1420 4839 ordinem
1473 4787 1745 4856 exigeret,
1798 4787 1875 4840 sic
1922 4788 2034 4840 ait:

450 4867 666 4922 Factum
691 4881 764 4923 est
788 4873 839 4924 in
860 4889 961 4924 una
987 4873 1203 4936 dierum,
1237 4885 1284 4927 et
1337 4876 1445 4943 ipse
1499 4877 1725 4929 ascendit
1752 4878 1805 4929 in
1835 4877 2038 4929 navicu-

444 4962 570 5026 lam,
602 4971 647 5014 et
669 4962 910 5028 discipuli
931 4966 1040 5032 ejus
1071 4964 1221 5034 (Luc.
1253 4965 1306 5020 8.
1329 4967 1445 5035 29.).
1481 4968 1690 5023 Marcus
1716 4983 1927 5038 quoque
1959 4972 2037 5022 si-

445 5054 664 5108 militer.
692 5053 787 5108 Hic
803 5070 932 5108 vero
977 5070 1084 5110 non
1109 5056 1257 5122 item,
1288 5060 1380 5112 sed
1419 5067 1720 5128 temporum
1747 5059 2040 5128 quamdam

443 5154 622 5198 servat
653 5147 868 5198 seriem.
892 5145 1075 5214 Neque
1096 5147 1240 5200 enim
1257 5151 1434 5202 omnia
1456 5164 1645 5204 omnes
1662 5149 1852 5204 eodem
1877 5150 2036 5202 modo

443 5237 753 5290 describunt
785 5256 797 5290 :
833 5237 884 5291 id
915 5238 1053 5307 quod
1087 5257 1114 5291 a
1149 5255 1234 5294 me
1268 5238 1375 5308 jam
1405 5257 1565 5311 supra
1597 5243 1798 5296 dictum
1839 5253 1941 5305 εει,
1970 5259 2035 5296 ne

440 5328 560 5396 quis
588 5344 654 5382 ex
683 5329 975 5383 amissione
1003 5330 1387 5386 dissonantiam
1435 5335 1572 5388 inter
1615 5335 1758 5402 ipsos
1785 5349 1905 5388 esse
1935 5350 2032 5402 pu-

442 5428 596 5473 taret.
628 5418 824 5473 Turhis
853 5421 1034 5489 itaque
1066 5424 1380 5490 praemissis,
1419 5424 1712 5494 discipulos
1742 5440 1923 5480 secum
1942 5441 2032 5478 as-

438 5509 705 5576 sumpsit;
736 5526 857 5562 nam
888 5509 988 5564 hoc
1020 5513 1092 5566 illi
1121 5513 1326 5567 dicunt.
1359 5516 1665 5584 Assumpsit
1698 5526 1877 5569 autem
1925 5531 2030 5567 non

439 5600 629 5653 frustm
655 5643 668 5664 ,
722 5616 819 5655 nec
861 5601 976 5655 sine
1003 5617 1160 5656 causa
1192 5644 1206 5667 ,
1241 5605 1334 5658 sed
1364 5615 1420 5658 ut
1451 5605 1610 5658 futuri
1641 5607 1880 5659 miraculi
1911 5621 2033 5673 spe-

434 5704 670 5750 ctatores
700 5701 896 5746 essent.
928 5695 1390 5758 Quemadmodum
1438 5697 1580 5750 enim
1619 5697 1880 5764 palazstra:
1915 5713 2030 5749 ma-

430 5788 600 5854 gislcr
625 5785 881 5845 Optimus.
915 5784 979 5838 ad
1013 5794 1298 5851 utrumque
1334 5788 1451 5842 illos
1499 5790 1783 5844 exercebat
1813 5829 1826 5848 .
1871 5797 1926 5841 ut
1976 5790 2025 5842 in

2159 4330 2316 4383 malis
2356 4327 2704 4397 imperterriti
2735 4333 2952 4388 essent,
3001 4331 3056 4378 et
3087 4322 3139 4377 in
3169 4321 3466 4376 honoribus
3499 4321 3756 4375 modesti.

2153 4422 2232 4476 Nc
2257 4422 2424 4475 altum
2445 4421 2589 4474 enim
2621 4413 2897 4486 saperent,
2930 4415 3094 4485 quod,
3122 4413 3304 4467 missis
3325 4412 3467 4477 aliis,
3500 4412 3654 4481 ipsos
3673 4428 3756 4466 re-

2156 4513 2421 4576 tinuisset,
2472 4517 2845 4579 tempestatem
2898 4504 3180 4577 permittit,
3210 4511 3320 4557 tum
3353 4513 3409 4555 ut
3442 4503 3543 4556 hoc
3570 4501 3756 4557 effice-

2150 4613 2254 4670 ret,
2278 4613 2386 4658 tum
2413 4610 2469 4655 ut
2493 4615 2588 4655 eos
2620 4599 2684 4654 ad
2710 4597 2963 4653 ferendas
2986 4596 3196 4650 fortiter
3225 4608 3495 4649 aerumnas
3523 4608 3756 4646 exerce-

2152 4705 2254 4750 ret.
2285 4694 2417 4748 Nam
2445 4706 2636 4762 magna
2663 4688 2880 4760 quidem
2911 4698 3066 4742 erant
3091 4687 3268 4757 priora
3294 4685 3468 4754 signa,
3495 4683 3588 4738 sed
3615 4700 3750 4753 pra:-

2148 4802 2273 4842 sens
2290 4788 2502 4857 signum
2526 4799 2629 4838 non
2654 4797 2873 4853 parvam
2898 4780 3182 4851 quamdam
3206 4769 3649 4833 exercitationem
3669 4773 3752 4828 af-

2147 4877 2355 4933 ferebat
2380 4918 2396 4944 ,
2441 4891 2506 4931 ac
2537 4875 2703 4929 veteri
2734 4872 2945 4927 cuidam
2975 4871 3128 4941 signo
3151 4869 3327 4924 simile
3354 4877 3489 4921 erat.
3519 4865 3750 4935 ideoque

2145 4968 2293 5023 solos
2335 4980 2517 5024 secum
2546 4965 2768 5021 adducit
2816 4962 3131 5031 discipulos.
3169 4961 3300 5015 Nam
3350 4960 3440 5013 ubi
3487 4958 3748 5012 miracula

2146 5059 2467 5122 edebantur,
2520 5059 2772 5128 populum
2797 5054 2925 5110 sinit
2945 5055 3176 5108 adesse:
3211 5053 3298 5106 ubi
3347 5066 3474 5105 vero
3507 5050 3746 5119 pericula

2148 5159 2203 5203 et
2231 5159 2469 5204 terrores
2494 5189 2508 5211 ,
2538 5146 2833 5216 discipulos
2856 5184 2870 5209 ,
2905 5144 3138 5197 athletas
3171 5158 3365 5213 netnpe
3400 5142 3580 5206 orbis,
3608 5155 3746 5210 quos

2146 5243 2544 5295 exercitaturus
2573 5248 2710 5304 erat,
2757 5237 2905 5291 solos
2933 5251 3116 5291 secum
3162 5233 3406 5290 assumit.
3459 5231 3744 5286 Matthzeus

2147 5335 2318 5388 solum
2343 5331 2494 5394 dicit,
2525 5331 2698 5398 ipsum
2728 5326 3078 5391 dormivisse,
3112 5325 3283 5380 Lucas
3316 5339 3444 5378 vero
3489 5321 3655 5386 addit,
3687 5321 3742 5375 in

2144 5422 2399 5478 cervicali
2430 5421 2530 5491 (α),
2557 5419 2848 5473 ostendens
2869 5433 3030 5486 quam
3055 5424 3202 5470 esset
3244 5431 3273 5468 a
3307 5414 3444 5468 fastu
3480 5413 3695 5467 alienus
3717 5451 3737 5479 ,

2141 5527 2194 5570 et
2221 5515 2287 5568 ad
2332 5529 2578 5584 magnam
2634 5510 2759 5565 inde
2819 5507 3215 5579 philosophiam
3272 5521 3370 5561 nos
3431 5506 3736 5558 instituens.

2201 5671 2273 5729 (α)
2307 5670 2380 5717 sic
2402 5681 2577 5717 omnes
2610 5667 2727 5714 Fditi
2754 5673 2806 5714 et
2845 5664 3152 5729 "ianuscripti
3189 5661 3411 5729 Calices,
3449 5667 3500 5709 et
3525 5662 3588 5709 ita
3613 5656 3735 5729 legit

2134 5723 2747 5792 Georgius'rrapezuutius.
2775 5728 2917 5792 Atqui
2936 5739 3030 5792 non
3056 5723 3217 5792 ιλιι-δε,
3230 5724 3319 5773 sed
3347 5730 3528 5772 Marcus
3541 5730 3635 5779 est,
3652 5723 3736 5784 qui

2136 5786 2303 5853 habui,
2329 5791 2374 5853 4,
2399 5793 2461 5840 ω
2478 5786 2498 5840 ’;
2522 5801 2672 5854 super
2693 5786 2897 5840 ccrricul
2917 5786 3177 5838 dormiens.
