4066 6508
345 461 444 519 ιω

343 573 544 630 Oborta
567 570 745 640 itaque
769 574 1085 636 tempestate
1101 579 1222 620 cum
1247 562 1446 616 fureret
1465 571 1634 622 mare,
1660 555 1803 610 illum
1827 570 1892 610 ex

343 667 509 722 citant
529 663 802 720 dicentes:
830 660 922 716 25.
954 657 1171 715 Domine
1191 700 1206 724 ,
1233 656 1372 714 salva
1398 671 1511 718 nos,
1542 651 1777 722 perimus.
1803 648 1918 717 Ipso

350 770 477 810 vero
502 756 621 810 illos
651 752 904 823 primum,
935 749 1133 805 deinde
1158 762 1305 803 mare
1328 743 1646 813 increpavit.
1678 741 1831 802 Nam,
1861 745 1917 790 ut

349 847 474 912 dixi,
503 844 905 916 exercitationis
935 857 1095 898 causa
1146 839 1258 901 lucc
1281 834 1739 908 permittebantur,
1770 840 1824 885 et
1855 829 1913 882 li-

349 956 493 1008 gurte
522 947 679 995 eratut
704 936 1077 996 tentationwn,
1128 947 1246 1001 qua:
1275 931 1420 997 ipsos
1445 935 1606 981 erant
1635 925 1915 978 invasurae.

355 1031 564 1090 Etenim
596 1038 777 1098 postea
805 1042 949 1096 saepe
979 1024 1216 1094 permisit
1245 1036 1338 1077 eos
1365 1022 1415 1075 in
1442 1019 1715 1089 graviores
1758 1029 1920 1078 nego—

355 1123 548 1182 tiorum
595 1116 1148 1188 procellasincidere,
1217 1117 1272 1162 et
1304 1122 1628 1170 succurrere
1679 1104 1915 1161 distulit.

348 1210 722 1267 llndePaulus
751 1207 998 1262 dicebat:
1033 1204 1169 1258 Nolo
1197 1212 1365 1257 autem
1391 1217 1476 1255 vos
1509 1201 1762 1271 ignorare,
1807 1200 1918 1266 fra-

346 1311 464 1367 tres,
495 1288 729 1368 quoniwn
760 1297 902 1352 valde
926 1296 1118 1367 gravati
1164 1308 1334 1347 sumus
1377 1306 1534 1356 supra
1564 1288 1712 1352 vires,
1743 1286 1815 1340 ita
1865 1293 1918 1337 ut

347 1409 436 1446 nos
462 1390 664 1446 laederet
690 1391 841 1444 etiam
872 1389 1032 1442 vivere
1054 1386 1129 1457 (2.
1160 1385 1276 1439 Cor.
1307 1385 1357 1438 1.
1384 1383 1440 1462 8)
1466 1398 1480 1445 ;
1503 1388 1559 1436 et
1587 1388 1788 1448 postea,
1819 1375 1920 1439 Qui

346 1490 498 1539 extat
524 1481 769 1535 mortibus
799 1495 888 1544 nos
913 1479 1098 1546 eripuit
1128 1474 1287 1544 (Ibid.
1318 1491 1366 1527 υ.
1400 1473 1509 1540 10).
1557 1469 1629 1526 Ut
1673 1465 1920 1522 ostendat

347 1571 526 1642 igitur,
552 1569 751 1627 fiducia
773 1568 846 1622 uti
871 1562 1369 1635 oportere,etiamsi
1392 1561 1565 1629 magni
1585 1558 1921 1614 concitentur

347 1665 537 1718 ﬂuctus
553 1704 567 1728 ,
591 1662 878 1732 ipsumque
893 1658 1073 1718 omnia
1087 1656 1304 1713 .utiliter
1325 1655 1658 1723 dispensare,
1689 1651 1918 1719 primum

347 1755 493 1821 ipsos
512 1755 767 1823 increpat.
799 1751 932 1805 Nam
955 1748 1094 1818 quod
1128 1746 1320 1801 turbati
1348 1744 1563 1809 fuerint,
1590 1741 1639 1803 id
1669 1741 1770 1794 illis
1794 1739 1922 1793 utile

349 1846 469 1911 fuit,
490 1857 549 1901 ut
574 1847 892 1913 majusesse
913 1840 1229 1896 miraculum
1259 1836 1551 1898 videretur,
1585 1843 1638 1888 et
1665 1839 1917 1901 perpetua

344 1946 646 1992 servaretur
669 1937 744 1989 rei
775 1933 1049 1988 memoria.
1081 1928 1303 1999 Quando
1323 1929 1464 1982 enim
1493 1926 1917 1994 inexspectatum

345 2027 614 2098 quidpiam
644 2025 880 2082 futurum
920 2033 1021 2086 est,
1058 2022 1220 2075 multa
1250 2025 1614 2088 praeparantur
1643 2012 1920 2069 servanda:

345 2119 420 2172 rei
443 2117 713 2171 memoria:
733 2126 1052 2184 opportuna.
1086 2125 1154 2165 ne
1178 2110 1378 2164 editum
1403 2116 1589 2176 postea
1604 2104 1919 2158 miraculum

347 2209 398 2261 in
426 2207 744 2262 oblivionem
776 2204 973 2258 veniat.
1025 2202 1115 2257 Sic
1157 2201 1368 2270 Moyses
1401 2207 1704 2266 serpentem
1749 2197 1923 2266 primo

344 2296 677 2359 formidavit,
726 2309 822 2349 nec
860 2293 1016 2346 modo
1051 2290 1377 2354 formidavit,
1433 2288 1528 2342 sed
1566 2304 1686 2343 cum
1728 2302 1920 2354 magno

341 2388 502 2441 animi
547 2396 770 2450 terrore,
819 2394 1049 2451 tuncque
1078 2380 1208 2435 vidit
1234 2379 1549 2446 stupendum
1581 2377 1706 2431 illud
1737 2376 1916 2448 prodi-

340 2478 506 2546 gium.
535 2476 609 2530 Ita
633 2483 687 2528 et
709 2472 976 2542 discipuli,
1020 2486 1138 2525 cum
1168 2471 1278 2536 jam
1312 2469 1380 2521 de
1407 2468 1576 2521 salute
1620 2466 1787 2520 ferme
1820 2467 1919 2519 de-

341 2573 670 2634 sperassent,
707 2573 831 2618 tunc
864 2562 1175 2623 liberantur,
1215 2567 1273 2612 ut
1305 2559 1598 2628 periculum
1636 2554 1866 2610 confessi
1900 2594 1916 2620 ,

343 2655 584 2710 miraculi
616 2653 1028 2723 magnitudinem
1070 2648 1390 2704 ediscerent.
1420 2646 1648 2715 Ideoque
1683 2643 1917 2699 dormit:

347 2762 472 2806 nam
498 2747 541 2799 si
571 2744 822 2814 vigilante
847 2742 937 2796 illo
967 2741 1016 2794 id
1045 2742 1236 2794 factum
1282 2746 1442 2801 esset,
1470 2737 1553 2790 vel
1575 2750 1678 2789 non
1710 2735 1918 2788 tinniis-

347 2843 492 2899 sent,
518 2835 599 2889 vel
639 2848 746 2886 non
770 2839 1066 2902 rogassent,
1095 2828 1176 2882 vel
1206 2843 1310 2882 non
1345 2835 1620 2897 putassent
1656 2840 1812 2894 posse
1851 2825 1918 2877 il-

342 2925 450 2979 lum
480 2923 530 2979 id
559 2923 795 2979 efficere.
846 2921 968 2976 Ideo
992 2921 1208 2983 dormit,
1241 2927 1297 2971 ut
1321 2918 1411 2972 det
1437 2916 1654 2979 timendi
1684 2918 1922 2969 occasio-

343 3028 488 3078 nem,
515 3022 570 3068 et
597 3010 1062 3078 validioremjpsis
1094 3009 1433 3077 pnesentium
1456 3020 1674 3060 sensum
1701 3003 1915 3058 efﬁciat.

338 3101 523 3171 Neque
573 3101 716 3156 enim
764 3101 885 3170 quis
928 3098 1148 3171 perinde
1181 3096 1324 3152 videt
1365 3111 1442 3150 ea.
1469 3111 1587 3165 qua:
1637 3096 1687 3149 in
1728 3094 1918 3149 alienis

337 3192 651 3262 corporibus
679 3191 830 3255 fiunt,
859 3199 1017 3259 atque
1046 3204 1105 3242 ea
1145 3203 1263 3258 qua:
1309 3188 1362 3249 in
1392 3201 1617 3255 corpore
1643 3201 1759 3239 suo.
1784 3185 1917 3254 Quia

339 3282 500 3352 igitur
545 3296 734 3337 omnes
773 3281 1020 3335 videbant
1061 3278 1320 3334 beneficio
1373 3277 1592 3332 affectos
1643 3277 1826 3342 fuisse,
1859 3292 1918 3331 se

339 3388 466 3427 vero
507 3372 639 3427 nihil
685 3373 958 3441 accepisse
1007 3369 1250 3423 beneficii
1285 3409 1300 3433 ,
1338 3369 1492 3437 quasi
1522 3369 1695 3437 supini
1729 3383 1913 3422 mane-

338 3468 501 3529 bant;
526 3480 700 3534 neque
723 3467 865 3518 enim
894 3461 1263 3522 claudierant.
1284 3460 1369 3516 vel
1395 3460 1501 3515 alio
1530 3461 1705 3514 aﬂ'ecti
1725 3475 1917 3529 corpo-

337 3560 412 3613 ris
439 3558 601 3612 vitio:
631 3557 1014 3626 oportebatquc
1042 3564 1215 3608 tamen
1247 3554 1363 3608 illos
1384 3553 1761 3608 beneficiorum
1793 3568 1915 3607 seu-

337 3664 399 3702 su
429 3648 600 3711 affici;
626 3653 992 3714 tempestatem
1017 3644 1146 3698 oriri
1175 3644 1442 3709 concedit,
1476 3653 1533 3697 ut
1561 3658 1622 3697 ea
1657 3642 1863 3696 liberati
1894 3682 1911 3707 ,

334 3739 615 3793 clariorem
649 3736 889 3792 beneficii
919 3750 1134 3789 sensum
1162 3735 1517 3805 perciperent.
1547 3731 1777 3802 ideoque
1807 3747 1913 3786 non

335 3826 685 3900 prmsentibus
715 3825 886 3892 turbis
917 3824 966 3878 id
998 3824 1144 3894 agit,
1180 3839 1247 3878 ne
1275 3833 1330 3876 ut
1357 3822 1580 3876 modica:
1604 3821 1723 3876 fidei
1767 3822 1914 3876 dam.

337 3927 629 3981 narentur;
673 3915 767 3970 sed
814 3915 960 3969 solos
986 3915 1256 3978 emendat,
1299 3924 1351 3966 et
1400 3912 1726 3982 increpando
1764 3914 1910 3982 prius

335 4008 532 4062 mentis
560 4007 794 4076 ipsorum
821 4020 977 4072 quam
1011 4018 1265 4071 aquarum
1295 4010 1664 4070 tempestatem
1715 4001 1909 4068 sedat,

334 4099 524 4152 dicens
557 4096 686 4151 :36.
717 4095 853 4161 Quid
900 4095 1061 4148 timidi
1093 4094 1230 4156 estis,
1265 4094 1474 4146 modica:
1514 4093 1634 4157 ﬁdei
1656 4094 1682 4146 ?
1725 4093 1912 4147 simul-

333 4205 436 4258 que
468 4187 644 4255 docet,
689 4187 931 4240 timorem
970 4201 1075 4239 non
1101 4186 1168 4236 ab
1195 4185 1450 4236 immissis
1479 4185 1860 4239 tentationibns
1891 4226 1906 4249 ,

333 4279 424 4335 sed
451 4279 519 4333 ait
543 4278 706 4333 animi
740 4277 1046 4330 infirmitate
1095 4274 1243 4327 oriri.
1267 4271 1418 4340 Quod
1451 4274 1494 4327 si
1523 4277 1644 4343 quis
1672 4275 1909 4340 dixerit,

344 4386 538 4426 nonex
587 4369 777 4428 timore
805 4368 887 4422 vel
925 4383 988 4421 ex
1032 4365 1238 4419 modica
1274 4363 1375 4417 fide
1415 4373 1586 4417 motos
1623 4364 1911 4433 discipulos

337 4464 482 4517 illum
512 4463 773 4527 excitasse
810 4477 824 4514 :
858 4456 1192 4527 respondebo
1236 4455 1364 4512 illud
1411 4456 1648 4510 maxime
1698 4456 1907 4524 signum

332 4568 480 4617 esse,
506 4567 601 4607 eos
619 4567 725 4607 non
753 4558 1133 4619 congruentem
1160 4547 1228 4602 de
1246 4547 1334 4602 illo
1359 4546 1663 4616 opinionem
1697 4547 1912 4601 habuis-

333 4660 414 4699 se.
443 4643 698 4700 Sciebant
724 4644 941 4712 quidem
979 4641 1148 4710 ipsum
1171 4639 1603 4708 expergefactum
1629 4640 1909 4710 increpare

333 4749 529 4805 posse;
556 4733 914 4788 dormientem
951 4747 1079 4786 vero
1106 4731 1341 4784 itondum
1373 4730 1646 4798 putabant.
1679 4731 1743 4785 Et
1781 4731 1906 4800 quid

334 4826 546 4883 miraris
589 4825 634 4878 si
665 4839 806 4879 nunc
837 4827 1080 4886 timeant,
1114 4823 1334 4891 quando
1365 4831 1485 4891 post
1523 4823 1699 4878 multa
1745 4826 1904 4893 etiam

332 4918 430 4970 alia
483 4915 738 4972 miracula
792 4915 1112 4969 infirmiores
1158 4913 1332 4967 adhuc
1359 4913 1544 4969 erant?
1572 4915 1907 4984 Quapropter

331 5024 475 5078 sa-pe
529 5007 871 5075 increpantur
898 5047 913 5070 ,
954 5014 1010 5058 ut
1047 5004 1258 5074 quando
1302 5004 1429 5059 dicit
1463 5005 1682 5060 :Adltuc
1731 5015 1776 5058 et
1821 5023 1905 5060 vos

331 5100 622 5167 insipientes
664 5099 778 5151 estis
811 5096 1020 5166 (Matth.
1054 5097 1139 5150 15.
1174 5096 1304 5164 l6)?
1331 5095 1407 5150 Ne
1444 5097 1618 5165 itaque
1663 5098 1902 5160 mireris,

333 5206 458 5244 cum
484 5187 727 5258 discipuli
772 5197 876 5241 tam
908 5187 1204 5242 imbecilles
1249 5197 1442 5250 erant,
1475 5187 1518 5239 si
1565 5187 1734 5240 turbae
1776 5187 1902 5241 nihil

335 5294 581 5348 magnum
603 5279 672 5334 de
700 5280 814 5347 ipso
831 5279 1217 5347 opinabantur;
1251 5278 1582 5333 mirabantur
1606 5279 1800 5348 quippe
1824 5279 1904 5332 di-

332 5377 522 5434 centes
545 5386 557 5421 :
585 5368 674 5422 27.
707 5369 886 5434 Qualis
915 5380 985 5422 est
1008 5369 1087 5421 hic
1113 5368 1260 5421 homo
1284 5409 1297 5432 ,
1322 5370 1437 5437 quia
1467 5378 1513 5421 et
1540 5385 1678 5421 mare
1700 5379 1745 5421 et
1775 5373 1903 5422 venti

330 5459 568 5515 obediunt
612 5458 696 5512 ei.’
724 5458 969 5514 Christus
1019 5473 1147 5513 vero
1176 5474 1280 5511 non
1311 5460 1574 5527 corripuit
1598 5474 1713 5522 eos,
1762 5461 1901 5528 quod

335 5550 603 5603 hominem
635 5564 757 5604 esse
800 5549 969 5618 ipsum
990 5549 1264 5613 dicerent;
1303 5549 1394 5603 sed
1438 5550 1777 5617 exspectabat
1822 5551 1902 5602 in-

336 5646 488 5698 terim
520 5659 614 5711 per
638 5644 889 5698 miracula
920 5644 1125 5698 docens
1164 5644 1282 5698 illos
1326 5645 1506 5697 falsam
1531 5645 1668 5699 banc
1699 5646 1903 5714 opinio-

336 5750 455 5787 nem
478 5750 617 5789 esse.
650 5733 928 5790 Undenam
965 5736 1231 5791 hominem
1278 5735 1422 5790 illum
1466 5752 1584 5792 esse
1609 5737 1904 5806 putabant?

339 5829 407 5880 iis
445 5841 658 5894 aspectu
682 5869 696 5895 ,
727 5844 787 5882 ex
836 5843 1022 5882 sonmo
1044 5872 1056 5894 ,
1089 5829 1224 5898 quod
1256 5829 1370 5883 navi
1420 5840 1672 5885 uteretur.
1703 5829 1901 5884 Idcirco

1072 451 1128 507 S.
1168 447 1446 506 ιολκκιδ
1483 435 1959 501 (ςιιιιγδοετυιει
2001 436 2316 496 ARCIIIEP.
2359 437 2890 497 CONSTANTINOP.

3500 439 3605 496 35‘:

2031 553 2082 605 in
2106 563 2382 622 stuporem
2412 554 2841 624 conﬁciebantur
2863 553 3103 610 dicentes
3135 570 3147 606 :
3181 552 3362 619 Qualis
3387 565 3458 608 ut
3480 554 3609 609 Itie.’

2021 643 2256 700 Somnus
2280 648 2473 717 quippe
2499 656 2554 702 et
2576 647 2832 718 quidquid
2876 649 3169 719 apparebat
3217 648 3486 703 hominem
3521 649 3607 702 in.

2024 735 2237 794 dicabat
2263 753 2279 793 :
2309 753 2456 792 mare
2496 747 2552 793 et
2603 748 2752 808 parta
2784 739 3143 809 tranquillitas
3167 738 3341 794 Deum.
3362 739 3607 794 declara-

2025 827 2136 883 bat.

2095 921 2152 975 2.
2184 919 2413 976 Christus
2441 931 2494 974 ut
2521 920 2778 985 dominus,
2826 921 3030 994 Moyses
3055 933 3111 978 ut
3134 939 3324 988 servus,
3357 924 3608 982 miracula

2026 1015 2313 1069 pulsabant.
2347 1013 2688 1085 Evangeliste
2717 1032 2987 1086 numquam
3040 1017 3133 1072 alii
3178 1033 3316 1079 cum,
3346 1018 3464 1071 aliis
3506 1033 3605 1083 pit-

2022 1116 2286 1174 gnant.—
2308 1106 2637 1176 Quamquam
2663 1108 2804 1162 enim
2830 1106 3039 1178 Moyses
3053 1107 3252 1177 aliquid
3270 1108 3448 1165 simile
3474 1107 3604 1163 olim

2026 1196 2249 1264 fecerat,
2307 1199 2392 1253 vel
2440 1199 2565 1253 hinc
2607 1197 2805 1254 Christi
2858 1201 3149 1256 eminentia
3198 1200 3603 1266 declarabatnr,

2024 1291 2168 1359 quod
2205 1291 2295 1344 ille
2325 1301 2382 1344 ut
2410 1305 2619 1357 servus,
2653 1292 2738 1346 hic
2766 1302 2826 1347 ut
2850 1292 3101 1348 dominus
3130 1294 3388 1353 miracula
3421 1301 3604 1360 patra-

2024 1389 2127 1435 ret.
2159 1380 2273 1435 Non
2313 1384 2455 1436 enim
2487 1384 2692 1452 virgam
2723 1382 2963 1439 extendit
2993 1391 3049 1438 ut
3073 1383 3185 1448 ille,
3213 1398 3604 1451 nequevmauus

2026 1470 2283 1542 expandit
2311 1488 2496 1528 versus
2517 1475 2706 1530 etclam
2732 1516 2748 1542 ,
2777 1489 2952 1545 neque
3002 1475 3309 1545 precatione
3333 1489 3469 1543 opus
3506 1475 3606 1529 ba-

2025 1563 2170 1616 buit:
2200 1565 2296 1618 sed
2340 1573 2399 1618 ut
2431 1579 2524 1634 par
2551 1573 2634 1619 est
2653 1564 2932 1619 dominum
2959 1565 3186 1628 ancillae,
3220 1575 3606 1624 etcreatorem

2034 1654 2253 1722 opificio
2275 1657 2586 1724 praecipere,
2615 1655 2694 1712 sic
2721 1657 2866 1711 illam
2891 1656 3412 1712 sedavitetfrenavit
3437 1658 3610 1712 verbo

2025 1755 2079 1798 et
2106 1755 2374 1814 prmcepto
2396 1756 2600 1801 tantum
2631 1764 2645 1799 :
2669 1760 2828 1816 atque
2856 1751 3033 1800 omnis
3061 1747 3236 1800 subito
3266 1747 3437 1806 soluta
3470 1756 3604 1806 tein-

2029 1847 2206 1906 pestas
2231 1848 2334 1903 est,
2365 1853 2465 1893 nec
2487 1838 2764 1908 vestigium
2782 1839 3031 1908 procella!
3055 1839 3272 1896 mansit.
3296 1838 3430 1894 illud
3459 1838 3606 1891 enim

2024 1927 2316 1982 declaravit
2341 1927 2667 1997 evangelista
2708 1928 2893 1984 dicens
2919 1947 2932 1982 :
2962 1927 3031 1983 Et
3061 1931 3289 1999 [πεῖσαι
3315 1927 3608 1998 tranquilli-

2026 2027 2103 2070 las
2126 2033 2331 2086 magna.
2365 2017 2519 2085 Quod
2558 2017 2625 2073 de
2655 2016 2816 2074 Patre
2846 2020 2998 2089 quasi
3031 2034 3119 2074 res
3147 2019 3366 2088 grandis
3401 2019 3609 2074 dictum

2026 2110 2198 2163 fuerat
2217 2151 2231 2173 ,
2261 2110 2312 2163 id
2341 2110 2455 2178 ipse
2500 2111 2752 2178 operibus
2779 2110 3042 2167 exhibuit.
3070 2111 3206 2176 Quid
3233 2111 3300 2164 de
3323 2111 3481 2164 Patre
3519 2112 3607 2164 ui-

2025 2208 2167 2252 ctum
2199 2197 2419 2254 fuerat?
2448 2199 2592 2254 Dixit
2622 2211 2666 2254 et
2695 2202 2830 2254 stetit
2875 2202 3084 2271 spiritus
3112 2201 3368 2269 procellaz.
3417 2202 3508 2256 Sic
3553 2211 3606 2255 et

2028 2290 2126 2342 hoc
2179 2291 2297 2346 loco
2364 2290 2529 2356 dixit,
2592 2288 2659 2343 Et
2705 2295 2841 2361 facta
2879 2300 2952 2344 est
3003 2292 3345 2360 tranquillitas
3397 2309 3605 2361 magna.

2029 2380 2492 2451 (Ρδσι.106.9.5).
2534 2381 2821 2450 Propterea
2864 2382 3031 2436 turba:
3072 2381 3221 2435 illum
3262 2398 3468 2435 summe
3501 2384 3606 2436 mi-

2024 2475 2279 2526 rabantur
2307 2492 2319 2527 :
2352 2490 2477 2542 qua:
2506 2488 2613 2527 non
2639 2473 2715 2528 ita
2737 2473 2942 2528 miratae
2969 2472 3217 2539 fuissent,
3240 2474 3282 2528 si
3313 2474 3523 2529 fecisset
3552 2483 3605 2528 ut

2024 2564 2253 2627 Moyses.
2288 2566 2572 2635 Postquam
2594 2580 2624 2618 a
2658 2565 2792 2622 mari
2815 2563 3354 2632 discessisset.aiiud
3394 2567 3604 2620 terribi-

2025 2651 2462 2705 liusniiraculum
2480 2645 2839 2717 subsequitur.
2876 2647 3191 2701 Daemomaei
3217 2648 3382 2708 enim,
3413 2659 3608 2713 quem-

2021 2742 2308 2800 admodum
2356 2739 2559 2812 fugitivi
2609 2740 2839 2811 improbi
2889 2739 3130 2796 videntes
3176 2740 3477 2807 dominum,
3517 2737 3608 2796 di-

2019 2833 2243 2888 cebant:
2273 2831 2364 2887 29.
2395 2831 2530 2898 Quid
2567 2832 2708 2885 nobis
2753 2840 2800 2885 et
2827 2831 2936 2898 tibi,
2966 2830 3094 2885 Iesu
3124 2829 3250 2888 Filii
3277 2829 3414 2886 Dei?
3445 2828 3606 2885 Veni-

2016 2926 2084 2978 sti
2111 2923 2209 2976 huc
2251 2932 2367 2975 ante
2408 2932 2603 2992 tempus
2649 2931 2882 2990 torquere
2922 2937 3037 2977 nos.
3084 2921 3212 2989 Quia
3243 2922 3384 2975 enim
3432 2919 3603 2978 turbo

2022 3015 2195 3083 ipsum
2241 3014 2509 3068 hominem
2556 3029 2676 3069 esse
2719 3013 3131 3078 confitebantur,
3178 3022 3442 3074 venerunt
3484 3013 3601 3072 ἀπο

2019 3122 2208 3164 mones
2254 3107 2583 3162 divinitatem
2611 3107 2730 3176 ejus
2770 3109 3158 3177 prmdicantes:
3186 3116 3242 3162 et
3283 3107 3372 3177 qui
3400 3107 3604 3178 agitato

2021 3210 2308 3274 posteaque
2337 3201 2522 3256 sedato
2549 3201 2681 3257 mari
2722 3216 2827 3255 non
2863 3199 3160 3266 audierant,
3190 3200 3465 3255 dmmonas
3495 3199 3602 3256 hoc

2016 3293 2313 3348 clamantes
2340 3291 2641 3359 audierunt,
2681 3293 2824 3362 quod
2849 3307 2999 3347 mare
3029 3293 3368 3363 tranquillum
3398 3294 3598 3349 factum

2017 3382 2412 3452 praedicarent.
2444 3382 2644 3439 Deinde
2671 3399 2738 3438 ne
2769 3381 2869 3438 hoc
2897 3399 2992 3453 per
3011 3383 3369 3438 adulationem
3389 3384 3594 3439 dictum

2015 3475 2307 3542 videretur,
2337 3491 2399 3529 ex
2428 3491 2609 3530 rerum
2632 3476 3002 3545 experimento
3025 3478 3260 3531 clamant
3282 3478 3364 3530 bis
3389 3476 3596 3535 verbis:

2027 3562 2214 3618 Venisti
2237 3565 2336 3617 huc
2377 3575 2494 3618 ante
2521 3575 2717 3635 tempus
2738 3575 2966 3635 torquere
2993 3582 3106 3620 nos.
3145 3566 3269 3622 ldco
3297 3568 3444 3636 prius
3484 3568 3592 3622 ini-

2019 3656 2271 3711 mieitiam
2297 3657 2553 3726 fatentur,
2584 3673 2651 3714 ne
2676 3667 2923 3728 suSpecta
2951 3673 3137 3715 eorum
3169 3661 3490 3730 supplicatio
3515 3661 3596 3716 vi-

2017 3749 2256 3806 deretur.
2286 3751 2496 3805 Etenim
2525 3752 2867 3806 invisibiliter
2897 3753 3340 3818 verberabantur,
3385 3762 3442 3810 et
3471 3753 3596 3824 plus

2014 3855 2172 3912 quam
2202 3857 2350 3896 mare
2375 3841 2703 3898 ﬂuctuabant
2727 3843 2948 3909 confixi,
2995 3844 3283 3912 combusti,
3317 3855 3479 3916 atque
3524 3861 3595 3902 ex

2005 3940 2150 3995 sola1
2175 3934 2461 4008 praesentia
2511 3935 2872 3991 intolerabilia
2924 3937 3208 4004 patientes.
3258 3938 3390 4002 L'uia
3442 3953 3591 3994 εηιηι

2011 4026 2371 4081 dmmoniacos
2403 4027 2521 4080 illos
2548 4043 2706 4082 nemo
2732 4027 2924 4084 offerre
2955 4030 3206 4096 audebat,
3254 4031 3498 4088 Christus
3528 4033 3592 4088 il-

2012 4116 2092 4170 los
2123 4116 2252 4171 adit.
2289 4118 2352 4171 Et
2377 4117 2655 4173 Matthams
2686 4121 2903 4189 quidem
2957 4122 3144 4177 scribit
3170 4123 3371 4178 dixisse
3415 4125 3540 4180 illos
3573 4142 3591 4179 :

2022 4205 2212 4259 Venisti
2240 4208 2337 4259 huc
2364 4217 2480 4260 ante
2520 4219 2717 4278 tempus
2748 4219 2979 4279 torquere
3016 4229 3145 4277 nos;
3171 4214 3261 4268 alii
3294 4231 3420 4271 vero
3441 4218 3595 4272 addi.

2013 4302 2222 4359 tierunt,
2257 4313 2352 4352 eos
2402 4298 2676 4368 adjorasse
2732 4316 2797 4355 ac
2850 4318 3066 4374 rogasse
3116 4304 3265 4361 illum
3326 4323 3392 4363 ne
3441 4325 3500 4364 se
3538 4310 3596 4365 in

2009 4389 2262 4458 abyssum
2289 4390 2620 4459 emijiceret:
2652 4395 2908 4462 putabant
2931 4397 3074 4451 enim
3115 4397 3225 4469 jam
3259 4401 3458 4457 instare
3487 4401 3592 4459 sibi

2010 4486 2326 4555 supplicium
2378 4496 2432 4542 et
2457 4488 2717 4545 timebant
2742 4493 2894 4562 quasi
2917 4493 3028 4562 jam
3074 4494 3127 4550 in
3177 4504 3443 4552 tormenta
3487 4496 3594 4555 de-

2012 4576 2176 4629 missi.
2200 4575 2350 4642 Quod
2376 4583 2420 4634 si
2441 4579 2612 4635 Lucas
2635 4580 2786 4654 (Cap.
2803 4584 2859 4653 8)
2883 4601 3045 4638 unum
3068 4596 3272 4642 tantum
3296 4601 3588 4657 memoret,

2014 4666 2098 4720 hic
2128 4677 2304 4722 autem
2331 4670 2486 4738 duos,
2521 4688 2696 4742 neque
2724 4675 2800 4729 sic
2826 4675 3150 4732 dissonantia
3178 4680 3352 4750 aliqua
3382 4681 3587 4736 indica-

2015 4771 2120 4815 tur.
2165 4761 2219 4816 Si
2243 4764 2384 4817 enim
2413 4765 2661 4832 dixisset,
2696 4784 2858 4821 unum
2888 4778 3091 4825 tantum
3115 4769 3299 4835 fuisse,
3333 4788 3432 4829 nec
3459 4776 3587 4829 alte-

2012 4870 2126 4908 rmn
2157 4856 2448 4921 exstitisse,
2480 4867 2606 4913 tunc
2626 4859 2895 4915 videretur
2921 4877 2959 4915 a
2981 4862 3231 4917 Mattltteo
3259 4864 3477 4922 differre
3519 4869 3539 4899 ⁸
3565 4884 3593 4930 τ,

2007 4959 2129 4998 cum
2153 4961 2280 5001 vero
2300 4947 2388 5002 ille
2429 4965 2614 5014 unum,
2648 4949 2736 5005 bic
2765 4952 2898 5006 duos
2929 4964 3228 5022 memorat,
3256 4971 3362 5012 non
3410 4961 3595 5027 pugna

2012 5035 2128 5091 haec
2153 5046 2237 5092 cst
2259 5079 2273 5103 ,
2325 5040 2420 5095 sed
2449 5039 2749 5096 differentia
2781 5045 3052 5100 narrandi.
3087 5045 3214 5102 Mihi
3258 5049 3401 5102 enim
3432 5048 3586 5104 vide-

2010 5140 2094 5183 tur
2137 5129 2306 5184 Lucas
2332 5133 2596 5187 acriorem
2643 5134 2728 5188 hic
2781 5115 3186 5192 memorandum
3233 5155 3294 5194 su
3327 5141 3535 5209 cepisse
3569 5158 3584 5205 ;

2006 5230 2334 5291 quapropter
2361 5225 2526 5292 magis
2571 5225 2824 5294 tragicam
2873 5228 3128 5283 describit
3177 5233 3536 5286 calamitatem
3567 5275 3583 5296 ,

2006 5311 2145 5379 quod
2193 5328 2387 5382 nempe
2416 5315 2621 5369 vincula
2648 5326 2701 5369 et
2744 5327 2960 5373 mitenas
2987 5321 3319 5390 dirumpens,
3356 5341 3449 5392 per
3483 5326 3583 5378 do-

2006 5414 2209 5454 sertum
2245 5416 2490 5460 erraret:
2524 5406 2730 5461 Marcus
2780 5424 2908 5463 vero
2936 5412 3065 5466 dicit
3115 5413 3286 5483 ipsum
3340 5432 3460 5471 sese
3506 5417 3577 5471 la-

2007 5493 2218 5560 pidibus
2248 5499 2597 5563 percussisse.
2635 5499 2804 5554 Verba
2847 5510 3026 5557 autem
3065 5520 3251 5558 eorum
3282 5507 3580 5562 immanita-

2010 5587 2114 5640 tein
2168 5587 2664 5659 impudentiamque
2701 5591 2996 5651 declarant.
3060 5595 3252 5652 Venisti
3306 5606 3440 5653 enim
3481 5603 3578 5656 liae

2075 5835 2094 5863 ⁸
2136 5768 2492 5892 itiliiui’liiiida‘ii‘i
2668 5826 2906 5878 rideretur
2932 5821 3150 5873 Matt/tato
3168 5815 3514 5885 contradicere,
