4066 6500
404 493 510 549 55³5

402 616 759 677 ωιιειεηηηιε
810 614 1043 674 torquere
1086 612 1213 660 nos,
1268 594 1537 664 inquiunt;
1588 587 1708 643 Non
1753 592 2005 657 poterant

401 706 549 760 enim
578 701 760 759 dicere
780 716 841 755 se
885 711 993 751 non
1033 704 1320 763 peccasse;
1352 692 1545 755 rogant
1575 696 1703 736 vero
1749 695 1817 734 ne
1868 687 1998 732 ante

404 795 623 867 tempus
644 808 833 866 pmnas
859 790 1027 843 luant.
1058 783 1191 852 Quia
1223 782 1366 837 enim
1393 772 1757 845 deprehendit
1784 784 1880 825 eos
1918 767 2002 867 in-l

404 857 705 947 tolerabilia
720 893 777 939 et
802 879 986 948 iniqua
1018 882 1292 944 operatus,
1319 876 1681 924 aet-reaturas
1708 877 1835 916 suas
1855 857 2003 913 omni

403 990 625 1047 prorsus
682 969 842 1025 modo
881 966 1257 1021 subvertentcs
1291 968 1347 1015 et
1389 957 1711 1015 cruciantes.
1747 952 2007 1021 putabant

403 1083 523 1125 eum
543 1066 615 1121 ob
634 1063 932 1119 facinorum
953 1056 1286 1113 atrocitatem
1302 1067 1408 1106 non
1426 1055 1859 1118 exspectaturum
1882 1054 2004 1095 esse

403 1156 654 1231 supplicii
684 1165 936 1221 tempus:
971 1149 1171 1205 ideirco
1202 1144 1461 1214 rogabant
1488 1150 1543 1195 et
1573 1136 1949 1207 supplicabant
1980 1150 1995 1186 :

403 1265 456 1305 rt
478 1230 577 1321 qui
603 1264 672 1303 ne
706 1246 897 1301 ferreis
920 1241 1137 1313 quidem
1190 1236 1419 1291 vinculis
1445 1230 1677 1286 detineri
1725 1234 1998 1297 poterant,

405 1344 550 1413 ligati
606 1341 867 1399 veniunt;
909 1336 998 1406 qui
1040 1341 1255 1388 montes
1298 1324 1712 1397 percurrehant,
1753 1322 1809 1375 in
1850 1334 2003 1373 cam-

407 1408 502 1503 pos
530 1439 767 1495 exeunt;
799 1426 888 1497 qui
916 1424 1051 1479 alios
1077 1437 1107 1475 a
1133 1417 1359 1475 transitu
1389 1413 1665 1477 arcebant,
1695 1426 1816 1464 eum
1850 1408 1999 1461 illum

403 1500 543 1578 viam
570 1522 671 1577 sibi
730 1519 1103 1573 obstruentem
1136 1511 1413 1571 viderent,
1445 1513 1733 1559 steterunt.
1769 1500 1876 1555 Sed
1903 1514 2002 1553 cur

403 1618 455 1672 in
483 1613 753 1685 sepulcris
800 1610 1029 1665 libenter
1056 1600 1381 1662 versantur?
1412 1607 1470 1654 ut
1500 1596 1853 1667 perniciosam
1906 1591 2001 1646 do-

402 1683 633 1764 ctrinam
682 1703 975 1759 multorum
1020 1697 1292 1753 mentibus
1338 1695 1621 1752 inserant;
1654 1700 1852 1755 nempe
1880 1683 2002 1737 ani-

402 1818 517 1858 mas
548 1808 881 1855 mortuorum
911 1793 1187 1847 damonas
1216 1788 1329 1841 fieri
1372 1784 1487 1856 (a);
1530 1780 1675 1851 quod
1702 1793 1773 1833 ne
1803 1776 2005 1845 cogitet

403 1892 671 1963 quispiam
694 1886 853 1941 absit.
888 1882 995 1938 Sed
1024 1880 1153 1951 quid
1198 1878 1368 1940 dicas,
1399 1874 1667 1943 inquiunt,
1694 1870 1762 1925 de
1794 1870 2001 1938 prmsti-

376 1957 696 2053 gutturibus
719 1977 924 2041 multis,
953 1972 1043 2045 qui
1068 1980 1254 2041 captos
1281 1980 1477 2040 pueros
1500 1963 1769 2034 iugulant,
1794 1970 1851 2014 ut
1879 1957 2001 2012 ani-

404 2049 544 2128 mam
577 2079 761 2141 postea
814 2066 914 2121 sibi
966 2064 1357 2118 ministrantem
1404 2054 1674 2112 habeant?
1718 2052 1827 2108 Sed
1859 2049 2002 2105 unde

404 2168 506 2220 hoc
534 2161 744 2232 liquet?
774 2159 905 2214 Nam
955 2155 1098 2225 quod
1145 2153 1396 2223 jugulent
1418 2191 1435 2218 ,
1466 2150 1571 2204 hoc
1596 2146 1749 2202 multi
1780 2144 1997 2208 dicunt;

400 2257 539 2327 quod
572 2264 750 2309 autem
793 2262 1058 2307 caisorum
1107 2246 1300 2301 animae
1326 2258 1448 2300 cum
1480 2240 1611 2311 ipsis
1652 2238 1759 2293 sint
1786 2278 1803 2303 ,
1834 2234 1997 2302 unde,

398 2362 603 2418 quaeso,
634 2342 815 2399 nosti?
845 2341 971 2413 lpsi,
1000 2338 1264 2410 inquiunt,
1298 2334 1613 2389 daemoniaci
1641 2330 1744 2386 hoc
1770 2328 1954 2382 dicunt
1983 2344 1997 2379 :

400 2441 510 2509 Ego
558 2452 677 2492 sum
726 2436 904 2490 anima
935 2433 1073 2488 illius
1118 2432 1433 2500 cujuspiam.
1462 2427 1659 2481 Verum
1710 2423 1827 2477 haec
1857 2422 2000 2476 fraus

397 2542 452 2587 et
484 2531 690 2585 fallacia
738 2526 1003 2582 diabolica
1053 2535 1154 2579 est.
1183 2522 1370 2591 Neque
1394 2519 1536 2575 enim
1588 2517 1767 2571 anima
1800 2513 1998 2568 mortui

396 2633 621 2692 estquae.
654 2621 870 2682 clamat,
906 2616 999 2671 sed
1026 2616 1243 2670 dthOII
1264 2612 1354 2683 qui
1386 2610 1489 2663 hoc
1517 2608 1737 2663 simulat
1765 2615 1826 2658 ut
1852 2603 1998 2656 audi-

398 2724 540 2767 tores
564 2711 817 2779 decipiat.
848 2708 981 2763 Nam
1010 2706 1052 2761 si
1080 2713 1263 2776 posset
1287 2702 1463 2755 anima
1488 2700 1540 2753 in
1571 2698 1837 2753 daemonis
1865 2695 1997 2749 sub-

396 2806 645 2861 stantiam
677 2801 905 2873 ingredi,
934 2800 1105 2856 multo
1150 2797 1365 2852 facilius
1396 2796 1449 2849 in
1491 2806 1691 2862 corpus
1721 2805 1878 2845 suum
1911 2790 1996 2843 in-

395 2898 741 2968 grederetur.
772 2895 1039 2949 Praaerea
1067 2891 1188 2961 quis
1242 2890 1455 2943 ratione
1486 2884 1744 2956 praeditus
1770 2881 1997 2938 credere

397 2989 564 3059 possit
602 2986 837 3041 animam
894 2982 1101 3049 laesam,
1147 2995 1207 3036 se
1244 2979 1457 3034 laedenti
1494 2973 1739 3031 sociare?
1762 2981 1855 3027 aut
1896 2971 1996 3025 ho-

398 3080 597 3133 minem
628 3090 786 3147 pOSse
832 3076 941 3129 vim
994 3076 1367 3142 incorpoream
1421 3071 1470 3122 in
1513 3068 1737 3121 alteram
1785 3072 1998 3120 mutare

397 3168 795 3227 substantiam?
822 3169 953 3221 Nam
980 3164 1028 3220 si
1056 3165 1109 3219 in
1149 3162 1469 3232 corporibus
1510 3160 1563 3213 id
1593 3158 1707 3213 fieri
1742 3166 1993 3228 nequeat,

398 3280 498 3320 nec
523 3262 790 3335 quispiam
818 3260 989 3330 possit
1039 3270 1240 3335 corpus
1268 3254 1505 3311 hominis
1550 3253 1600 3305 in
1628 3265 1830 3319 corpus
1857 3247 1994 3302 asini

396 3366 642 3418 mutare;
702 3353 871 3407 multo
922 3332 1095 3419 magis
1145 3350 1202 3402 in
1254 3346 1432 3401 anima
1481 3343 1733 3398 invisibili
1775 3341 1828 3393 id
1879 3338 1995 3393 fieri

399 3448 603 3519 nequit,
632 3459 733 3502 nec
755 3444 875 3516 quis
901 3443 1074 3514 possit
1106 3440 1251 3495 illam
1275 3439 1329 3493 in
1353 3434 1617 3493 daemonis
1641 3430 1996 3488 substantiam

400 3549 629 3593 vertere.

468 3630 521 3685 3.
555 3630 754 3683 Anima:
773 3636 893 3696 post
922 3632 1133 3678 mortem
1162 3637 1263 3675 non
1294 3619 1376 3674 hic
1405 3627 1645 3683 manent,
1676 3617 1765 3671 sed
1807 3617 1859 3667 in
1901 3616 1998 3666 alt-

398 3740 547 3793 quam
575 3722 830 3791 regionem
856 3719 1129 3771 ducuntur.
1147 3712 1313 3768 Nemo
1339 3722 1410 3766 est
1429 3713 1548 3780 quin
1564 3709 1656 3764 Dei
1683 3707 2000 3777 providentia

402 3820 622 3884 fruatur.
651 3839 724 3850 —
752 3809 937 3879 Itaque
981 3805 1313 3861 anicularum
1355 3802 1624 3857 chriarum
1677 3799 1793 3853 luce
1834 3799 1997 3853 verba

401 3913 525 3957 sunt
553 3912 607 3957 et
637 3914 925 3971 puerorum
957 3896 1227 3952 lerrieula.
1260 3893 1446 3960 Neque
1473 3892 1617 3946 enim
1650 3890 1776 3942 licet
1806 3891 1999 3940 aninne

401 3994 569 4049 semel
610 4008 640 4046 a
670 4006 897 4061 corpore
936 3988 1194 4057 seiunctae
1223 3985 1308 4039 hic
1346 3982 1601 4051 deinceps
1632 3980 1833 4049 vagari.
1867 3978 1998 4031 Nam

401 4086 674 4141 lituorum
699 4084 884 4137 animae
903 4082 958 4135 in
988 4096 1143 4133 manu
1172 4076 1267 4131 Dei
1296 4084 1414 4129 sunt
1446 4073 1600 4145 (Sap.
1626 4072 1680 4127 5.
1720 4070 1806 4141 l);
1848 4070 1893 4124 si
1917 4071 2003 4138 ju-

405 4192 606 4235 Storum
629 4220 643 4240 .
677 4177 835 4230 etiam
861 4188 1076 4244 qquue
1110 4185 1398 4242 puerorum
1440 4166 1636 4220 anima:
1668 4182 1681 4216 :
1712 4179 1819 4218 non
1854 4164 2000 4215 enim

407 4273 508 4326 illa:
534 4272 686 4324 mala:
712 4276 851 4323 sunt.
880 4267 1229 4322 Peccatorum
1257 4271 1436 4315 autem
1459 4262 1651 4313 animae
1673 4257 1853 4311 statim
1878 4255 2003 4309 hinc

405 4362 763 4416 abducuntur.
808 4358 863 4412 1d
906 4357 1080 4425 palam
1129 4363 1214 4409 est
1254 4368 1320 4407 ex
1368 4350 1572 4406 Lazaro
1612 4356 1668 4403 et
1709 4348 1901 4413 divite;
1949 4356 2004 4402 et

406 4451 529 4506 alibi
570 4448 820 4505 Christus
845 4446 960 4501 ait:
999 4442 1165 4498 Hodie
1205 4444 1427 4496 animum
1458 4450 1595 4493 tuam
1635 4448 1859 4510 repetent
1897 4454 1928 4490 a
1957 4446 2004 4491 te

407 4542 562 4613 (an.
592 4541 678 4595 l2.
706 4539 819 4609 20‘).
852 4538 1037 4607 Neque
1074 4536 1187 4590 fieri
1226 4544 1431 4604 potest,
1476 4546 1533 4588 ut
1561 4534 1737 4586 anima
1783 4547 1846 4583 ex
1879 4546 2003 4584 cur-

408 4651 538 4704 pore
553 4646 800 4703 egressa,
831 4630 958 4688 hinc
981 4639 1127 4683 erret
1154 4638 1207 4682 et
1228 4634 1484 4697 vagetur;
1507 4639 1683 4695 nettue
1704 4624 1755 4677 id
1787 4622 2000 4691 injuria.

408 4726 541 4782 Nam
569 4728 612 4781 sl
656 4740 776 4780 cum
826 4725 928 4779 iter
974 4721 1197 4777 facimus
1237 4722 1290 4773 in
1335 4729 1462 4772 nota
1504 4716 1661 4771 nobis
1686 4725 1740 4769 et
1790 4722 2004 4767 assueta

410 4828 570 4883 terra,
599 4832 722 4872 cum
761 4830 991 4885 corpore
1032 4813 1211 4867 amicti
1257 4823 1463 4873 sumus,
1502 4823 1624 4862 cum
1668 4806 2005 4876 peregrinam

407 4915 551 4967 viam
592 4911 835 4976 adimus,
864 4909 1132 4965 nescimus
1177 4921 1279 4977 qua
1330 4903 1561 4959 transire
1593 4909 1856 4969 oporteat,
1904 4898 2004 4952 nisi

409 5004 601 5060 ducem
629 5001 922 5057 habeamus
942 5022 954 5054 :
984 4997 1255 5072 quomodo
1275 4996 1451 5051 anima
1468 5011 1533 5049 ex
1552 5006 1779 5062 corpore
1799 4990 2005 5055 avulsa,

412 5095 540 5150 nihil
579 5094 690 5162 jam
731 5102 1005 5147 assuetum
1034 5100 1088 5146 et
1127 5089 1399 5159 Cognitum
1444 5086 1677 5148 habens,
1714 5083 1829 5137 sine
1875 5082 2009 5135 duce

411 5194 546 5248 sciet
570 5204 678 5261 quo
702 5190 771 5245 sit
797 5188 1074 5243 eundum?
1106 5186 1393 5255 Multisque
1413 5182 1534 5236 aliis
1559 5177 1889 5249 argumentis
1911 5175 2005 5229 de-

412 5282 749 5354 prehendere
764 5290 872 5344 est,
905 5294 1011 5334 non
1043 5292 1201 5348 posse
1222 5276 1457 5331 animam
1485 5290 1548 5330 ex
1573 5287 1798 5339 corpore
1827 5284 2013 5339 egres-

412 5394 531 5435 sam
558 5377 645 5431 hic
675 5391 914 5431 manere.
972 5373 1107 5429 Nam
1153 5370 1459 5439 Stephanus
1501 5369 1609 5423 ait:
1647 5366 1865 5436 Suscipe
1903 5367 2011 5431 spi-

414 5470 568 5521 ritum
602 5485 772 5523 meum
803 5466 943 5539 (Aet.
974 5466 1025 5519 7.
1055 5464 1185 5536 58);
1225 5472 1279 5517 et
1304 5462 1500 5517 Paulus
1520 5502 1533 5524 ,
1568 5459 1791 5513 Dissolvi
1822 5470 1866 5509 ct
1897 5474 2012 5510 cunt

481 5604 553 5664 (tr)
577 5602 789 5664 ldipsum
808 5600 927 5649 dicit
943 5600 1313 5664 Chrysostomus
1336 5605 1471 5645 Hom.
1488 5596 1604 5664 9..de
1627 5603 1813 5664 lauro,
1829 5597 2013 5664 'l‘om.l_,

415 5666 517 5716 ua.
532 5659 643 5722 983,
654 5659 743 5712 lin.
758 5666 808 5721 8,
822 5676 1001 5723 nempe
1011 5659 1280 5710 secundum
1292 5659 1610 5723 quorumdam
1623 5661 1899 5723 opinionem
1912 5659 2014 5723 ani-

416 5741 522 5777 mas
542 5720 856 5776 niui-ienuqu
878 5720 1121 5772 daemonas
1146 5723 1270 5771 ﬁeri.
1297 5720 1388 5771 Sed
1412 5721 1456 5770 id
1481 5722 1547 5769 ibi
1567 5721 1723 5770 solum
1755 5721 1932 5769 dicitur
1951 5720 2016 5769 de

415 5791 533 5849 illis,
557 5804 639 5852 qm
669 5789 881 5852 violenta
913 5786 1471 5852 nia'artedem-sserunt:
1512 5782 1731 5852 illudque
1767 5782 1893 5852 forte
1927 5783 2019 5831 hoc

418 5846 565 5900 etiam
577 5846 691 5900 loco
710 5847 1186 5909 subintelligendum
1205 5854 1282 5895 est
1303 5861 1314 5894 :
1355 5858 1449 5893 non
1474 5846 1739 5894 verisimile
1764 5846 1895 5894 enim
1919 5854 2016 5904 est,

419 5915 465 5964 id
488 5929 574 5964 eos
590 5916 651 5963 de
670 5910 922 5961 animabus
935 5910 1279 5959 decedendum
1298 5911 1511 5959 omnium
1529 5909 1855 5958 existimasse.

1270 478 1331 533 ΙΝ
1373 467 1783 530 ΜΑΤΤΗΑΞΙΙΜ
1826 460 2060 519 IIOHIL.

2109 458 2343 517 Χλνιιι.
2386 464 2435 551 al
2503 463 2693 522 XXIX.
3612 466 3712 521 534i

2118 580 2321 637 Christo
2346 600 2455 638 esse
2479 586 2637 638 inulto
2662 584 2842 639 melius
2868 596 2941 640 est
2968 584 3235 657 (Philipp.
3282 588 3335 642 l.
3366 587 3481 657 25).
3513 587 3592 643 De
3618 602 3714 658 pa-

2113 676 2345 732 triarcha
2381 693 2595 750 quoque
2634 680 2911 749 Scriptura
2938 681 3067 735 dicit
3097 680 3129 735 :'
3148 680 3219 736 Et
3254 682 3524 753 appositus
3548 693 3622 737 est
3648 685 3718 734 ad

2110 778 2280 836 putres
2308 787 2453 836 suos,
2495 782 2757 839 provectus
2786 772 2837 824 iu
2866 781 3122 826 attrectat:
3156 772 3291 826 bona
3329 771 3485 842 (Cen.
3513 774 3607 828 25.
3632 772 3715 844 8).

2109 861 2263 928 Quod
2302 872 2480 917 autem
2529 879 2703 933 neque
2749 874 3091 934 peccatorum
3134 867 3332 940 anima:
3379 868 3587 939 possint
3631 868 3719 921 hic

2110 956 2344 1023 versari,
2375 956 2499 1010 audi
2527 958 2749 1012 divitem
2779 960 2946 1012 multa
2977 961 3077 1013 hac
3100 959 3252 1014 dere
3277 968 3581 1029 rogantem,
3613 976 3717 1015 nec

2112 1048 2510 1118 impetrantem,
2542 1051 2632 1121 qui
2668 1052 2713 1106 si
2757 1053 3019 1131 potuisset
3050 1055 3289 1108 venisset
3332 1055 3483 1120 ipse,
3510 1061 3568 1107 et
3594 1068 3719 1123 qua

2112 1141 2455 1196 illiclicrent
2497 1144 2815 1198 nuntiasset.
2866 1143 3019 1199 Unde
3066 1144 3238 1213 palam
3286 1152 3402 1205 est.
3452 1155 3575 1216 post
3618 1145 3716 1200 dc-

2109 1248 2319 1287 cessum
2339 1250 2407 1288 ex
2438 1234 2538 1289 hac
2568 1237 2673 1288 vita
2704 1236 2914 1290 animas
2935 1236 2987 1291 in
3010 1236 3297 1305 quamdam
3321 1237 3594 1306 regionem
3613 1237 3718 1291 de-

2110 1323 2259 1386 ferri.
2282 1340 2381 1378 nee
2398 1341 2557 1393 posse
2576 1325 2680 1380 huc
2706 1328 2920 1391 reverti,
2951 1326 3046 1381 sed
3070 1326 3364 1382 terribilem
3396 1326 3548 1382 illum
3568 1326 3715 1382 diem

2109 1427 2443 1488 exspectare.
2478 1417 2533 1474 Si
2576 1420 2698 1487 quis
2741 1433 2871 1473 vero
2899 1419 3126 1481 dixerit,
3156 1420 3267 1472 Cur
3308 1419 3357 1472 id
3388 1419 3531 1487 quod
3566 1428 3718 1488 pete-

2108 1514 2237 1568 bant
2264 1514 2539 1569 dwtuones
2568 1514 2812 1569 Christus
2846 1514 2969 1568 fecit
2989 1555 3002 1578 ,
3028 1529 3150 1568 eum
3179 1513 3234 1567 in
3273 1528 3559 1582 pomorum
3590 1526 3717 1583 gre-

2107 1622 2229 1677 gem
2263 1608 2408 1677 ipsos
2437 1608 2638 1663 intrare
2666 1606 2944 1677 permisit?
2971 1607 3347 1676 responderim
3379 1621 3501 1675 ego,
3538 1606 3714 1672 ipsum

2109 1714 2216 1753 non
2256 1699 2308 1753 id
2338 1698 2531 1753 fecisse
2558 1700 2612 1753 in
2654 1699 2881 1770 gratiam
2923 1698 3173 1765 illorum;
3206 1698 3298 1753 sed
3329 1708 3387 1751 ut
3427 1697 3596 1752 multa
3637 1696 3717 1753 sic

2108 1787 2478 1859 dispensaret;
2500 1789 2696 1858 primo,
2721 1787 3012 1844 utdoceret
3040 1803 3135 1845 eos
3164 1790 3255 1859 qui
3280 1804 3310 1843 a
3334 1788 3583 1860 malignis
3610 1788 3713 1841 lm-

2103 1878 2342 1948 jusmodi
2364 1881 2605 1951 tyrannis
2627 1879 2839 1935 liberati
2855 1889 3062 1944 essent,
3082 1889 3341 1950 quantam
3372 1878 3669 1949 perniciem
3696 1879 3710 1908 ‘

2108 1972 2364 2028 atferrent
2394 1972 2735 2028 insidiatores
2761 1972 3067 2043 hujusmodi
3092 1989 3107 2038 ;
3140 1972 3382 2028 secundo
3403 2014 3418 2038 ,
3452 1983 3509 2027 ut
3535 1973 3718 2027 disce-

2109 2074 2229 2119 rent
2276 2078 2490 2131 omnes,
2533 2063 2810 2119 daemonas
2852 2080 2919 2118 ne
2950 2064 3166 2134 quidem
3215 2078 3410 2133 porcos
3451 2062 3717 2118 invadere

2110 2170 2290 2223 posse,
2320 2157 2424 2211 uisi
2451 2157 2567 2227 ipse
2596 2157 2933 2227 permiserit;
2968 2158 3130 2211 tertio
3150 2198 3164 2220 ,
3194 2157 3340 2226 ipsos
3380 2157 3629 2225 graviora
3661 2158 3714 2211 in

2108 2248 2375 2315 homines,
2407 2264 2565 2319 quam
2597 2250 2648 2305 in
2682 2265 2905 2319 porcos,
2944 2259 3350 2319 perpetraturos
3376 2250 3542 2305 fuisse
3566 2290 3578 2311 ,
3612 2250 3716 2304 nisi

2107 2342 2162 2396 in
2210 2342 2515 2401 calamitate
2559 2356 2658 2411 per
2696 2356 2944 2411 magnam
2985 2340 3129 2394 illam
3180 2340 3272 2394 Dei
3321 2340 3713 2408 providentiam

2105 2434 2301 2489 servati
2325 2434 2571 2488 fuissent.
2594 2432 2726 2486 Nam
2750 2435 2893 2502 quod
2915 2434 3088 2503 magis
3107 2447 3204 2486 nos
3224 2447 3385 2501 quam
3416 2433 3569 2487 bruta
3599 2435 3717 2487 aui-

2104 2526 2264 2581 utalia
2292 2525 2416 2579 odio
2461 2525 2713 2591 habeant,
2747 2524 2876 2578 nulli
2929 2540 3035 2577 non
3069 2523 3415 2578 manifestum
3457 2535 3562 2579 est.
3615 2526 3718 2579 Ita-

2105 2633 2211 2689 que
2240 2620 2329 2687 qui
2354 2619 2531 2687 porcis
2560 2632 2666 2673 non
2696 2626 3072 2686 pepercerunt,
3102 2628 3155 2669 et
3187 2617 3237 2669 in
3276 2626 3553 2671 momento
3582 2627 3717 2671 tem-

2105 2713 2254 2781 poris
2284 2727 2472 2767 omnes
2521 2712 2924 2781 pra-cipitarunt
2944 2751 2958 2774 ,
2988 2709 3159 2764 multo
3208 2712 3379 2779 magis
3410 2709 3717 2764 hominibus

2104 2804 2158 2859 id
2200 2803 2451 2859 fecissent
2479 2844 2495 2869 ,
2526 2818 2662 2874 quos
2691 2802 2945 2857 tenebant
2984 2803 3035 2854 in
3074 2801 3351 2857 desertum
3383 2800 3716 2857 adducentes

2105 2906 2159 2951 et
2189 2896 2547 2960 abducentes,
2577 2897 2680 2950 nisi
2716 2896 2877 2951 etiam
2925 2896 2979 2949 in
3031 2895 3130 2949 hac
3180 2896 3295 2965 ipsa
3331 2910 3523 2964 magna
3554 2910 3715 2965 quam

2104 2989 2432 3043 exercebant
2459 2987 2765 3057 tyrannide,
2802 2987 2892 3041 Dei
2924 3001 3052 3040 cura
3073 2988 3343 3041 frenasset
3365 2995 3419 3040 et
3440 2988 3715 3041 coercuis—

2106 3089 2210 3145 set,
2238 3096 2306 3135 nc
2335 3079 2719 3149 perniciosiora
2750 3078 3011 3133 facerent.
3047 3077 3176 3132 lude
3205 3077 3373 3147 liquet
3398 3119 3412 3142 ,
3442 3079 3713 3133 neminem

2104 3188 2249 3241 esse,
2275 3173 2403 3244 quin
2436 3173 2530 3228 Dei
2561 3171 2897 3243 providentia
2934 3170 3163 3226 fruatur.
3188 3169 3343 3237 Quod
3384 3172 3427 3225 si
3456 3186 3561 3225 non
3599 3188 3715 3226 um-

2105 3279 2203 3319 ncs
2236 3279 2341 3318 uno
2367 3264 2668 3334 eodemque
2697 3263 2882 3330 modo,
2916 3262 3020 3317 hoc
3043 3277 3258 3332 quoque
3302 3278 3553 3333 magnum
3588 3278 3714 3333 pro-

2105 3354 2362 3410 videntia:
2390 3370 2561 3424 genus
2590 3363 2691 3409 est.
2738 3353 2872 3407 Nam
2919 3362 2977 3406 ut
3003 3354 3199 3423 cuique
3231 3353 3362 3408 utile
3388 3367 3511 3408 esse
3539 3364 3717 3424 potest

2104 3448 2244 3501 ratio
2270 3447 2620 3517 providentia:
2657 3446 3118 3501 accommodatur.
3162 3436 3242 3501 Ad
3271 3444 3389 3502 haec
3422 3461 3553 3501 vero
3595 3462 3717 3517 quae

2106 3540 2245 3594 dicta
2279 3548 2427 3603 sunt,
2458 3539 2601 3593 aliud
2646 3538 2773 3593 inde
2819 3538 3126 3593 discimus:
3168 3537 3311 3608 quod
3358 3539 3563 3593 scilicet
3607 3553 3716 3592 non

2109 3643 2315 3687 tamum
2341 3632 2596 3687 onmibus
2622 3632 2784 3686 simul
2815 3631 3128 3701 provideat,
3158 3630 3253 3684 sed
3286 3631 3447 3684 etiam
3491 3630 3719 3701 singulis

2108 3724 2333 3779 scorsim
2356 3741 2371 3789 ;
2403 3724 2547 3795 quod
2570 3724 2734 3779 etiam
2756 3721 3038 3792 discipulis
3066 3721 3319 3776 indicavit
3345 3721 3531 3776 dicens
3560 3737 3577 3775 :
3615 3718 3715 3775 Vc-

2105 3822 2199 3874 stri
2228 3820 2408 3889 capilli
2432 3820 2616 3888 capitis
2632 3834 2807 3872 omne:
2829 3816 3081 3871 numerati
3105 3826 3222 3871 sunt
3244 3815 3459 3886 (Matth.
3485 3817 3572 3871 l0.
3598 3816 3715 3879 50).

2110 3914 2295 3981 Exque
2334 3912 2685 3966 dmmoniacis
2714 3910 2764 3963 id
2790 3910 2937 3963 clare
2971 3908 3154 3961 videre
3191 3916 3295 3965 est.
3337 3909 3425 3976 qui
3449 3907 3560 3975 jam
3588 3907 3716 3961 olim

2109 4004 2355 4059 Sufl‘ocati
2384 4004 2632 4065 fuissent,
2662 4001 2762 4054 nisi
2792 4015 3003 4053 smnme
3034 4014 3256 4052 curante
3289 4000 3397 4053 Deo
3430 4015 3719 4053 servaren-

2113 4108 2218 4150 tur.
2258 4096 2551 4165 Pmpterca
2592 4092 2839 4161 permisit
2881 4105 2976 4146 eos
3015 4093 3163 4144 abire
3202 4091 3253 4143 in
3283 4106 3499 4160 gregem
3531 4106 3723 4159 porco-

2114 4205 2253 4251 rum,
2287 4203 2341 4240 lIt
2372 4188 2460 4255 qui
2486 4186 2760 4255 regionem
2796 4182 3125 4246 incolebant,
3162 4183 3278 4252 ejus
3312 4186 3607 4251 potentiam
3636 4183 3718 4236 di-

2115 4292 2347 4336 scerent.
2376 4279 2476 4336 Ubi
2522 4294 2757 4348 namque
2797 4293 2993 4331 nomen
3037 4278 3207 4344 ipsius
3249 4286 3437 4329 notum
3468 4287 3606 4340 erat,
3648 4276 3723 4331 ibi

2113 4389 2220 4428 non
2274 4372 2535 4427 valde'sc
2583 4368 2956 4424 ostendebat:
3009 4367 3101 4421 ubi
3155 4381 3285 4421 vero
3331 4381 3491 4421 nemo
3545 4367 3721 4437 ipsum

2117 4474 2360 4528 noverat,
2390 4462 2725 4528 stolidusquc
2764 4461 2997 4528 pupulas
3022 4465 3160 4516 erat.
3188 4457 3258 4513 ibi
3294 4458 3568 4511 miraculis
3610 4474 3725 4511 ma-

2116 4562 2197 4629 gis
2223 4558 2492 4627 fulgebat,
2525 4564 2583 4609 ut
2624 4556 2745 4608 illos
2764 4552 2831 4606 ad
2865 4551 3160 4605 divinitatis
3200 4564 3314 4605 sua:
3351 4551 3720 4620 cognitionem

2117 4652 2476 4721 pertraheret.
2496 4646 2652 4714 Quod
2673 4656 2853 4700 autem
2870 4642 3052 4698 stolidi
3074 4652 3259 4698 essent
3280 4643 3313 4696 ii
3331 4644 3421 4713 qui
3449 4643 3723 4698 civitatem

2119 4747 2263 4799 illam
2296 4742 2626 4803 incolebant,
2655 4755 2719 4794 ex
2749 4739 2815 4793 iis
2840 4753 2961 4809 qua:
2992 4738 3045 4792 in
3069 4736 3176 4791 fine
3201 4747 3349 4806 gesta
3374 4745 3501 4790 sunt
3532 4738 3724 4806 liquet.

2117 4840 2255 4893 Cum
2285 4836 2617 4907 oportuisset
2646 4832 2791 4889 enim
2819 4830 2967 4886 illum
2996 4828 3245 4895 adorare,
3277 4831 3502 4897 ejusque
3534 4838 3729 4897 P0103!-

2120 4934 2246 4987 tiam
2268 4931 2476 4993 mirari,
2506 4927 2655 4982 illum
2676 4925 3011 4997 repulerunt,
3034 4933 3088 4979 et
3105 4932 3363 4993 rogarunt
3383 4921 3677 4978 abscedere
3697 4938 3727 4977 a

2124 5026 2319 5080 linibus
2364 5022 2497 5077 suis.
2528 5019 2637 5076 Sed
2682 5036 2781 5075 cur
2823 5018 3101 5073 dmmones
3146 5029 3340 5085 porcos
3375 5014 3729 5069 occiderunt?

2122 5121 2349 5188 Semper
2378 5117 2654 5173 dzcmones
2686 5113 2736 5169 id
2766 5121 2959 5168 curant
2982 5120 3039 5165 ut
3068 5108 3319 5164 homines
3350 5110 3404 5164 in
3437 5124 3728 5164 mmrorem
3796 5116 3802 5121 ‘

2123 5211 2448 5282 eonjiciant,
2483 5214 2805 5277 semperque
2832 5206 2899 5259 de
2940 5204 3153 5258 illorum
3199 5203 3443 5272 pernicie
3473 5201 3729 5273 gaudent.

2125 5305 2239 5359 lloe
2268 5305 2395 5357 item
2425 5301 2560 5355 Jobo
2587 5298 2834 5353 diabolus
2866 5294 3013 5357 fecit,
3044 5298 3167 5364 quia
3203 5294 3274 5349 ibi
3306 5294 3468 5348 etiam
3506 5293 3556 5347 id
3590 5294 3733 5347 Deus

2125 5393 2375 5465 permisit
2402 5411 2415 5445 :
2440 5400 2835 5459 verum'neque
2864 5388 2936 5442 ibi
2958 5387 3174 5441 diabolo
3195 5385 3611 5454 obtemperavit,
3637 5386 3734 5439 sed

2127 5484 2272 5554 quod
2315 5484 2573 5538 famulum
2604 5497 2761 5537 suum
2801 5481 2968 5536 vellet
2994 5478 3420 5548 Splendidiorem
3466 5477 3733 5541 reddere,

2122 5577 2469 5655 _da:monique
2516 5590 2733 5629 onmem
2776 5572 3123 5643 impudentia
3171 5584 3357 5623 ansam
3414 5570 3735 5639 prtecidere,

2129 5683 2288 5743 atque
2317 5687 2413 5727 sua
2445 5670 2495 5722 in
2532 5668 2733 5738 justum
2780 5667 3012 5721 facinora
3056 5667 3107 5718 in
3146 5674 3310 5734 caput
3356 5664 3521 5733 ipsius
3563 5676 3735 5717 retor-

2130 5784 2316 5839 quere.
2343 5768 2406 5821 Et
2424 5781 2566 5820 stunc
2588 5781 2801 5833 quoque
2822 5773 3005 5817 contra
3029 5759 3245 5827 act-fidit,
3268 5772 3431 5829 quam
3461 5756 3745 5809 ila-mones

2201 5913 2217 5940 ³
2253 5908 2365 5961 Alii,
2385 5910 2613 5966 quantum
2639 5900 2833 5951 ral‘iem.
