4066 6428
290 446 397 502 557

293 576 400 613 non
431 556 607 611 atniCn
630 596 647 621 ,
677 571 783 609 non
814 562 1074 624 cognato,
1113 567 1218 606 non
1249 551 1432 616 fratri,
1467 565 1576 603 non
1604 550 1760 618 patri.
1793 547 1906 602 lino

294 666 426 704 vero
464 667 571 704 non
607 665 741 716 opus
770 656 855 702 est
895 646 1049 700 nobis
1082 642 1533 714 illarhypothesi;
1565 641 1906 695 sciscitemur

292 743 361 795 ab
389 757 477 807 co,
505 755 683 795 annon
716 737 803 792 ille
827 735 1127 805 bujusmodi
1154 749 1243 789 res
1271 735 1321 787 in
1344 731 1669 802 cogitatione
1692 739 1903 795 verset,

292 849 472 888 annuit
502 846 691 888 omnes
720 830 901 884 animo
937 828 1185 890 invadat,
1210 842 1389 880 annon
1420 824 1648 878 trucidet
1676 824 1902 888 amic08,

291 939 552 997 cognatas
576 936 628 981 et
658 925 1050 995 progenitores.
1078 923 1189 977 lmo
1211 936 1341 977 vero
1369 920 1511 975 nulla
1538 918 1902 989 interrogandi

292 1018 613 1083 necessitas,
640 1031 764 1070 cum
794 1029 954 1070 nemo
981 1013 1188 1069 nesciat
1216 1027 1312 1067 eos
1335 1052 1350 1076 ,
1379 1011 1471 1081 qui
1512 1010 1615 1065 hoc
1648 1016 1904 1065 tenentur

292 1108 503 1172 morbo,
534 1115 867 1161 senectutem
895 1104 1059 1174 patris
1081 1104 1161 1157 sui
1184 1117 1327 1173 agre
1356 1101 1517 1167 ferre,
1542 1109 1596 1156 et
1615 1099 1757 1171 quod
1786 1100 1906 1153 aliis

292 1199 449 1253 dulce
476 1198 817 1268 eptahileque
845 1208 947 1261 est,
974 1212 1166 1265 nempe
1196 1196 1333 1250 filios
1361 1195 1581 1259 habere,
1612 1206 1901 1248 onerosum

291 1288 626 1343 existimare.
660 1289 807 1342 Multi
836 1288 978 1341 enim
1021 1286 1121 1342 hac
1155 1286 1224 1340 de
1266 1300 1426 1339 causa
1457 1285 1742 1339 orbitatem
1776 1292 1901 1337 sunt

291 1380 496 1447 adepti,
535 1390 888 1447 naturamque
916 1378 1153 1432 sterilem
1186 1377 1574 1439 reddiderunt,
1607 1390 1711 1427 non
1742 1373 1904 1428 modo

291 1482 449 1527 natos
486 1472 792 1527 occidentes
818 1514 832 1536 ,
866 1466 1145 1523 SL‘tIcliﬂtlt
1180 1484 1247 1523 ne
1285 1478 1634 1521 nascerentur
1658 1466 1902 1521 efficien-

296 1576 398 1619 tes.
430 1565 506 1619 Ne
535 1565 803 1619 miremini
832 1565 1011 1632 itaque
1030 1604 1043 1624 ,
1078 1563 1119 1613 si
1147 1577 1364 1614 avarum
1397 1561 1482 1615 illa
1518 1560 1688 1613 forma
1715 1558 1903 1627 depin-

288 1660 533 1712 xcrimus
565 1674 579 1711 :
610 1672 731 1710 nam
778 1656 932 1723 longe
968 1654 1143 1705 adlmc
1170 1652 1403 1706 deterior
1433 1661 1511 1704 cst
1532 1691 1548 1717 ,
1581 1666 1741 1720 quam
1769 1650 1904 1703 dixi-

288 1763 432 1802 mus.
474 1748 580 1803 Sed
619 1747 894 1800 videamus
935 1762 1041 1812 quo
1083 1756 1237 1813 pacto
1267 1760 1389 1797 eum
1429 1744 1498 1797 ab
1527 1745 1627 1796 hoc
1656 1742 1903 1798 dmmone

290 1840 525 1893 liberuc
554 1838 867 1907 poterimus.
907 1836 1188 1902 Quomodo
1220 1836 1353 1888 liber
1378 1834 1526 1887 erit?
1563 1832 1617 1888 Si
1648 1833 1793 1887 clare
1822 1833 1903 1887 di-

285 1932 480 1985 dicerit
517 1930 795 1984 avaritiam
830 1930 910 1983 vel
954 1927 1020 1981 ad
1055 1927 1309 1996 pecunias
1338 1924 1730 1993 comparandas
1766 1938 1902 1978 con-

288 2024 510 2075 trariam
551 2034 673 2075 esse
701 2037 715 2075 :
752 2035 872 2074 nam
903 2019 991 2088 qui
1024 2033 1183 2086 parva
1217 2017 1409 2071 lucrari
1440 2015 1624 2069 Volunt
1645 2056 1661 2081 ,
1691 2030 1906 2084 semper

289 2130 480 2183 magna
516 2115 788 2183 patiuntur
810 2114 1005 2166 damna
1028 2130 1041 2165 :
1064 2110 1113 2164 id
1136 2109 1276 2181 quod
1299 2111 1460 2164 etiam
1483 2110 1534 2164 in
1561 2110 1902 2178 proverbium

292 2221 509 2260 versum
552 2217 654 2259 est.
688 2204 833 2258 Multi
866 2214 1013 2258 certe
1039 2219 1161 2257 cum
1198 2212 1441 2255 mutuum
1473 2216 1666 2271 magno
1698 2201 1903 2256 femore

286 2297 500 2362 darent,
532 2312 636 2349 non
660 2295 950 2364 exploratis
976 2293 1288 2362 accipientis
1314 2292 1675 2357 facultatibus,
1696 2303 1899 2347 sortem

288 2387 460 2457 ipsam
484 2403 606 2440 cmn
634 2387 810 2440 usuris
832 2385 1149 2438 amiserunt.
1172 2383 1403 2437 Rursum
1427 2383 1514 2437 alii
1545 2384 1595 2436 itt
1624 2383 1897 2452 periculis,

285 2494 410 2532 cum
443 2478 645 2532 nollent
677 2492 840 2549 [uinea
872 2476 1134 2545 proferre,
1160 2477 1323 2529 vitam
1350 2490 1470 2527 cum
1500 2477 1693 2545 opibus
1720 2474 1900 2543 perdi-

286 2571 511 2626 derunt.
546 2570 677 2625 Item
708 2569 799 2623 alii
830 2585 951 2623 cum
980 2567 1270 2636 dignitates
1296 2567 1670 2637 pecuniarias,
1702 2567 1785 2620 vel
1820 2566 1899 2621 si-

291 2662 438 2717 milia
466 2661 690 2730 adipisci
725 2668 979 2729 possent,
1011 2674 1132 2712 cum
1164 2659 1507 2726 parcimunize
1536 2659 1695 2713 nimis
1718 2658 1901 2714 stude-

287 2762 429 2818 rent,
451 2770 477 2803 a
500 2762 611 2805 toto
629 2751 962 2805 eXc-idertmt.
986 2750 1247 2815 Quoniam
1267 2751 1407 2802 enim
1426 2764 1611 2802 serere
1630 2749 1896 2816 nesciunt,

285 2845 379 2900 Sed
414 2854 615 2897 metere
644 2853 846 2896 tantum
877 2841 1127 2904 student,
1156 2856 1184 2893 a
1214 2855 1391 2893 messe
1420 2840 1727 2909 frequenter
1756 2842 1902 2895 exci-

1267 437 1330 492 1Ν
1372 433 1782 492 ΜΑΤΤΙΙᾹΞΙΙΜ
1825 433 2052 491 ιιυδιιι.
2102 431 2293 489 XXIX.
2337 434 2406 487 al.
2456 434 2619 490 XXX.

2016 548 2169 602 dtmt.
2203 547 2374 602 Nemo
2413 550 2556 603 enim
2600 564 2813 620 semper
2847 563 3051 609 metere
3083 564 3261 624 potest
3292 596 3305 621 ,
3352 556 3492 611 sicut
3532 575 3633 616 nec

2017 653 2231 708 Semper
2278 640 2495 694 lucrari.
2537 640 2673 708 Quia
2724 643 2883 711 igitur
2930 645 3241 714 impendere
3286 648 3494 711 nolunt,
3530 666 3631 706 nec

2023 730 2217 785 lucrari
2245 732 2457 795 sciunt,
2495 733 2588 786 sed
2618 743 2671 786 et
2698 735 2741 787 si
2770 750 2995 790 uxorem
3026 737 3227 792 ducere
3255 749 3504 807 Oporteat
3528 783 3543 805 ,
3578 742 3631 796 in

2019 820 2161 875 idem
2196 821 2436 875 incidunt
2475 822 2730 877 damnum
2751 866 2766 889 ,
2798 824 2927 879 dum
2957 826 3039 880 vel
3079 830 3293 895 inopem
3338 846 3436 897 pro
3465 831 3635 887 divite

2016 910 2238 976 ducunt,
2272 912 2355 965 vel
2381 912 2425 966 si
2453 912 2676 968 divitem
2707 915 2997 985 accipiant,
3022 928 3075 971 et
3102 919 3199 975 illa.
3221 920 3371 976 mille
3392 921 3536 976 vitiis
3564 925 3637 980 si:

2015 1002 2201 1058 aﬂ'ecta
2226 1044 2240 1068 ,
2278 1004 2328 1057 in
2372 1006 2546 1074 majus
2587 1006 2831 1061 incidunt
2875 1008 3283 1066 detrimentum.
3324 1013 3441 1068 Non
3486 1018 3634 1073 enim

2015 1095 2311 1163 opulentia,
2341 1096 2436 1151 sed
2469 1097 2637 1151 virtus
2662 1098 2876 1153 divitias
2908 1101 3065 1171 parit.
3095 1101 3228 1157 Nam
3256 1120 3374 1174 quae
3400 1121 3463 1159 ex
3493 1106 3639 1163 (II\I°

2017 1188 2103 1241 tiis
2126 1188 2347 1250 utilitas,
2382 1188 2427 1243 si
2452 1190 2537 1242 illa
2563 1190 2782 1260 prodiga
2810 1192 2877 1246 sit
2898 1202 2954 1248 et
2974 1204 3311 1264 sumptuosa,
3331 1204 3386 1251 ct
3406 1200 3449 1253 si
3475 1201 3629 1270 quasi

2017 1290 2209 1333 ventus
2235 1281 2415 1334 omnia
2446 1281 2717 1352 dissipet“!
2747 1284 2873 1353 quid
2902 1285 2946 1340 si
2971 1284 3167 1341 lasciva
3194 1288 3284 1353 sit,
3312 1304 3375 1344 ac
3403 1306 3635 1346 sexcen-

2016 1382 2100 1427 tos
2129 1386 2400 1429 amatores
2434 1377 2710 1430 attrahat?
2738 1377 2865 1447 quid
2895 1378 2939 1433 si
2982 1380 3192 1435 ebriosa
3217 1381 3239 1434 ?
3275 1397 3453 1439 annon
3480 1384 3631 1442 brevi

2013 1467 2297 1536 eonjugcm
2338 1483 2493 1522 suum
2532 1468 2597 1523 ad
2646 1469 2882 1540 inopiam
2924 1470 3170 1542 rediget?
3208 1473 3325 1529 Non
3365 1476 3415 1529 in
3456 1492 3632 1536 uxore

2013 1558 2253 1614 ducenda
2284 1568 2509 1625 tantmn,
2540 1560 2633 1615 sed
2656 1562 2817 1616 etiam
2850 1562 2903 1616 in
2929 1565 3158 1619 emendo
3192 1565 3467 1633 falluntur,
3495 1568 3626 1624 dum

2013 1665 2217 1716 servos,
2250 1669 2355 1705 non
2386 1653 2583 1720 probos
2609 1668 2671 1708 ac
2697 1664 2949 1710 strenuos
2971 1696 2984 1717 ,
3014 1657 3108 1711 sed
3142 1673 3237 1712 eos
3260 1658 3349 1725 qui
3378 1661 3469 1713 vili
3503 1677 3625 1729 prc-

2015 1744 2090 1796 tio
2116 1742 2332 1800 dantur.
2365 1754 2697 1800 comparant.
2745 1746 2868 1802 Iltec
2907 1748 3085 1812 itaque
3110 1750 3289 1803 omnia
3320 1754 3621 1810 cogitantes

2014 1836 2279 1904 (nondum
2316 1837 2459 1890 enim
2499 1836 2567 1891 de
2594 1839 2838 1906 gebcnna
2867 1848 2920 1893 et
2950 1839 3018 1894 de
3053 1855 3221 1911 regno
3249 1841 3411 1897 verba
3438 1845 3628 1900 audire

2012 1926 2325 1995 potuistis),
2356 1938 2409 1980 et
2436 1927 2756 1983 detrimenta
2789 1930 2840 1983 itt
2869 1940 3103 1985 mentem
3136 1944 3481 1997 revocantes,
3505 1953 3629 2006 qua:

2010 2029 2154 2086 saepe
2195 2016 2263 2071 ab
2311 2020 2531 2073 avaritia
2578 2022 2719 2089 passi
2760 2022 2925 2088 estis,
2977 2024 3028 2078 in
3076 2023 3410 2095 frenoribus,
3444 2030 3525 2083 vel
3573 2030 3626 2085 in

2010 2109 2262 2173 emendo,
2288 2112 2368 2165 vel
2400 2112 2450 2166 itt
2476 2113 2718 2168 ducenda
2740 2130 2924 2179 uxore,
2959 2117 3010 2171 in
3042 2120 3381 2189 patrociniis,
3402 2122 3454 2175 in
3480 2122 3628 2176 aliis-

2008 2215 2113 2270 que
2165 2202 2449 2267 omnibus,
2492 2206 2561 2261 ab
2600 2222 2785 2261 amore
2815 2210 3164 2277 pecuniarum
3212 2213 3505 2270 abscedite.
3535 2214 3628 2270 Sic

2009 2292 2150 2346 enim
2178 2294 2421 2362 poteritis
2444 2306 2500 2352 et.
2522 2309 2843 2366 praesentem
2871 2302 3033 2355 vitam
3065 2312 3179 2356 tuto
3206 2306 3502 2376 transigere
3524 2346 3540 2373 ,
3570 2317 3628 2363 et

2009 2385 2287 2452 paululum
2318 2388 2460 2441 aucti
2493 2402 2775 2445 sermones
2804 2392 2873 2445 de
2902 2392 3240 2463 philosophia
3277 2397 3466 2452 audire
3488 2439 3503 2462 ,
3544 2408 3627 2453 at-

2008 2492 2113 2546 que
2138 2478 2346 2533 acutius
2376 2480 2642 2543 videntes,
2678 2484 2848 2551 ipsum
2876 2484 3098 2554 iustitia:
3128 2488 3298 2542 solem
3330 2491 3624 2561 respicere,

2011 2570 2383 2640 promissaque
2401 2572 2517 2641 ejus
2538 2578 2795 2644 consequi
2822 2594 2837 2630 :
2858 2593 3087 2647 quorum
3112 2581 3317 2637 utinam
3338 2595 3625 2643 consortes

2008 2663 2177 2717 simus
2202 2678 2414 2732 omnes,
2437 2668 2607 2735 gratia
2632 2678 2688 2723 et
2708 2670 3035 2739 benignitate
3062 2673 3273 2729 Domini
3301 2681 3469 2732 nostri
3493 2679 3622 2735 .lesu

2008 2753 2231 2819 Christi,
2251 2755 2337 2809 cui
2360 2756 2530 2827 gloria
2557 2770 2612 2815 et
2640 2760 2949 2830 imperium,
2975 2765 3027 2819 in
3054 2767 3251 2822 saecula
3269 2769 3619 2833 saeculorum.

2011 2846 2204 2900 Amen.

1439 3033 1790 3095 HOMILIA
1834 3035 2082 3097 XXIX.
2131 3039 2217 3099 al.
2266 3039 2480 3101 XXX.

282 3159 411 3215 CAP.
444 3159 496 3214 9.
524 3174 574 3213 ν.
612 3159 662 3213 I.
711 3156 775 3210 Et
805 3156 1086 3209 ascendens
1114 3152 1266 3208 Jcsns
1297 3155 1347 3207 in
1388 3155 1696 3222 naviculam,
1728 3166 1891 3209 trans.

356 3252 561 3322 fretavit
580 3294 595 3317 ,
628 3263 673 3304 ct
700 3251 827 3303 venit
859 3251 909 3302 in
936 3251 1184 3302 civitatem
1215 3266 1381 3299 suum.
1404 3248 1459 3301 2.
1494 3247 1557 3300 Et
1582 3266 1697 3301 ecce
1717 3249 1896 3315 o/Icre-

354 3346 478 3399 baut
509 3348 557 3399 ei
571 3344 907 3415 paralyticum
937 3344 986 3395 in
1015 3342 1141 3394 lecto
1165 3344 1439 3409 jacentem.
1463 3340 1529 3393 Et
1554 3342 1727 3395 ridens
1746 3342 1899 3396 Jesus

356 3436 513 3505 [idem
543 3436 767 3495 illorum,
798 3433 926 3486 dixit
959 3432 1239 3502 paralytico
1263 3447 1282 3483 :
1314 3429 1545 3499 Con/ide,
1574 3432 1653 3500 [ili
1673 3472 1688 3497 ,
1720 3432 1895 3485 remil-

356 3535 552 3587 tantur,
565 3526 651 3577 tibi
680 3533 887 3591 peccata
918 3532 1023 3575 tua.

358 3662 405 3714 I.
444 3658 725 3727 Paralytici
754 3658 857 3709 duo
881 3656 933 3708 in
966 3653 1278 3723 Evatigrliis.
1314 3650 1483 3707 Filius
1509 3653 1755 3721 aqualem
1791 3653 1898 3708 Pa-

288 3753 354 3804 tri
384 3768 437 3804 se
464 3751 795 3802 demonstrat.
818 3774 891 3787 -—-
919 3746 1201 3800 Civitatem
1234 3760 1386 3805 suam
1432 3743 1518 3797 hic
1551 3744 1891 3811 Capernaum

284 3842 518 3911 appellat
550 3856 562 3891 :
594 3855 713 3892 nam
754 3854 875 3906 qute
911 3836 1029 3889 tulit
1066 3837 1238 3901 ipsum
1270 3834 1580 3888 Betltlehem
1612 3835 1745 3899 fuit;
1776 3851 1895 3905 quin

278 3932 554 3994 educavit,
575 3930 824 3994 Nazaret;
845 3947 966 3999 quae
987 3931 1079 3984 diu
1103 3933 1497 3988 inliahitantem
1516 3938 1529 3964 ¹
1549 3934 1763 3995 habuit,
1782 3932 1881 3984 Ca-

286 4035 544 4091 pernanm
608 4018 938 4089 Paralyticus
965 4027 1142 4070 autem
1186 4017 1270 4069 hic
1295 4016 1431 4068 alius
1460 4026 1543 4069 est
1574 4016 1640 4069 ab
1666 4031 1731 4071 eo
1758 4059 1774 4082 ,
1804 4019 1892 4087 qui

288 4121 618 4165 memoratur
645 4125 673 4162 a
700 4108 929 4163 Joanne.
962 4106 1058 4161 Ille
1084 4108 1282 4176 quippe
1322 4108 1373 4160 itt
1406 4107 1604 4175 piscina
1633 4108 1845 4175 jaciabat
1875 4127 1891 4175 ;

287 4202 372 4256 hic
395 4212 570 4255 autem
602 4202 652 4253 in
681 4200 1017 4269 Caperuaum
1052 4216 1065 4251 :
1099 4207 1154 4252 et
1183 4200 1270 4252 ille
1291 4198 1503 4267 quidem
1535 4200 1747 4267 triginta
1776 4212 1895 4255 octo

284 4295 439 4346 annis
472 4292 796 4361 paralyticns
834 4291 969 4354 fuit;
1002 4291 1069 4343 de
1102 4289 1204 4343 hoc
1248 4306 1377 4343 vero
1419 4288 1544 4341 nihil
1588 4290 1765 4344 simile
1808 4292 1891 4345 di-

284 4395 429 4437 ctum
449 4394 533 4437 est
557 4399 571 4436 :
604 4384 690 4436 ille
710 4383 883 4437 nullos
908 4381 1157 4445 habebat,
1179 4382 1267 4450 qui
1294 4382 1375 4434 sui
1398 4398 1581 4435 curam
1605 4392 1891 4450 gererent;

286 4477 373 4530 hic
409 4487 594 4530 contra
639 4475 820 4529 habuit
857 4476 946 4544 qui
996 4489 1054 4527 se
1095 4474 1160 4526 ad
1204 4473 1387 4528 Iesum
1434 4474 1725 4531 deferrent.
1763 4476 1895 4531 lluic

284 4583 446 4637 porro
472 4568 603 4621 dixit
633 4584 647 4623 :
696 4566 835 4629 Fili,
861 4567 1187 4619 remittuntur
1221 4566 1309 4618 tibi
1349 4578 1592 4636 peccata;
1622 4568 1695 4620 illi
1729 4583 1853 4621 vero
1873 4610 1890 4634 ,

297 4656 383 4711 Vis
410 4674 564 4711 sanus
595 4675 701 4712 esse
726 4656 905 4726 (Joan.
936 4658 987 4712 5.
1016 4658 1121 4726 6)?
1150 4656 1301 4710 Illum
1336 4658 1387 4710 in
1412 4658 1637 4712 sabbato
1662 4660 1890 4727 curavit,

285 4747 430 4801 hunc
458 4764 562 4801 non
588 4747 638 4801 in
668 4748 928 4813 Sabbato;
957 4748 1191 4817 alioquin
1222 4760 1401 4801 autem
1430 4748 1574 4801 illum
1615 4748 1714 4804 hac
1742 4750 1808 4805 de
1835 4768 1894 4807 re

282 4839 455 4894 Judaei
483 4850 824 4894 :ICCII:1ISSCIII
848 4881 862 4905 ,
889 4840 977 4909 qui
1009 4840 1094 4894 hic
1121 4848 1322 4901 tacent,
1352 4840 1459 4893 illic
1488 4858 1615 4895 vero
1645 4843 1848 4897 instant
1874 4885 1889 4909 ,

285 4932 571 5000 ipsumque
620 4946 1032 5002 persequuntur.
1078 4931 1203 4987 “ch
1247 4950 1350 4987 non
1397 4934 1514 4987 sine
1551 4950 1711 4989 causa
1752 4936 1893 4991 dicta

282 5033 412 5077 sunt
440 5038 468 5073 a
497 5037 583 5077 tne
607 5037 621 5081 :
650 5022 743 5075 sed
771 5038 835 5076 ne
859 5023 980 5093 quis
1002 5038 1164 5076 unum
1191 5023 1550 5093 eamdemque
1575 5040 1698 5080 esse
1719 5028 1894 5095 suspi-

281 5128 415 5169 cans
443 5114 790 5184 paralyticum
817 5156 832 5177 ,
863 5115 1251 5169 dissonantium
1285 5116 1371 5169 hic
1396 5130 1517 5170 esse
1550 5127 1780 5184 putaret.
1812 5117 1891 5172 Tu

284 5222 415 5261 vero
446 5204 748 5276 perpendas
768 5222 926 5275 quam
962 5207 1257 5269 modestus,
1290 5204 1449 5276 quam
1480 5220 1792 5264 mansuetus
1823 5212 1891 5265 sit

286 5297 564 5351 Dominus.
604 5296 733 5350 Nam
766 5306 820 5349 et
848 5311 1003 5353 antea
1035 5301 1218 5353 turbas
1244 5311 1517 5353 amoverat
1539 5342 1552 5364 ,
1572 5312 1627 5354 et
1654 5318 1683 5355 a
1714 5302 1891 5357 Gada-

284 5390 433 5442 rcnis
457 5405 637 5457 pmsns
662 5404 766 5442 non
788 5389 1015 5447 obstitit.
1046 5391 1139 5443 sed
1164 5394 1407 5457 secessit,
1432 5394 1529 5444 etsi
1553 5411 1655 5447 non
1682 5396 1887 5463 procul.

284 5482 625 5552 Rursumque
645 5523 658 5545 ,
689 5498 807 5535 cum
838 5483 1170 5538 il)Cl‘||i.I'I.~SBI.
1202 5485 1252 5536 in
1287 5485 1584 5557 naviculam
1604 5529 1618 5551 ,
1645 5489 1887 5557 trajecit,

283 5588 408 5626 cum
440 5582 619 5639 p0sz
646 5570 810 5641 pedes
840 5574 1087 5626 transire.
1117 5572 1301 5642 Neque
1322 5574 1463 5628 enim
1491 5590 1708 5646 semper
1738 5579 1891 5632 mira-

285 5664 411 5719 bilia
454 5674 666 5730 patrare
704 5664 956 5727 volebat,
1006 5682 1072 5719 ne
1116 5669 1431 5720 meetioniiat
1474 5682 1581 5720 sua:
1626 5671 1888 5723 I'illiOllt'IlI

288 5754 653 5811 labefactaret.
687 5755 965 5810 Mattltzcus
995 5758 1152 5827 igitur
1178 5759 1268 5823 ait,
1296 5758 1584 5813 Attulerimt
1613 5778 1725 5815 eum
1753 5778 1772 5814 :
1802 5764 1888 5817 alii

377 5889 502 5941 ‘Alii
532 5891 897 5957 iit/mbilmtlem,
921 5895 1031 5947 sine
1061 5898 1165 5947 diu.

2007 3174 2138 3213 vero
2180 3160 2364 3216 dicunt
2406 3178 2608 3232 aegrum
2650 3180 2744 3236 per
2784 3166 3053 3237 dirttptum
3086 3178 3282 3226 tectum
3322 3174 3618 3232 demissum

2006 3250 2170 3305 fuisse
2198 3262 2250 3305 et
2279 3264 2403 3307 ante
2426 3254 2699 3310 Christum
2732 3259 2986 3327 positum,
3020 3260 3152 3315 nihil
3179 3264 3483 3321 dicentibus
3512 3269 3619 3324 illis

2007 3341 2096 3406 qui
2140 3342 2473 3411 attulerant,
2506 3347 2601 3400 sed
2640 3358 2808 3401 totum
2853 3351 2951 3418 ipsi
2984 3354 3441 3420 permittentilms.
3486 3360 3618 3413 Nam

2005 3432 2155 3485 initio
2176 3433 2391 3502 quidem
2416 3436 2505 3507 ille
2530 3437 2813 3503 circuibat,
2838 3456 3015 3512 neque
3034 3434 3235 3499 tantam
3265 3449 3332 3502 ab
3357 3450 3621 3505 acceden-

2006 3525 2147 3578 tibus
2177 3528 2480 3595 postulabat
2508 3530 2668 3586 fidem
2698 3551 2711 3587 :
2745 3532 2830 3590 hic
2860 3545 3037 3591 autem
3067 3550 3121 3592 et
3145 3555 3487 3598 accesserunt
3516 3586 3531 3609 ,
3564 3554 3623 3601 et

2006 3615 2138 3671 tides
2167 3618 2234 3671 ab
2258 3618 2386 3687 ipsis
2414 3622 2667 3691 requisita
2695 3638 2809 3691 eSt;
2838 3642 2959 3682 nam
2993 3628 3295 3694 ait,l’idem
3318 3635 3469 3700 ﬁdem
3501 3637 3621 3689 illa-

2003 3724 2140 3775 rum,
2171 3709 2221 3763 id
2250 3718 2366 3775 est,
2395 3728 2584 3769 eorum
2614 3716 2703 3786 qni
2738 3718 3068 3776 detniserant
3099 3725 3475 3795 paralyticum.
3509 3728 3618 3784 Ne-

2002 3816 2108 3869 que
2138 3803 2282 3858 cnim
2318 3805 2512 3876 ubique
2539 3821 2864 3877 trgrotornm
2899 3816 3124 3884 requirit
3157 3816 3318 3872 fidem
3346 3862 3362 3883 ,
3401 3833 3458 3873 ut
3492 3838 3615 3877 cum

2001 3892 2274 3959 desipiunt
2297 3935 2313 3959 ,
2352 3896 2437 3949 vel
2476 3898 2582 3952 alio
2620 3901 2781 3955 modo
2809 3911 2987 3957 mente
3014 3906 3155 3976 capti
3186 3920 3329 3963 sunt.
3368 3911 3461 3965 llic
3489 3929 3618 3967 vero

2002 3983 2188 4048 argroti
2219 3982 2352 4038 fides
2372 3997 2490 4040 erat
2516 4004 2705 4058 magna
2728 4008 2742 4054 ;
2767 3993 3006 4062 alioquin
3032 3998 3179 4051 enitn
3214 4014 3317 4053 ron
3349 4002 3417 4055 ita
3442 4018 3500 4057 se
3526 4004 3619 4059 de-

2006 4075 2145 4127 mitti
2189 4078 2544 4144 permisisset.
2590 4081 2857 4147 Quoniam
2901 4086 3060 4155 igitur
3090 4098 3291 4144 tantam
3323 4096 3620 4152 exhibuere

2004 4163 2183 4228 fidem,
2212 4168 2432 4222 exhibet
2452 4178 2505 4222 et
2534 4171 2647 4239 ipse
2669 4176 2965 4241 potentiam
2993 4192 3167 4246 suam,
3191 4195 3314 4236 cum
3342 4188 3488 4239 onmi
3520 4203 3612 4256 pu-

2002 4264 2195 4310 testate
2222 4272 2439 4326 pcceata
2463 4263 2697 4326 solvens,
2729 4280 2792 4320 ac
2822 4282 2916 4335 per
2944 4271 3123 4324 omnia
3152 4272 3533 4333 demonstrans
3558 4296 3617 4335 se

2002 4346 2146 4402 Patri
2180 4352 2441 4419 a-qualem
2470 4369 2609 4407 esse.
2645 4355 2742 4411 llic
2770 4374 2897 4411 vero
2930 4363 3201 4430 perpende
3232 4382 3247 4421 :
3280 4371 3529 4437 superius
3563 4373 3615 4427 id

2001 4440 2314 4495 ostendebat
2348 4444 2435 4498 ille
2462 4486 2474 4507 ,
2498 4460 2637 4499 .cum
2676 4446 2906 4503 docebat
2940 4467 3033 4505 eos
3071 4464 3344 4525 tamquam
3378 4470 3606 4527 potesta-

2002 4541 2108 4585 tem
2142 4534 2379 4595 habens;
2414 4552 2507 4606 pcr
2534 4538 2833 4607 leprosum,
2860 4559 2981 4597 cttm
3014 4544 3170 4612 dixit,
3215 4547 3340 4602 γηιο
3364 4554 3619 4609 mmtdare

2002 4622 2216 4693 (.ilattlt.
2252 4625 2306 4680 8.
2342 4627 2450 4695 3);
2488 4644 2582 4695 per
2626 4634 3039 4701 centurionem,
3078 4652 3201 4692 cum
3240 4641 3454 4701 dicente
3488 4646 3614 4713 illo,

2003 4715 2219 4769 Tantum
2248 4718 2329 4771 dic
2358 4720 2525 4785 umbo,
2554 4732 2601 4775 et
2627 4724 2895 4779 sanabitur
2923 4745 3047 4797 prter
3078 4748 3218 4787 meus
3250 4732 3409 4796 (Ibid.
3435 4754 3481 4792 υ.
3514 4740 3548 4795 8
3570 4742 3610 4811 ).

2000 4808 2223 4863 miratus
2250 4818 2351 4871 est,
2377 4812 2658 4881 ipsumque
2684 4816 2804 4886 plus
2836 4835 2993 4887 quam
3024 4837 3215 4879 omnes
3243 4826 3491 4886 laudibus
3516 4808 3606 4888 eii-

2002 4900 2153 4965 tulit;
2198 4917 2292 4970 per
2334 4919 2481 4958 mare
2508 4948 2523 4971 ,
2553 4921 2675 4960 cum
2707 4910 2880 4978 ipsum
2908 4915 3073 4968 Verbo
3106 4926 3313 4974 tantum
3338 4922 3566 4977 frenavit
3600 4948 3614 4992 ;

2002 5010 2097 5061 per
2125 4994 2437 5063 daemonas,
2471 5000 2687 5068 quando
2729 5002 2902 5072 ipsum
2939 5005 3174 5073 judicent
3216 5026 3339 5067 esse
3380 5017 3612 5071 confite-

2000 5086 2232 5154 bantur,
2271 5100 2326 5145 et
2369 5107 2493 5147 cum
2534 5104 2800 5162 potestate
2848 5115 3038 5170 magna
3088 5103 3237 5173 ipsos
3282 5109 3463 5177 ejecit.
3512 5112 3611 5169 Hic

2000 5192 2211 5232 rursum
2244 5180 2433 5249 majori
2460 5186 2619 5237 modo
2650 5188 2895 5243 inimicos
2923 5208 3051 5247 suos
3075 5196 3435 5264 aaqualitateut
3467 5203 3608 5259 illaut

1999 5269 2243 5323 confiteri
2282 5274 2463 5341 cogit,
2498 5283 2552 5329 et
2582 5292 2677 5345 per
2710 5279 2945 5347 ipsorum
2980 5286 3139 5339 verba
3176 5289 3225 5341 in
3256 5294 3608 5360 conspicuum

2001 5363 2192 5416 reddit.
2237 5364 2353 5432 Ipse
2394 5382 2623 5436 namque
2664 5386 2721 5423 sc
2762 5373 2829 5424 ab
2863 5377 3160 5435 ambitione
3198 5383 3433 5440 alienum
3461 5401 3611 5441 com-

2000 5464 2310 5509 monstratts
2344 5456 2488 5526 (nam
2522 5476 2772 5529 magnum
2817 5469 3174 5531 Spectantium
3216 5474 3485 5530 theatrum
3515 5480 3608 5529 ad-

2000 5546 2239 5614 erat,qui
2265 5546 2511 5615 ingressu
2544 5553 2818 5617 arcebant,
2856 5555 2976 5608 ideo
2997 5562 3347 5632 paralytienm
3378 5581 3611 5635 superne

1999 5636 2403 5709 demiserunt),
2436 5657 2541 5696 non
2584 5647 2763 5698 statim
2804 5648 2868 5699 ad
2915 5666 3111 5718 Corpus
3152 5656 3293 5724 quod
3331 5660 3612 5714 videbatur

2001 5730 2298 5783 curandum
2334 5746 2391 5783 se
2419 5734 2665 5795 contulit.
2702 5736 2795 5790 sed
2826 5740 2893 5793 ab
2926 5741 3031 5795 illis
3058 5748 3342 5807 occasione
3374 5765 3604 5817 s‘lttnpm,

2002 5819 2140 5887 quod
2175 5836 2281 5872 non
2315 5824 2607 5889 apparebat
2632 5828 2859 5894 prinmm
2888 5835 3114 5898 curavit,
3134 5852 3326 5907 nempe
3351 5856 3411 5893 an
3437 5854 3607 5904 mam.

2002 5926 2120 5965 cum
2148 5922 2361 5982 peccata
2388 5914 2623 5971 dimisit:
2651 5917 2699 5971 id
2730 5922 2872 5991 quod
2902 5926 3197 5997 paralytico
3226 5934 3447 5987 salutem
3476 5950 3619 6003 pra:-
