4066 6452
467 428 570 484 359

468 545 646 602 bchat,
680 533 773 604 Ipsi
801 541 924 582 vero
954 538 1059 578 non
1083 518 1305 574 multum
1331 512 1509 584 gloria:
1534 506 1672 577 apud
1703 505 1818 556 illos
1843 498 2036 552 attulit.

470 632 544 685 Illi
572 630 711 682 enim
743 641 770 678 a
803 619 1031 689 nequitia
1061 627 1151 668 sua
1193 607 1437 677 exagitati
1460 645 1473 662 ,
1510 616 1630 654 cum
1665 597 1856 650 vellent
1888 605 2039 642 ocea-

468 727 647 777 siont-s
688 708 1034 771 maledicendi
1062 713 1301 771 quatrere
1320 738 1333 762 ,
1364 693 1490 747 illud
1533 688 1679 743 inviti
1707 683 1996 739 effecerunt
2025 718 2041 741 ,

472 825 528 867 ut
560 825 643 865 res
674 809 870 861 clarior
897 799 1164 855 evaderet.
1191 792 1362 858 Saga:
1393 785 1534 839 enim
1563 795 1681 834 cum
1710 784 1873 833 esset,
1904 774 2044 838 ipso-

470 902 586 959 rum
632 899 824 955 invidia
857 903 938 948 est
980 903 1106 943 usus
1143 885 1207 938 ad
1239 883 1444 950 signum
1479 870 1877 930 celebrandum.
1907 868 2046 930 Quo-

473 997 612 1049 niam
642 993 793 1059 igitur
823 984 1171 1039 turbabantur
1195 983 1248 1028 et
1274 970 1520 1026 dicebant
1547 982 1561 1019 :
1594 966 1645 1018 5.
1683 962 1781 1014 Hic
1810 956 2047 1024 blasphe-

478 1098 617 1149 nmt;
645 1045 753 1147 quis
794 1084 950 1146 potest
999 1077 1202 1140 peccata
1241 1063 1487 1115 dimittere
1515 1099 1529 1115 ,
1577 1055 1674 1106 nisi
1723 1052 1859 1104 solus
1912 1045 2046 1098 Deus

477 1138 754 1249 (male.
786 1138 895 1238 ἦν
923 1138 1194 1218 videamus
1224 1153 1363 1226 quod
1401 1153 1514 1220 ipse
1541 1149 1632 1200 ait.
1671 1143 1806 1198 Num
1845 1138 2050 1208 opinio-

475 1233 593 1322 nem
626 1263 767 1316 illam
798 1233 1025 1325 rejecit?
1066 1249 1222 1319 Atqui
1263 1246 1308 1300 si
1348 1259 1453 1296 non
1489 1237 1708 1307 arqualis
1750 1233 1856 1286 Deo
1899 1238 2045 1290 erat,

473 1359 649 1413 dicere
672 1351 850 1406 debuit
876 1365 890 1405 ;
912 1344 1044 1414 Quid
1075 1343 1139 1395 de
1164 1353 1248 1391 me
1279 1349 1382 1389 non
1405 1335 1813 1385 consentancam
1838 1318 2049 1385 Opinio-

476 1462 595 1503 nem
624 1443 866 1498 habetis?
893 1410 1078 1490 Procul
1110 1431 1295 1483 absum
1323 1440 1351 1476 a
1384 1431 1523 1474 tanta
1555 1423 1834 1485 potestate.
1855 1410 2048 1462 Verum

477 1539 606 1594 nihil
627 1533 799 1589 simile
817 1529 978 1590 dicit;
1005 1526 1110 1577 imo
1131 1533 1256 1572 vero
1276 1516 1416 1569 illam
1439 1509 1740 1579 opinionem
1765 1503 2048 1556 continua-

476 1634 548 1686 vit
571 1641 622 1684 et
650 1625 908 1686 asseruit,
941 1629 1047 1672 tam
1079 1627 1233 1676 voce,
1259 1623 1417 1678 quam
1449 1602 1721 1658 miraculo.
1751 1597 1882 1664 Quia
1911 1595 2052 1648 enim

477 1727 542 1778 de
568 1721 745 1789 seipso
772 1715 1012 1785 quaedam
1053 1706 1292 1779 proferre
1328 1696 1660 1754 auditoribus
1691 1693 2054 1759 importunum

477 1831 594 1871 esse
623 1811 918 1870 videbatur,
955 1819 1048 1873 per
1069 1801 1200 1854 alios
1225 1796 1310 1848 illa
1342 1807 1459 1862 qua:
1475 1789 1538 1841 ad
1567 1803 1625 1840 se
1650 1791 1895 1852 spectant
1923 1793 2056 1833 cono

478 1907 649 1960 firmat
670 1920 683 1957 ξ
704 1898 948 1970 quodque
977 1905 1163 1948 mirum
1189 1887 1304 1946 fuit,
1337 1898 1441 1936 non
1473 1894 1566 1947 per
1596 1875 1796 1929 amicos
1828 1881 2054 1934 tantum,

478 1997 570 2052 sed
589 1996 747 2049 etiam
771 2007 863 2060 per
883 1987 1123 2042 inimicos
1140 1999 1152 2034 :
1169 1977 1308 2048 quod
1330 1990 1394 2029 ex
1413 1970 1682 2040 sapientia:
1697 1967 1811 2033 ejus
1827 1962 2060 2016 culmine

476 2086 735 2162 procedit.
763 2084 862 2137 Per
881 2079 1079 2132 amicos
1102 2070 1334 2142 quidem,
1357 2080 1475 2119 cmn
1497 2057 1809 2122 dixit,Volo,
1840 2052 2061 2105 matula-

479 2143 552 2245 ;c,
572 2182 803 2245 itemque
827 2187 948 2225 cum
974 2168 1079 2230 ait,
1106 2163 1226 2217 Non
1255 2160 1419 2214 inveni
1447 2164 1634 2207 tantam
1659 2151 1808 2218 [idem
1829 2147 1879 2199 in
1897 2143 2063 2197 Israel

481 2238 689 2339 (hianti.
774 2263 862 2332 10)
883 2278 898 2318 :
916 2275 1012 2330 per
1033 2255 1275 2309 inimicos
1287 2238 1460 2303 autem
1479 2259 1646 2302 nunc;
1671 2256 1790 2294 eum
1805 2238 2064 2291 dixissent

479 2325 645 2424 enim,
673 2356 835 2410 Nemo
846 2325 1010 2422 poiest
1030 2346 1274 2400 dimittere
1293 2346 1514 2411 peccata,
1540 2334 1633 2386 nisi
1651 2332 1788 2384 solus
1809 2327 1962 2424 Deu's,
1983 2325 2063 2377 in-

482 2408 760 2511 i'pse:
775 2439 828 2493 6.
848 2408 914 2490 t
928 2443 1091 2486 autem
1109 2408 1302 2488 sciatis,
1311 2423 1426 2492 quia
1439 2427 1727 2488 potestatem
1741 2410 1882 2464 habet
1901 2408 2064 2462 Filius

484 2502 695 2589 hominis
721 2531 966 2583 dimittere
994 2529 1191 2594 peccata
1207 2531 1356 2584 super
1376 2522 1559 2566 terram
1577 2548 1594 2574 ,
1624 2516 1738 2558 tunc
1763 2502 1890 2554 dixit
1917 2514 2067 2567 para-

485 2631 634 2699 lytico
652 2642 671 2681 :
693 2625 918 2693 Sangam
937 2617 1057 2671 tolle
1078 2611 1368 2684 grabbatum
1388 2615 1548 2664 tuum,
1577 2609 1626 2653 et
1647 2596 1769 2650 vade
1787 2597 1838 2648 in
1863 2593 2068 2650 domum

658 2680 839 2786 Neque
853 2711 1024 2765 solum
1041 2680 1144 2767 hic,
1163 2701 1255 2758 sed
1272 2699 1429 2754 etiam
1446 2691 1570 2748 alibi
1581 2703 1701 2745 cum
1712 2687 1949 2740 dicerent
1968 2680 2064 2734 illi:

487 2813 560 2866 De
589 2814 714 2865 bono
741 2775 889 2878 dpere
910 2819 1012 2856 non
1040 2798 1323 2866 lapidamus
1352 2800 1430 2853 te,
1463 2787 1549 2841 sed
1570 2786 1632 2838 de
1658 2775 1967 2849 blasphemia
1984 2814 2000 2838 ,
2018 2782 2067 2825 et

483 2906 600 2971 quia
626 2867 906 2955 homo'cum
930 2899 1016 2956 sis,
1043 2891 1169 2961 facis
1195 2887 1403 2955 tcipsum
1425 2879 1586 2932 Deum
1617 2874 1791 2945 (Joan.
1824 2869 1910 2923 10.
1937 2867 2029 2931 55)
2051 2883 2064 2919 :

489 2962 657 3066 neque
685 3002 807 3046 tunc
837 2988 972 3040 hanc
997 2979 1298 3052 Opinionem
1326 2968 1634 3028 confutavit,
1659 2963 1752 3019 sed
1774 2962 1915 3016 illam
1938 2972 2068 3010 con-

1279 3065 1285 3066 κ
1540 3055 1574 3066 ..
1621 3065 1627 3066 ,
1665 3055 1675 3064 .
1815 3050 1827 3062 .
1916 3045 2068 3066 ,____.,,,

489 3045 716 3144 manavit
738 3080 950 3131 dicens:
971 3072 1031 3128 Si
1056 3085 1156 3122 non
1185 3065 1318 3137 facio
1347 3072 1500 3128 opera
1531 3055 1701 3108 Patris
1729 3050 1846 3104 mei.
1866 3065 1924 3100 ne
1949 3045 2071 3098 mihi

487 3175 723 3237 credatis:
746 3177 974 3224 siautem
997 3160 1146 3230 facio.
1172 3136 1363 3212 etiamsi
1385 3151 1503 3202 mihi
1529 3161 1628 3199 non
1649 3139 1871 3204 creditis,
1893 3136 2070 3191 saltent

488 3268 720 3335 operibus
744 3259 929 3314 credite
949 3254 1108 3328 (lbtd,
1138 3250 1226 3309 57.
1254 3245 1369 3306 38).

559 3361 613 3411 9..
652 3353 812 3412 Unius
852 3326 965 3408 Dei.
987 3354 1056 3400 est
1084 3349 1272 3396 secreta
1297 3335 1462 3393 cordis
1488 3347 1630 3386 nosse
1669 3338 1714 3382 et
1746 3326 2069 3380 reuelare.—

490 3452 586 3506 llie
615 3461 772 3518 porro
800 3435 1091 3495 divinitatis
1123 3446 1234 3486 sua:
1275 3426 1418 3481 aliud
1447 3425 1651 3492 signum
1698 3433 1803 3470 non
1852 3428 2069 3482 parvum

491 3507 725 3602 exhibet,
753 3547 956 3589 necnon
985 3542 1094 3582 sua:
1123 3539 1244 3580 cum
1275 3522 1432 3572 Patre
1462 3510 1794 3584 aequalitatis.
1819 3507 1894 3561 Illi
1926 3519 2075 3557 nam.

491 3647 593 3699 que
628 3627 895 3688 dicebant,
946 3625 1162 3691 peccata
1192 3612 1460 3666 dimittere
1484 3608 1642 3659 unius
1671 3602 1761 3655 Dei
1791 3612 1911 3653 esse
1944 3612 1956 3648 :
1991 3594 2074 3646 hic

492 3685 616 3776 vero
640 3735 741 3774 non
771 3685 926 3769 modo
947 3685 1160 3780 peccata
1186 3702 1419 3764 dimittit,
1444 3695 1534 3751 sed
1563 3702 1717 3748 antea
1758 3687 1898 3742 aliud
1918 3685 2074 3755 quid-

495 3815 632 3883 piam
655 3808 886 3869 exhibet,
916 3801 1053 3874 quod
1071 3798 1222 3853 unius
1249 3795 1340 3848 Dei
1360 3801 1458 3850 est,
1483 3785 1622 3857 quod
1650 3795 1840 3850 nempe
1869 3786 2072 3833 secreta

494 3872 670 3958 cordis
699 3898 914 3954 revolet.
938 3872 1126 3961 Neque
1149 3887 1289 3939 enim
1317 3885 1366 3936 id
1393 3880 1530 3950 quod
1551 3876 1851 3944 cogitabant
1882 3872 1932 3924 in
1965 3885 2074 3922 mc-

494 3995 640 4050 dium
687 3987 1036 4059 protulerunt.
1062 3983 1112 4036 5.
1146 3976 1276 4033 Ecce
1301 4017 1315 4040 ,
1349 3972 1518 4042 inquit
1544 4012 1556 4034 ,
1586 3969 1789 4035 quidam
1816 3966 1878 4017 de
1904 3963 2077 4017 scribis

496 4052 728 4136 uixerunt
758 4079 889 4129 intra
915 4088 1006 4128 se:
1042 4071 1133 4122 Hic
1165 4065 1497 4134 blasphemat.
1531 4061 1580 4113 4.
1627 4058 1686 4110 Et
1728 4057 1886 4109 sciens
1925 4052 2075 4104 .lcsus

497 4176 820 4242 cogitationes
867 4179 1057 4224 eorum,
1091 4161 1214 4214 dixit
1250 4174 1265 4210 :
1301 4155 1432 4218 Quid
1466 4168 1548 4203 vos
1575 4148 1802 4223 cogitatis
1842 4144 1979 4196 mala
2024 4143 2076 4194 in

501 4238 729 4317 cordibus
761 4253 970 4310 vestris?
1003 4248 1151 4315 Quod
1189 4254 1362 4298 autem
1413 4241 1568 4294 unius
1618 4239 1706 4290 Dei
1756 4238 1824 4286 sit
1873 4241 2076 4286 secreta

501 4368 679 4413 nosse,
715 4349 835 4402 audi
871 4343 1181 4415 prophetam
1211 4336 1473 4390 dicentem
1506 4349 1517 4382 :
1554 4329 1626 4381 Tu
1657 4326 1786 4379 nosti
1817 4324 1970 4377 corda
2001 4337 2082 4372 so-

502 4449 579 4499 lus
609 4411 698 4504 (ἱ.
731 4411 907 4492 Paral.
942 4436 990 4488 t5.
1025 4431 1160 4496 30);
1209 4436 1260 4480 et
1288 4437 1493 4478 rursum
1521 4460 1535 4484 ,
1582 4417 1826 4471 Scrutans
1857 4411 2010 4468 corda
2035 4422 2081 4464 et

501 4507 642 4591 renes
676 4535 806 4587 Deus
838 4528 1012 4598 (l’sal.
1036 4526 1085 4576 7.
1118 4519 1240 4590 10).
1271 4515 1526 4572 Jcremias
1549 4525 1674 4565 vero
1703 4509 1776 4562 ait
1807 4526 1819 4560 ;
1853 4505 2082 4577 Profun-

504 4635 624 4684 dum
669 4644 752 4680 cor
779 4635 848 4677 est
878 4635 980 4688 pra:
1007 4617 1253 4670 omnibus.
1286 4621 1330 4664 et
1372 4609 1517 4660 homo
1541 4615 1632 4667 est,
1684 4611 1729 4653 et
1759 4602 1869 4671 quis
1915 4606 2083 4651 noscet

503 4737 614 4775 eum
640 4716 785 4787 (Jer.
816 4715 901 4766 17.
930 4711 962 4766 9
981 4713 1030 4776 )‘l
1054 4717 1126 4769 et,
1160 4703 1322 4756 llotno
1348 4701 1477 4752 videt
1504 4699 1553 4749 in
1577 4695 1724 4766 facie,
1754 4691 1889 4743 Deus
1917 4697 2083 4740 autem

503 4817 553 4865 in
585 4779 732 4862 wn.
762 4815 775 4867 ι
803 4797 1209 4870 1.ch.16.7).
1243 4798 1297 4846 lu
1327 4789 1502 4844 multis
1519 4799 1726 4854 quoque
1759 4782 1875 4836 aliis
1905 4779 2084 4833 videre

509 4912 608 4965 e~t,
637 4901 798 4952 Demn
833 4909 993 4946 unum
1021 4904 1138 4943 esse
1165 4884 1254 4954 qui
1286 4889 1488 4936 tuentes
1517 4877 1738 4932 noverit.
1789 4873 2085 4928 Ostendens

510 4995 687 5059 itaque
717 5003 774 5041 se
797 4987 957 5039 Deum
983 4994 1123 5035 esse.
1165 4973 1422 5044 a‘qualem
1462 4970 1627 5036 Patri,
1658 4982 1774 5037 qua:
1819 4966 1914 5035 ipsi
1947 4968 1996 5018 iu
2029 4979 2086 5018 se

507 5055 827 5152 cogitabant.
847 5090 907 5129 ac
934 5083 1120 5129 timore
1152 5064 1500 5121 multitudinis
1523 5062 1571 5114 in
1600 5058 1825 5113 medium
1851 5055 2087 5128 proferre

510 5145 612 5226 non
643 5168 928 5230 audebant,
959 5164 1072 5230 ipse
1113 5157 1368 5214 reveiavit
1418 5163 1471 5208 et
1518 5150 1790 5204 manifesta
1823 5145 2084 5211 reddidit,

511 5275 753 5333 magnam
795 5257 879 5311 hic
907 5267 1112 5324 quoque
1139 5250 1297 5305 animi
1332 5249 1599 5301 lenitatem
1628 5241 1930 5296 ostendens.
1956 5237 2085 5291 Nam

515 5356 590 5408 ait
613 5331 630 5406 ξ
663 5351 796 5418 Quid
827 5346 1052 5419 cogitatis
1097 5343 1232 5396 mala
1271 5341 1321 5392 in
1363 5338 1594 5393 cordibus
1621 5334 1829 5388 vestris?
1857 5331 2016 5385 Certe
2046 5331 2087 5382 si

513 5442 775 5514 indignari
799 5437 1098 5510 quempiam
1129 5432 1422 5504 oportebat,
1454 5443 1650 5496 :ngrum
1672 5426 1816 5494 quasi
1848 5423 2088 5475 delusum

512 5551 609 5606 par
636 5512 736 5587 iuit
762 5529 973 5599 indigne
1003 5527 1157 5586 ferre,
1189 5538 1248 5575 ac
1275 5521 1450 5574 dicere
1479 5537 1492 5571 :
1525 5518 1603 5571 Ad
1631 5516 1770 5569 aliud
1798 5512 2088 5566 sanandum

517 5625 730 5685 venisti,
758 5620 898 5676 aliud
923 5629 974 5673 tu
999 5614 1195 5672 curas?
1218 5616 1478 5666 undenam
1510 5610 1638 5662 tuihi
1670 5607 1922 5675 liquidum
1967 5606 2088 5667 erit,

520 5716 733 5770 dimissa
757 5709 886 5765 mihi
909 5722 1025 5761 esse
1043 5704 1291 5774 peccata?
1323 5701 1469 5754 Nunc
1489 5709 1663 5754 autem
1695 5698 1780 5751 ille
1812 5696 1938 5750 nihil
1966 5695 2092 5747 dicit

524 5803 847 5873 hujusntodi,
867 5799 958 5855 sed
979 5799 1029 5852 in
1045 5795 1277 5852 curantis
1298 5801 1611 5864 potestatem
1639 5805 1695 5847 se
1715 5789 1870 5843 tradit
1892 5806 1904 5854 ;
1924 5786 1976 5841 bi
1995 5803 2089 5842 au-

1245 401 1300 457 s.
1343 393 1616 452 JOANNIS
1652 379 2127 445 cunvsosrotn
2172 381 2482 436 ARtllllEl‘.
2523 381 3059 437 consraarmor.

3642 386 3751 443 560

2154 505 2254 546 lem
2286 497 2517 561 perversi
2548 509 2596 549 et
2627 498 2820 559 invidi,
2847 498 3074 551 aliorum
3105 496 3375 552 beneﬁciis
3402 499 3746 556 insidiantur.

2149 588 2271 642 Ideo
2301 590 2580 657 ipsoscum
2609 579 2753 642 omni
2795 600 2968 644 tamen
3002 592 3221 644 leuitate
3262 593 3499 658 corripit.
3533 593 3667 647 Nam
3697 595 3746 650 si

2150 696 2254 732 non
2295 683 2511 736 creditis
2536 724 2548 744 ,
2593 683 2799 752 inquit,
2831 683 2973 736 dicto
3012 685 3183 751 primo
3206 727 3218 746 ,
3248 684 3670 757 jactantiantqne
3690 688 3745 742 id

2150 787 2269 826 esse
2297 776 2512 841 putatis,
2538 789 2660 828 ecce
2686 775 2794 840 jam
2820 774 2960 828 aliud
2993 777 3116 830 huic
3146 779 3377 848 adjnngo
3408 781 3444 843 ',
3485 781 3626 849 quod
3655 795 3748 834 se-

2149 873 2292 917 Creta
2326 875 2497 916 vestra
2536 865 2799 928 revelem;
2836 865 2901 918 ad
2933 867 3043 919 inec
3073 867 3288 922 tertium
3317 870 3529 939 adjicio.
3559 870 3748 937 Quod-

2151 969 2271 1006 nam
2305 956 2429 1008 illttd
2448 957 2470 1008 ?
2490 956 2640 1021 Quod
2664 958 2935 1027 paralytici
2958 973 3152 1027 corpus
3173 959 3381 1013 ﬁrmum
3403 962 3645 1016 reddam.
3669 964 3754 1017 Ac

2153 1045 2364 1110 quando
2397 1046 2739 1124 paralyticum
2767 1047 3155 1117 alloquebatur,
3189 1065 3292 1101 non
3332 1052 3474 1104 clare
3508 1062 3751 1120 potesta-

2157 1142 2261 1186 tem
2311 1149 2459 1188 suam
2491 1136 2568 1187 sic
2595 1136 2902 1200 declaravit,
2936 1153 3034 1192 nec
3055 1139 3187 1193 dixit
3212 1182 3226 1201 ,
3254 1140 3471 1194 Dimitto
3498 1142 3591 1196 tibi
3625 1156 3758 1212 pec-

2153 1234 2299 1288 cata;
2324 1225 2438 1288 sed,
2475 1223 2807 1281 Dimittuntur
2833 1229 2920 1282 tibi
2947 1239 3167 1298 peccata.
3200 1231 3309 1286 Illis
3337 1243 3513 1287 autem
3547 1249 3758 1304 cogen-

2157 1316 2315 1379 tibus,
2347 1317 2539 1370 clarius
2569 1331 2720 1371 suam
2748 1321 2988 1375 enuntiat
3029 1331 3369 1388 potestatem,
3420 1325 3606 1379 dicens
3633 1344 3644 1376 :
3680 1323 3761 1380 Ut

2154 1405 2342 1467 sciatis,
2378 1408 2495 1472 quia
2517 1418 2808 1475 potestatem
2855 1411 3000 1463 habet
3042 1410 3209 1466 Filius
3254 1413 3471 1467 hominis
3521 1417 3575 1468 in
3614 1428 3761 1468 terra

2157 1497 2439 1550 dimittendi
2493 1510 2719 1566 νιγεραια.
2773 1499 2962 1554 Viden’
2989 1512 3246 1571 quantum
3295 1505 3467 1563 abest.
3518 1516 3574 1558 ut
3617 1507 3765 1560 nolit

2157 1588 2374 1654 atqualis
2402 1588 2544 1642 Patri
2574 1591 2803 1657 reputari
2826 1590 2848 1642 ?
2871 1590 2986 1644 Non
3015 1593 3157 1646 enim
3187 1593 3317 1647 dixit
3344 1612 3355 1645 :
3387 1594 3550 1648 Filius
3573 1597 3760 1649 homi-

2159 1679 2239 1731 nis
2265 1678 2369 1731 alio
2395 1693 2528 1746 opus
2556 1679 2751 1744 habet;
2785 1697 2954 1750 neque
2981 1681 3110 1736 dicit
3135 1723 3149 1744 ,
3201 1685 3353 1737 Dedit
3400 1687 3471 1738 illi
3517 1697 3763 1754 potesta-

2159 1776 2301 1825 tem:
2329 1770 2444 1832 sed,
2467 1769 2773 1824 I’otestatem
2793 1773 2957 1826 habet.
2978 1771 3159 1842 Neque
3182 1774 3307 1827 illud
3337 1789 3402 1828 ex
3426 1776 3560 1829 fastu
3582 1777 3712 1832 dicit
3743 1797 3761 1832 :

2159 1859 2262 1914 Sed
2281 1860 2499 1915 utvobis
2522 1865 2887 1930 persuadeam,
2911 1865 3098 1932 inquit,
3122 1882 3208 1919 me
3231 1882 3331 1919 non
3356 1866 3762 1935 blasphemare,

2171 1974 2294 2013 cum
2327 1974 2412 2012 me
2440 1957 2578 2011 facio
2607 1957 2869 2026 aequalem
2900 1957 3008 2010 Deo
3027 1957 3068 2008 ’.
3095 1955 3304 2025 Ubique
3335 1959 3477 2011 enim
3513 1960 3629 2012 vult
3657 1961 3763 2014 de-

2175 2049 2593 2110 monstrationes
2610 2049 2846 2117 praebere
2863 2048 3037 2100 claras
3053 2049 3432 2116 lirmasque,ut
3449 2064 3572 2102 cum
3589 2050 3717 2104 dicit
3741 2069 3758 2104 :

2187 2137 2344 2200 Vade,
2370 2137 2573 2190 ostende
2593 2147 2639 2190 te
2660 2137 2920 2188 sacerdoti
2945 2135 3164 2204 (Matth.
3200 2138 3251 2190 8.
3289 2137 3356 2206 4)
3383 2158 3392 2189 :
3425 2153 3768 2203 socrumque

2175 2229 2314 2282 Petri
2355 2229 2570 2282 exhibet
2615 2228 3031 2293 ministrantem,
3064 2245 3128 2283 ae
3170 2246 3366 2298 porcos
3425 2232 3760 2299 praecipitari

2174 2318 2433 2389 permittit
2465 2319 2504 2371 ³.
2545 2319 2635 2374 Sic
2689 2329 2746 2374 et
2788 2335 2964 2383 nunc,
3015 2321 3355 2376 remissionis
3401 2334 3761 2389 peccatorum

2165 2410 2374 2480 signum
2388 2413 2572 2466 statuit
2587 2413 2828 2482 corporis
2847 2415 3205 2468 valetudinem
3226 2432 3238 2473 ;
3265 2414 3583 2469 valetudinis
3603 2428 3762 2479 vero,

2169 2501 2310 2570 quod
2339 2502 2652 2572 grabbatum
2684 2505 2851 2566 tollat,
2883 2520 2950 2558 ne
2978 2514 3253 2574 putaretur
3281 2506 3329 2558 id
3376 2505 3515 2573 quod
3545 2515 3764 2576 gestum

2169 2599 2286 2648 erat
2316 2591 2622 2661 phantasma
2667 2607 2804 2647 esse.
2834 2595 3019 2663 Neque
3057 2596 3201 2663 prius
3253 2593 3382 2648 illud
3429 2594 3571 2659 fecit,
3597 2609 3769 2664 quam

2170 2682 2312 2751 ipsos
2340 2685 2738 2754 interroga'aset.
2763 2687 2815 2739 5.
2837 2685 2970 2751 Quid
2997 2697 3088 2748 est,
3117 2687 3305 2755 inquit,
3331 2687 3534 2754 [acilius
3554 2687 3723 2739 dicere
3741 2701 3766 2741 :

2172 2774 2506 2854 Dimittuntur
2548 2779 2637 2830 tibi
2677 2788 2912 2844 peccata,
2943 2796 3010 2831 an
3049 2780 3254 2844 dicere,
3284 2779 3426 2834 Tolle
3463 2779 3768 2851 grabbatuns

2173 2870 2334 2931 tuum,
2364 2878 2409 2921 et
2437 2870 2562 2921 vade
2589 2871 2639 2921 in
2666 2870 2870 2922 domum
2899 2872 3073 2924 tuam?
3094 2873 3244 2938 Quod
3274 2881 3450 2926 autem
3478 2873 3625 2937 dicit,
3657 2872 3767 2928 bu-

2169 2960 2398 3026 jusmodi
2429 2970 2510 3013 est
2539 2978 2550 3012 :
2585 2961 2718 3029 Quid
2754 2961 2899 3013 vobis
2924 2961 3129 3015 videtur
3160 2963 3361 3016 facilius
3390 2976 3530 3027 esse,
3567 2977 3772 3031 corpus

2173 3049 2488 3103 dissolutum
2514 3053 2742 3113 tirtnare,
2768 3060 2857 3105 aut
2874 3053 3062 3105 anima:
3086 3062 3295 3120 peccata
3318 3052 3618 3108 dimittere?
3634 3052 3773 3108 Cor-

2173 3155 2274 3208 pus
2301 3142 2510 3194 lirmare
2532 3149 2693 3196 certe.
2723 3141 2930 3208 Quanto
2950 3145 3090 3196 enim
3118 3143 3291 3196 anima
3317 3146 3656 3210 prazstantior
3685 3154 3772 3200 est

2173 3246 2429 3300 corpore,
2465 3243 2608 3287 tanto
2640 3246 2849 3301 peccata
2879 3234 3150 3289 dimittere
3193 3236 3362 3303 majus
3400 3246 3482 3290 est
3521 3240 3772 3306 corporis

2173 3325 2448 3378 curatione
2483 3326 2612 3380 :scd
2655 3325 2773 3394 quia
2823 3325 2949 3379 illud
2987 3325 3274 3390 occultum,
3310 3326 3410 3380 hoe
3448 3343 3576 3381 vero
3597 3330 3772 3383 mani-

2176 3415 2366 3469 festum
2393 3428 2492 3482 est,
2520 3418 2711 3485 adjicio
2738 3418 2787 3470 id
2810 3419 2948 3485 quod
2980 3421 3156 3473 minus
3185 3428 3285 3480 est,
3306 3421 3398 3472 sed
3428 3421 3688 3488 apertius,
3712 3431 3775 3476 ut

2180 3505 2229 3558 id
2270 3508 2408 3575 quod
2441 3508 2608 3575 majus
2649 3510 3020 3576 occultumque
3050 3518 3131 3561 est
3154 3550 3170 3573 ,
3201 3525 3294 3577 per
3319 3508 3420 3562 hoc
3448 3509 3642 3564 factum
3670 3510 3772 3566 dc-

2179 3608 2520 3662 monstrctur,
2547 3599 2653 3666 jam
2683 3599 2826 3668 prius
2848 3599 3098 3666 operibus
3116 3600 3356 3652 revelant-
3380 3601 3429 3654 id
3448 3604 3585 3670 quod
3606 3604 3777 3658 tuane

2180 3703 2276 3741 nes
2318 3689 2543 3754 dixerat,
2576 3690 2674 3754 Qui
2723 3689 2851 3742 tollit
2873 3701 3076 3758 peccata
3102 3693 3280 3743 mundi
3310 3691 3327 3761 (
3353 3689 3510 3745 Joan.
3557 3695 3606 3747 1.
3633 3695 3707 3747 29
3733 3702 3773 3762 ).

2250 3782 2301 3834 '5.
2320 3781 2448 3835 Cum
2474 3781 2647 3848 itaque
2666 3779 2815 3847 jussu
2840 3781 2906 3848 ip-
2922 3781 3002 3832 ius
3019 3781 3356 3842 surrexisset,
3373 3783 3587 3834 domum
3620 3784 3774 3840 illum

2179 3875 2423 3927 remisit:
2455 3871 2539 3926 hic
2581 3886 2788 3926 rursum
2834 3873 3156 3937 ostendens,
3203 3889 3413 3942 quanta
3457 3875 3594 3928 fastu
3623 3888 3775 3931 esset

2178 3967 2403 4031 alienus,
2428 3982 2645 4037 remque
2668 3967 2807 4019 illam
2835 3966 3144 4033 phantasma
3170 3981 3273 4020 non
3292 3967 3487 4022 fuisse:
3515 3970 3610 4024 hos
3628 3973 3775 4026 enim

2179 4071 2234 4115 et
2256 4061 2422 4115 morbi
2451 4070 2503 4115 et
2524 4042 2764 4114 sanitiitis
2789 4069 2950 4114 testes
2975 4059 3208 4114 adhibet.
3232 4060 3343 4129 Ego
3356 4063 3570 4130 quidem
3594 4073 3778 4133 Optas-

2182 4165 2315 4212 scm,
2350 4152 2537 4219 inquit,
2570 4167 2665 4219 per
2695 4150 2936 4203 morbum
2979 4160 3122 4202 tuum
3152 4166 3264 4214 eos,
3294 4154 3382 4222 qui
3411 4153 3525 4207 sani
3557 4154 3777 4223 quidem

2185 4244 2448 4305 videntur,
2480 4243 2572 4297 sed
2612 4244 2783 4296 :mima
2827 4252 3108 4313 regrotant,
3142 4259 3331 4298 sanare
3361 4263 3375 4299 :
3401 4249 3524 4314 quia
3563 4262 3693 4300 vero
3726 4250 3778 4303 id

2189 4331 2543 4390 nolunt,l"ade
2567 4335 2618 4385 in
2643 4335 2867 4397 domum,
2897 4344 2950 4387 ut
2993 4349 3085 4387 eos
3116 4336 3204 4403 qui
3244 4336 3311 4389 ibi
3344 4348 3467 4390 sunt
3494 4339 3778 4393 emendes.

2190 4427 2348 4482 Vides
2379 4427 2642 4497 quomodo
2673 4428 2917 4479 ostendat
2942 4441 3001 4481 se
3021 4434 3076 4480 et
3092 4427 3282 4481 animm
3308 4439 3361 4482 et
3390 4431 3634 4498 corporis
3659 4446 3782 4487 esse

2189 4529 2477 4573 creatorem
2497 4522 2518 4570 ἵν
2534 4518 2816 4586 Utriusque
2829 4519 2970 4572 enim
2993 4519 3300 4571 substanlim
3317 4519 3580 4590 paralysin
3601 4532 3780 4586 sanat.

2189 4622 2241 4664 ct
2271 4613 2409 4679 quod
2450 4611 2712 4665 occultum
2742 4621 2875 4674 erat,
2908 4625 2972 4665 ex
3003 4624 3069 4665 eo
3113 4609 3252 4679 quod
3285 4612 3626 4668 manifestum
3670 4627 3780 4681 est,

2192 4713 2370 4757 notum
2399 4704 2535 4757 facit.
2568 4706 2808 4756 Attamen
2833 4703 2903 4756 illi
2935 4702 3111 4756 adhuc
3149 4701 3295 4756 humi
3325 4705 3582 4773 repcbant
3612 4727 3624 4762 :
3657 4723 3781 4764 nam

2191 4797 2241 4850 8.
2279 4797 2694 4858 Glttriﬁcaverunt
2748 4794 2931 4859 Deum,
2971 4794 3161 4863 inquit,
3207 4796 3290 4864 qui
3320 4796 3456 4849 dedit
3482 4809 3780 4865 potestatem

2191 4889 2339 4940 talem
2375 4888 2689 4948 hominibus;
2716 4887 2841 4954 ipsis
2867 4886 3007 4938 enim
3048 4899 3174 4939 caro
3195 4885 3496 4940 resistebat.
3532 4887 3627 4942 llie
3653 4906 3785 4947 veto

2193 4994 2295 5031 non
2326 4979 2741 5048 increpaviteos,
2772 4975 2863 5029 sed
2893 4975 3113 5045 prodest
3137 4985 3310 5030 tamen
3349 4977 3473 5039 illis,
3500 4993 3593 5047 per
3617 4995 3783 5048 opera

2191 5071 2447 5134 excitans,
2474 5085 2763 5137 eorumque
2787 5069 3019 5122 animum
3050 5068 3100 5121 in
3125 5067 3352 5123 sublime
3377 5069 3609 5137 erigens.
3641 5070 3781 5125 lutc-

2194 5165 2294 5218 rim
2323 5177 2450 5216 vero
2477 5178 2580 5216 non
2612 5177 2830 5231 parvum
2862 5170 2995 5222 erat,
3040 5159 3179 5229 quod
3229 5163 3467 5213 omnium
3508 5161 3783 5216 hominum

2195 5257 2456 5309 man'tnus
2484 5254 2787 5316 haberetur,
2812 5253 3057 5321 quodque
3079 5268 3107 5306 a
3136 5252 3246 5307 Deo
3272 5253 3454 5304 venire
3485 5264 3785 5319 putaretur.

2194 5349 2322 5403 Nam
2348 5349 2388 5402 si
2417 5349 2528 5400 tunc
2551 5348 2770 5399 tirmiter
2802 5357 2978 5398 mente
3034 5347 3350 5398 tenuissent.
3380 5344 3592 5410 paulum
3623 5348 3788 5414 proﬁ-

2194 5441 2395 5494 cientcs
2431 5439 2766 5507 agnovissent
2808 5438 2977 5504 ipsum
3001 5449 3118 5488 esse
3148 5435 3236 5487 Dei
3270 5433 3479 5486 Filium.
3538 5435 3640 5488 Sed
3676 5436 3790 5490 ha-c

2198 5549 2300 5587 non
2347 5532 2566 5586 lirtniter
2612 5532 2963 5591 retinuerunt,
2997 5529 3224 5597 ideoque
3273 5529 3523 5581 accedere
3555 5543 3657 5580 non
3690 5544 3788 5596 po-

2264 5673 2278 5704 ¹
2317 5671 2409 5718 Alii
2432 5670 2630 5720 habent.
2656 5669 2790 5717 aliud
2816 5668 3002 5726 sianum
3027 5663 3138 5714 huic
3156 5663 3386 5726 adjungo.

2263 5736 2282 5764 ³
2319 5734 2410 5794 Alii
2437 5733 2625 5791 legunt,
2647 5734 2818 5794 .Patrt',
2843 5747 2947 5794 pro,
2979 5732 3093 5781 Deo.

2265 5797 2288 5828 s
2317 5793 2430 5853 Alii,
2454 5792 2754 5854 pi-wnjutari
2785 5792 2927 5846 lubet.
