4066 6460
510 430 615 486 363

503 555 557 599 et
584 549 862 614 postumam
888 544 1032 600 clare
1056 544 1381 609 nstemlerat,
1413 559 1471 598 se
1497 559 1654 615 posse
1679 556 1890 615 peccata
1912 546 2090 603 dimit-

502 645 636 701 tere,
667 636 905 692 adrbune
924 647 1111 706 postea
1142 638 1387 699 accessit.
1421 649 1475 693 ut
1515 654 1619 692 non
1643 639 1985 695 turbarentur
2011 641 2089 694 vi-

502 727 694 788 dentes
723 728 1059 796 publicanum
1092 730 1144 784 in
1172 729 1553 798 discipulorum
1595 731 1817 785 chorum
1839 732 2089 786 adscribi.

498 814 634 874 Nam
662 820 750 888 qui
782 829 956 888 potest
1003 830 1213 889 peccata
1256 821 1434 875 omnia
1475 822 1704 888 solvere,
1736 824 1861 892 quid
1893 824 2087 879 mirum

496 907 545 964 si
567 918 623 964 et
666 909 807 963 hunc
830 910 1127 977 apttstolum
1158 907 1355 967 faciat?
1380 911 1485 967 Sed
1517 924 1575 967 ut
1594 912 1827 968 didicisti
1852 917 2092 971 vocantis

498 1006 838 1065 juiwstatcm,
874 999 953 1053 sic
976 999 1123 1055 disce
1143 1002 1313 1056 voeati
1341 992 1723 1067 obedientiam.
1744 1002 1927 1073 Neque
1947 1005 2089 1059 enim

496 1072 827 1159 repugnavit,
855 1106 1028 1160 neque
1050 1091 1299 1155 dubitans
1318 1092 1485 1151 dixit:
1513 1092 1649 1161 Quid
1681 1094 1784 1152 hoc
1804 1072 1931 1150 est?
1960 1113 2087 1153 num

502 1194 605 1235 me.
630 1178 900 1237 hominem
942 1180 1250 1251 huiusmodi
1308 1181 1677 1239 fraudulenter
1722 1187 1918 1243 vocat?
1954 1186 2085 1240 Nam

508 1281 653 1330 certe
686 1272 1056 1344 intempestiva
1095 1273 1281 1335 fuisset
1318 1275 1619 1346 huiusmodi
1646 1278 1948 1336 humilitas.
1979 1278 2083 1333 Sed

496 1364 679 1421 statim
706 1365 938 1422 obedivit
968 1383 982 1421 :
1016 1382 1189 1437 neque
1220 1369 1370 1435 petiit
1398 1369 1687 1425 utdnmnm
1710 1372 1812 1425 'ire
1855 1370 2047 1429 liceret
2067 1412 2082 1435 ,

494 1464 557 1510 ut
598 1470 710 1511 rem
754 1470 876 1511 cum
948 1456 1063 1512 suis
1115 1458 1572 1535 communicaret,
1630 1458 2079 1527 quemadmodum

491 1546 653 1603 etiam
673 1547 967 1617 piscatores
994 1547 1233 1605 fecerunt
1264 1566 1277 1603 :
1312 1559 1370 1604 ut
1406 1550 1551 1607 enim
1576 1550 1649 1604 illi
1677 1558 1835 1618 retia,
1867 1552 2085 1606 navicu-

494 1637 625 1701 lam.
664 1650 971 1709 etpatrem,
998 1640 1069 1701 ita
1101 1649 1158 1696 et
1180 1640 1620 1697 bicteloniariam
1649 1657 1889 1698 mensam
1918 1652 1974 1697 et
2004 1642 2084 1696 lu-

495 1744 649 1785 crum
677 1728 915 1803 reliquit,
945 1742 1001 1785 ut
1031 1715 1367 1801 sequeretur,
1393 1731 1458 1789 ad
1483 1733 1662 1787 omnia
1691 1740 1931 1803 paratum
1961 1732 2081 1786 aui-

491 1836 641 1877 inum
674 1820 933 1889 exhibens
965 1839 980 1877 :
1010 1834 1065 1878 et
1112 1838 1145 1877 ι
1171 1823 1331 1879 rebus
1356 1824 1607 1885 omnibus
1646 1824 1991 1881 stecnlaribus
2023 1839 2083 1881 se

490 1912 671 1967 statim
717 1911 1063 1982 abscindens,
1085 1928 1182 1984 per
1203 1912 1576 1977 ebcdientiam
1606 1913 1896 1983 perfectam
1929 1915 2083 1970 testi-

490 2004 770 2070 tieabatur,
798 2019 957 2073 quam
987 2006 1309 2075 tempestive
1331 2014 1549 2060 vocatus
1595 2005 1796 2060 fuisset.
1845 2004 1915 2060 Et
1964 2021 2080 2071 cur,

489 2096 719 2165 inquies,
750 2111 859 2155 non
900 2095 968 2153 de
988 2095 1106 2150 aliis
1125 2096 1279 2161 dixit,
1334 2096 1604 2167 quomodo
1632 2098 1803 2152 vocati
1842 2096 2035 2152 fuerint
2063 2139 2080 2163 ,

488 2185 584 2239 sed
611 2184 681 2240 de
709 2183 868 2242 Petro
888 2191 1115 2248 tantum,
1139 2184 1365 2248 Jacnbo.
1397 2186 1605 2243 Joanne
1632 2197 1689 2240 et
1715 2186 1981 2255 Philippo,
2013 2186 2081 2241 de

486 2278 702 2332 exteris
736 2291 866 2332 vero
895 2276 1199 2345 nusquam?
1234 2274 1367 2342 Quia
1413 2275 1464 2329 bi
1516 2276 1747 2333 tiiaxime
1781 2287 1957 2342 erant,
1987 2276 2078 2345 qui

488 2366 718 2428 humiles
762 2366 841 2421 vel
894 2374 1077 2435 turpes
1121 2376 1263 2424 artes
1318 2366 1671 2431 exercebant;
1723 2382 1895 2436 neque
1932 2367 2075 2421 enim

485 2457 759 2528 quidpiam
797 2467 881 2513 est
923 2458 1208 2531 publicano
1231 2458 1487 2525 deterius,
1510 2459 1593 2514 vel
1613 2459 1878 2528 piscatore
1897 2459 2083 2516 vilius.

486 2547 643 2615 Quand
666 2562 825 2617 porro
851 2548 1128 2620 Philippus
1155 2549 1315 2603 etiam
1362 2550 1502 2603 inter
1535 2550 1797 2619 ignobiles
1834 2564 2081 2605 censere-

487 2646 595 2703 tur,
623 2653 687 2692 ex
708 2637 875 2707 patria
904 2638 1089 2706 liquet.
1126 2637 1328 2711 ideirco
1354 2636 1453 2692 bos
1472 2639 1702 2697 maxime
1727 2653 1848 2699 cum
1875 2642 2079 2705 artibus

487 2729 602 2786 suis
652 2728 966 2800 prurdicant,
999 2727 1081 2784 bis
1126 2728 1464 2787 declarantes
1490 2728 1591 2782 sibi
1622 2729 1784 2790 etiam
1832 2730 1883 2782 in
1916 2731 2077 2784 rebus

488 2819 785 2888 splemlidis
824 2817 983 2880 tidem
1031 2833 1152 2874 esse
1206 2817 1532 2872 habendam.
1578 2817 1712 2871 Cum
1758 2818 1901 2875 enim
1944 2818 2075 2873 nihil

489 2920 810 2981 pra'tereaut
832 2925 1019 2966 eorum
1055 2925 1176 2978 qua:
1228 2909 1594 2977 vituperabilia
1634 2910 1715 2962 vel
1755 2908 1877 2962 vilia
1927 2920 2074 2973 sunt,

485 3002 582 3057 sed
611 3002 723 3056 ιιιιεο
751 3016 860 3070 pra:
888 3000 1009 3055 aliis
1033 3008 1281 3065 accurate
1304 2998 1613 3069 praedicent,
1644 2999 1757 3053 sive
1799 2999 1886 3053 illa
1916 3000 2078 3068 magi-

486 3103 681 3157 strum,
729 3091 845 3147 sive
877 3091 1188 3161 “discipulus
1236 3098 1519 3158 spectent,
1544 3105 1643 3147 cur
1671 3090 1721 3157 in
1773 3090 2075 3167 splendidis

486 3172 895 3250 conspicuisque
912 3179 1147 3249 suspecti
1172 3176 1390 3244 fuerint,
1441 3193 1562 3231 cum
1585 3179 1817 3234 maxime
1851 3181 1998 3248 signa
2025 3188 2081 3234 et

494 3271 753 3327 miracula
781 3272 946 3325 multa
980 3279 995 3309 ι
1026 3280 1468 3340 prartercurrant,
1524 3279 1577 3323 et
1618 3286 1735 3338 qua:
1759 3269 1824 3323 ad
1862 3285 2074 3324 crucem

488 3370 749 3432 spectant,
774 3378 892 3431 qua:
924 3371 1075 3416 certe
1109 3361 1361 3429 probrosa
1398 3361 1642 3416 videntur
1666 3372 1915 3417 accurate
1933 3380 2076 3431 prac-

488 3452 693 3517 di'ceut,
726 3451 1107 3519 discipulorum
1154 3450 1281 3503 item
1330 3460 1494 3512 artes,
1548 3451 1809 3519 vilemque
1853 3463 2070 3515 sortem,

488 3542 725 3613 magistri
746 3556 955 3611 quoque
973 3542 1361 3611 progenitores,
1381 3543 1471 3609 qui
1504 3543 1583 3595 vel
1618 3558 1681 3596 ex
1716 3545 1964 3611 peceatis,
1993 3545 2074 3597 vel

486 3648 552 3688 ex
590 3633 680 3689 vili
710 3631 1020 3689 conditione
1054 3631 1164 3685 llull
1204 3640 1379 3693 erant,
1417 3632 1561 3684 clara
1593 3646 1721 3686 voce
1760 3634 1809 3685 in
1842 3634 2075 3686 medimn

485 3724 816 3794 prmferunt?
845 3721 1000 3779 Unde
1027 3722 1371 3779 nianifestum
1399 3730 1501 3784 est,
1532 3722 1675 3790 ipsos
1707 3738 1955 3791 magnam
1982 3739 2076 3779 ve—

486 3814 661 3877 ritatis
693 3812 943 3868 habuisse
974 3812 1253 3867 rationem.
1308 3816 1371 3869 ac
1414 3826 1587 3880 neque
1614 3811 1681 3869 ad
1702 3814 1949 3881 gratiam,
1980 3828 2074 3871 ne-

486 3920 591 3973 que
620 3903 686 3959 ad
723 3903 1130 3955 ostentationem
1164 3902 1463 3970 scripsisse.

557 3996 611 4051 ἢ.
642 3993 829 4051 Christi
876 3993 1016 4060 apud
1060 3991 1356 4045 Manliana:
1392 3992 1706 4045 conrivautis
1728 3995 1908 4062 agendi
1944 3996 2071 4047 ratio

483 4085 784 4155 explicatur.
829 4080 1223 4148 Redurgnuntur
1264 4082 1301 4133 ii
1325 4082 1412 4147 qui
1440 4083 1533 4134 sibi
1572 4084 1763 4149 faniam
1793 4087 2071 4154 exjcjunio

485 4193 664 4249 parcre
697 4184 897 4228 curant.
945 4203 1015 4213 -—
1045 4172 1296 4225 Vocatum
1336 4176 1510 4241 itaque
1543 4174 1845 4229 lllattbaeuni
1880 4192 2071 4245 magno

484 4268 662 4323 affecit
714 4267 920 4319 honore
964 4264 1028 4318 ad
1077 4280 1314 4318 mensam
1358 4267 1665 4323 admittens,
1695 4283 1800 4333 quo
1832 4269 1975 4319 illum
2003 4268 2072 4321 de

481 4361 663 4414 futuro
693 4357 827 4412 bene
854 4371 1069 4427 sperare
1098 4365 1267 4417 curat,
1294 4365 1346 4407 et
1369 4356 1623 4425 majorem
1649 4357 1781 4411 indit
1803 4358 2069 4411 fiduciam.

480 4447 598 4504 Non
634 4448 774 4503 enim
804 4446 855 4499 in
886 4446 1120 4507 sananda
1139 4445 1253 4511 ejus
1280 4446 1553 4512 iniquitate
1574 4445 1796 4500 multum
1818 4448 2074 4516 temporis

482 4539 748 4601 adhibuit,
795 4538 889 4593 sed
936 4538 1063 4591 illud
1114 4538 1291 4590 statim
1344 4535 1541 4592 factum
1584 4545 1694 4598 est;
1740 4553 1913 4606 itu-que
1947 4554 2068 4592 cum

484 4630 579 4685 ille
607 4636 818 4681 tantum
849 4627 1116 4681 recumbit
1135 4626 1199 4678 ad
1218 4640 1483 4689 mensam,
1501 4627 1595 4678 sed
1620 4641 1743 4679 cum
1764 4628 1883 4679 aliis
1908 4626 2049 4678 mul-

475 4721 557 4774 «tis
577 4737 590 4773 :
613 4734 939 4787 quamquam
962 4718 1010 4771 id
1033 4718 1108 4770 illi
1126 4718 1343 4771 crimini
1368 4718 1777 4785 dabatur,quod
1805 4728 2052 4785 peccato-

484 4823 575 4862 res
604 4823 709 4861 non
732 4808 987 4875 abigeret.
1011 4807 1210 4859 Verum
1238 4821 1412 4875 neque
1438 4808 1539 4860 hoc
1570 4807 1745 4861 celant
1777 4807 2050 4876 evangeli-

486 4908 585 4952 slte
612 4899 881 4966 quomodo
923 4898 994 4949 illi
1023 4897 1317 4950 accusandi
1344 4899 1668 4952 occasiones
1711 4900 1998 4965 captabant
2035 4938 2050 4960 ,

484 4985 603 5053 ejus
627 4985 964 5054 explorantes
990 4998 1170 5050 Opera.
1199 4983 1540 5039 Conveniunt
1578 5000 1735 5053 porro
1764 4990 2022 5054 publicani
2052 5032 2063 5053 ,

484 5076 636 5145 quasi
684 5076 749 5129 ad
798 5078 925 5129 artis
970 5086 1305 5139 consortem;
1354 5092 1475 5130 nam
1504 5077 1693 5131 honeri
1736 5079 1835 5133 sibi
1868 5081 2064 5136 ducens

482 5168 622 5235 quod
649 5167 889 5221 Christus
920 5167 983 5220 ad
1013 5182 1067 5220 se
1099 5169 1350 5231 venisset,
1378 5182 1564 5223 omnes
1588 5174 1913 5225 compotvit.
1947 5174 2066 5227 Ete—

481 5261 590 5313 nim
620 5274 778 5313 omue
816 5259 1103 5313 curationis
1144 5273 1312 5327 genus
1339 5258 1579 5314 Christus
1617 5262 1933 5327 adhibebat,
1965 5281 2063 5321 nec

480 5351 643 5405 modo
662 5356 780 5403 eum
814 5352 1236 5411 condonaretur,
1274 5364 1390 5403 cum
1416 5360 1647 5413 curaret,
1672 5368 1792 5406 cum
1823 5354 2062 5411 inimicos

481 5441 845 5509 redargueret,
904 5442 995 5495 scd
1048 5444 1204 5495 etiam
1255 5457 1375 5495 cum
1425 5444 1813 5503 convivaretur.
1868 5447 2060 5501 multos

488 5532 627 5585 male
660 5530 874 5584 affectos
905 5532 1219 5586 einendnbat
1248 5550 1258 5583 :
1286 5532 1367 5585 bis
1395 5547 1490 5585 nos
1513 5532 1712 5588 docens
1738 5551 1895 5590 omne
1926 5547 2061 5592 tem-

484 5635 583 5685 pus
633 5634 895 5688 omneque
944 5635 1075 5690 opus
1124 5635 1275 5689 posse
1324 5620 1475 5674 nobis
1520 5624 1794 5681 utilitatem
1850 5626 2058 5681 allerrc.

484 5711 736 5777 (iiiamvis
762 5720 935 5769 autem
958 5726 1020 5764 ea
1042 5727 1157 5778 qum.
1187 5722 1309 5765 tunc
1330 5713 1567 5779 apposita
1592 5724 1761 5779 erant,
1789 5718 2058 5787 iniquitate

558 5846 570 5871 ‘
608 5841 719 5902 Alii,
742 5856 851 5893 cum
869 5844 1076 5894 maxime
1100 5841 1234 5907 signa
1260 5843 1409 5893 multa
1431 5851 1475 5894 et
1502 5846 1754 5899 mirabilia.

1254 431 1307 488 S.
1350 432 1624 488 JOANNlS
1659 432 2137 490 CllRYSOSTOMl
2175 434 2491 495 ARCUIEP.
2530 441 3065 503 CONSTANTINOP.

3677 459 3787 514 36%

2196 557 2252 603 et
2279 553 2497 606 avaritia
2529 567 2676 622 parta
2703 569 2885 613 essent
2920 578 2932 613 :
2968 578 3074 616 non
3106 567 3367 623 recusavit
3391 579 3567 627 tarmm
3626 574 3789 629 Chri-

2188 652 2303 698 stus
2325 644 2701 700 liisconvivari
2728 649 2880 714 :qnia
2908 666 3155 718 magnum
3186 656 3307 713 inde
3335 661 3536 715 lucrum
3561 677 3789 720 eventu.

2194 746 2310 785 rum
2351 741 2496 799 erat;
2538 737 2630 789 sed
2656 740 3051 799 contubernalis
3079 758 3132 801 et
3158 751 3431 806 cauvictor
3471 766 3556 811 est
3591 772 3786 813 eorum

2194 822 2281 890 qui
2324 822 2627 892 hujusmodi
2674 828 2934 898 iniquitati
2978 850 3038 889 se
3084 834 3415 896 dediderant.
3464 844 3785 911 llttjttsmmli

2191 912 2388 983 quippe
2409 914 2667 981 medicus,
2700 921 2797 974 nisi
2827 937 3091 993 aegrorum
3120 931 3454 997 putredinem
3482 937 3638 1000 ferat,
3674 954 3787 993 non

2190 1014 2286 1054 eos
2308 1017 2340 1056 a
2372 1004 2560 1060 morbo
2583 1007 2721 1061 eruit
2755 1026 2768 1063 :
2802 1025 3119 1082 quamquam
3149 1017 3272 1076 inde
3310 1024 3505 1078 malam
3548 1028 3650 1081 sibi
3698 1030 3784 1084 fa-

2192 1107 2333 1148 mam
2356 1097 2666 1165 attralteret,
2699 1110 2752 1153 et
2779 1104 2918 1170 quod
2947 1120 3069 1161 cum
3097 1109 3187 1163 illo
3212 1113 3417 1179 ederet,
3458 1127 3509 1171 et
3548 1122 3691 1189 quod
3727 1126 3786 1178 in

2186 1182 2351 1238 domo
2376 1186 2493 1254 ejus
2522 1202 2646 1242 cum
2693 1193 2984 1259 publicanis
3030 1198 3231 1256 multis.
3274 1202 3405 1259 Vide
3432 1182 3609 1262 autem
3641 1227 3783 1277 quo-

2190 1274 2352 1331 modo
2393 1278 2446 1333 id
2492 1280 2565 1334 illi
2606 1283 2800 1348 probro
2825 1296 3033 1342 vertant
3058 1308 3071 1347 :
3100 1290 3234 1347 Ecce
3260 1295 3410 1351 homo
3438 1300 3575 1354 edax
3598 1274 3787 1357 cicini

2190 1376 2409 1432 potator,
2430 1372 2814 1439 publicanorum
2828 1380 3018 1433 amicus
3040 1392 3087 1435 et
3105 1396 3422 1451 peccatorum
3448 1388 3663 1456 (Μωιιι.
3685 1397 3710 1449 1
3730 1398 3746 1448 l
3764 1434 3783 1448 .

2189 1455 2303 1528 19).
2336 1460 2564 1515 Audiam
2597 1463 2668 1516 illi
2698 1466 2786 1535 qui
2815 1483 3059 1539 magnam
3099 1474 3200 1528 sibi
3229 1475 3421 1535 famam
3458 1455 3527 1537 ex
3566 1483 3787 1551 jejunio

2186 1561 2642 1621 pareresatagunt
2674 1573 2689 1608 :
2720 1559 3063 1632 eogitentque
3096 1565 3377 1625 Dominum
3407 1582 3652 1629 nostrum
3682 1593 3787 1628 νη-

2184 1655 2362 1697 racem
2402 1653 2457 1699 et
2484 1645 2591 1700 vini
2620 1658 2916 1713 potatorem
2954 1667 3195 1713 vocatum
3222 1659 3383 1717 fuisse
3404 1704 3421 1731 ,
3452 1681 3627 1737 neque
3650 1685 3785 1724 ern-

2184 1729 2393 1798 buisse;
2441 1735 2535 1791 sed
2569 1739 2681 1793 hare
2716 1744 2894 1797 omnia
2926 1743 3258 1818 despexisse,
3291 1763 3347 1809 ut
3372 1729 3486 1811 riam
3508 1729 3613 1813 sibi
3643 1776 3783 1829 prn-

2186 1827 2411 1894 positam
2454 1830 2735 1898 perﬁceret
2769 1849 2785 1899 ;
2834 1836 2884 1891 id
2912 1839 3055 1907 quod
3100 1842 3262 1898 etiam
3308 1850 3507 1903 evenit.
3550 1827 3682 1907 Nam
3723 1865 3785 1910 et

2184 1914 2495 1982 publicanus
2518 1934 2806 1978 conversus
2831 1934 2914 1980 est
2938 1936 2992 1983 et
3018 1930 3210 1987 melior
3226 1933 3465 1993 eductus.
3500 1940 3569 1997 Ut
3589 1954 3781 2000 autem

2184 2001 2376 2067 discas,
2398 2018 2651 2077 quantum
2679 2011 2801 2067 boni
2831 2018 3112 2076 accederet
3150 2024 3217 2078 iis
3254 2026 3341 2096 qui
3382 2028 3626 2098 ejusdem
3650 2050 3781 2090 cum

2182 2110 2248 2150 eo
2276 2112 2473 2153 mensa:
2497 2102 2779 2174 participes
2794 2116 2995 2176 essent,
3017 2112 3139 2167 audi
3166 2117 3289 2184 quid
3316 2117 3457 2175 dicat
3478 2121 3783 2181 Zacrbmns

2182 2186 2316 2241 alius
2347 2190 2673 2258 publicanus.
2724 2196 2855 2263 Quia
2883 2199 3025 2255 enim
3055 2205 3255 2261 audivit
3283 2209 3557 2268 Christum
3587 2214 3784 2270 dicen-

2184 2286 2291 2333 tem
2311 2320 2327 2343 ,
2361 2280 2529 2340 Hodie
2557 2286 2609 2339 in
2637 2286 2786 2344 domo
2824 2300 2912 2345 tua
2939 2306 3133 2361 oportet
3160 2315 3239 2352 tne
3262 2317 3463 2357 orauere
3486 2307 3505 2373 (
3530 2306 3657 2361 Lac.
3683 2311 3777 2365 l9.

2179 2369 2261 2437 5),
2292 2372 2485 2441 gaudio
2526 2378 2770 2445 perfusus
2790 2420 2804 2443 ,
2835 2380 2963 2438 dixit
2992 2402 3007 2438 :
3038 2383 3317 2443 Dimidium
3344 2369 3590 2449 bonorum
3633 2415 3781 2453 meo-

2179 2477 2291 2515 rum
2317 2463 2382 2517 do
2410 2468 2735 2535 pauperibus,
2763 2481 2810 2525 et
2831 2474 2875 2526 si
2889 2475 3012 2541 quid
3032 2476 3251 2549 aliquem
3267 2480 3587 2552 defrondari,
3609 2490 3704 2541 red
3724 2492 3780 2543 ἕο

2179 2556 2520 2625 quadruplum
2549 2559 2693 2627 (Ibid
2743 2576 2789 2615 υ.
2822 2562 2900 2634 8).
2923 2564 3019 2620 Cui
3050 2571 3323 2639 respondit
3360 2573 3557 2634 Iesus:
3604 2576 3779 2636 "om

2179 2646 2318 2699 satas
2345 2647 2517 2705 domui
2543 2650 2659 2704 huic
2684 2655 2821 2721 facta
2845 2665 2918 2710 est
2942 2657 3104 2726 (Ibid.
3129 2674 3179 2714 ti.
3208 2662 3283 2733 9).
3314 2664 3401 2720 Sic
3420 2681 3486 2721 ex
3517 2672 3774 2725 omnilnts

2180 2736 2314 2791 alios
2345 2739 2623 2798 instituere
2651 2744 2792 2800 licet.
2828 2746 2893 2802 Et
2934 2753 3203 2819 quomodo
3224 2794 3241 2821 ,
3278 2756 3488 2828 inquies
3510 2801 3525 2823 ,
3571 2761 3776 2820 Paulus

2181 2830 2419 2897 principii
2445 2848 2459 2883 :
2484 2830 2545 2886 Si
2569 2834 2700 2899 quis,
2722 2852 2838 2891 cum
2855 2838 3012 2906 [mter
3030 2844 3335 2915 nominetur,
3352 2849 3417 2902 sit
3432 2852 3773 2919 fornicarins,

2179 2931 2266 2973 aut
2296 2936 2500 2987 avarus,
2526 2940 2640 2977 cunt
2660 2941 2719 2979 eo
2740 2943 2802 2981 ne
2827 2933 3084 2986 comedere
3105 2936 3307 3005 quidem
3328 2950 3523 3007 oportet
3548 2946 3626 3011 (ι.
3645 2945 3773 3000 Cor.

2180 3011 2233 3065 5.
2265 3010 2393 3083 ll)?
2421 3016 2491 3068 At
2516 3030 2621 3070 non
2649 3025 2813 3086 patet,
2843 3034 2911 3075 an
2941 3022 3068 3078 illud
3093 3028 3253 3081 etiam
3284 3010 3563 3101 magistris
3583 3038 3777 3103 μηροῖ-

2179 3104 2390 3175 piattir,
2432 3122 2605 3185 neque
2649 3109 2822 3166 solum
2862 3111 3131 3170 fratribus.
3169 3117 3368 3174 Deinde
3410 3123 3483 3177 illi
3528 3126 3774 3182 nondum

2180 3194 2402 3264 perfecti
2431 3199 2677 3268 auctique
2703 3210 2891 3265 erant,
2938 3218 3109 3274 neque
3144 3205 3397 3263 fratribus
3435 3226 3774 3269 annumeta-

2178 3284 2391 3343 bantur.
2450 3289 2529 3343 Ad
2581 3289 2696 3346 ha'e
2739 3306 2865 3345 vero
2911 3292 3127 3359 Paulus,
3163 3296 3273 3365 jam
3302 3300 3422 3354 illos
3462 3302 3513 3354 in
3542 3303 3772 3360 fratrum

2178 3395 2457 3436 numerum
2499 3382 2733 3437 adscitos
2771 3389 3004 3439 aversari
3026 3388 3209 3456 jubet,
3241 3392 3285 3446 si
3322 3392 3374 3446 in
3404 3395 3559 3449 malis
3588 3410 3774 3463 perse-

2179 3483 2364 3526 vercnt
2397 3490 2411 3527 :
2444 3474 2700 3530 hiantem
2734 3478 2872 3531 male
2913 3493 3072 3546 agere
3118 3495 3459 3538 cessaverant
3494 3490 3768 3546 conversi.

2182 3566 2376 3620 \‘eruni
2407 3568 2535 3621 nihil
2567 3569 2757 3622 borum
2786 3569 3086 3637 Pharismns
3114 3582 3467 3641 compressit,
3518 3579 3613 3633 sed
3656 3583 3767 3636 cri-

2179 3658 2445 3711 minantes
2469 3658 2850 3727 aggrediuntur
2875 3658 3165 3729 discipulos
3197 3664 3278 3718 bis
3306 3666 3479 3720 verbis
3504 3685 3518 3719 :
3552 3671 3610 3723 ll
3626 3712 3641 3725 .
3666 3670 3772 3724 Cur

2177 3764 2294 3803 cum
2360 3742 2639 3817 publicanis
2699 3758 2745 3803 et
2784 3752 3149 3819 peccatoribus
3202 3756 3473 3809 manducet
3525 3762 3771 3828 magister

2175 3842 2371 3894 uester?
2393 3842 2448 3893 Et
2478 3856 2599 3894 cum
2635 3840 2876 3909 discipuli
2907 3857 3131 3911 peccare
3175 3846 3450 3913 videntur,
3489 3848 3767 3910 Christum

2174 3931 2255 3985 sic
2279 3931 2622 3999 alloquuntur
2653 3947 2666 3981 ι
2708 3929 2837 3985 Ecce
2871 3934 3111 4000 discipuli
3146 3936 3219 3988 lui
3260 3940 3453 4007 faciunt
3492 3944 3632 4011 quod
3662 3962 3766 3998 non

2176 4022 2287 4074 licet
2326 4023 2378 4074 in
2419 4022 2625 4075 sabbato
2668 4022 2835 4091 facere
2863 4025 2879 4091 (
2891 4023 3077 4077 Matth.
3109 4026 3193 4079 19...
3224 4027 3312 4095 2);
3344 4029 3429 4085 hic
3452 4047 3583 4088 vero
3620 4039 3764 4105 apud

2173 4112 2459 4182 discipulos
2505 4114 2774 4166 Christum
2822 4114 3187 4170 criminantur.
3234 4120 3365 4185 Quae
3387 4126 3567 4177 omnia
3602 4127 3764 4183 mali-

2172 4206 2443 4273 gnantium
2489 4213 2660 4263 erant.
2704 4215 2755 4258 et
2803 4205 3092 4259 volentium
3128 4208 3503 4277 dscipulorum
3533 4216 3762 4270 chorum

2174 4308 2201 4345 a
2228 4294 2479 4360 magistro
2500 4296 2890 4361 avellere.Quid
2910 4298 3065 4365 igitur
3083 4300 3340 4354 immensa
3364 4302 3451 4356 illa
3472 4308 3763 4371 sapientia?

2180 4384 2263 4435 1-2..
2298 4382 2414 4434 Non
2440 4384 2683 4454 indigent,
2714 4389 2910 4453 inquit,
2962 4390 3074 4440 sani
3103 4393 3316 4453 medico,
3364 4396 3452 4448 sed
3497 4401 3583 4465 qui
3628 4404 3765 4455 male

2176 4474 2373 4528 habent.
2406 4474 2536 4529 Vide
2566 4478 2833 4541 quomodo
2865 4494 3166 4534 sermonem
3209 4499 3394 4536 eorum
3444 4486 3495 4539 in
3536 4501 3761 4545 contra-

2174 4564 2311 4616 rium
2352 4566 2528 4618 vertit.
2562 4564 2636 4618 llli
2669 4582 2900 4631 namque
2940 4570 3150 4623 crimini
3192 4572 3389 4625 dabant
3433 4574 3566 4643 ipsi,
3613 4580 3759 4647 quod

2172 4666 2289 4704 cum
2305 4654 2408 4709 illis
2430 4668 2761 4721 versaretur;
2783 4657 2869 4710 ille
2890 4662 3213 4713 contrarium
3239 4664 3455 4730 profert,
3485 4668 3759 4739 indignum

2176 4742 2496 4811 benignitate
2543 4761 2637 4797 sua
2688 4762 2808 4801 esse
2847 4748 2891 4801 si
2947 4765 3048 4803 non
3078 4767 3198 4804 cum
3230 4753 3333 4808 illis
3375 4770 3653 4820 versetur;
3696 4779 3760 4818 ac

2172 4852 2279 4890 non
2311 4838 2466 4892 modo
2505 4854 2563 4893 se
2604 4841 2827 4894 et‘itnine
2858 4858 3078 4895 vacuum
3107 4860 3227 4899 esse
3265 4862 3385 4900 cum
3416 4848 3538 4904 illos
3566 4868 3757 4908 emen-

2171 4928 2353 4993 daret,
2386 4931 2478 4985 sed
2507 4946 2615 4985 rem
2648 4947 2767 4986 esse
2798 4934 3115 5001 prmcipuam
3138 4978 3152 5001 ,
3195 4946 3245 4990 et
3275 4942 3630 4996 necessariam
3656 4986 3671 5008 ,
3703 4955 3761 5002 ct

2171 5024 2316 5075 mille
2342 5023 2581 5077 laudibus
2623 5024 2860 5095 dignam.
2907 5026 3108 5081 Deinde
3136 5046 3201 5083 ne
3238 5031 3509 5087 videretur
3537 5047 3758 5091 vocatus

2170 5114 2371 5183 pudore
2399 5113 2610 5169 allicere
2630 5158 2641 5176 ,
2675 5132 2795 5169 antu
2826 5118 3060 5181 diceret,
3098 5119 3195 5185 Qui
3232 5126 3362 5175 male
3388 5125 3599 5189 (tabent,
3634 5128 3758 5183 vide

2168 5205 2434 5272 quomodo
2480 5208 2639 5261 leniat
2686 5208 2852 5270 illud,
2898 5225 3019 5263 cum
3064 5212 3181 5265 illus
3223 5212 3463 5279 increpat
3500 5225 3556 5269 et
3586 5218 3751 5274 dicit.

2172 5298 2257 5350 15.
2288 5296 2501 5367 Eunt“,
2534 5299 2711 5351 discite
2729 5301 2850 5368 quid
2872 5311 2962 5362 est,
2996 5300 3395 5356 Misericom'iam
3416 5310 3550 5367 toto,
3584 5319 3628 5360 et
3651 5327 3757 5363 non

2166 5390 2469 5456 sacri/icium
2502 5388 2651 5455 (Osee
2679 5390 2732 5443 6.
2764 5393 2841 5457 6).
2876 5392 2984 5445 Hoc
3023 5402 3193 5445 autem
3228 5396 3470 5459 dicebat,
3502 5398 3753 5466 (ἐράνων

2166 5496 2342 5531 rartnn
2395 5479 2741 5547 ignorantiam
2790 5481 2917 5551 ipsis
2961 5486 3086 5536 vitio
3117 5497 3346 5541 vertens.
3388 5489 3751 5555 Quamobrem

2154 5567 2621 5635 'aCriusloquitur,
2647 5584 2751 5623 non
2785 5572 3177 5639 iratus;absit;
3200 5579 3290 5631 sed
3315 5581 3474 5634 neiiti
3494 5598 3742 5638 animum

2167 5660 2585 5729 desponderent.
2619 5661 2959 5731 Quamquam
3002 5667 3182 5721 dieere
3211 5681 3420 5736 poterat
3453 5692 3466 5726 ε
3503 5674 3621 5729 Non
3651 5694 3745 5732 cev

2167 5748 2389 5815 gitatis,
2442 5754 2714 5817 quomodo
2772 5756 3071 5824 paralytico
3122 5774 3339 5826 peccata
3393 5764 3748 5820 dimiserim?

2169 5854 2363 5911 ι-οῳλιδ
2383 5842 2499 5908 ers
2519 5842 2845 5898 ﬁrmaverint
2871 5846 2979 5899 Litt
2996 5849 3133 5903 nihil
3149 5850 3343 5905 borum
3364 5852 3497 5910 dicit
3520 5870 3743 5914 :Vct’lttn
