4066 6456
277 488 306 523 ι
330 469 708 525 communibus
732 464 1027 524 ratiociniis
1055 462 1174 518 illus
1200 461 1508 532 aggreditur
1535 459 1786 527 primum.
1819 462 1874 507 et

277 572 463 632 postea
486 577 518 615 a
546 559 856 629 Scripturis.
884 557 1019 613 Cum
1041 556 1262 608 dixisset
1289 552 1431 606 enim
1456 592 1472 614 ,
1507 549 1628 603 Non
1657 557 1730 602 est
1749 563 1880 616 epns

275 653 562 706 valentibus
601 652 825 704 medicus
849 688 864 710 .
906 649 995 700 sed
1026 647 1158 699 male
1183 642 1479 697 habentibus
1502 683 1518 706 ,
1557 650 1610 693 et
1636 639 1875 707 seipsum

275 756 397 796 esse
436 741 705 794 toedicum
743 739 1072 793 subobscure
1101 737 1429 790 declarasset
1467 750 1479 784 :
1524 744 1648 785 tunc
1694 729 1873 796 dixit,

277 832 507 894 Esntes,
536 831 716 885 discite
751 829 878 898 quid
914 837 1022 890 est.
1061 825 1466 881 illisericordiam
1505 825 1654 887 volo,
1686 833 1733 876 et
1773 838 1875 874 non

270 923 604 992 sacriﬁcium.
629 921 741 976 Hoc
762 930 817 976 et
845 919 1041 975 Paulus
1061 919 1205 971 facit.
1233 917 1410 971 Primo
1427 916 1572 970 enim
1593 931 1621 967 a
1639 929 1875 968 commu-

262 1014 432 1069 nibus
473 1013 734 1083 exemplis
767 1014 846 1068 sic
869 1027 1064 1065 orsus:
1097 1011 1225 1072 Quis
1267 1007 1426 1077 pascit
1460 1022 1688 1076 gregarii,
1729 1013 1774 1057 et
1809 1021 1874 1057 ex

269 1105 401 1161 lacte
425 1108 537 1176 ejus
564 1122 664 1160 non
689 1105 906 1158 comedit
936 1104 1012 1173 (1.
1040 1102 1159 1157 Cor.
1185 1100 1240 1155 9.
1272 1100 1366 1166 7)?
1396 1110 1520 1154 tunc
1563 1098 1870 1166 Scriptores

270 1197 472 1251 inducit
494 1238 511 1260 .
543 1206 597 1251 et
620 1195 694 1251 ait
722 1213 738 1250 :
769 1194 834 1249 In
863 1197 972 1266 lege
998 1210 1214 1264 namque
1251 1190 1446 1261 Moysis
1484 1191 1732 1258 scriptum
1757 1198 1832 1241 est
1851 1230 1866 1253 ,

274 1287 393 1343 Non
421 1289 657 1358 alligatis
679 1306 736 1344 os
761 1288 871 1342 bovi
892 1287 1146 1340 trituranti
1172 1283 1334 1357 (Ibid.
1352 1283 1460 1339 v.9.
1489 1281 1644 1335 Deut.
1785 1280 1866 1348 i):

266 1392 332 1434 ac
351 1394 566 1434 rursum
587 1421 604 1445 ,
633 1379 724 1434 Sic
759 1377 1010 1433 Dominus
1033 1377 1326 1441 constituit,
1353 1385 1409 1428 ut
1435 1375 1519 1443 qui
1551 1372 1868 1442 evangelium

264 1472 608 1536 annuntiant,
654 1487 718 1525 ex
763 1471 1024 1541 evangelio
1071 1471 1237 1523 vivant
1284 1469 1359 1535 (1.
1383 1467 1502 1522 Cor.
1545 1466 1597 1521 9.
1642 1466 1752 1534 14).
1783 1465 1864 1519 Ad

263 1564 559 1632 discipulos
586 1574 767 1618 autent
790 1579 896 1617 non
921 1563 1000 1616 sic
1023 1580 1039 1625 ;
1066 1561 1160 1616 sed
1182 1563 1334 1630 signa
1358 1561 1526 1614 suain
1552 1560 1866 1613 memoriam

265 1655 476 1710 reducit
505 1656 608 1709 ltoc
635 1667 790 1724 pacto
819 1673 834 1710 :
867 1654 990 1707 Non
1019 1655 1318 1708 uisuiinistis
1346 1653 1564 1723 quinque
1582 1668 1796 1722 ponunt,
1821 1663 1868 1704 et

263 1748 526 1800 hominum
559 1749 779 1817 quinque
808 1747 1060 1814 millium,
1091 1757 1137 1801 et
1164 1757 1284 1818 quot
1327 1747 1572 1816 cophinos
1593 1745 1867 1846 colleg'gtis

262 1838 476 1910 (Matth.
511 1839 597 1894 l6.
628 1840 727 1906 9)?

336 1929 394 1984 3.
435 1929 543 1984 Sed
592 1945 698 1983 nou
750 1930 819 1983 ita
871 1944 932 1984 se
977 1930 1115 1999 gerit
1150 1942 1271 1983 eum
1313 1930 1463 1991 istis;
1497 1943 1681 1983 verum
1710 1943 1863 1983 com-

260 2035 482 2076 munem
502 2021 867 2076 inﬁrmitatem
897 2031 1316 2087 commemorat,
1356 2021 1696 2090 ostemlitque
1722 2021 1866 2091 ipsos

259 2112 421 2166 etiam
454 2127 517 2167 es
550 2111 881 2167 inﬁrmorum
905 2127 1129 2166 numero
1151 2127 1301 2176 esse.
1324 2113 1412 2180 qui
1445 2127 1543 2166 nec
1562 2110 1866 2181 Scriptum

260 2202 504 2255 sciebant
541 2242 556 2268 ,
601 2213 656 2256 et
711 2217 925 2256 omnem
965 2203 1214 2256 virtutem
1269 2202 1638 2272 negligentes.
1686 2203 1738 2257 in
1778 2218 1863 2258 sa-

259 2295 477 2348 crilieiis
541 2304 710 2350 totum
777 2296 1175 2350 constituebant
1231 2312 1244 2349 :
1302 2295 1444 2365 quod
1515 2295 1866 2350 subindicaus

263 2386 418 2456 ipse,
454 2385 505 2438 id
550 2387 690 2454 quod
733 2401 763 2439 a
811 2386 1085 2455 prophetis
1123 2387 1374 2442 oomilms
1405 2387 1604 2441 dictum
1651 2387 1863 2453 fuerat,

261 2477 447 2546 paucis
477 2478 641 2531 refert
671 2477 856 2530 dicens
888 2495 902 2530 :
933 2476 1124 2530 Discite
1146 2477 1270 2548 quid
1307 2488 1380 2530 est
1403 2517 1418 2540 ,
1461 2477 1865 2533 Misericordiam

264 2569 400 2634 volo,
428 2580 479 2621 et
504 2585 605 2621 non
626 2570 935 2636 sacriﬁcia»:
963 2568 1120 2636 (Osee
1142 2569 1196 2624 6.
1222 2569 1300 2636 6).
1325 2570 1416 2624 His
1436 2572 1581 2625 enim
1608 2571 1861 2634 ostendit,

262 2675 368 2714 non
401 2676 462 2715 se
490 2661 671 2730 inique
697 2676 881 2730 agere,
907 2663 1000 2716 sed
1029 2664 1203 2731 ipsos;
1227 2678 1291 2715 ae
1318 2667 1361 2716 si
1393 2664 1619 2730 diceret,
1639 2665 1749 2717 (Zur
1777 2680 1868 2717 ac-

261 2752 463 2807 cusatis
491 2755 613 2807 me?
638 2769 704 2807 an
731 2756 853 2824 quia
883 2765 1194 2823 peccatores
1220 2757 1489 2811 emendo?
1516 2757 1659 2828 Ergo
1686 2767 1740 2810 et
1763 2757 1862 2812 Pa-

261 2853 400 2898 trem
450 2859 629 2898 nietun
679 2843 778 2898 hac
821 2845 890 2899 de
933 2861 992 2900 re
1035 2846 1376 2900 accusabilis.
1424 2846 1577 2913 Quod
1629 2858 1683 2902 et
1734 2848 1860 2902 alibi

261 2933 451 2989 eadem
479 2945 658 2992 mente
696 2937 908 2992 dicebat
931 2956 943 2990 :
975 2936 1130 2991 Pater
1157 2955 1296 2992 meus
1323 2957 1481 3011 usque
1507 2941 1657 2994 modo
1682 2957 1864 3010 aperu-

263 3035 370 3088 tur.
415 3035 466 3080 et
518 3044 609 3096 ego
661 3045 844 3097 operor
890 3027 1075 3099 (Joan.
1127 3027 1182 3082 5.
1239 3031 1364 3099 l7);
1412 3043 1466 3086 et
1494 3031 1580 3085 hic
1607 3047 1862 3089 rursum:

263 3111 460 3168 Euntes
487 3116 664 3169 discite
685 3117 808 3185 quid
831 3128 906 3172 est
925 3159 942 3184 ,
974 3117 1376 3174 Miserirorrtiam
1408 3121 1520 3173 calo
1537 3162 1552 3184 ,
1582 3132 1629 3176 et
1656 3139 1758 3176 non
1785 3139 1867 3176 sa-

264 3205 540 3272 cri/icium.
573 3209 1037 3272 Quemadmodum
1068 3210 1211 3264 enim
1245 3212 1344 3265 hoc
1376 3214 1462 3265 ille
1494 3215 1605 3267 vult
1626 3252 1640 3278 ,
1690 3214 1768 3269 sic
1809 3226 1864 3268 ct

263 3310 386 3365 ego.
423 3296 485 3351 Vi
510 3298 610 3351 lcn‘
639 3301 910 3368 quomodo
933 3301 1016 3354 illa
1047 3301 1261 3370 quidem
1290 3304 1558 3371 superflua
1593 3305 1723 3367 sint,
1750 3303 1866 3359 luet:

262 3404 396 3443 vero
437 3392 778 3445 necessaria?
826 3392 1010 3461 Neque
1051 3394 1194 3447 enim
1240 3395 1406 3460 dixit,
1443 3395 1863 3452 Misericordiam

265 3483 388 3534 volo
411 3493 463 3535 et
485 3483 805 3537 sacrificium
831 3501 844 3548 ;
877 3485 1008 3545 sed.
1046 3485 1448 3540 Misericordiant
1489 3489 1602 3541 rolo
1625 3529 1641 3554 ,
1684 3499 1731 3542 et
1761 3508 1862 3544 non

264 3574 592 3641 sacriﬁcium.
638 3575 880 3629 Alterum
913 3578 1055 3630 enim
1090 3579 1455 3646 comprobavit
1479 3621 1492 3638 .
1523 3579 1752 3634 alterum
1781 3597 1865 3636 re-

267 3665 552 3734 probavit;
602 3665 1097 3738 demoustravitque
1143 3668 1192 3721 id
1250 3669 1393 3738 quod
1443 3671 1866 3727 criminabantur

265 3769 372 3809 nun
406 3756 565 3809 niodo
597 3773 701 3809 non
743 3759 964 3811 vetitum
991 3800 1005 3823 ,
1058 3758 1152 3812 sed
1200 3761 1361 3813 etiam
1395 3761 1509 3830 lege
1541 3773 1865 3831 prmeeptum

263 3863 406 3911 esse.
457 3850 624 3914 magis
676 3866 833 3917 quam
874 3852 1136 3905 sacrilicia
1172 3869 1186 3904 :
1217 3852 1494 3921 ipsamque
1549 3855 1720 3925 legem
1767 3873 1864 3911 ve-

264 3948 435 3993 terem
480 3939 679 3994 inducit
715 3943 795 3993 bis
831 3956 1068 3996 consona
1112 3944 1418 4013 loquentem
1451 3955 1505 3999 et
1549 3949 1867 4016 praecipienc

264 4039 395 4084 tem.
453 4031 578 4086 Illos
623 4032 801 4101 itaque
861 4036 1226 4104 perstringens
1270 4045 1322 4088 et
1373 4053 1437 4090 ex
1485 4042 1866 4095 communibus

269 4124 550 4192 exemplis,
584 4135 633 4179 rt
667 4141 731 4179 ex
758 4127 1069 4196 Scriptor-is,
1091 4128 1275 4192 adjicit
1308 4147 1321 4182 :
1371 4129 1492 4184 Non
1537 4135 1646 4184 veni
1690 4150 1868 4190 vocare

264 4217 445 4279 iustos,
479 4219 568 4270 sed
598 4229 882 4286 peccatores
907 4219 975 4272 ad
1003 4221 1368 4289 pmnitrutiam.
1416 4225 1467 4277 ld
1511 4241 1637 4278 vero
1663 4226 1866 4282 ironice

266 4308 525 4376 loquitur,
571 4322 622 4362 ut
667 4325 789 4364 cum
834 4310 1008 4365 dicit:
1042 4311 1177 4366 Ecce
1220 4313 1383 4366 Adam
1416 4317 1580 4384 fartus
1622 4328 1695 4370 est
1736 4319 1865 4372 sicut

266 4418 397 4455 unus
427 4419 491 4454 ea:
522 4403 660 4454 nobis
684 4401 837 4470 (Gen.
864 4405 899 4456 3
943 4403 1060 4470 ‘22);
1103 4418 1163 4457 ac
1201 4419 1410 4458 rursum
1434 4447 1449 4470 ,
1497 4407 1559 4460 Si
1606 4409 1825 4461 esurierc
1847 4453 1863 4472 ,

267 4509 367 4544 non
394 4492 562 4544 dicam
590 4493 678 4544 tibi
705 4491 875 4564 (Psal.
902 4494 990 4548 49.
1024 4494 1137 4564 ίὲ).
1163 4496 1313 4561 Quod
1346 4498 1487 4550 enim
1522 4499 1698 4553 nullus
1725 4513 1866 4556 esset

266 4583 444 4654 justus
474 4586 524 4637 in
557 4594 695 4639 terra
717 4627 733 4650 .
773 4587 967 4642 Paulus
993 4589 1284 4643 declaravit
1317 4591 1396 4644 bis
1429 4594 1607 4648 verbis
1636 4614 1649 4647 :
1678 4595 1866 4649 Omnes

268 4678 401 4730 enim
423 4688 754 4746 peccaverunt
773 4719 788 4744 ,
813 4690 858 4732 et
885 4691 1029 4749 egent
1057 4682 1220 4752 gloria
1248 4682 1341 4736 Dei
1370 4685 1544 4752 (Rom.
1578 4688 1628 4741 5.
1663 4687 1775 4757 25).
1814 4688 1864 4742 Id

265 4774 428 4824 etiam
470 4771 550 4824 eis
589 4772 678 4839 qui
713 4772 886 4826 vocati
918 4783 1041 4826 sunt
1088 4776 1438 4829 consolationi
1470 4787 1604 4830 erat.
1634 4780 1864 4835 Ta'ittmt

269 4864 421 4918 abest
449 4905 464 4928 ,
501 4863 704 4931 inquit,
738 4876 794 4919 ut
826 4876 1136 4934 peccatores
1181 4867 1561 4925 abominationi
1597 4872 1821 4926 habeam
1851 4915 1864 4935 .

271 4964 326 5009 ut
352 4954 515 5009 etiam
543 4967 763 5026 prepter
789 4957 910 5010 illos
942 4968 1144 5011 tantmn
1176 4959 1485 5014 advenerim
1546 4963 1762 5025 Deinde.
1799 4981 1865 5020 ne

270 5047 389 5100 illos
439 5047 661 5116 supinos
701 5046 976 5106 redderet.
1017 5064 1138 5101 eum
1175 5060 1480 5118 pecc"tores
1509 5058 1819 5108 memoravit
1850 5099 1866 5122 ,

271 5154 375 5193 non
393 5139 504 5208 jam
529 5139 712 5204 tacuit,
743 5137 837 5193 sed
861 5140 1075 5207 adjecit.
1099 5143 1176 5194 Ad
1198 5145 1559 5210 paenitentiam.
1589 5147 1702 5199 Non
1722 5150 1863 5202 enim

272 5231 394 5287 ideo
427 5233 620 5287 adveni
659 5243 734 5289 ut-
764 5236 836 5289 illi
865 5246 1174 5306 peccatores
1201 5249 1500 5299 manerent,
1537 5241 1628 5293 sed
1658 5251 1714 5293 ut
1746 5259 1865 5294 nm-

177 5359 180 5362 .
274 5335 511 5378 tarentur
538 5335 591 5379 et
626 5327 877 5383 meliores
906 5328 1214 5384 evaderent.
1249 5329 1379 5384 Cum
1425 5343 1601 5384 autem
1652 5334 1862 5388 illortnu

272 5429 361 5467 ora
397 5431 613 5484 prorsus
643 5421 1067 5482 clausisset,tum
1099 5441 1161 5478 ex
1189 5425 1625 5492 Scripturis,tum
1659 5443 1719 5479 ex
1754 5430 1864 5492 ipsa

273 5526 450 5564 τιτι-1111
475 5514 642 5578 serie,
677 5523 731 5567 et
762 5516 893 5570 nihil
932 5519 1062 5570 ultra
1093 5518 1272 5572 dicere
1303 5536 1455 5584 υωγ-(ι
1481 5530 1521 5570 ιι
1542 5562 1554 5581 ,
1587 5520 1723 5588 quod
1767 5522 1863 5587 ipsi

272 5607 659 5661 iiscriminibus
676 5611 887 5664 obnoxii
903 5613 1272 5678 probarentur,
1291 5633 1318 5680 q
1351 5615 1864 5682 ".1".iiiszttbll‘icl‘ﬂttl.

276 5700 598 5768 insuperquc
629 5701 729 5769 legi
763 5715 927 5756 veleri
951 5705 1318 5766 3'i\'Cl'Slil|lt._-,
1393 5709 1458 5758 ;lo
1490 5708 1671 5761 misso.
1707 5710 1756 5759 in
1788 5710 1867 5758 «li--

280 5791 510 5861 scirulo's
539 5794 738 5849 crimen
766 5796 1107 5852 transferant.
1134 5797 1471 5868 LUL35(':H}>.
1569 5815 1614 5851 τ.
1638 5802 1724 5871 δῦ)
1753 5818 1858 5870 ἶιιι.

1265 344 1333 402 ΙΝ
1371 338 1784 400 ΜᾹΤΤΗᾹΞΠΜ
1824 334 2056 394 11011114.
2099 338 2271 396 XXX.
2314 341 2386 396 al.
2429 339 2624 402 XXXI.

3481 352 3590 409 πο

1995 454 2116 508 dem
2145 454 2223 510 ait
2249 456 2546 512 Pliariszeos
2570 457 2675 511 hoc
2693 454 2917 522 dixisse.
2940 455 3221 513 llattlueus
3250 474 3398 521 vero.
3427 462 3591 519 disci-

1991 543 2145 612 pulos
2167 543 2391 600 Joanuis
2423 564 2436 600 :
2467 545 2759 601 verisimile
2811 557 2991 602 autem
3039 559 3123 604 est
3168 550 3284 607 huic
3330 562 3589 625 utrosque

1986 636 2209 692 dixisse.
2238 637 2376 692 Cum
2416 639 2560 694 enim
2588 639 2663 694 illi
2705 640 2758 694 in
2783 640 2950 697 dubio
2976 653 3321 700 versarentur
3342 685 3358 710 ,
3393 649 3584 703 verisi-

1981 729 2180 782 milit--r
2223 739 2277 804 et
2326 729 2448 785 illos
2495 745 2680 785 secum
2716 744 3158 800 assiiinpurunt,
3197 737 3342 806 quod
3381 749 3584 794 etcum

1981 819 2295 874 llerodianis
2325 831 2511 890 postea
2540 821 2798 878 fecerunt.
2849 823 3163 880 luvidebaot
3189 827 3335 902 enim
3363 844 3584 903 semper

1975 910 2194 965 Christo
2219 911 2444 968 Juattuis
2459 913 2728 984 discipuli.
2751 925 2804 970 et
2828 926 3015 970 contra
3041 917 3189 971 illum
3211 917 3584 989 disputabant;

1977 1018 2104 1062 tunc
2133 1009 2354 1065 demum
2384 1011 2700 1066 humiliores
2725 1011 2928 1073 elleeti.
2959 1029 3085 1067 cuiu
3111 1013 3352 1075 Joannes
3381 1017 3432 1071 iu
3459 1033 3582 1072 rar-

1975 1116 2155 1156 cerem
2188 1111 2370 1158 ""808
2410 1114 2516 1159 881.
2559 1103 2692 1160 Νειιιι
2739 1113 2868 1159 tunc
2900 1105 2950 1161 id
2985 1118 3252 1163 venerunt
3279 1111 3583 1167 nuntiatum

1974 1191 2102 1246 Jesu
2134 1191 2354 1249 Christo
2388 1211 2404 1250 :
2435 1205 2622 1265 postea
2651 1211 2782 1250 vero
2812 1197 2865 1250 in
2897 1196 3132 1265 priorem
3177 1214 3391 1254 rursum
3439 1201 3576 1257 iovi-

1973 1283 2118 1339 diam
2135 1296 2259 1341 sunt
2280 1287 2505 1343 reversi.
2530 1287 2668 1354 Quid
2697 1287 2857 1358 igitur
2873 1288 2925 1343 bi
2943 1289 3274 1345 dicundis;
3293 1290 3469 1357 Quare
3487 1310 3582 1350 nos

1974 1385 2021 1429 et
2049 1373 2300 1432 Pliarisci
2328 1380 2546 1431 multum
2564 1381 2863 1448 jejunamus
2898 1395 2918 1434 :
2958 1380 3201 1449 discipuli
3229 1398 3345 1436 vero
3374 1384 3447 1436 tui
3480 1401 3583 1438 non

1965 1469 2246 1540 jejunum?
2267 1469 2364 1525 Hic
2389 1470 2612 1524 morbus
2641 1480 2745 1536 est,
2760 1483 2921 1541 quem
2942 1471 3070 1526 olim
3094 1472 3399 1529 absciderat
3419 1473 3549 1530 Cbri
3564 1506 3580 1516 -

1971 1567 2088 1613 stus
2102 1574 2224 1613 cum
2236 1559 2312 1613 ait
2327 1578 2341 1613 :
2357 1559 2482 1614 Cum
2483 1560 2819 1630 jejumweris,
2835 1578 2966 1633 ungo
2978 1573 3134 1632 caput
3147 1573 3310 1621 tamn.
3327 1574 3375 1616 et
3392 1566 3580 1634 faciem

1973 1658 2112 1702 luant
2139 1652 2253 1702 lava
2283 1648 2499 1718 (Matth.
2531 1653 2584 1705 6.
2622 1652 2742 1721 l7);
2772 1667 2894 1705 cum
2923 1655 3197 1720 praesciret
3221 1668 3283 1708 ca
3305 1669 3425 1724 (pta!
3452 1656 3578 1710 inde

1975 1741 2240 1796 nasi-itura
2265 1752 2421 1797 erant
2438 1742 2603 1797 mala.
2629 1742 2736 1796 Sed
2761 1743 2860 1796 bos
2879 1744 2964 1796 ille
2987 1760 3093 1797 non
3119 1745 3382 1812 increpat.
3404 1761 3583 1818 neque

1970 1833 2104 1888 dixit
2125 1852 2140 1888 :
2157 1834 2202 1889 0
2216 1850 2369 1889 vauze
2381 1835 2567 1905 glorize
2583 1834 2784 1904 cupidi,
2804 1845 2856 1888 et
2874 1835 3049 1890 futiles
3063 1834 3328 1893 homines!
3343 1840 3438 1892 sed
3454 1855 3580 1893 cum

1971 1925 2118 1979 omni
2134 1925 2548 1980 mansuetmliue
2562 1927 2708 1996 ipsos
2720 1926 3005 1995 alloquitur
3015 1927 3224 1987 dicens.
3240 1926 3456 1983 la‘iJVou
3471 1947 3583 2000 pos-

1970 2029 2089 2072 sunt
2107 2019 2203 2086 ﬁlii
2220 2019 2396 2086 sponsi
2402 2018 2663 2089 jejauare,
2677 2017 2931 2088 quamdiu
2956 2033 3072 2072 cum
3093 2019 3197 2073 illis
3215 2029 3288 2074 cst
3313 2037 3553 2088 sponsus.

1971 2108 2199 2177 Quando
2216 2110 2359 2164 enim
2374 2125 2471 2180 pro
2488 2111 2608 2165 aliis
2626 2109 2966 2180 improbatur,
2987 2125 3086 2179 [to
3109 2111 3408 2179 publicanis
3430 2127 3582 2167 itero-

1973 2216 2060 2271 pe.
2114 2211 2175 2256 ut
2207 2217 2394 2256 eorum
2431 2202 2640 2256 animos
2690 2201 3004 2258 vulneratos
3054 2203 3345 2264 solaretur.
3378 2216 3577 2274 expro-

1972 2289 2190 2348 brantes
2240 2292 2616 2348 vehementius
2667 2293 2998 2364 increpavit:
3025 2308 3148 2348 cum
3191 2302 3371 2349 autem
3403 2295 3579 2364 ipsum

1969 2392 2026 2436 et
2049 2383 2341 2452 discipulos
2369 2381 2688 2451 carpebant.
2714 2397 2838 2436 eum
2864 2383 3012 2436 omni
3040 2383 3452 2438 mansuetudine
3481 2399 3582 2438 oc-

1970 2472 2136 2527 currit
2169 2472 2317 2541 ipsis.
2350 2473 2505 2539 Quod
2532 2480 2710 2526 autem
2751 2470 2938 2526 dicunt
2967 2472 3080 2539 illi,
3114 2471 3532 2544 bojusmodiest
3563 2490 3577 2527 :

1975 2567 2124 2630 Esto.
2151 2578 2203 2622 tu
2234 2577 2417 2637 utpote
2441 2566 2680 2622 medicus
2711 2565 2813 2621 hoc
2845 2565 3009 2620 facias
3039 2582 3055 2617 ε
3087 2565 3181 2620 sed
3202 2580 3300 2621 cur
3336 2566 3582 2637 discipuli

1973 2659 2071 2722 tui,
2125 2658 2294 2712 misso
2347 2657 2578 2726 jejunio,
2629 2657 2935 2724 hujusmodi
2982 2655 3184 2710 mensis
3219 2656 3587 2712 accumbunt?

1975 2747 2179 2803 Deinde
2202 2758 2258 2802 ut
2279 2749 2538 2816 majorem
2561 2751 2964 2802 accusationem
2992 2747 3230 2802 facerent
3250 2788 3266 2812 ,
3298 2764 3358 2802 se
3381 2748 3583 2818 primos

1974 2849 2197 2909 ponunt,
2222 2848 2516 2909 posteaque
2544 2838 2870 2903 Pbarisa-os,
2896 2841 3304 2907 omnparatioue
3331 2842 3579 2896 volentes

1971 2935 2178 2988 crimen
2209 2947 2447 3000 augere;
2489 2946 2612 2986 tiam
2660 2929 2727 2983 Et
2776 2946 2887 2993 nos.
2925 2930 3188 3000 inquiunt,
3233 2942 3280 2984 et
3326 2930 3584 2987 Plrarisci

1972 3025 2186 3078 multum
2232 3025 2548 3094 jejunamus.
2591 3020 2725 3076 Nam
2776 3021 3118 3091 jejuuabaut,
3165 3022 3238 3076 illi
3296 3038 3325 3075 a
3371 3022 3582 3079 Joanne

1970 3116 2168 3179 edocti,
2193 3116 2386 3169 bivero
2411 3130 2439 3166 a
2468 3114 2618 3182 lege;
2643 3112 3095 3181 quemadmodum
3129 3113 3256 3166 item
3278 3113 3582 3169 Ptzaristeus

1969 3207 2184 3262 dicorbat
2214 3223 2233 3261 :
2261 3207 2451 3277 Jejuno
2499 3206 2574 3259 bis
2621 3204 2676 3259 in
2719 3203 3056 3258 hebdomade.
3092 3205 3230 3271 Quid
3263 3207 3422 3276 igitur
3448 3207 3582 3264 dicit

1970 3298 2170 3353 Iesus?
2200 3296 2343 3350 Num
2402 3306 2612 3366 possunt
2663 3295 2761 3364 ﬁlii
2811 3297 2987 3365 sponsi
3025 3295 3290 3363 jejnuare,
3335 3300 3581 3366 qnaiuditt

1971 3409 2086 3445 cum
2112 3390 2217 3446 illis
2256 3399 2330 3444 est
2369 3389 2632 3458 sponsus(
2664 3386 2794 3442 Luc.
2822 3387 2910 3443 l8.
2942 3388 3011 3443 Ιῖ
3039 3387 3095 3457 )‘l
3139 3386 3321 3443 Primo
3364 3391 3580 3460 quidem

1970 3500 2093 3540 sese
2122 3485 2389 3539 medicum
2412 3482 2641 3547 vocavit,
2667 3481 2752 3536 hic
2774 3496 2903 3537 vero
2923 3496 3206 3551 Sponsum,
3229 3492 3436 3538 secreta
3463 3501 3581 3556 my.

1970 3583 2134 3636 steria
2164 3595 2260 3648 per
2290 3577 2406 3632 haec
2446 3577 2663 3632 nomina
2696 3574 2946 3634 revelatis
2974 3590 3339 3645 :quamquam
3369 3585 3581 3644 potero

1973 3673 2095 3728 illos
2119 3673 2298 3728 aerius
2325 3671 2573 3726 refellere
2605 3669 2795 3725 dicens
2823 3684 2841 3722 :
2874 3667 2984 3723 Vos
3013 3684 3120 3723 non
3165 3668 3374 3723 habetis
3398 3679 3583 3723 aucto-

1971 3769 2184 3823 ritatem
2217 3764 2524 3833 hujusmodi
2554 3764 2701 3832 leges
2730 3761 2963 3831 ponendi
2998 3779 3011 3814 :
3039 3777 3158 3831 qua:
3197 3763 3340 3816 enim
3378 3763 3581 3816 utilitas

1970 3873 2034 3912 ex
2062 3857 2287 3926 jejunio,
2315 3853 2531 3925 quando
2556 3854 2733 3906 anima
2761 3852 3035 3921 iniquitate
3063 3853 3112 3921 pi
3133 3868 3217 3904 ‘na
3237 3863 3340 3918 est,
3361 3867 3484 3908 cum
3513 3855 3583 3911 tle

1971 3948 2092 4002 aliis
2120 3946 2474 4009 accusamini.
2504 3961 2625 3999 cum
2673 3943 3000 3997 damnamini
3022 3984 3036 4008 ,
3066 3958 3189 3997 cum
3223 3945 3400 3999 trahes
3431 3945 3583 3999 fertis

1973 4041 2241 4102 inoculis,
2289 4049 2342 4092 et
2388 4038 2456 4091 ad
2507 4038 2930 4090 ostentationem
2975 4036 3155 4089 omnia
3205 4036 3417 4090 facitis?
3445 4040 3583 4093 Ante

1974 4133 2091 4186 lt:t'c
2116 4132 2258 4185 enim
2289 4129 2471 4183 omnia
2501 4143 2695 4184 vanam
2720 4127 2950 4195 gloriam
2998 4127 3197 4196 ejicere
3234 4137 3578 4196 oportuerat,

1973 4233 2134 4295 atque
2165 4225 2268 4278 alia
2300 4222 2480 4276 omnia
2502 4221 2907 4290 recte_operari.
2935 4223 3238 4282 caritatem.
3267 4233 3580 4277 mansuetu-

1975 4314 2180 4378 dinem,
2209 4315 2429 4369 fratrum
2461 4327 2722 4366 amorem.
2761 4311 2958 4365 Verum
3002 4311 3132 4364 nihil
3182 4313 3374 4367 borum
3426 4315 3578 4381 dicit,

1975 4407 2068 4462 sed
2091 4424 2210 4460 cum
2240 4407 2383 4460 tuitui
2417 4403 2830 4460 mansuetudine
2860 4422 2873 4456 :
2909 4403 3030 4458 Non
3058 4415 3267 4474 possunt
3281 4406 3378 4474 ﬁlii
3403 4409 3581 4473 sponsi

1964 4503 2220 4571 jejnnare,
2249 4500 2491 4569 quamdiu
2516 4514 2633 4551 cum
2659 4500 2729 4550 eis
2756 4506 2827 4550 est
2853 4514 3073 4567 sponsus
3094 4497 3114 4568 (
3136 4497 3295 4552 Joau.
3329 4498 3384 4553 3.
3414 4499 3522 4568 ‘29)
3561 4517 3576 4553 :

1976 4594 2134 4649 verba
2163 4593 2384 4648 Joannis
2419 4603 2728 4645 memorans
2755 4590 2944 4644 isthmc
2971 4609 2982 4644 ;
3021 4590 3120 4655 Qui
3161 4591 3306 4644 habet
3337 4608 3578 4660 sponsam

1973 4704 2188 4752 sponsus
2210 4693 2283 4738 est
2315 4699 2332 4735 :
2361 4683 2556 4735 amicus
2582 4691 2747 4734 autem
2778 4681 2986 4748 sponsi,
3020 4691 3092 4732 est
3130 4681 3218 4748 qui
3243 4690 3345 4734 stat
3364 4697 3384 4736 :
3412 4693 3461 4736 et
3479 4699 3576 4737 att-

1975 4781 2115 4832 diens
2137 4794 2270 4841 eum,
2300 4775 2488 4848 gaudio
2537 4775 2725 4844 gaudet
2755 4782 2958 4841 propter
2990 4789 3158 4826 vocem
3200 4777 3393 4842 sponsi.
3422 4776 3577 4841 Quod

1976 4884 2151 4924 autem
2185 4870 2335 4933 dicit,
2371 4868 2675 4935 huiusmodi
2707 4877 2788 4922 est
2824 4885 2838 4919 :
2872 4868 3118 4921 Pnescus
3152 4878 3367 4939 tempus
3396 4869 3575 4940 gaudii

1974 4977 2027 5020 ct
2055 4965 2250 5018 Iu‘tilitl:
2281 4973 2380 5019 est.
2414 4962 2489 5016 Ne
2510 4960 2690 5030 itaque
2718 4960 2884 5014 tristia
2908 4961 3148 5014 inducas.
3170 4961 3364 5015 Tristis
3380 4963 3577 5031 quippe

1977 5073 2064 5111 res
2092 5066 2175 5111 est
2190 5055 2479 5124 jejunium,
2514 5068 2620 5106 ttmt
2653 5063 2842 5107 natura
2869 5068 2987 5115 sua,
3009 5051 3103 5106 scd
3133 5052 3460 5108 illistantum
3483 5056 3574 5124 qui

1975 5148 2235 5205 inlirmius
2258 5147 2431 5200 allecti
2468 5155 2625 5208 sunt;
2663 5155 2717 5198 at
2744 5146 2807 5199 iis
2836 5144 2924 5214 qui
2955 5145 3322 5213 philosophari
3351 5147 3532 5199 volunt
3557 5186 3573 5212 ,

1976 5260 2060 5297 res
2091 5241 2380 5295 admodum
2423 5239 2594 5292 doleis
2635 5249 2718 5293 est
2757 5248 2810 5293 et
2853 5237 3247 5292 desiderabilis.
3295 5240 3573 5306 Quemad-

1975 5335 2190 5389 modum
2219 5336 2360 5387 enim
2391 5349 2615 5401 corpore
2640 5332 2776 5384 bene
2798 5332 3031 5395 valente,
3062 5331 3226 5384 undi:
3250 5332 3431 5385 lanata
3459 5342 3571 5387 est:

1975 5429 2052 5482 sic
2078 5427 2253 5480 anima
2289 5427 2424 5478 bene
2448 5425 2634 5477 alii-ets
2657 5465 2671 5485 ,
2712 5423 2880 5492 major
2914 5434 2995 5476 est
3049 5422 3314 5491 voluptas.
3357 5425 3460 5480 Sed
3506 5426 3572 5478 ad

1977 5521 2186 5572 illorum
2219 5528 2452 5571 mentem
2488 5517 2602 5570 iure
2633 5517 2931 5584 rest-endit.
2965 5516 3055 5569 Sic
3077 5526 3130 5569 et
3154 5515 3313 5571 lsaias
3335 5525 3399 5571 de
3427 5519 3569 5586 jeju-

1977 5617 2064 5659 x-in
2093 5613 2337 5677 loquens,
2374 5610 2730 5662 humilitatem
2764 5608 2924 5660 animi
2959 5618 3110 5660 vocat
3142 5608 3268 5663 illud
3303 5610 3348 5674 (Ι
3368 5611 3452 5663 nti.
3477 5613 3569 5665 53.

1971 5699 2027 5770 ’5)
2063 5716 2074 5751 :
2104 5710 2154 5753 Cl
2189 5700 2399 5771 Moyses
2427 5698 2672 5754 similiter
2700 5697 2888 5751 (Num.
2921 5697 3007 5753 50.
3042 5698 3145 5767 Η).
