4066 6428
311 459 594 518 mtquam
609 444 757 500 illam
782 438 1087 513 bujusmodi
1120 439 1298 495 verbis
1326 437 1675 501 emolliveris,
1701 436 1789 490 illa
1807 436 1909 489 alia

308 540 503 609 adiice.
534 537 591 592 Si
624 535 790 591 semel
821 534 1047 594 dixeris,
1081 547 1179 585 nec
1205 530 1476 595 suaseris,
1511 528 1770 594 secundo,
1801 536 1911 581 tcr-

308 633 404 693 tio,
451 641 506 687 et
541 631 739 699 sepius
764 628 941 690 dicas;
987 625 1101 679 lucc
1130 635 1375 693 repetere
1407 636 1474 675 ne
1503 619 1763 691 graveris,
1800 634 1907 673 non

304 724 492 780 odiosa
520 722 749 792 quadam
776 718 1002 782 ratione,
1033 716 1128 772 sed
1170 715 1400 784 placide,
1434 726 1575 767 nunc
1612 709 1909 764 avertendo

307 828 381 881 te,
407 830 551 871 nunc
578 812 848 867 adulando
876 818 934 866 et
972 808 1219 865 colendo.
1268 808 1461 862 Annon
1493 804 1642 859 vides
1673 805 1908 874 pictores

305 907 471 963 modo
496 905 698 960 delere.
736 902 897 958 modo
937 902 1159 972 picturae
1185 897 1573 970 superaddere,
1608 906 1664 950 ιιι
1705 896 1908 949 formo-

303 1014 419 1053 sam
450 998 641 1051 faciem
662 995 953 1065 depingunt
972 993 995 1045 ?
1014 991 1093 1047 Ne
1112 993 1189 1047 sis
1215 1006 1345 1061 ergo
1371 989 1549 1044 minus
1572 1003 1734 1058 sagax
1774 988 1899 1041 illis.

303 1089 438 1144 Nam
462 1087 507 1141 si
536 1087 607 1141 illi
634 1087 877 1156 corporis
906 1083 1191 1153 imaginem
1225 1083 1522 1151 pingentes,
1556 1088 1701 1134 tanta
1735 1089 1899 1137 utun-

306 1190 395 1235 tur
422 1179 696 1248 diligentia
723 1196 737 1231 :
765 1180 932 1232 multo
956 1177 1124 1246 magis
1147 1189 1247 1228 nos
1273 1175 1506 1229 animam
1533 1172 1899 1237 t-fl’ornumtes,

302 1285 518 1325 omnem
548 1271 847 1325 machinam
877 1282 1095 1323 movere
1123 1282 1219 1336 par
1247 1276 1347 1320 est.
1377 1265 1509 1319 Nam
1530 1266 1574 1320 si
1604 1264 1761 1332 hujus
1786 1263 1904 1317 ani-

302 1378 405 1416 ma:
432 1362 621 1416 faciem
658 1360 882 1431 pulchre
922 1358 1312 1423 elfortuaveris,
1343 1372 1448 1411 non
1477 1355 1681 1410 videbis
1708 1369 1903 1423 corpo-

301 1456 379 1510 ris
416 1454 771 1509 deformatam
806 1450 1016 1514 faciem,
1060 1466 1167 1505 non
1208 1450 1473 1504 rubricata
1509 1448 1670 1512 labia,
1706 1463 1811 1502 non
1837 1462 1900 1501 os

302 1560 443 1601 ursae
471 1548 553 1601 ori
574 1554 854 1600 cruentato
886 1543 1081 1606 simile,
1116 1559 1221 1597 non
1255 1552 1369 1597 atra
1410 1541 1715 1611 supercilia,
1745 1541 1896 1610 quasi

300 1653 365 1693 ex
412 1638 535 1692 olla:
579 1636 818 1707 fuligine,
868 1650 975 1690 non
1015 1635 1173 1689 illitas
1207 1648 1392 1703 genas,
1438 1642 1497 1687 ut
1528 1634 1895 1703 sepulcrorum

299 1730 552 1800 parietes.
592 1729 717 1783 Ilaec
753 1728 949 1798 llnippe
974 1728 1151 1782 omnia
1198 1726 1401 1798 fuligo,
1447 1726 1618 1795 pulvis
1656 1734 1713 1779 et
1737 1725 1895 1792 cinis,

299 1822 630 1890 extremique
660 1821 865 1874 fauoris
894 1820 1066 1890 signa.

368 1912 423 1967 ϐ.
476 1911 671 1966 Verum
723 1909 904 1965 nescio
950 1924 1057 1979 quo
1100 1916 1255 1979 pacto
1303 1908 1353 1961 in
1402 1905 1708 1974 hujusntodi
1734 1906 1894 1961 verba

295 2004 547 2073 delapsus
576 2003 699 2063 sim,
732 2010 786 2055 et
806 2001 930 2053 dum
960 2000 1092 2056 alios
1128 1998 1313 2053 hortor
1344 2007 1398 2051 ut
1428 2013 1548 2052 cum
1586 2007 1897 2051 mansuetu-

294 2096 421 2151 dine
460 2101 753 2157 moneant,
802 2093 855 2148 itt
902 2090 1229 2147 iracundiam
1279 2091 1393 2160 ipse
1435 2090 1717 2145 devolutus
1768 2089 1891 2143 sim.

298 2189 655 2243 lleVertatnur
709 2186 887 2256 itaque
948 2184 1015 2239 ad
1086 2182 1353 2239 mitiorem
1415 2183 1838 2237 admonitionem
1873 2221 1890 2248 ,

291 2281 580 2350 muniaque
619 2279 852 2334 feramus
900 2278 1179 2332 mulierum
1226 2276 1351 2332 vitia
1378 2318 1393 2342 ,
1441 2288 1500 2332 ut
1544 2293 1665 2346 qure
1706 2277 1757 2331 itt
1791 2292 1891 2346 op-

291 2375 413 2425 tatis
462 2379 590 2424 sunt
634 2370 993 2440 perﬁciamus.
1030 2371 1227 2423 Annon
1271 2369 1421 2423 vides
1455 2369 1725 2437 quomodo
1768 2368 1894 2423 feri-

290 2480 410 2519 ntus
438 2464 669 2518 infantes
694 2463 967 2533 vagientes
992 2477 1113 2518 cum
1158 2477 1188 2516 a
1236 2476 1466 2515 mamma
1510 2472 1637 2516 sunt
1684 2462 1892 2516 abstra-

291 2555 453 2611 ltendi
488 2575 501 2610 :
534 2555 819 2625 omniaque
861 2554 1181 2617 toleramus,
1228 2552 1295 2608 ad
1350 2552 1401 2608 id
1440 2554 1634 2619 solum,
1687 2562 1743 2607 ut
1785 2552 1889 2607 illis

288 2648 609 2703 suadeamus
634 2646 865 2717 priorem
886 2645 1165 2716 despicere
1180 2646 1460 2701 mensam?
1481 2645 1553 2698 Ita
1575 2655 1628 2701 et
1654 2660 1795 2699 nunc
1812 2644 1891 2698 l’a-

286 2739 493 2793 ciamus
520 2754 533 2791 :
565 2748 758 2792 czetcra
784 2737 965 2791 omnia
996 2736 1249 2801 feramus,
1290 2745 1348 2790 ut
1382 2735 1486 2791 hoc
1511 2750 1884 2807 assequamur.

284 2828 421 2885 Cum
451 2830 594 2883 enim
622 2826 750 2884 illud
772 2826 1112 2882 emendatum
1144 2825 1321 2890 fuerit,
1354 2826 1497 2883 aliud
1527 2835 1673 2881 recte
1699 2840 1886 2894 proce-

285 2923 415 2975 dere
442 2921 680 2985 videbis,
705 2928 866 2989 atqne
895 2918 961 2973 ad
1002 2934 1164 2973 aurea
1194 2928 1509 2973 ornamenta
1540 2918 1723 2973 venies
1746 2958 1761 2983 ,
1787 2932 1883 2971 eo-

284 3010 516 3079 demque
552 3009 713 3064 modo
735 3010 805 3065 de
831 3008 915 3063 his
950 3009 1112 3065 etiam
1137 3008 1406 3078 loqueris:
1430 3017 1486 3064 et
1508 3009 1587 3064 sic
1628 3009 1882 3078 paulatim

285 3117 507 3156 uxorem
541 3104 870 3155 concinnans
889 3140 905 3166 ,
935 3099 1044 3154 eris
1069 3100 1241 3170 pictor
1263 3100 1495 3169 optionis
1518 3139 1535 3165 ,
1557 3099 1730 3155 fidelis
1768 3115 1887 3156 ser-

283 3204 415 3255 vns',
449 3192 679 3261 agricola
707 3202 976 3245 strenuus.
1012 3191 1139 3244 Post
1170 3190 1285 3243 hare
1314 3202 1490 3244 autem
1516 3232 1532 3256 ,
1565 3192 1617 3244 in
1646 3202 1880 3247 mentem

283 3282 383 3353 ipsi
411 3296 599 3336 revocat
627 3282 873 3351 antiquas
896 3280 1016 3334 illas
1032 3280 1303 3343 mulieres,
1324 3281 1529 3343 Suram,
1557 3281 1877 3349 Rebeccam,

281 3374 547 3427 lormosas
587 3381 641 3427 et
687 3371 996 3433 deformes,
1022 3380 1099 3426 εει
1140 3370 1363 3425 ostende
1409 3370 1481 3424 illi
1526 3388 1717 3427 omnes
1765 3374 1880 3429 illas

280 3464 443 3519 fuisse
471 3474 828 3532 temperantes
847 3474 900 3518 et
928 3461 1083 3534 frugi.
1101 3461 1231 3516 Nam
1256 3461 1346 3516 Lia
1379 3463 1693 3532 patriarchae
1723 3479 1877 3531 uxor,

276 3571 400 3610 cum
433 3553 666 3609 formosa
697 3570 801 3607 non
828 3561 1005 3621 esset,
1051 3570 1323 3625 nunquam
1354 3554 1459 3609 tale
1486 3556 1757 3622 quidpiam
1785 3572 1879 3610 es-

276 3644 553 3715 cogitavit,
576 3645 670 3701 sed
694 3644 952 3700 deformis
980 3661 1102 3700 cum
1131 3657 1311 3710 esset,
1344 3661 1441 3700 nec
1469 3648 1694 3701 multum
1725 3662 1875 3703 ama-

277 3750 424 3793 retur
450 3754 481 3792 a
512 3739 627 3791 viro
646 3778 661 3801 ,
686 3737 815 3792 nihil
849 3737 1152 3806 hujusmodi
1181 3737 1419 3791 adhibuit
1444 3780 1457 3801 ,
1485 3754 1658 3807 neque
1684 3738 1875 3794 faciem

275 3846 428 3886 suam
461 3830 669 3883 vitiavit
690 3870 707 3893 .
738 3829 833 3883 sed
863 3830 1061 3883 mansit
1091 3829 1292 3898 integra
1339 3846 1664 3885 conservans
1710 3832 1875 3887 linea-

276 3931 453 3976 menta
480 3962 495 3985 ,
522 3920 730 3975 etiamsi
760 3920 944 3975 fuisset
972 3935 1003 3974 a
1034 3921 1321 3990 gentilibus
1347 3921 1591 3975 educata.
1627 3922 1703 3976 Tu
1746 3939 1876 3978 vero

274 4028 393 4083 qme
422 4011 594 4067 lldclis
622 4028 712 4075 es,
737 4012 888 4080 cujus
914 4023 1071 4081 caput
1098 4012 1365 4075 Christus,
1395 4014 1689 4067 satanicatn
1719 4016 1872 4069 nobis

274 4104 578 4160 machinam
612 4103 864 4157 inducis?
894 4120 990 4157 nec
1024 4105 1323 4160 recordaris
1357 4122 1509 4175 aqum
1543 4108 1681 4161 illius
1705 4148 1720 4173 ,
1752 4125 1871 4178 qua:

1271 324 1334 381 IN
1377 321 1787 379 MAT’I'IIASUM
1829 320 2062 378 nomn.
2105 320 2296 378 XXXI.
2338 322 2411 379 al.
2455 320 2671 377 XXXII.

3518 320 3629 378 570

2020 435 2173 492 faciei
2200 447 2305 491 true
2327 436 2651 491 circumfusa
2688 434 2782 490 fuit
2809 476 2827 502 ,
2853 432 3105 490 sacrificii
3130 476 3145 498 ,
3176 431 3324 504 qttod
3350 432 3488 490 labia
3532 447 3623 489 tua

2017 529 2258 593 ornavit,
2290 530 2595 599 sanguinis,
2626 528 2718 599 qui
2746 527 2983 599 linguam
3014 538 3160 582 tuam
3183 526 3533 582 cruentavit?
3560 526 3620 583 Si

2015 623 2161 678 enim
2193 622 2309 677 lucc
2337 621 2516 677 omnia
2545 630 2721 676 tecum
2756 630 3057 690 reputares,
3083 619 3429 689 quantumvis
3452 634 3620 673 orna-

2014 714 2156 768 tibus
2184 712 2487 782 huiusmodi
2520 712 2699 768 dedlta
2725 726 2877 767 esses
2898 750 2916 776 ,
2949 726 3056 765 non
3084 709 3317 765 auderes
3343 709 3619 779 pulverem

2013 805 2163 860 illum
2189 806 2535 874 cineremque
2562 802 2841 858 adhibere.
2873 801 3028 857 Disce
3066 812 3117 856 te
3142 799 3360 855 Christo
3385 800 3622 870 despon-

2011 907 2184 955 satam
2212 912 2355 963 esse,
2382 906 2433 951 et
2462 895 2566 950 hoc
2584 894 2821 950 dedecus
2847 908 3119 949 aversare.
3144 880 3332 962 Notice
3352 891 3498 946 enim
3526 890 3621 947 ille

2010 992 2207 1045 talibus
2231 989 2532 1044 delectatur
2553 988 2815 1060 picturis;
2842 986 2939 1041 sed
2965 986 3125 1040 aliam
3164 985 3357 1055 quaerit
3382 982 3621 1052 pulchri-

2013 1081 2251 1136 tudinem
2276 1122 2291 1141 .
2321 1098 2483 1151 quam
2526 1080 2877 1136 vehementer
2916 1087 3094 1141 amat,
3122 1078 3318 1132 anima:
3360 1076 3616 1132 decorem

2008 1175 2151 1229 dico.
2183 1173 2334 1228 Hunc
2362 1182 2415 1228 te
2442 1172 2703 1243 propheta
2736 1186 2986 1241 querere
3013 1168 3167 1238 jubet
3198 1168 3279 1221 bis
3308 1167 3487 1221 verbis
3508 1164 3617 1224 ξεί

2006 1266 2326 1335 concupiscet
2350 1280 2440 1318 rea:
2461 1263 2695 1318 decorem
2714 1273 2855 1315 tuam
2885 1260 3040 1333 (Psal
3082 1261 3169 1316 μ.
3195 1260 3304 1326 19).
3332 1258 3411 1313 Ne
3436 1259 3618 1329 itaque

2005 1356 2275 1427 superﬂua
2315 1367 2369 1410 et
2406 1354 2659 1410 indecora
2698 1366 3245 1426 quieratuusnteque
3286 1351 3434 1406 enim
3476 1364 3615 1420 opus

2007 1447 2102 1503 Dei
2131 1445 2420 1517 quodpiam
2458 1445 2832 1515 imperfectum
2877 1452 3003 1507 est,
3031 1450 3091 1497 ut
3118 1451 3206 1497 tua
3233 1449 3391 1511 egeat
3429 1454 3615 1495 corre-

2003 1540 2203 1595 ctione.
2220 1538 2350 1593 Nam
2373 1538 2417 1591 si
2439 1537 2563 1606 quis
2582 1535 2940 1605 itttperaturitt:
2959 1534 3177 1603 imagini
3196 1541 3393 1587 erectzc
3407 1530 3612 1601 aliquid

2002 1632 2072 1688 dc
2096 1647 2197 1686 suo
2223 1631 2455 1701 adjicere
2482 1638 2731 1690 tentaret,
2761 1643 2867 1681 non
2899 1634 3045 1680 tutus
3071 1633 3215 1680 esset
3239 1631 3488 1686 conatus,
3513 1621 3611 1677 sed

2004 1734 2245 1780 extremo
2296 1723 2533 1794 periculo
2568 1722 2705 1777 foret
2743 1719 3026 1773 obnoxius.
3072 1717 3230 1788 Atqui
3273 1716 3439 1770 homo
3464 1715 3609 1770 illam

2001 1830 2254 1889 operatus
2279 1828 2380 1877 est.
2414 1826 2467 1871 et
2498 1816 2629 1871 nihil
2658 1814 2846 1885 adjicis
2879 1830 2892 1867 :
2928 1813 3016 1868 hic
3048 1828 3177 1866 vero
3207 1812 3346 1865 Deus
3374 1820 3563 1865 auctor
3586 1848 3608 1876 ,

2000 1920 2053 1964 et
2079 1908 2377 1965 emendas?
2405 1906 2521 1962 Non
2548 1907 2751 1977 cogitas
2776 1904 3037 1975 gehennat
3080 1902 3298 1973 ignem?
3338 1915 3449 1957 non
3492 1900 3609 1953 ani-

2001 2017 2141 2055 matn
2172 1999 2519 2070 neglectam?
2550 1999 2675 2054 Ideo
2704 2012 2935 2067 namque
2966 1995 3055 2049 illa
3080 1992 3322 2065 neglecta
3351 2001 3458 2055 est,
3481 1991 3607 2062 quia

2002 2105 2109 2150 tota
2149 2111 2276 2150 cura
2330 2096 2380 2149 in
2423 2108 2643 2148 carnem
2684 2090 2877 2146 collata
2922 2089 3039 2142 fuit.
3070 2086 3273 2158 Ecquid
3316 2086 3387 2140 de
3425 2086 3605 2139 anima

2000 2185 2385 2260 loquorTNam
2414 2186 2513 2256 ipsi
2552 2198 2766 2255 quoque
2794 2181 2944 2237 carni
2979 2178 3247 2235 contraria
3289 2176 3607 2245 contingunt

1999 2283 2065 2338 iis
2086 2297 2203 2350 qua:
2230 2294 2326 2333 vos
2355 2279 2572 2351 optatis.
2598 2275 2694 2331 llic
2719 2290 2849 2330 vero
2873 2272 3113 2328 attende.
3137 2270 3233 2327 Vis
3257 2269 3493 2325 foratosa
3516 2284 3605 2338 ap-

1998 2374 2223 2445 parere?
2244 2372 2357 2427 Hoc
2385 2382 2438 2426 te
2466 2370 2763 2426 deformem
2794 2366 3048 2423 ostendit.
3078 2365 3174 2420 Vis
3207 2364 3419 2435 placere
3444 2362 3560 2417 viro
3578 2362 3605 2415 ἲ

1997 2466 2050 2521 Id
2081 2466 2229 2520 illutn
2259 2478 2496 2518 mterore
2523 2460 2684 2515 afﬁcit
2712 2474 2814 2514 :ac
2854 2472 3030 2527 neque
3067 2455 3219 2510 illum
3258 2453 3435 2509 solum
3458 2493 3475 2519 ,
3505 2451 3603 2508 sed

1994 2568 2250 2615 externos
2296 2569 2489 2611 omnes
2530 2553 2623 2608 tibi
2673 2560 3019 2607 accusatores
3064 2547 3252 2603 eflicit.
3294 2545 3387 2600 Vis
3418 2544 3604 2615 junior

1992 2649 2278 2720 apparere?
2292 2648 2405 2704 Iloc
2422 2657 2473 2704 te
2487 2648 2645 2702 citius
2665 2646 2718 2701 in
2740 2652 3071 2701 senectutem
3088 2636 3369 2696 ducet.Vis
3391 2636 3604 2693 ortiaril

1995 2744 2105 2798 lloe
2122 2743 2215 2798 tibi
2229 2742 2479 2797 dedecori
2497 2748 2601 2794 est.
2620 2738 2754 2794 Nam
2774 2735 3077 2809 hujusmodi
3097 2734 3409 2789 mulieruon
3420 2744 3601 2800 aequa-

1993 2838 2072 2892 lcs
2092 2836 2273 2902 modo,
2300 2834 2395 2890 sed
2422 2833 2649 2888 ancillas
2672 2832 2919 2887 conscias
2946 2838 3003 2885 et
3018 2828 3347 2883 dotnesticos
3364 2825 3599 2880 scientes

1992 2929 2193 2998 pudore
2217 2928 2415 2991 allicit;
2448 2926 2726 2994 multoque
2747 2924 2925 2993 magis
2950 2913 3336 2988 seipsam.'Sed
3357 2930 3457 2970 cur
3482 2915 3598 2969 ha-e

1989 3018 2207 3073 dicam?
2231 3018 2365 3073 Nam
2390 3016 2534 3088 quod
2559 3014 2800 3069 omnium
2830 3012 3204 3083 gravissimum
3244 3019 3330 3064 est
3366 3014 3595 3077 pravter-

1990 3109 2146 3164 misi:
2166 3119 2218 3164 te
2240 3124 2432 3175 nempe
2461 3108 2626 3160 Deum
2653 3103 2948 3165 otTendere,
2972 3101 3273 3157 castitatem
3300 3097 3592 3160 suffodere,

1988 3200 2267 3271 zelotypiam
2303 3199 2547 3252 ﬂammas
2587 3193 2903 3256 accendere,
2934 3192 3217 3263 prostituta
3242 3192 3345 3245 sub
3388 3187 3596 3244 fornice

1988 3305 2162 3347 scorta
2186 3289 2403 3345 imitari.
2428 3290 2554 3343 llzec
2574 3290 2749 3358 itaque
2768 3286 2947 3342 omnia
2963 3284 3280 3355 cogitantes.
3298 3283 3594 3338 satatdeam

1988 3399 2235 3453 [animum
2256 3424 2270 3445 ,
2298 3380 2726 3451 diabolicamque
2748 3388 2917 3434 artem
2946 3377 3306 3437 contemnite,
3335 3374 3593 3431 dimisso-

1985 3491 2090 3544 que
2124 3474 2215 3528 illo
2244 3482 2434 3528 ornatu
2456 3512 2472 3536 ,
2502 3472 2611 3526 imo
2639 3470 2929 3533 dedecore,
2962 3466 3417 3539 pulchritudinem
3447 3466 3594 3521 illam

1986 3566 2039 3620 in
2070 3564 2353 3618 animabus
2380 3563 2574 3618 vestris
2603 3571 2860 3632 apparate
2878 3601 2895 3625 ,
2918 3575 3040 3631 qua:
3068 3557 3278 3629 angelis
3302 3558 3550 3612 amabilis
3570 3596 3592 3625 ,

1986 3657 2100 3712 Deo
2124 3656 2376 3726 optabilis
2403 3663 2460 3709 et
2487 3653 2829 3710 consortibus
2858 3651 3036 3707 suavis
3059 3658 3164 3714 est,
3192 3659 3247 3704 ut
3274 3658 3328 3703 et
3356 3662 3596 3719 prasen-

1985 3757 2093 3802 tem
2122 3757 2177 3803 et
2203 3746 2437 3801 futuram
2469 3744 2695 3816 gloriam
2720 3741 3127 3812 consequantini
3154 3759 3168 3795 :
3194 3756 3355 3811 quam
3386 3739 3591 3794 utiuatu

1984 3855 2085 3893 nos
2113 3854 2306 3893 omnes
2334 3838 2714 3906 adipiscamur,
2742 3837 2913 3905 gratia
2940 3846 2996 3889 et
3023 3834 3352 3905 benignitate
3378 3834 3591 3888 υοιιιὶιιὶ

1984 3933 2153 3987 nostri
2180 3930 2306 3985 Iesu
2332 3930 2554 3994 Christi,
2585 3929 2669 3983 cui
2700 3927 2869 3999 gloria
2897 3937 2951 3982 et
2978 3927 3285 3998 imperium,
3310 3926 3361 3979 in
3390 3924 3589 3981 sweula

1984 4027 2324 4081 sa'culorum.
2357 4025 2554 4079 Amen.

1376 4315 1723 4377 HOMILIA
1768 4317 2015 4379 XXXI.
2063 4318 2150 4382 al.
2198 4318 2477 4379 XXXII.

272 4458 405 4515 Car.
426 4459 477 4514 9.
508 4458 654 4513 v.l8.
690 4458 812 4512 Haec
842 4458 933 4511 illo
964 4458 1213 4522 loquente,
1234 4474 1346 4511 cccc
1358 4460 1593 4529 princeps
1613 4460 1872 4529 ingressus

346 4550 593 4603 adorabat
614 4565 729 4626 eum
755 4550 963 4603 dicens:
992 4548 1131 4602 Filia
1176 4566 1286 4602 mea
1313 4552 1462 4603 modo
1480 4552 1722 4619 defuncta
1752 4563 1823 4605 est
1852 4568 1870 4613 ;

345 4643 434 4695 sed
453 4642 585 4707 veni,
614 4642 815 4708 impone
842 4659 1047 4695 inuitum
1067 4652 1206 4695 tuam
1228 4659 1382 4709 super
1397 4662 1527 4707 eam,
1548 4656 1593 4698 ct
1616 4648 1761 4699 vivet.
1786 4646 1870 4701 l9.

351 4731 417 4786 Et
442 4749 655 4803 surgens
676 4731 830 4788 Iesus
860 4743 1098 4802 sequutus
1125 4744 1195 4786 cst
1221 4750 1337 4786 cum
1362 4776 1376 4795 ,
1407 4746 1453 4787 et
1478 4736 1717 4804 discipuli
1738 4739 1867 4798 eius.

351 4830 403 4881 t.
435 4826 583 4894 Opus
608 4840 889 4882 sermones
919 4835 1203 4895 sequutum
1234 4837 1337 4888 est,
1368 4828 1437 4879 ita
1464 4838 1521 4880 ut
1541 4830 1710 4898 magis
1730 4828 1872 4883 Pha-

276 4919 559 4974 risaeorum
585 4930 682 4971 ora
724 4920 1216 4987 comprimerentur
1268 4935 1283 4971 :
1336 4933 1457 4971 nam
1509 4919 1598 4987 qui
1642 4918 1873 4974 accessit

278 5023 567 5080 synagogas
612 5006 860 5077 princeps
901 5018 1019 5062 erat
1048 5048 1063 5072 ,
1117 5007 1397 5078 luctusque
1455 5009 1631 5077 gravis
1669 5026 1681 5062 :
1719 5010 1873 5063 unica

280 5101 424 5155 enim
451 5100 623 5169 puella
643 5108 760 5155 erat
780 5140 795 5161 ,
838 5115 1209 5170 annorumque
1236 5101 1518 5156 duodecim
1545 5142 1559 5165 ,
1605 5102 1746 5171 quod
1779 5102 1877 5157 llos

279 5202 399 5245 erat
425 5192 634 5246 (etatis:
664 5200 720 5247 et
746 5192 923 5245 statim
956 5193 1097 5246 illam
1120 5194 1417 5247 suscitavit.
1443 5195 1595 5260 Quod
1634 5196 1677 5249 si
1707 5195 1878 5252 Lucas

282 5293 463 5338 Narrat
494 5284 703 5339 venisse
732 5286 823 5355 qui
846 5284 1084 5339 dicerent
1118 5304 1129 5338 :
1167 5285 1293 5340 Noli
1325 5304 1509 5342 vexare
1550 5290 1878 5356 magistrum;

282 5384 483 5426 intortae
512 5376 645 5427 enim
670 5385 739 5428 est
766 5373 917 5444 (Luc.
941 5374 996 5429 8.
1035 5374 1128 5445 49)
1160 5394 1173 5430 :
1216 5378 1458 5432 dicemus
1491 5380 1620 5432 illud
1653 5421 1669 5445 ,
1721 5380 1878 5435 Modo

281 5465 523 5531 defuat-la
548 5477 641 5528 est,
663 5482 692 5518 a
722 5476 965 5535 tempore
995 5466 1047 5521 in
1077 5468 1267 5522 itinere
1296 5470 1564 5539 insmnpto
1589 5472 1877 5539 conjicien-

285 5559 351 5609 tis
380 5555 546 5609 fuisse
572 5598 585 5618 ,
621 5556 703 5610 vel
735 5558 1095 5611 calamitatem
1128 5560 1395 5627 augentis.
1430 5559 1544 5615 Mos
1572 5564 1715 5613 enim
1747 5578 1877 5629 sup-

282 5649 481 5717 plicum
512 5658 616 5713 est,
648 5649 784 5703 mala
814 5664 907 5703 sua
941 5651 1116 5704 verbis
1153 5652 1413 5705 extollere
1434 5692 1448 5713 ,
1482 5660 1534 5705 et
1574 5653 1691 5718 plus
1720 5668 1880 5722 quam

288 5757 411 5799 vere
438 5742 507 5799 sit
533 5742 743 5814 dicere,
771 5752 829 5801 ut
864 5742 1073 5801 {acilius
1104 5755 1314 5816 rogatos
1345 5754 1588 5800 exorent.
1622 5744 1752 5799 Vide
1782 5761 1873 5800 au-

1985 4471 2091 4516 tem
2119 4476 2276 4531 quam
2310 4461 2458 4516 rudis
2484 4460 2573 4515 sit.
2610 4459 2726 4516 Duo
2754 4461 2899 4516 enim
2930 4460 3166 4531 postulat
3192 4477 3221 4515 a
3247 4460 3465 4516 Christo
3487 4502 3502 4525 ,
3533 4470 3595 4517 ut

1983 4554 2183 4619 veniat,
2212 4563 2261 4607 et
2291 4567 2508 4606 manum
2540 4552 2781 4617 imponat
2812 4552 2987 4621 :quod
3018 4551 3231 4621 signum
3259 4563 3379 4607 erat
3409 4554 3583 4621 ipsum

1982 4658 2101 4698 eam
2131 4642 2307 4696 adhuc
2358 4643 2655 4711 spiranti-tn
2690 4643 2997 4710 reliquisse.
3025 4642 3137 4698 Iloc
3180 4653 3235 4699 et
3286 4644 3455 4715 Syrus
3498 4646 3588 4699 ille

1980 4733 2217 4788 Neeman
2248 4748 2276 4785 a
2332 4734 2588 4801 propheta
2636 4736 2850 4803 petebat
2903 4734 2987 4788 his
3014 4735 3191 4787 verbi.-
3223 4751 3237 4789 :
3272 4732 3447 4789 Exibit
3479 4777 3495 4794 .
3544 4746 3591 4789 rt

1982 4842 2189 4879 nutriunt
2214 4842 2359 4878 suam
2382 4826 2605 4895 imponet
2632 4828 2711 4895 (4.
2740 4826 2867 4899 Reg.
2898 4828 2952 4883 5.
2984 4828 3095 4896 Il).
3124 4826 3257 4882 Nam
3286 4827 3405 4883 viso
3429 4838 3483 4884 ct
3504 4846 3591 4883 re-

1982 4918 2082 4973 bus
2111 4917 2213 4972 sub
2248 4932 2468 4972 sensnm
2496 4917 2814 4974 cadentibus
2843 4934 2978 4987 opus
3010 4918 3207 4973 habent
3240 4920 3271 4973 ii
3295 4921 3385 4989 qui
3408 4921 3588 4975 rndio-

1982 5010 2057 5065 ris
2082 5010 2244 5063 animt
2274 5019 2418 5063 sunt.
2448 5009 2658 5065 Marcus
2686 5010 2840 5082 (Cap.
2869 5012 2921 5065 5.
2942 5012 3035 5083 57)
3065 5027 3225 5079 porro
3252 5013 3386 5069 dicit
3412 5014 3588 5085 ipsum

1984 5109 2093 5154 tres
2156 5101 2510 5171 assumpsisse
2568 5102 2899 5171 discipulos,
2956 5102 3237 5172 Lucaeque
3310 5103 3479 5176 (Cap.
3529 5108 3585 5161 8.

1983 5192 2074 5261 5t)
2119 5192 2399 5257 similiter;
2453 5192 2539 5249 hic
2584 5209 2713 5247 vero
2759 5194 3049 5263 discipulos
3098 5196 3432 5265 simpliciter.
3482 5197 3589 5251 Cur

1984 5299 2113 5354 ergo
2142 5283 2448 5339 Matthaztnu
2484 5299 2589 5339 non
2622 5286 2831 5354 accepit
2862 5326 2875 5348 ,
2910 5287 3000 5356 qui
3031 5302 3201 5355 nuper
3240 5300 3539 5344 accesserat
3566 5291 3590 5344 3

1986 5377 2055 5432 Ut
2082 5378 2228 5431 illum
2264 5379 2314 5432 in
2340 5379 2597 5447 majorem
2631 5379 2976 5448 cupiditatem
3015 5380 3299 5448 injiceret,
3348 5392 3404 5435 et
3445 5382 3588 5456 quth

1986 5468 2351 5537 imperfectior
2390 5469 2565 5524 adlmc
2593 5482 2757 5525 esset.
2812 5468 2939 5525 Ideo
2966 5470 3109 5526 enim
3160 5471 3279 5527 illos
3320 5472 3588 5541 honorat,

1986 5573 2042 5613 ttt
2074 5560 2125 5613 bi
2157 5560 2275 5614 illos
2307 5562 2599 5615 imitentur.
2634 5561 2885 5615 Matthzeo
2915 5574 3096 5617 autem
3122 5564 3252 5619 satis
3273 5572 3411 5629 erat,
3441 5565 3585 5633 quod

1985 5653 2259 5722 sanguinis
2292 5653 2433 5706 fluxu
2467 5653 2800 5707 laborantem
2835 5653 3077 5719 vidisset,
3111 5663 3167 5709 et
3204 5656 3344 5723 quod
3398 5656 3587 5710 eadem

1990 5760 2174 5801 mensa
2204 5743 2451 5817 dignatus
2484 5747 2700 5809 fuisset,
2732 5744 2971 5816 ejusdem
2996 5749 3124 5805 satis
3155 5747 3585 5819 participatione.
