4066 6428
302 344 406 398 :15

306 472 444 510 eum.
474 451 702 510 Pulchra
731 459 878 507 certe
925 448 1479 522 arcbisynagogorum
1526 448 1721 505 indicia
1744 490 1759 515 ,
1790 464 1912 505 cum

307 558 430 617 post
454 554 685 599 mortem
715 541 859 597 tibia:
887 550 943 595 et
991 540 1236 611 cymbala
1267 539 1334 594 ad
1365 539 1550 593 ﬂetum
1604 548 1909 598 moverent.

303 635 441 703 Quid
475 635 637 707 igitur
660 632 954 689 Christus?
986 631 1134 685 Alios
1164 644 1355 686 omnes
1381 630 1621 700 expulit,
1660 639 1912 700 parentes

304 735 487 782 autem
511 723 827 783 introduxit.
856 737 922 777 ne
952 721 1057 776 dici
1094 730 1279 791 posset
1304 721 1470 776 alium
1503 722 1782 776 curavisse
1813 739 1826 775 :
1858 728 1914 775 et

302 831 591 891 antequam
621 798 870 882 suscitet,
900 830 1034 871 voce
1056 813 1187 869 illud
1210 813 1399 879 efficit,
1430 829 1554 870 cum
1577 815 1673 880 ait,
1696 803 1819 867 Non
1836 822 1909 867 est

301 920 505 966 mortua
524 909 721 979 puella,
755 906 847 961 sed
877 906 1086 961 dormit.
1114 904 1294 961 Multis
1313 920 1527 976 quoque
1553 906 1673 959 aliis
1694 905 1746 959 in
1775 905 1908 959 locis

298 1002 405 1057 hoc
435 1000 563 1055 facit
588 1017 601 1053 :
622 1013 685 1053 ac
714 1000 856 1053 sicut
899 999 951 1051 in
979 996 1114 1052 mari
1147 998 1379 1067 primum
1401 996 1698 1068 discipulos
1731 997 1909 1052 incre-

301 1094 488 1166 pavit:
517 1092 597 1148 sic
625 1100 681 1147 et
722 1089 828 1145 hoc
855 1089 976 1144 loco
1008 1104 1078 1145 ex
1111 1089 1459 1159 praesentium
1481 1088 1754 1143 mentibus
1786 1102 1909 1157 per-

302 1183 671 1241 turbationem
700 1181 848 1253 ejicit
868 1222 884 1245 ,
928 1181 1091 1235 simul
1120 1179 1439 1248 ostendens,
1468 1178 1627 1235 facile
1655 1179 1758 1236 sibi
1783 1194 1909 1237 esse

298 1286 546 1334 mortuos
573 1274 839 1331 suscitare
867 1272 1031 1344 (quod
1052 1272 1295 1328 etiamin
1318 1271 1521 1327 Lazaro
1542 1272 1669 1327 fecit
1692 1270 1903 1328 dicens:

300 1368 532 1425 Laaants
558 1367 752 1422 amicus
776 1375 948 1420 noster
971 1364 1159 1418 dormit
1175 1361 1357 1436 [Joam
1388 1364 1474 1420 Η.
1502 1361 1642 1436 11]).
1673 1378 1780 1418 una
1807 1362 1908 1418 do-

297 1476 427 1518 cens
456 1476 564 1515 non
607 1456 899 1514 timendam
941 1470 1063 1511 esse
1109 1466 1339 1511 mortem
1372 1472 1385 1508 :
1418 1469 1593 1525 neque
1617 1456 1763 1511 enim
1791 1454 1903 1524 jam

296 1568 419 1609 csse
449 1560 704 1614 mortem,
731 1548 828 1604 sed
858 1562 1130 1602 somnum.
1157 1546 1289 1601 Nam
1316 1547 1438 1617 quia
1468 1546 1585 1616 ipse
1604 1546 1905 1601 moriturus

295 1653 433 1709 erat,
464 1643 695 1698 aliorum
721 1655 950 1710 corpora
997 1639 1313 1695 suscitando
1363 1639 1661 1709 discipulos
1688 1654 1901 1710 praepa-

296 1737 451 1792 rabat
474 1733 541 1789 ad
564 1732 814 1788 ﬁduciam
846 1729 1164 1787 sumendam
1182 1772 1197 1795 ,
1228 1740 1573 1801 mortemque
1591 1746 1745 1785 suam
1778 1730 1908 1785 leni-

294 1839 378 1887 tet‘
406 1825 705 1884 ferendam.
730 1824 1023 1894 Postquam
1051 1823 1194 1879 enim
1218 1823 1337 1895 ipse
1365 1823 1667 1880 advenerat
1692 1865 1706 1889 ,
1753 1838 1905 1880 mors

289 1922 402 1994 iam
429 1921 646 1978 nonnisi
672 1933 894 1975 somnus
924 1926 1061 1972 erat.
1106 1920 1358 1972 Attamen
1384 1916 1706 1972 deridebant
1733 1933 1858 1971 eum
1887 1936 1900 1971 :

294 2017 411 2087 ipse
435 2030 567 2069 vero
594 2027 700 2067 non
748 2011 966 2077 indigne
997 2010 1162 2076 tulit,
1204 2026 1328 2065 cum
1379 2026 1485 2065 non
1518 2010 1804 2066 crederent
1839 2011 1903 2066 iis

290 2120 413 2176 quae
435 2118 563 2160 mox
595 2104 710 2173 ipse
761 2101 1080 2156 mirabiliter
1127 2110 1452 2170 operaturus
1495 2109 1616 2156 erat
1656 2118 1669 2155 :
1722 2116 1903 2170 neque

292 2198 595 2268 increpavit
625 2195 864 2251 ridentes
888 2238 903 2259 ,
933 2203 991 2249 ut
1018 2203 1073 2248 et
1120 2195 1264 2249 risus
1294 2203 1350 2249 et
1373 2194 1519 2249 tibia:
1548 2203 1605 2250 et
1652 2194 1899 2267 cymbala

290 2291 504 2359 aliaque
524 2289 727 2354 omnia,
758 2287 951 2342 mortis
981 2296 1165 2341 essent
1202 2286 1537 2342 testimonia.

360 2384 415 2437 5.
446 2381 680 2437 Christus
708 2380 961 2451 quomodo
990 2379 1417 2433 resurrectionum
1441 2393 1568 2447 quas
1594 2378 1901 2448 operabatur

289 2475 549 2530 ueritatem
576 2472 843 2527 adstruere
866 2473 1067 2526 soleret.
1103 2470 1320 2526 Fastunt
1368 2482 1414 2525 et
1460 2487 1641 2525 vanam
1683 2472 1899 2540 gloriam

288 2568 497 2622 omnino
519 2566 778 2619 uitandum
794 2573 886 2619 est.
908 2564 961 2618 ΙΙ
970 2582 1051 2620 ars
1068 2582 1167 2618 non
1188 2565 1475 2619 metuenda.
1494 2564 1622 2618 Vitta
1637 2566 1901 2636 praesentis

288 2657 688 2728 malm—Quia
714 2658 857 2714 enim
903 2673 1049 2729 sa—pc
1092 2658 1347 2713 miracula
1396 2668 1601 2729 patrata
1647 2674 1753 2714 non
1783 2674 1901 2714 cre-

286 2753 421 2807 dunt
447 2751 719 2816 homines,
749 2765 844 2805 sua
876 2750 1112 2819 ipsorum
1147 2751 1501 2821 responsione
1540 2751 1659 2807 illos
1690 2766 1896 2821 praeve-

287 2844 385 2908 nit,
418 2851 477 2897 ut
518 2851 573 2897 et
622 2842 676 2896 in
720 2841 925 2896 Lazaro
950 2850 1002 2896 et
1036 2841 1087 2895 in
1114 2842 1297 2913 Moyse
1344 2841 1543 2897 factum
1582 2850 1687 2898 est.
1730 2841 1897 2911 Moysi

287 2950 519 3005 namque
539 2934 709 2988 dixit:
739 2932 877 3001 Quid
902 2933 998 2987 hoc
1024 2944 1096 2988 est
1121 2934 1173 2987 in
1203 2950 1357 2987 manu
1384 2943 1471 2987 tua
1497 2933 1692 3006 (Exod.
1722 2935 1774 2988 4.
1806 2933 1899 3004 2)?

286 3038 345 3083 ut
372 3042 494 3083 cum
517 3027 736 3081 vidisset
765 3033 1069 3095 serpentem
1091 3024 1311 3089 factum,
1336 3041 1442 3080 non
1469 3026 1893 3092 oblivisceretur,

285 3121 489 3190 virgam
513 3117 662 3187 prius
689 3116 886 3180 fuisse;
916 3116 1010 3170 sed
1039 3117 1187 3170 vocis
1212 3117 1441 3185 propriae
1470 3116 1805 3177 recordatus,
1830 3116 1898 3170 de

285 3228 343 3268 re
367 3219 517 3281 gesta
547 3208 973 3278 obstupescerct.
1017 3208 1080 3262 Et
1109 3207 1177 3261 de
1206 3206 1409 3261 Lazaro
1437 3207 1512 3261 ait
1545 3224 1557 3259 :
1590 3204 1689 3261 Ubi
1719 3207 1866 3276 posui
1879 3238 1891 3245 -

283 3306 373 3359 stis
406 3304 564 3359 eum?
592 3311 649 3356 ut
673 3302 762 3371 qui
789 3300 1066 3365 dixerunt,
1108 3300 1255 3367 Veni,
1285 3309 1332 3354 et
1358 3300 1506 3362 vide;
1536 3309 1610 3362 et,
1643 3298 1764 3352 lam
1794 3303 1893 3370 [ce—

283 3407 372 3462 tet,
399 3394 776 3467 quatriduum
804 3393 938 3446 enim
966 3401 1036 3445 est
1068 3390 1250 3460 (Joan.
1285 3393 1372 3445 il.
1401 3392 1488 3447 54.
1524 3391 1639 3460 59),
1664 3406 1770 3445 non
1797 3391 1897 3446 du-

284 3490 457 3545 bitare
486 3495 727 3561 possent,
778 3486 909 3557 quin
962 3485 1134 3555 ipsum
1184 3494 1453 3538 mortuum
1502 3482 1892 3539 suscitavisset.

284 3579 490 3635 Videas
530 3578 693 3647 igitur
730 3575 972 3647 cymbala
1003 3584 1057 3630 et
1094 3574 1306 3639 turbas,
1339 3588 1530 3628 omnes
1564 3572 1733 3642 ejicit,
1762 3582 1813 3627 et
1842 3574 1895 3627 in

283 3671 571 3746 prasentia
612 3678 893 3741 parentum
922 3665 1239 3722 miraculum
1281 3674 1558 3735 operatur,
1584 3678 1690 3719 non
1736 3664 1894 3721 aliam

282 3764 544 3820 inducens
570 3761 829 3827 animam,
856 3758 951 3815 sed
977 3758 1120 3813 illam
1148 3757 1318 3828 ipsam
1345 3771 1468 3828 quae
1496 3756 1707 3811 exierat
1731 3757 1894 3812 redu-

281 3874 434 3927 cens,
466 3865 523 3913 et
548 3855 701 3929 quasi
730 3869 796 3910 ex
833 3867 1025 3909 somno
1049 3852 1313 3907 excitans.
1352 3848 1723 3920 Apprehendit
1765 3864 1893 3905 vero

282 3966 525 4018 manum,
546 3960 603 4005 ut
632 3955 966 4020 spectatores
994 3944 1257 4001 certiores
1281 3942 1493 4010 flerent,
1512 3951 1567 3999 et
1585 3943 1687 3998 hoc
1707 3956 1892 3997 exem-

282 4046 373 4117 plo
396 4043 539 4099 viam
567 4048 783 4112 pararet
811 4037 877 4093 ad
906 4036 1067 4093 fidem
1094 4035 1526 4092 resurrectionis.
1558 4034 1718 4089 Pater
1740 4048 1892 4088 nam-

281 4152 387 4208 que
415 4133 629 4190 dicebat
658 4150 672 4184 :
703 4129 919 4201 Impune
945 4144 1153 4183 manum
1184 4126 1397 4197 (Matth.
1434 4123 1621 4195 9.18);
1651 4124 1738 4178 ille
1766 4137 1895 4177 vero

283 4230 402 4302 plus
434 4230 593 4292 facit;
640 4242 747 4283 non
795 4223 1021 4294 imponit
1048 4222 1191 4277 enim
1277 4220 1371 4275 sed
1418 4218 1795 4289 apprehendit,
1840 4224 1896 4271 et

280 4321 508 4377 suscitat
537 4327 827 4381 mortuam,
856 4324 1007 4371 esten
1032 4313 1145 4368 iens
1180 4313 1357 4367 1_".':Ei‘.i.'t
1390 4311 1487 4379 ipsi
1519 4320 1767 4379 prompta
1796 4323 1893 4378 pa-

282 4424 507 4483 rataque
548 4427 689 4467 esse.
739 4410 924 4479 Neque
974 4406 1133 4463 modo
1177 4409 1418 4469 suscitat,
1462 4402 1555 4459 sed
1587 4404 1766 4458 cibum
1795 4401 1897 4471 ipsi

281 4508 413 4563 dare
436 4505 608 4577 jubet,
656 4518 723 4558 ne
754 4500 1028 4557 videretur
1074 4516 1159 4553 res
1192 4512 1314 4553 esse
1341 4496 1675 4566 phantasma,
1711 4492 1897 4561 Neque

284 4600 399 4664 ipse
428 4597 544 4659 dat.
574 4595 668 4649 sed
695 4594 830 4647 alios
855 4592 988 4646 dare
1026 4590 1179 4661 jubet
1214 4605 1227 4642 τ
1258 4585 1712 4659 quemadmodum
1750 4584 1899 4639 etde

284 4689 492 4745 Lazare
517 4688 592 4740 ait
624 4702 639 4739 :
672 4684 864 4740 Solvite
904 4684 1067 4743 illum.
1120 4692 1166 4735 et
1206 4681 1357 4735 sinite
1394 4680 1534 4732 abire
1579 4677 1758 4747 (Joan.
1808 4676 1896 4730 ll.

286 4780 402 4849 bi},
435 4787 490 4833 et
521 4791 704 4847 postea
732 4789 938 4829 mensa:
967 4781 1274 4827 mnstirtem
1302 4768 1484 4825 efﬁcit.
1513 4768 1729 4824 Etenim
1756 4782 1899 4822 sein-

288 4890 384 4945 per
412 4884 699 4939 utrumque
724 4868 1077 4936 comprobare
1104 4866 1260 4928 solet,
1294 4874 1346 4918 et
1380 4875 1608 4918 mortem
1640 4871 1690 4916 et
1720 4875 1901 4915 resor-

288 4964 585 5022 rectionem
628 4961 1027 5015 accuratissime
1055 4967 1337 5012 assertam.
1372 4954 1452 5010 Tu
1478 4970 1607 5009 vero
1638 4970 1705 5007 nc
1726 4952 1897 5006 solam

286 5058 735 5119 resurrectionem
762 5054 1063 5125 perpendas
1085 5052 1266 5118 velim,
1298 5050 1392 5106 sed
1418 5050 1578 5104 etiam
1599 5046 1741 5116 quod
1766 5060 1904 5117 prte-

286 5155 494 5226 ceperit
522 5162 580 5207 ut
612 5148 811 5205 nemini
841 5148 1115 5209 dicerent;
1158 5154 1211 5199 et
1242 5158 1337 5214 per
1378 5141 1558 5195 omnia
1588 5139 1789 5203 discas,
1822 5136 1901 5189 fa-

288 5258 429 5303 stum
462 5258 764 5311 vanamquc
803 5240 1029 5310 gloriam
1061 5253 1189 5292 esse
1228 5236 1451 5291 omnino
1482 5231 1750 5287 vitandam
1778 5247 1790 5283 :
1840 5229 1901 5284 ii-

289 5340 493 5409 ludqne
521 5344 778 5406 praeterea
804 5333 1001 5395 discas,
1032 5330 1204 5397 ipsum
1228 5329 1471 5398 lugentes
1500 5335 1651 5379 extra
1679 5321 1900 5377 domum

290 5433 538 5501 eiecisse,
570 5436 729 5497 atque
757 5426 897 5479 velut
946 5422 1194 5492 indignos
1244 5420 1335 5473 tali
1377 5414 1689 5486 spectaculo
1720 5412 1901 5468 decla-

291 5538 464 5579 rasse.
492 5520 574 5574 Tu
610 5534 738 5571 vero
778 5532 844 5570 ne
875 5529 1038 5569 exeas
1077 5526 1198 5567 cum
1250 5509 1586 5571 tibicinibus;
1616 5504 1711 5561 sed
1744 5518 1903 5557 mane

290 5631 412 5670 cum
446 5612 623 5674 Petro,
648 5610 856 5663 Joanne
888 5615 942 5662 et
968 5606 1188 5660 Jacobo.
1225 5602 1357 5657 Nam
1388 5601 1430 5655 si
1461 5612 1586 5653 tunc
1614 5600 1732 5653 illos
1760 5597 1901 5651 foras

291 5706 471 5776 eiecit,
500 5700 668 5755 multo
691 5700 859 5768 magis
885 5712 1027 5751 nunc
1054 5696 1105 5751 id
1132 5694 1307 5749 faciat.
1331 5692 1478 5746 Tunc
1500 5692 1644 5746 enim
1664 5687 1902 5743 nondum

294 5799 467 5871 palam
496 5803 611 5852 erat
652 5801 880 5849 mortem
920 5792 1026 5861 jam
1056 5803 1303 5845 somnum
1333 5801 1452 5843 esse
1498 5786 1689 5841 factam
1715 5800 1729 5837 :
1754 5793 1902 5837 nunc

1284 333 1350 388 IN
1391 331 1801 391 MATTIIEUM
1843 332 2073 390 HOMIL.
2120 336 2312 393 XXXI.
2356 341 2428 396 al.
2470 342 2690 400 XXX".

3534 359 3637 419 376

2024 462 2205 508 autem
2235 454 2351 524 ipso
2374 458 2490 514 sole
2533 460 2731 517 clarius
2758 472 2861 519 est.
2891 465 2959 520 At
2990 482 3134 523 nunc
3168 483 3273 525 non
3299 470 3461 528 ﬁliam
3491 484 3636 531 tuatn

2022 545 2341 635 suscitavit?
2378 547 2483 603 Sed
2526 553 2806 609 suscitabit
2845 555 2988 611 illam
3025 572 3149 613 cum
3194 560 3401 632 majore
3442 565 3634 635 gloria.

2023 631 2115 688 illa
2151 639 2295 692 enim
2326 656 2449 711 qua:
2474 646 2732 711 surrexit,
2766 648 2960 704 iterum
2993 663 3204 709 mortua
3234 631 3351 720 est;
3387 631 3472 713 tua
3506 676 3637 715 vero

2020 740 2144 819 cum
2190 734 2522 800 surrexerit,
2570 738 2810 795 manebit
2847 742 3189 800 immortalis.
3235 746 3408 804 Nemo
3452 751 3634 819 itaque

2022 816 2281 888 deinceps
2302 820 2506 892 lugeat,
2526 840 2703 893 neque
2718 828 3074 895 lamentetur,
3096 846 3257 884 nemo
3294 834 3499 888 Clu-Isti
3539 816 3623 890 vi-

2021 908 2252 997 ctoriam
2267 914 2650 971 calumnietur.
2661 916 2801 972 Vicit
2813 920 2958 973 enim
2974 920 3061 975 ille
3072 929 3326 978 mortem.
3346 924 3487 991 Quid
3498 941 3628 997 ergo

2021 995 2228 1056 frustra
2245 1002 2431 1073 ploras
2446 1006 2470 1060 1
2487 1006 2633 1064 Mors
2650 1021 2884 1066 somnus
2895 1009 3089 1066 euecta
3108 1022 3216 1067 est.
3242 1012 3384 1080 Quid
3412 995 3625 1072 lamen-

2020 1091 2148 1144 taris
2187 1101 2240 1146 et
2271 1092 2467 1164 luges?
2511 1095 2645 1153 Illud
2669 1099 2815 1155 enim
2862 1102 2909 1157 si
2952 1103 3185 1172 gentiles
3218 1105 3476 1173 facerent,
3514 1108 3634 1165 irri-

2016 1179 2181 1237 dendi
2210 1194 2395 1241 essent
2430 1207 2443 1243 :
2473 1202 2599 1243 cum
2628 1200 2811 1247 autem
2842 1191 3016 1250 fidelis
3038 1194 3141 1251 hoc
3169 1196 3397 1267 turpiter
3424 1198 3632 1269 fecerit,

2015 1287 2177 1342 quam
2198 1274 2419 1333 habebit
2441 1281 2889 1339 excusationem?
2913 1302 3035 1357 quae
3062 1289 3215 1344 venia
3237 1290 3343 1346 erit
3364 1291 3481 1348 luet:
3506 1295 3634 1350 insi-

2016 1364 2227 1435 pienter
2255 1370 2542 1440 agentibus
2566 1385 2688 1443 post
2710 1385 2916 1432 tantum
2945 1382 3205 1449 temporis
3232 1393 3288 1437 et
3313 1383 3514 1440 claram
3543 1403 3601 1441 re

2015 1461 2366 1517 surrectionis
2390 1465 2807 1534 probationem?
2832 1470 2911 1526 Tu
2938 1487 3084 1537 vero,
3117 1488 3182 1529 ac
3214 1479 3259 1531 si
3286 1478 3506 1535 studeas
3530 1480 3633 1536 hoc

2015 1561 2297 1619 peccatum
2320 1557 2678 1629 ampliﬁcare,
2708 1562 2952 1631 pradicas
2980 1565 3055 1634 (a)
3086 1567 3244 1622 nobis
3267 1570 3498 1639 gentiles
3534 1572 3631 1626 ad-

2014 1641 2187 1709 ducis,
2232 1645 2437 1702 luctum
2476 1650 2719 1707 excitans
2749 1663 2804 1708 et
2836 1654 3113 1714 fornacem
3158 1658 3454 1715 incendens
3487 1676 3501 1717 :
3531 1679 3632 1720 ncc

2012 1734 2169 1792 audis
2214 1737 2441 1795 Paulum
2484 1740 2801 1800 dicentem:
2839 1746 2970 1815 Qua:
3022 1750 3240 1805 societas
3280 1749 3477 1808 Clu-isti
3512 1770 3631 1810 eum

2013 1826 2225 1882 Belial?
2247 1840 2339 1884 aut
2378 1848 2493 1902 qua
2516 1835 2683 1903 portio
2710 1836 2881 1904 ﬁdelis
2917 1855 3035 1893 cum
3073 1840 3273 1904 inﬁdeli
3312 1841 3390 1915 (2.
3418 1843 3537 1900 Car.
3570 1846 3629 1902 σε

2018 1919 2150 1991 l5)?
2176 1920 2340 1978 Certe
2359 1925 2609 1994 gentiles,
2638 1928 2728 1997 qui
2756 1926 2888 1984 nihil
2909 1930 2979 1985 de
3008 1932 3410 1991 resurrectione
3428 1935 3627 2001 sciunt.

2011 2014 2331 2070 consolandi
2362 2026 2540 2073 tamen
2566 2018 2805 2076 rationes
2832 2021 3131 2089 inveniunt,
3176 2025 3421 2082 dicentes
3449 2043 3464 2082 :
3494 2025 3633 2082 For-

2013 2106 2140 2161 titer
2168 2105 2343 2173 feras;
2374 2124 2551 2179 neque
2594 2112 2799 2181 poteris
2830 2112 2881 2167 id
2921 2112 3065 2184 quod
3093 2114 3293 2170 factum
3322 2123 3427 2184 est,
3465 2116 3634 2173 infec-

2013 2210 2124 2255 tum
2154 2201 2405 2269 reddere,
2438 2204 2521 2259 vel
2565 2203 2816 2261 lamentis
2848 2221 2962 2262 rem
2991 2217 3238 2275 mutare;
3281 2217 3337 2264 tu
3365 2225 3498 2265 vero
3535 2212 3629 2281 qui

2010 2294 2340 2351 subliminris
2382 2297 2723 2368 utiliorisqne
2755 2299 3117 2370 philosophia:
3154 2311 3422 2372 praecepta
3449 2303 3627 2369 audis,

2010 2374 2131 2439 non
2150 2385 2425 2442 erubescis
2470 2390 2711 2457 turpiora
2738 2404 2897 2457 quam
2927 2392 3002 2445 illi
3032 2393 3235 2462 agens?
3258 2392 3447 2463 Neque
3473 2395 3620 2451 enim

2008 2477 2241 2533 dicimus
2270 2494 2370 2534 nos
2414 2498 2427 2531 :
2483 2480 2720 2536 Fortiter
2765 2482 2941 2548 feras;
2991 2500 3096 2538 non
3146 2498 3436 2555 possumus
3481 2487 3626 2541 enim

2006 2568 2150 2639 quod
2178 2568 2377 2625 factum
2408 2579 2493 2626 est
2518 2571 2773 2627 infectum
2812 2572 3073 2638 reddere;
3106 2574 3224 2639 sed,
3262 2574 3501 2631 Fortiter
3545 2575 3627 2633 fe-

2010 2675 2131 2724 ras;
2164 2676 2288 2717 nam
2317 2664 2539 2718 omnino
2568 2672 2848 2735 resurget;
2880 2665 3079 2720 dormit
3107 2666 3251 2721 enim
3282 2666 3483 2736 puella,
3517 2682 3628 2725 non

2007 2765 2217 2809 mortua
2246 2766 2331 2810 est
2361 2772 2373 2807 :
2404 2758 2653 2825 quiescit,
2684 2772 2785 2812 nec
2813 2758 2988 2828 periit.
3014 2756 3165 2811 lllam
3193 2759 3426 2830 excipiet
3455 2774 3628 2815 resur-

2008 2847 2208 2911 rectio,
2241 2846 2348 2899 vita
2392 2848 2743 2915 sempiterna,
2782 2848 3178 2915 immortalitas,
3210 2864 3330 2905 sors
3360 2851 3623 2922 angelica.

2004 2936 2122 2992 Non
2154 2938 2309 2993 audis
2335 2938 2607 2994 Psalmum
2636 2939 2927 3007 dicentem,
2957 2941 3275 3005 Convertere,
3297 2942 3472 2996 anima
3491 2959 3623 3009 mea,

2006 3028 2059 3081 in
2080 3029 2302 3099 requiem
2349 3039 2525 3096 tuam,
2573 3030 2693 3096 quia
2744 3030 2995 3085 Dominus
3043 3030 3289 3101 bene/'ecit
3330 3031 3418 3085 tibi
3448 3031 3623 3101 (Psal.

2009 3121 2130 3175 1H.
2163 3121 2262 3190 7)?
2290 3121 2429 3175 Deus
2453 3133 2685 3176 mortem
2713 3121 3033 3177 beneﬁcium
3069 3132 3245 3189 vocat,
3275 3134 3326 3177 et
3354 3133 3407 3177 tu
3441 3124 3626 3194 luges?

2008 3208 2075 3263 Et
2102 3210 2228 3280 quid
2259 3210 2490 3279 amplius
2513 3210 2720 3267 faceres
2750 3213 2794 3267 si
2826 3211 3061 3267 defuncti
3092 3214 3342 3269 inimicus
3371 3225 3424 3270 et
3454 3214 3625 3270 hostis

2006 3301 2192 3356 esses?
2212 3302 2268 3358 Si
2292 3302 2603 3372 lugendum,
2628 3302 2847 3358 diabolo
2868 3303 3157 3375 lugendum
3178 3314 3278 3361 est.
3308 3307 3399 3363 lllc
3418 3308 3620 3377 lugeat,

2008 3394 2098 3449 ille
2119 3396 2466 3457 lamentetur,
2500 3395 2624 3466 quia
2654 3394 2723 3450 ad
2751 3397 2957 3465 majora
2980 3396 3120 3452 bona
3153 3399 3446 3469 pergimus.
3477 3398 3620 3457 illius

2008 3486 2242 3558 nequitia
2273 3486 2433 3557 digna
2465 3495 2549 3543 est
2578 3487 2841 3558 ejusmodi
2870 3489 3216 3554 lamentatio;
3241 3505 3398 3547 secus
3425 3500 3502 3555 tu.
3530 3495 3621 3563 qui

2004 3578 2071 3633 ad
2102 3590 2358 3634 coronam
2386 3587 2440 3632 et
2462 3580 2701 3649 requiem
2732 3580 2963 3637 vocaris.
2992 3579 3124 3635 Nam
3150 3593 3336 3651 portus
3362 3577 3632 3654 tranquil—

2005 3669 2091 3726 lus
2135 3684 2285 3725 mors
2328 3678 2430 3726 est.
2474 3669 2755 3740 Perpende
2783 3671 2945 3742 igitur
2976 3682 3109 3743 quot
3157 3674 3313 3728 malis
3355 3674 3511 3744 plena
3553 3675 3624 3731 sit

2003 3762 2108 3815 vita
2142 3775 2383 3830 prtcsens
2408 3778 2423 3818 :
2453 3763 2628 3833 cogita
2652 3764 2864 3833 quoties
2892 3765 2991 3831 Ipsi
3014 3766 3380 3822 maledixeris.
3408 3766 3544 3822 Nam
3570 3770 3622 3825 in

2004 3852 2160 3923 pejus
2187 3867 2405 3925 semper
2442 3869 2531 3910 res
2572 3864 2889 3920 vertuntur,
2934 3865 3096 3929 atque
3138 3873 3167 3911 a
3199 3859 3465 3930 principio
3512 3876 3623 3917 non

2003 3946 2270 4003 modicam
2301 3946 2704 4003 damnationem
2750 3948 2974 4004 sortitus
3003 3962 3083 4004 es.
3124 3948 3191 4004 In
3216 3950 3497 4013 doloribus.
3542 3952 3624 4007 in-

2001 4037 2140 4105 quit,
2188 4039 2359 4105 paries
2399 4038 2536 4105 ﬁlios
2564 4037 2718 4107 (Gen.
2750 4039 2804 4093 3.
2844 4040 2934 4110 16)
2967 4056 2980 4091 :
3011 4048 3086 4103 et,
3123 4039 3190 4095 In
3234 4040 3419 4096 sudore
3456 4043 3623 4097 saltm

2006 4130 2075 4180 tui
2104 4130 2333 4182 comedas
2358 4146 2541 4198 panem
2564 4140 2711 4183 tuum
2737 4128 2841 4201 (Ib.
2876 4148 2925 4185 υ.
2955 4133 3043 4202 l7)
3070 4151 3083 4189 :
3110 4145 3184 4199 et,
3222 4135 3286 4187 In
3313 4134 3507 4189 mundo
3533 4136 3625 4189 tri-

2003 4222 2311 4276 bulatione»:
2338 4222 2583 4277 habebitis
2608 4223 2787 4294 (Joan.
2812 4224 2901 4279 i6.
2926 4226 3036 4295 '53).
3066 4227 3136 4280 At
3161 4226 3230 4283 de
3250 4226 3441 4281 futuris
3462 4228 3624 4283 rebus

2006 4314 2138 4369 nihil
2188 4313 2496 4381 hujusmodi
2539 4313 2758 4378 dicitur,
2808 4316 2919 4369 imo
2962 4317 3294 4371 contrarium
3344 4333 3568 4387 prorsus
3606 4337 3621 4373 :

2008 4404 2205 4476 Effugit
2234 4405 2407 4471 dolor,
2428 4405 2634 4485 tristitia
2655 4416 2704 4459 et
2727 4406 2944 4475 gemitus
2974 4404 3133 4477 (Isai.
3158 4408 3251 4463 55.
3284 4406 3374 4477 10)
3402 4426 3417 4463 ι
3444 4419 3517 4469 et.
3546 4410 3627 4464 Ab

2006 4498 2197 4553 oriente
2221 4506 2269 4552 et
2302 4499 2563 4553 occidente
2589 4498 2804 4561 venient,
2838 4509 2886 4553 et
2911 4500 3201 4555 rerumbent
3222 4501 3276 4555 in
3306 4502 3424 4557 sinu
3454 4503 3625 4559 Abro-

2007 4591 2105 4655 Ιιιε,
2153 4602 2201 4645 et
2231 4590 2405 4655 Isaac,
2447 4602 2495 4646 et
2522 4590 2687 4645 Iacob
2719 4590 2933 4663 (Matth.
2969 4593 3022 4649 8.
3068 4593 3160 4664 il)
3193 4612 3205 4648 :
3239 4604 3295 4649 et
3325 4594 3434 4652 illic
3461 4610 3627 4665 spon-

2007 4697 2097 4737 sus
2125 4682 2441 4753 spiritualis,
2473 4684 2707 4739 lucerntc
2752 4683 2988 4755 fulgidaa,
3020 4688 3300 4743 translatio
3322 4690 3374 4745 in
3405 4688 3620 4744 calum.

2081 4777 2133 4831 4.
2164 4775 2272 4829 Cur
2298 4787 2429 4841 ergo
2458 4784 2727 4831 mortuum
2759 4774 3062 4845 deturpas‘.’
3098 4793 3197 4833 cur
3220 4779 3343 4834 aliis
3374 4779 3623 4835 timori-tn

2010 4876 2406 4937 tremoremque
2433 4870 2621 4923 mortis
2647 4870 2921 4923 accersis?
2951 4886 3050 4925 cur
3069 4872 3410 4926 Occasionem
3440 4873 3621 4929 multis

2011 4960 2219 5028 prmbes
2240 4960 2518 5015 incusandi
2548 4962 2740 5026 Deum,
2764 4973 2950 5031 utpote
2972 4965 3062 5033 qui
3087 4980 3276 5036 magna
3302 4965 3490 5021 fecerit
3510 4983 3624 5020 ma-

2018 5052 2098 5111 la?
2130 5052 2239 5106 lmo
2281 5065 2410 5107 vero
2445 5068 2542 5107 cur
2574 5062 2760 5123 postea
2803 5070 3071 5126 pauperes
3124 5072 3286 5111 vocas
3310 5099 3326 5123 ,
3358 5067 3413 5112 et
3438 5073 3622 5112 sacer-

2010 5145 2165 5200 dotes
2194 5159 2351 5215 rogas
2378 5145 2445 5199 ad
2478 5144 2845 5215 precandum?
2869 5147 2937 5205 Ut
2964 5149 3016 5203 in
3047 5150 3287 5219 requiem
3317 5150 3504 5217 abeat,
3532 5151 3621 5207 in-

2011 5241 2163 5312 quies
2183 5283 2196 5303 ,
2230 5240 2277 5296 is
2305 5239 2394 5309 qui
2424 5248 2668 5295 mortuus
2693 5250 2777 5295 est
2801 5282 2815 5305 ,
2849 5251 2907 5295 ut
2940 5243 3230 5312 propitium
3262 5242 3457 5298 habeat
3482 5243 3625 5312 judi~

2010 5350 2149 5390 cem.
2182 5334 2256 5389 Ea
2301 5334 2461 5402 igitur
2487 5332 2556 5389 de
2585 5348 2747 5388 causa
2792 5334 2971 5403 ploras
3001 5345 3055 5389 et
3102 5335 3450 5404 ingemiscis?
3482 5335 3626 5407 Ergo

2014 5438 2188 5483 tecum
2215 5428 2329 5497 ipse
2363 5442 2565 5495 pugnas
2586 5468 2601 5490 ,
2634 5441 2758 5481 cum
2782 5426 2857 5480 illi
2886 5436 3232 5496 tempestates
3260 5443 3416 5497 paras
3442 5430 3531 5497 qui
3556 5429 3625 5483 ad

2017 5532 2225 5590 portum
2249 5518 2397 5573 abiit.
2432 5517 2499 5571 Et
2526 5518 2652 5587 quid
2686 5518 2912 5573 faciam?
2941 5520 3185 5589 inquies:
3219 5520 3270 5573 id
3299 5529 3487 5574 natura
3512 5521 3627 5575 exi-

2012 5615 2108 5685 git.
2151 5612 2265 5666 Non
2297 5619 2381 5666 est
2419 5620 2625 5665 naturae
2664 5611 2819 5680 culpa
2862 5625 3036 5679 neque
3074 5626 3257 5665 rerum
3297 5611 3498 5674 seriei;
3530 5611 3625 5666 sed

2078 5726 2151 5789 (a)
2176 5723 2461 5789 Deprtelica
2484 5723 2599 5789 vide
2618 5724 2937 5789 Antiquit.gfr.
2960 5724 3182 5789 5,713.“,
3207 5732 3261 5775 et
3281 5724 3349 5774 de
3372 5721 3626 5775 ftis-nis»

2016 5784 2119 5838 tem
2135 5784 2345 5850 praeficae
2368 5784 2770 5850 Supplementum
2790 5793 2843 5835 Τ.
2868 5786 2918 5845 5,
2939 5800 2987 5849 p.
3016 5787 3092 5835 li.
