4066 6450
460 375 566 433 575

464 848 787 908 credendam
812 841 1145 901 inducemus,
1185 845 1309 887 cum
1330 826 1503 897 magis
1524 836 1681 893 quam
1709 818 1798 873 ille
1823 820 2050 869 mortem

464 945 781 998 horreamus
821 942 876 989 et
902 924 1221 986 timeamus?
1263 921 1412 977 Multi
1437 926 1584 975 certe
1609 929 1674 969 ex
1717 908 2047 998 gentilibus",

465 1034 553 1101 qui
602 1024 1053 1087 inmortalitatem
1095 1031 1202 1073 non
1245 1009 1577 1101 credebant,
1604 1001 1842 1101 mortuis
1892 997 2049 1101 filiis,

467 1093 713 1195 imposita
735 1118 835 1173 sibi
856 1126 1053 1171 corona
1078 1110 1179 1182 (a),
1198 1114 1401 1162 vestem
1428 1097 1707 1156 candidam
1741 1093 2049 1195 induerunt,

467 1227 524 1271 ut
547 1181 1135 1285 prmsentem'gloriam
1182 1200 1610 1263 aucuparentur;
1644 1197 1698 1242 tu
1729 1198 1859 1241 vero
1888 1197 1955 1239 ne
1972 1181 2055 1285 Iob

470 1273 698 1362 futuram
736 1273 954 1370 quidem
998 1290 1222 1363 gloriam
1249 1298 1432 1341 cessas
1458 1280 1764 1337 effeminato
1792 1289 1944 1331 more
1972 1273 2050 1325 la-

470 1395 718 1462 mentari,
739 1400 795 1448 et
815 1389 1087 1460 plangere.
1111 1380 1218 1438 Sed
1245 1377 1498 1434 heredem
1534 1388 1638 1428 non
1668 1370 1850 1432 habes,
1879 1379 2054 1462 neque

468 1454 871 1544 successorem?
896 1454 1030 1544 Quid
1062 1487 1188 1526 vero
1216 1468 1402 1532 malis,
1435 1466 1695 1519 bonorum
1721 1470 1933 1513 tuorum
1960 1454 2054 1507 he-

468 1578 649 1635 redem
680 1587 800 1629 esse
819 1612 834 1637 ,
860 1583 934 1624 an
964 1561 1254 1620 caelorum?
1282 1558 1407 1630 quid
1451 1554 1637 1620 malis,
1668 1567 1735 1607 an
1768 1559 1825 1603 ut
1852 1548 1938 1603 ille
1966 1556 2052 1600 tua

469 1668 698 1735 excipiat
722 1664 879 1725 bona,
911 1673 1029 1728 qum
1060 1652 1209 1709 brevi
1238 1646 1586 1719 relinquenda
1622 1651 1809 1735 erunt,
1833 1654 1901 1735 an
1934 1651 2051 1735 ma—

471 1728 653 1815 nent-ia
674 1762 981 1821 internoque
1007 1744 1183 1802 bona?
1211 1743 1363 1797 lllttm
1387 1736 1638 1793 heredem
1660 1748 1767 1787 non
1797 1728 2050 1795 habuisti,

470 1850 566 1906 sed
590 1840 775 1903 habuit
817 1843 956 1897 Deus
984 1857 996 1893 :
1031 1852 1134 1891 non
1160 1833 1254 1887 fuit
1282 1830 1508 1886 coheres
1536 1826 1758 1880 fratrum
1791 1834 2011 1875 suorum
2034 1859 2047 1881 ,

470 1942 564 1997 sed
593 1938 693 1994 fuit
717 1934 936 1992 Christi.
956 1932 1037 1986 Et
1058 1927 1143 1984 cui
1168 1933 1367 1991 vestes,
1398 1920 1625 1990 inquies,
1653 1916 1739 1971 cui
1766 1912 1909 1968 aedes
1928 1954 1944 1977 ,
1968 1911 2053 1965 cui

473 2046 656 2088 servos
699 2036 753 2082 et
800 2040 955 2097 agros
995 2014 1396 2089 relinquemus?
1438 2012 1537 2082 lpsi
1571 2007 1846 2079 profecto,
1877 2014 1931 2060 et
1978 1997 2057 2058 sic

472 2125 635 2179 tutius
664 2132 891 2189 repones
913 2157 928 2179 ,
960 2128 1116 2185 quam
1144 2111 1189 2165 si
1220 2109 1420 2163 viveret
1444 2123 1459 2170 ;
1495 2102 1625 2157 nihil
1651 2100 1850 2171 quippe
1878 2096 2054 2151 toim-

472 2214 637 2286 pedit.
667 2211 796 2266 Nam
824 2206 871 2262 si
900 2203 1110 2259 barbari
1140 2216 1242 2255 una
1266 2214 1386 2254 cum
1411 2193 1679 2254 defunctis
1700 2206 1793 2286 res
1816 2192 2051 2286 ipsorum

470 2282 711 2360 cremare
734 2298 908 2353 solent
928 2336 943 2359 ,
971 2294 1138 2347 multo
1162 2291 1333 2360 magis
1353 2300 1403 2343 te
1425 2303 1520 2357 par
1543 2293 1626 2341 est
1650 2284 1715 2339 ad
1742 2282 2051 2338 defunctum

472 2395 683 2449 mittere
709 2404 771 2445 ea
800 2402 919 2456 qum
948 2385 1012 2438 ad
1043 2384 1218 2452 ipsum
1267 2381 1570 2450 pertinent,
1602 2389 1706 2430 non
1736 2386 1796 2428 ut
1822 2374 1875 2428 in
1900 2372 2052 2426 cine-

470 2500 583 2540 rem
614 2482 936 2537 reducantur
965 2486 1022 2532 ut
1051 2478 1135 2530 illa
1159 2518 1172 2541 ,
1201 2473 1297 2529 sed
1322 2481 1379 2527 ut
1421 2471 1678 2539 majorem
1720 2467 1794 2521 illi
1830 2465 2055 2537 gloriam

472 2575 678 2644 pariant
702 2588 716 2637 ;
748 2577 802 2624 et
826 2570 873 2622 si
902 2576 1147 2637 peccator
1171 2564 1423 2626 decessit,
1448 2568 1505 2615 ut
1533 2567 1750 2631 peccata
1776 2556 2054 2619 cluantur;

469 2667 512 2723 si
539 2666 735 2735 justus,
764 2671 821 2717 ut
850 2660 924 2715 illi
947 2656 1209 2714 mercedis
1235 2670 1297 2710 ac
1317 2650 1683 2709 retributionis
1708 2657 2052 2719 augmentum

469 2755 707 2811 accedat.
739 2753 807 2806 At
836 2751 1018 2805 videre
1043 2749 1218 2817 ipsum
1243 2743 1551 2801 desideras?
1597 2738 1856 2795 Eamdem
1898 2738 2056 2807 igitur

470 2858 632 2916 quam
662 2842 775 2911 ipse
812 2840 975 2894 vitam
1007 2836 1239 2905 transige
1264 2875 1279 2902 ,
1320 2842 1374 2889 et
1402 2832 1509 2888 cito
1537 2830 1626 2884 illa
1669 2843 1821 2883 sacra
1852 2827 2055 2880 visione

468 2933 682 2989 frueris.
710 2930 841 2987 Illud
871 2930 1032 2983 etiam
1059 2927 1231 2996 cogita
1253 2964 1268 2989 ,
1302 2932 1355 2979 te
1379 2923 1422 2978 si
1446 2936 1545 2977 nos
1566 2934 1674 2975 non
1701 2916 1968 2977 audieris,
2004 2916 2055 2968 in

470 3027 648 3081 futuro
675 3024 724 3077 id
767 3022 986 3075 omnino
1015 3028 1360 3086 experturum
1387 3028 1527 3068 esse.
1554 3011 1754 3066 Verum
1786 3009 1932 3063 nulla
1963 3007 2057 3062 tibi

469 3130 677 3172 merces
705 3116 804 3170 erit
832 3132 845 3167 :
879 3126 1000 3165 nam
1028 3126 1058 3163 a
1089 3105 1344 3178 temporis
1373 3103 1720 3159 diuturnitate
1757 3100 2057 3156 consolatio

474 3210 563 3265 illa
588 3209 679 3263 tibi
705 3205 940 3261 accedet.
973 3203 1029 3258 Si
1054 3216 1213 3273 porro
1240 3214 1381 3254 nunc
1408 3194 1773 3267 philosophari
1800 3192 2054 3259 volueris,

471 3303 577 3357 duo
608 3300 870 3371 prmeipua
914 3296 1238 3357 lucraberis;
1274 3302 1325 3346 te
1351 3291 1546 3360 quippe
1576 3304 1605 3343 a
1635 3288 1794 3344 malis
1824 3287 2056 3341 circum-

475 3393 738 3448 stantibus
763 3405 950 3453 erues,
980 3397 1033 3443 et
1062 3385 1423 3456 splendidiore
1459 3397 1655 3437 corona
1685 3397 1715 3437 a
1747 3381 1858 3435 Deo
1885 3378 2055 3433 dona-

473 3485 635 3539 beris.
662 3482 1070 3550 Eleemosynam
1092 3477 1233 3531 enim
1256 3476 1559 3542 multasque
1580 3474 1714 3528 alias
1732 3475 1952 3528 virtutes
1969 3486 2059 3525 suo

475 3583 623 3643 perat
652 3570 1011 3629 calamitatum
1055 3567 1353 3623 tolerantia.
1386 3565 1567 3635 Cogita
1603 3566 1773 3633 ipsum
1820 3558 1913 3618 Dei
1958 3561 2055 3617 Fi-

472 3665 600 3718 lium
631 3671 897 3716 mortuum
926 3673 1079 3723 esse;
1114 3657 1202 3711 ille
1235 3671 1332 3726 pro
1366 3665 1416 3711 te
1457 3665 1696 3709 mortuus
1724 3664 1841 3718 est,
1878 3663 1930 3706 tu
1961 3668 2060 3722 pro

473 3756 664 3824 teipso.
695 3753 833 3805 Dixit
854 3760 1032 3806 autem
1056 3768 1067 3801 :
1104 3748 1162 3804 Si
1189 3748 1422 3817 possibile
1450 3756 1542 3811 est,
1574 3756 1795 3800 transeat
1818 3763 1847 3799 α
1868 3762 1946 3800 me
1969 3762 2059 3799 ca-

475 3844 549 3899 lix
572 3844 662 3897 iste
685 3842 907 3914 (Matth.
930 3841 1021 3895 26.
1050 3839 1158 3911 '59)
1186 3858 1198 3892 :
1231 3854 1291 3893 ac
1321 3840 1533 3891 tristitia
1561 3853 1898 3907 mteroreque
1924 3838 2057 3892 aﬂ‘e-

473 3945 593 3990 ctus
620 3943 846 3988 mortem
879 3948 982 3988 non
1028 3932 1243 4000 effugit,
1279 3930 1373 3985 sed
1403 3931 1562 4002 etiam
1608 3930 1850 3999 plurimis
1893 3940 2063 3985 tortus

475 4026 793 4081 cruciatibus
815 4068 828 4087 ,
871 4034 1096 4079 mortem
1138 4022 1300 4076 subiit
1338 4037 1442 4075 non
1483 4021 1755 4090 vulgarem
1779 4063 1792 4086 ,
1822 4023 1915 4074 sed
1946 4036 2062 4076 om-

476 4120 623 4172 nium
664 4116 1023 4184 turpissimam
1058 4133 1072 4170 :
1115 4123 1170 4168 et
1206 4122 1329 4167 ante
1381 4103 1608 4167 mortem
1654 4112 1863 4182 ﬂagella
1892 4156 1905 4176 ,
1938 4124 2061 4168 ante

476 4209 681 4281 ﬂagella
715 4223 842 4263 vero
888 4206 1124 4261 convicia
1149 4246 1163 4267 ,
1196 4204 1494 4258 derisiones
1515 4244 1528 4265 ,
1576 4204 1925 4257 contumelias
1950 4243 1965 4269 ,
2013 4215 2063 4258 te

477 4303 762 4355 instituens
796 4298 861 4352 ad
901 4298 1077 4353 omnia
1112 4294 1320 4349 fortiter
1358 4293 1596 4349 ferenda.
1628 4292 1732 4349 Sed
1771 4304 1889 4363 post
1918 4310 2062 4348 mor—

479 4404 606 4455 tem,
642 4400 919 4461 postquam
949 4404 1143 4458 corpos
1172 4388 1513 4453 deposuerat,
1548 4384 1674 4439 illud
1705 4400 1826 4439 cum
1862 4386 2063 4454 majore

479 4484 650 4554 gloria
700 4478 1016 4551 resumpsit,
1063 4490 1216 4549 teque
1242 4478 1379 4533 bona
1408 4492 1503 4548 spe
1531 4476 1697 4530 fulcit.
1730 4477 1856 4531 Hice
1883 4478 1925 4531 si
1958 4494 2064 4533 non

482 4572 657 4627 fabula
706 4584 827 4626 sunt
853 4612 867 4638 ,
899 4588 965 4625 ne
995 4572 1171 4639 plores
1200 4588 1214 4622 ε
1250 4569 1364 4623 haec
1393 4568 1436 4621 si
1465 4567 1742 4622 credibilia
1772 4579 1924 4637 potas
1950 4612 1962 4633 ,
2000 4586 2065 4625 ne

484 4664 794 4735 lacrymerls
820 4680 832 4727 ς
867 4664 909 4716 si
939 4679 1061 4717 vero
1089 4662 1299 4717 ﬂeveris
1320 4702 1334 4726 ,
1366 4651 1635 4730 quomodo
1666 4661 1864 4728 poteris
1902 4663 2067 4731 genii-

486 4756 621 4809 libus
655 4755 975 4821 persuadere
1011 4764 1059 4805 ιε
1090 4768 1214 4807 vere
1244 4752 1503 4806 credere?

556 4847 607 4900 5.
647 4844 833 4897 Mortai
860 4860 957 4896 non
990 4844 1096 4895 sine
1121 4843 1269 4896 modo
1295 4843 1517 4911 lugendi.
1550 4871 1618 4880 ——
1651 4842 1713 4894 At
1758 4841 1845 4895 tibi
1890 4843 2063 4897 adhuc

488 4934 833 4989 intolerabilis
877 4947 1035 4986 casus
1058 4932 1150 4995 ille
1181 4931 1422 4985 videtur?
1471 4931 1610 4999 Ergo
1657 4946 1759 4983 non
1808 4931 2065 5001 lugendus

488 5028 607 5081 ideo
636 5024 724 5076 ille
750 5031 848 5087 est,
878 5023 963 5091 qui
994 5038 1020 5074 a
1054 5031 1132 5075 tot
1156 5022 1543 5076 calamitatibus
1570 5022 1677 5090 jam
1702 5032 1779 5075 est
1810 5024 1958 5077 liber.
1990 5025 2066 5078 Ne

484 5120 664 5184 itaque
710 5114 807 5182 ipsi
858 5112 1113 5166 invideas.
1162 5110 1292 5165 Nam
1344 5113 1433 5166 tibi
1467 5113 1535 5164 ob
1582 5115 1919 5167 immaturum
1952 5116 2067 5182 ejus

487 5206 689 5259 obitum
719 5213 943 5257 mortem
977 5213 1162 5273 optare
1188 5246 1201 5269 ,
1237 5204 1557 5273 lugereque”
1597 5205 1719 5272 quia
1764 5221 1869 5258 non
1896 5207 2020 5260 vivit
2050 5250 2063 5269 ,

489 5308 545 5351 ut
576 5296 699 5350 talia
732 5296 893 5349 multa
945 5296 1204 5365 patiatur,
1248 5297 1408 5350 invidi
1454 5308 1601 5352 certe
1645 5306 1744 5350 est.
1792 5298 1908 5354 Noli
1940 5316 2068 5370 ergo

491 5398 723 5456 cogitare
762 5387 933 5454 ipsum
977 5402 1262 5453 numquam
1301 5386 1514 5439 domum
1566 5400 1683 5440 esse
1731 5389 2065 5455 rediturum,

556 5535 1081 5612 (αλιξε-ξίεξιρίῴρῃιε
1102 5537 1291 5612 dicitur,
1313 5541 1472 5612 ipsum
1497 5553 1606 5589 cum
1630 5552 1885 5612 coronatus
1925 5545 2070 5591 sacri-

491 5596 675 5662 ﬂmiret,
699 5605 754 5644 ut
768 5596 947 5662 audivit
969 5596 1113 5662 ﬁlium
1136 5601 1183 5646 in
1206 5596 1449 5649 stantinrea
1477 5615 1631 5662 pugna
1655 5604 1907 5662 cecidisse,
1935 5618 2069 5653 coro-

493 5670 605 5707 nam
639 5658 949 5729 deposuisse,
999 5661 1082 5729 ubi
1106 5673 1234 5725 “vero
1277 5663 1453 5729 acriter
1477 5658 1793 5729 pugnantem
1828 5658 2069 5716 corruisse

496 5722 745 5778 comperit,
774 5732 994 5768 coronam
1010 5722 1186 5771 iterum
1209 5724 1349 5785 capiti
1374 5722 1672 5784 inijioSItisse.

1166 357 1224 411 S.
1264 345 1542 409 JOANNIS
1578 326 2057 398 CllﬂYSOSTOMI

2163 324 2421 381 RCIIIEP.
2464 317 3004 380 CONSTANTINOP.

3645 312 3749 369 εἴθ

2153 438 2249 495 sed
2280 448 2333 493 te
2373 437 2523 494 brevi
2568 437 2635 493 ad
2667 438 2814 494 illum
2856 451 2978 493 esse
3015 436 3387 508 migraturum.
3426 433 3506 490 Ne
3542 434 3752 504 cogites

2155 532 2329 601 ipsum
2358 545 2463 585 non
2496 531 2635 586 ultra
2666 529 2771 585 huc
2798 543 2921 586 esse
2949 537 3235 585 venturum
3256 570 3273 594 ,
3302 526 3398 583 sed
3428 528 3603 597 cogita
3638 525 3752 580 ha-c

2154 620 2383 676 visibilis
2407 637 2510 675 non
2543 622 2615 676 ita
2639 631 2698 677 nt
2719 628 2845 676 sunt
2872 634 3124 676 mansura
3149 661 3166 687 ,
3192 621 3289 678 sed
3318 619 3751 678 transformanda

2154 728 2295 769 csse.
2327 712 2456 767 Nam
2498 714 2696 770 coelum
2718 755 2736 781 ,
2765 721 2936 777 terra,
2963 728 3113 768 mare
3157 722 3214 768 et
3255 714 3434 769 omnia
3481 724 3753 769 transmu-

2155 813 2370 871 tautur,
2419 815 2659 877 tuncque
2693 805 2863 861 illium
2901 817 3052 861 tuum
3090 808 3321 878 recipies
3352 808 3543 878 majori
3566 806 3741 877 gloria

2158 899 2626 954 eoronatum‘.Et
2644 895 2691 952 si
2716 897 2937 967 quidem
2972 907 3229 968 peccator
3258 900 3391 954 abiit
3415 937 3432 960 .
3480 898 3743 967 nequitia

2157 1002 2346 1044 cursus
2366 987 2691 1058 interceptus
2709 986 2827 1052 fuit;
2849 1001 3024 1057 neque
3042 987 3186 1041 enim
3206 985 3251 1042 si
3265 987 3579 1043 mutandum
3601 986 3753 1043 illum

2158 1078 2275 1134 fore
2304 1079 2443 1134 Deus
2470 1078 2806 1149 praevidisset
2826 1117 2843 1144 ,
2875 1078 3020 1132 illum
3051 1085 3176 1132 ante
3207 1078 3577 1147 paenitentiam
3610 1078 3757 1132 abri-

2159 1171 2362 1241 puisset
2380 1186 2395 1234 ;
2414 1170 2458 1224 si
2483 1183 2615 1225 vero
2622 1168 2801 1238 justus
2819 1168 3068 1224 discessit
3084 1210 3098 1234 ,
3130 1168 3182 1222 in
3206 1177 3322 1223 tuto
3348 1168 3487 1223 bona
3508 1184 3604 1224 sua
3628 1183 3755 1240 pos

2157 1261 2309 1318 sidat.
2384 1259 2539 1317 Unde
2597 1261 2937 1316 manifestum
2994 1270 3077 1316 est
3129 1260 3401 1334 laerymas
3466 1272 3587 1319 tuas
3642 1276 3755 1319 non

2157 1368 2277 1409 esse
2329 1354 2592 1425 lacrymas
2640 1355 2864 1418 amoris,
2915 1354 3011 1410 sed
3067 1354 3451 1412 irrationabilis
3502 1356 3753 1413 affectus.

2156 1443 2289 1499 Nam
2336 1446 2379 1499 si
2429 1446 2738 1501 defunctum
2791 1460 3005 1501 amares
3032 1488 3047 1511 ,
3093 1446 3329 1517 gaudere
3375 1456 3650 1516 oporteret
3700 1459 3760 1504 et

2158 1538 2325 1593 laetari
2354 1580 2368 1602 .
2420 1538 2564 1608 quod
2614 1553 2645 1593 a
2684 1540 3038 1609 praesentibus
3088 1538 3337 1597 ﬂuctibus
3387 1540 3459 1595 sit
3511 1549 3755 1611 ereptus.

2156 1631 2296 1701 Quid
2355 1631 2498 1687 enim
2558 1633 2827 1702 amplius,
2897 1634 3135 1701 quaso,
3182 1632 3368 1688 videre
3428 1634 3555 1689 est?
3616 1633 3759 1701 Quid

2148 1712 2430 1782 insolitum
2497 1735 2553 1781 et
2615 1727 2860 1783 novum?
2922 1726 3112 1783 Nonne
3177 1727 3365 1782 eadem
3436 1729 3549 1798 ipsa
3616 1744 3757 1799 quo-

2159 1819 2287 1874 tidie
2306 1820 2507 1875 revolvi
2529 1818 2808 1875 videmus?
2832 1818 2979 1875 Diem
3006 1832 3113 1873 nox
3136 1818 3356 1887 excipit,
3381 1828 3590 1874 noctem
3614 1820 3757 1885 dies.

2159 1910 2393 1966 hiemem
2434 1918 2625 1976 aestas,
2646 1917 2896 1966 mstatem
2929 1910 3101 1965 hiems
3122 1952 3137 1974 ,
3169 1919 3225 1965 et
3252 1909 3380 1965 nihil
3412 1912 3661 1981 amplius.
3693 1911 3762 1967 Et

2160 2000 2275 2057 haec
2299 2000 2512 2071 quidem
2534 2016 2749 2071 semper
2775 2000 2962 2057 eadem
2994 2019 3007 2055 :
3039 2001 3177 2055 mala
3207 1997 3334 2057 vero
3363 2017 3579 2072 semper
3609 2004 3760 2059 inso-

2159 2093 2249 2147 lita
2292 2101 2347 2149 et
2387 2107 2546 2147 nova.
2593 2092 2720 2148 Haec
2760 2108 2892 2163 ergo
2932 2093 3150 2150 volebas
3177 2093 3324 2147 illum
3355 2096 3595 2165 quotidie
3622 2096 3761 2150 hau-

2158 2187 2265 2243 rire
2293 2189 2354 2250 ’,
2396 2196 2450 2242 et
2494 2188 2579 2243 hic
2619 2202 2865 2252 manere,
2914 2198 3207 2258 :egrotare,
3260 2187 3476 2258 lugere,
3530 2190 3759 2256 timere,

2159 2288 2423 2344 tremere,
2470 2288 2527 2335 et
2571 2280 2673 2334 alia
2724 2279 2847 2334 mali
2888 2278 3030 2349 pati,
3072 2278 3176 2334 alia
3216 2278 3548 2335 formidare?
3574 2279 3764 2349 Neque

2159 2370 2300 2425 enim
2323 2371 2501 2425 dicere
2528 2371 2691 2433 ausis,
2724 2370 2964 2440 potuisse
2989 2371 3139 2425 illum
3167 2372 3382 2441 longum
3409 2370 3511 2426 hoc
3540 2371 3763 2442 pelagus

2162 2461 2546 2531 trajicientem,
2578 2462 2898 2518 mmroribus
2937 2461 3485 2531 sollicitudinibusque
3528 2476 3759 2516 vacuum

2162 2567 2303 2609 esse.
2329 2552 2408 2607 Ad
2437 2553 2846 2623 haeeperpende
2872 2561 2923 2607 te
2950 2569 3056 2608 non
3084 2553 3336 2624 genuisse
3367 2555 3757 2621 immortalem;

2159 2658 2222 2699 ac
2242 2644 2285 2697 si
2316 2659 2421 2698 non
2447 2644 2556 2713 jam
2585 2654 2825 2699 mortuus
2846 2661 2921 2700 εει
2934 2654 3006 2707 ει,
3040 2646 3198 2715 paulo
3227 2653 3407 2714 postea
3437 2648 3759 2703 moriturum

2161 2733 2341 2789 fuisse.
2388 2737 2456 2790 At
2496 2752 2599 2791 non
2627 2738 2849 2793 satiatus
2872 2753 2995 2794 ems
3024 2738 3166 2792 illius
3191 2739 3582 2796 consuetudine
3603 2740 3629 2792 ?
3654 2739 3762 2797 Sed

2161 2831 2232 2885 ibi
2250 2847 2460 2901 semper
2483 2834 2572 2888 illo
2597 2833 2807 2889 frueris.
2840 2835 2907 2890 At
2938 2835 3102 2890 velles
3131 2834 3216 2890 hic
3246 2834 3416 2905 ipsum
3442 2836 3671 2892 videre?
3697 2837 3765 2893 Et

2161 2923 2285 2991 quid
2331 2924 2512 2977 vetat?
2548 2923 2699 2980 Licet
2742 2924 2837 2980 tibi
2886 2925 3035 2979 illum
3066 2927 3269 2993 videre,
3299 2928 3343 2981 si
3377 2928 3556 2997 sapias
3589 2946 3603 2982 :
3637 2942 3767 2998 spes

2162 3016 2305 3070 enim
2352 3016 2647 3073 futurorum
2696 3019 2812 3087 ipso
2853 3018 2966 3072 visu
3010 3018 3206 3074 clarior
3234 3028 3333 3074 est.
3365 3018 3444 3074 Tu
3476 3034 3605 3075 vero
3632 3022 3676 3075 si
3707 3022 3763 3075 in

2163 3108 2308 3178 regia
2352 3118 2528 3174 esset,
2581 3110 2757 3180 ibique
2806 3109 3055 3177 ﬂoreret,
3107 3126 3211 3164 non
3262 3111 3552 3181 quaesisses
3609 3112 3763 3167 illum

2164 3200 2345 3256 videre
2390 3217 2405 3253 :
2450 3215 2514 3255 ac
2559 3216 2678 3255 cum
2716 3201 2781 3254 ad
2811 3201 2967 3271 longe
2994 3203 3271 3257 meliorem
3298 3212 3500 3258 sortem
3525 3202 3762 3269 abierit,

2164 3300 2379 3361 propter
2408 3306 2635 3361 parvum
2659 3291 2914 3348 absentiae
2946 3301 3153 3363 tempus
3177 3294 3358 3349 animo
3385 3294 3571 3351 deficis
3589 3336 3604 3359 ,
3636 3311 3765 3351 cum

2165 3384 2399 3441 maxime
2440 3395 2742 3441 consortem
2787 3396 2960 3441 tecum
3006 3386 3245 3442 habeas?
3286 3386 3392 3443 Sed
3439 3389 3613 3443 virum
3652 3403 3765 3444 non

2168 3476 2331 3531 habes
2351 3478 2374 3529 ?
2398 3476 2468 3531 At
2509 3479 2901 3533 consolatorem
2946 3478 3111 3533 habes
3146 3479 3358 3534 Patrem
3392 3479 3764 3549 orphanorum

2168 3576 2223 3622 et
2247 3568 2489 3624 Judicem
2523 3568 2823 3623 viduarum.
2856 3567 2994 3623 Audi
3024 3569 3245 3624 Paulum
3278 3569 3417 3625 hanc
3445 3570 3767 3628 viduitatem

2166 3659 2375 3714 beatam
2404 3659 2789 3731 praedicantem
2815 3698 2831 3724 ,
2872 3674 2935 3715 ac
2960 3660 3228 3716 dicentem
3262 3680 3275 3715 :
3309 3662 3437 3728 ρυω
3458 3674 3625 3717 autem
3650 3679 3770 3719 ure

2165 3751 2318 3804 vidua
2346 3762 2417 3806 est
2437 3760 2484 3806 et
2510 3738 2741 3806 solitaria
2765 3752 2984 3820 speravit
3011 3753 3063 3806 in
3094 3751 3314 3810 Domino
3338 3756 3415 3825 (l.
3437 3754 3572 3812 Tim.
3604 3758 3659 3813 5.
3680 3757 3765 3831 5).

2167 3841 2379 3896 Etenim
2412 3841 2526 3896 haec
2556 3841 2831 3910 probatior
2857 3842 2975 3907 erit,
3000 3859 3121 3912 qum
3152 3845 3406 3914 majorem
3433 3847 3742 3905 exhibuerit

2168 3932 2495 4001 patientiam.
2534 3931 2648 3987 Noli
2682 3934 2839 4003 igitur
2865 3933 3047 4004 lugere
3074 3935 3141 3989 de
3168 3951 3228 3990 ea
3258 3951 3315 3991 re
3340 3952 3458 4007 qua:
3485 3938 3578 3993 tibi
3609 3954 3770 3995 coro-

2168 4040 2290 4079 nam
2334 4034 2519 4095 parat,
2563 4026 2631 4081 de
2674 4042 2775 4095 qua
2825 4027 3127 4082 mercedem
3174 4029 3429 4097 postulas.
3460 4030 3770 4091 Reddidisti

2166 4117 2309 4171 enim
2355 4116 2695 4185 depositum,
2728 4118 2772 4172 si
2806 4118 2857 4171 id
2883 4118 3023 4187 quod
3057 4118 3147 4174 tibi
3175 4120 3436 4175 creditum
3459 4132 3577 4178 erat
3606 4124 3771 4179 exhi-

2167 4207 2351 4262 buistl.
2378 4206 2455 4262 Ne
2484 4208 2557 4261 sis
2589 4222 2717 4277 ergo
2743 4209 2967 4263 sollicita
2988 4250 3002 4274 ,
3033 4210 3078 4265 si
3112 4210 3163 4263 in
3188 4209 3443 4267 thesauro
3468 4213 3768 4271 inviolabili

2169 4300 2309 4372 quod
2354 4300 2666 4371 possidebas
2706 4300 3017 4370 deposuisti.
3050 4300 3105 4357 Si
3139 4317 3298 4371 porro
3327 4303 3615 4369 didiceris,
3644 4323 3772 4378 qua:

2169 4394 2239 4448 sit
2262 4408 2497 4464 prmsens
2519 4394 2619 4447 vita
2644 4435 2659 4459 ,
2678 4408 2798 4462 qua:
2829 4392 3039 4458 futura;
3070 4394 3322 4465 quodque
3344 4395 3456 4450 hinc
3478 4397 3548 4451 sit
3568 4413 3769 4456 aranea

2169 4491 2225 4539 et
2242 4484 2445 4551 umbra,
2462 4483 2637 4538 omnia
2658 4498 2784 4538 vero
2810 4499 2929 4554 qua:
2954 4484 3005 4537 iu
3023 4484 3108 4537 illa
3127 4492 3271 4548 sunt,
3303 4486 3518 4540 immota
3544 4488 3772 4545 immor—

2173 4575 2427 4644 taliaque,
2460 4590 2564 4629 non
2610 4576 2715 4629 alio
2744 4576 2923 4645 egebis
2970 4589 3239 4630 sermone.
3270 4575 3422 4632 Nunc
3449 4579 3592 4635 enim
3624 4582 3771 4637 filius

2172 4675 2291 4719 tuus
2312 4667 2380 4720 ab
2398 4668 2542 4721 omni
2563 4667 2856 4720 mutatione
2873 4676 3087 4734 ereptus
3104 4676 3184 4720 est
3210 4683 3223 4719 :
3247 4668 3290 4722 si
3314 4677 3491 4724 autem
3510 4671 3597 4726 hic
3616 4687 3771 4727 man-

2171 4760 2344 4823 sisset,
2376 4759 2507 4814 forte
2524 4760 2714 4825 bonus,
2731 4761 2866 4815 forte
2891 4760 3061 4813 multis
3083 4760 3286 4815 futurus
3308 4771 3440 4817 erat.
3466 4766 3663 4820 Annon
3686 4768 3771 4822 vi-

2170 4853 2423 4921 des,quot
2452 4851 2693 4905 homines
2716 4851 2851 4905 ﬁlios
2881 4866 3005 4905 suos
3033 4850 3306 4905 abdicaui?
3326 4861 3377 4906 et
3396 4865 3524 4924 quot
3555 4858 3769 4927 pejores

2170 4945 2424 5000 abdicatis
2444 4952 2704 5013 coguntur
2730 4942 2870 4996 (Ιοιιιὶ
2894 4942 3148 4998 retinere?
3174 4944 3295 5001 Haec
3321 4947 3499 5016 itaque
3516 4949 3565 5001 in
3584 4960 3770 5007 mente

2175 5046 2445 5091 versantes
2460 5035 2915 5105 philosophemur:
2938 5036 3007 5088 ita
3026 5037 3167 5090 enim
3186 5045 3238 5091 et
3254 5036 3503 5092 defuncto
3513 5044 3653 5110 grati
3671 5045 3773 5097 eri-

2173 5141 2310 5190 mus,
2329 5136 2383 5179 et
2407 5127 2542 5193 apud
2562 5125 2804 5180 homines
2822 5125 3000 5180 multis
3020 5125 3259 5181 laudibus
3280 5126 3539 5195 fruemur,
3554 5141 3718 5203 atque
3736 5150 3769 5190 a

2177 5220 2285 5273 Deo
2308 5234 2547 5288 magnam
2570 5220 2837 5288 patientiae
2865 5218 3164 5274 mercedem
3189 5220 3507 5290 referemus,
3525 5234 3769 5281 interna-

2172 5298 2274 5380 que
2291 5311 2426 5372 bona
2443 5325 2832 5380 consequemur
2852 5327 2865 5373 ;
2892 5327 3011 5381 qua:
3042 5320 3242 5367 utinam
3267 5330 3364 5369 nos
3390 5330 3580 5371 omnes
3602 5320 3772 5390 adipi-

2173 5417 2400 5466 scamur,
2427 5404 2590 5471 gratia
2613 5412 2667 5457 et
2695 5403 3019 5473 benignitate
3048 5404 3255 5460 Domini
3276 5410 3440 5462 nostri
3455 5408 3583 5464 Jesn
3607 5410 3773 5466 Chri-

2174 5494 2263 5560 sti,
2276 5494 2359 5548 cui
2377 5494 2542 5564 gloria
2556 5503 2609 5549 et
2630 5494 2989 5565 imperium,in
3003 5497 3195 5552 saecula
3213 5499 3550 5555 saeculorum.
3568 5501 3742 5557 Amen

2176 5593 2575 5719 ῥέξαέῐῗᾶὼΒεηη
2592 5598 2795 5656 tuncque
2817 5594 2979 5645 omnia
3000 5610 3107 5646 cum
3151 5611 3339 5661 majore
3366 5598 3522 5661 gloria
3544 5602 3758 5664 accipiet

2242 5729 2263 5759 ι
2294 5724 2400 5785 Alii,
2424 5723 2604 5776 videre.
