4066 6430
298 349 403 404 577

1205 338 1269 396 IN
1309 331 1718 395 IATTHEUH
1760 331 1992 389 lIOMlL.
2035 331 2252 387 XXXII.
2296 333 2368 388 al.
2411 334 2650 392 XXXIII.

3534 344 3636 402 578

303 472 3626 518 “"—"'—"—“"-————————'—_———"————1——-———

1430 545 1782 610 HOMILIA
1827 543 2109 607 XXXII.
2156 543 2243 606 al.
2290 545 2592 611 XXXIII.

305 713 437 770 Car.
485 712 541 768 9.
589 726 642 763 ν.
680 707 774 763 27.
819 703 888 759 Et
942 702 1295 773 proﬁciscente
1337 697 1459 751 inde
1512 693 1675 760 .Iesu,
1717 687 1916 759 sequuti

383 813 500 858 sunt
542 816 654 855 eum
681 798 786 852 duo
815 797 933 852 ccci
952 834 968 860 ,
996 793 1275 852 clamantes
1303 797 1351 843 et
1376 787 1596 842 dicentes
1627 798 1645 836 :
1673 780 1918 836 Miserere

383 893 563 959 nostri,
585 890 664 959 ﬁli
692 886 877 942 Dauid.
901 886 991 940 28.
1022 881 1227 937 Etcum
1251 878 1466 933 uenisset
1489 876 1542 929 in
1571 874 1800 937 domum,
1824 885 1914 923 ac-

381 989 632 1040 cesserunt
652 979 722 1034 ad
749 995 864 1032 eum
885 977 987 1029 duo
1001 973 1123 1029 ccci
1151 986 1172 1025 :
1195 979 1242 1024 et
1267 969 1391 1023 dicit
1411 967 1483 1022 eis
1505 965 1658 1020 Iesus
1688 978 1707 1016 :
1733 959 1914 1017 Credi-

383 1079 448 1133 tis
489 1076 610 1145 quia
635 1073 732 1127 hoc
758 1085 961 1141 possunt
997 1064 1203 1137 facere?
1232 1062 1416 1117 Dicunt
1443 1059 1488 1113 ei
1508 1101 1523 1122 ,
1555 1056 1769 1128 Utique,
1807 1051 1916 1107 Do—

384 1170 540 1224 mine.
574 1165 665 1222 29.
712 1163 854 1217 Tunc
892 1159 1051 1228 tetigit
1078 1155 1254 1211 oculos
1277 1169 1450 1214 eorum
1477 1151 1685 1212 dicens,
1715 1147 1914 1203 Secun-

384 1261 509 1315 dum
529 1257 683 1327 ﬁdem
703 1265 917 1310 vestram
944 1250 1036 1320 ﬁat
1061 1247 1218 1303 vobis.
1245 1245 1335 1302 50.
1364 1242 1434 1297 Et
1453 1241 1615 1312 aperti
1636 1249 1755 1296 sunt
1778 1238 1914 1294 oculi

385 1368 580 1407 eorum.

388 1444 442 1498 l.
491 1440 601 1497 Cur
643 1439 762 1493 illos
798 1435 1092 1492 clamantes
1119 1427 1426 1501 protrahit?
1455 1425 1552 1481 llic
1572 1441 1784 1480 rursum
1817 1436 1916 1478 nos

313 1536 543 1593 instituit
569 1532 635 1588 ad
665 1544 853 1585 vanam
877 1528 1103 1598 gloriam
1131 1522 1457 1593 fugiendam.
1488 1519 1620 1586 Quia
1643 1519 1787 1573 enim
1814 1517 1913 1570 do-

315 1645 436 1687 mus
462 1646 495 1685 e
519 1628 696 1682 vicino
719 1631 856 1686 erat,
877 1621 1003 1676 illuc
1032 1617 1184 1674 duxit
1213 1625 1400 1681 eos,ut
1420 1612 1646 1668 seorsitn
1677 1617 1911 1665 sanaret.

313 1724 478 1792 quue
524 1720 700 1790 palam
744 1724 829 1772 est
871 1729 938 1770 ex
974 1727 1042 1768 eo
1069 1709 1211 1780 quod
1245 1707 1599 1780 praeceperit,
1628 1714 1685 1758 ut
1715 1703 1914 1758 nemini

312 1815 576 1871 dicereut.
623 1809 808 1879 Neque
847 1819 1036 1877 parum
1071 1801 1242 1858 ιιιόωί
1275 1799 1397 1854 inde
1426 1797 1740 1865 culpantur,
1773 1794 1913 1864 quod

315 1906 368 1962 hi
389 1949 404 1973 ,
432 1904 628 1977 quibus
646 1899 827 1957 nullus
849 1898 1128 1954 oculorum
1158 1909 1286 1950 usus
1317 1900 1433 1948 erat
1455 1934 1470 1958 ,
1498 1905 1564 1944 ex
1591 1888 1775 1944 auditu
1798 1889 1916 1942 solo

313 1997 476 2054 ﬁdem
516 1993 746 2064 amplexi
774 1991 887 2046 sint
915 2007 930 2044 :
963 1988 1037 2044 illi
1061 1996 1239 2042 autem
1263 1984 1519 2039 miracula
1549 1982 1789 2036 videntes
1809 2022 1824 2045 ,
1853 1995 1917 2035 ac

316 2099 482 2144 testes
529 2086 790 2140 habentes
833 2083 980 2153 ipsos
1022 2078 1248 2145 oculos,
1279 2086 1464 2132 contra
1496 2090 1656 2144 quam
1682 2073 1808 2129 caeci
1840 2071 1919 2126 fa-

311 2180 476 2235 ciant.
504 2175 642 2230 Vide
673 2184 852 2228 autem
894 2171 1106 2226 illorum
1145 2168 1308 2223 animi
1337 2167 1587 2221 ardorem
1614 2172 1727 2219 tum
1752 2177 1783 2218 a
1807 2162 1919 2218 cla-

315 2287 466 2327 more
489 2311 505 2335 ,
547 2277 656 2324 tum
685 2266 756 2323 ab
788 2266 901 2336 ipsa
929 2261 1179 2334 precandi
1210 2261 1434 2316 ratione.
1464 2257 1581 2312 Non
1608 2257 1752 2312 enim
1783 2255 1917 2311 sim-

316 2367 526 2438 pliciter
561 2367 938 2424 accesserunt;
978 2357 1071 2413 sed
1103 2370 1290 2425 magna
1318 2368 1449 2409 voce
1473 2351 1768 2408 clamantes
1788 2391 1804 2417 ,
1839 2349 1920 2404 ni-

315 2457 390 2512 hil
425 2454 574 2511 aliud
612 2468 772 2526 quam
824 2451 1068 2506 Miserere
1106 2446 1464 2518 proferentes.
1506 2444 1703 2499 Filium
1734 2450 1918 2498 autem

315 2550 530 2608 Davidls
575 2546 918 2619 appellabant
938 2585 955 2610 ,
999 2541 1122 2612 quia
1151 2539 1508 2595 honoriﬁcum
1539 2553 1735 2593 nomen
1768 2534 1920 2592 vide-

314 2642 472 2699 batur
498 2655 642 2697 esse.
676 2639 833 2709 Saepe
863 2651 1093 2707 namque
1119 2632 1394 2704 propheta:
1421 2647 1577 2703 reges
1598 2631 1721 2687 illos
1741 2670 1756 2696 ,
1785 2644 1920 2701 quos

315 2735 584 2792 honorare
633 2745 962 2804 magnosque
989 2728 1284 2800 praedicare
1313 2726 1566 2781 volebant
1587 2767 1600 2792 ,
1630 2725 1711 2779 sic
1737 2724 1924 2792 appel-

317 2827 500 2883 labant
547 2825 759 2897 (Bacch.
802 2823 892 2879 54.
941 2822 1032 2876 25,
1086 2818 1247 2873 Zach.
1296 2817 1384 2872 12.
1415 2816 1492 2886 8).
1524 2818 1751 2873 Domum
1787 2829 1919 2868 vero

315 2922 596 2986 adductos,
625 2917 861 2974 secundo
881 2918 1195 2985 interrogat.
1229 2910 1295 2968 Ut
1319 2910 1606 2982 plurimum
1634 2909 1778 2964 enim
1803 2914 1920 2961 stu-

316 3015 478 3071 debat
521 3011 885 3083 supplicanles
911 3023 1103 3064 sanare
1121 3048 1136 3075 ,
1164 3023 1232 3062 ne
1263 3005 1384 3076 quis
1412 3012 1626 3075 putaret
1648 3005 1822 3073 ipsum
1852 3001 1919 3056 ad

317 3107 573 3166 miracula
600 3104 856 3178 patranda
889 3119 985 3174 per
1013 3100 1426 3157 ostentationem
1459 3098 1667 3153 insilire
1698 3114 1712 3146 :
1746 3111 1921 3167 neque

318 3216 380 3256 ea
421 3199 596 3256 solum
641 3197 709 3252 de
751 3209 948 3252 causa.
994 3193 1087 3247 sed
1112 3193 1272 3248 etiam
1306 3200 1365 3244 ut
1389 3189 1702 3245 ostenderet
1729 3186 1922 3256 dignos

318 3293 436 3348 illos
483 3306 604 3346 esse
643 3289 732 3360 qui
772 3294 1129 3351 curarentur;
1173 3293 1226 3338 et
1262 3297 1330 3339 ne
1356 3285 1480 3351 quis
1507 3280 1748 3345 diceret,
1778 3278 1821 3332 si
1854 3292 1920 3331 ex

319 3382 686 3442 misericordia
737 3390 939 3434 tantum
989 3375 1246 3441 sanabat,
1285 3373 1590 3443 oportuisse
1617 3383 1807 3424 omnes
1836 3381 1923 3421 sa-

319 3495 489 3534 nare:
526 3475 685 3529 habet
726 3473 868 3526 enim
914 3467 1284 3524 misericordia
1328 3463 1613 3535 quamdam
1653 3464 1920 3516 rationem

317 3588 383 3627 ex
434 3569 538 3624 ﬁde
573 3566 870 3637 rogmtium
902 3563 1137 3631 petitam.
1167 3559 1350 3629 Neque
1379 3557 1498 3612 ideo
1529 3563 1732 3609 tantum
1761 3553 1920 3608 ﬁdem

317 3663 386 3718 ab
413 3661 518 3716 illis
545 3659 743 3728 exigit;
772 3654 866 3710 sed
897 3656 1017 3724 quia
1043 3653 1322 3717 dixerant,
1351 3648 1460 3703 Fili
1482 3647 1653 3703 David
1673 3688 1686 3712 ,
1717 3653 1777 3701 ut
1802 3644 1923 3699 illos

318 3756 384 3810 ad
411 3754 538 3825 quid
563 3752 842 3807 sublimius
864 3751 1125 3819 erigeret,
1153 3755 1207 3801 et
1232 3744 1455 3799 doceret
1483 3741 1608 3812 quid
1632 3741 1700 3795 de
1721 3754 1780 3795 se
1806 3739 1922 3793 evi-

320 3847 648 3903 stimandnm
678 3855 856 3910 esset,
880 3840 1228 3910 interrogavit
1262 3857 1276 3894 :
1308 3837 1524 3892 Creditis
1547 3835 1666 3906 quia
1691 3836 1788 3888 hoc
1807 3849 1924 3904 pos-

320 3961 429 3999 sum
475 3938 684 4012 facere?
708 3938 823 3992 Non
852 3935 1026 3998 dixit,
1061 3933 1292 3988 Creditis
1319 3930 1460 4001 quod
1498 3929 1699 3999 possim
1733 3940 1923 3996 rogare

323 4038 533 4094 Patrem
559 4048 768 4095 meum,
801 4029 883 4085 vel
911 4071 924 4092 ,
949 4026 1100 4095 Quod
1131 4027 1326 4096 possim
1355 4023 1562 4092 precari
1589 4039 1601 4084 ;
1637 4020 1753 4086 sed,
1775 4018 1926 4084 Quod

320 4146 421 4201 ego
462 4129 649 4199 possim
696 4125 790 4178 hoc
832 4124 1017 4193 facere.
1051 4119 1186 4186 Quid
1219 4128 1396 4170 autem
1425 4115 1544 4170 illi?
1577 4112 1794 4181 Utique,
1824 4110 1926 4165 Do-

323 4226 474 4278 mine.
518 4221 632 4275 Non
657 4218 764 4288 jam
797 4217 942 4271 illum
977 4214 1139 4267 lilium
1173 4209 1338 4265 David
1367 4215 1587 4270 vocant,
1618 4204 1710 4260 sed
1740 4203 1807 4258 ad
1840 4217 1927 4257 su-

322 4315 568 4371 blimiora
614 4311 830 4374 volant,
860 4290 927 4361 'et
966 4304 1248 4360 Dominum
1293 4301 1439 4354 illum
1467 4296 1814 4353 conﬁtentur.
1850 4295 1928 4348 Ac

324 4418 450 4464 tunc
491 4405 708 4460 demum
761 4414 976 4455 manum
1009 4395 1263 4465 imposuit
1288 4393 1501 4458 dicens,
1533 4388 1828 4445 Secundum
1859 4389 1926 4456 [i—

325 4502 438 4554 dem
483 4505 699 4550 uestram
727 4493 816 4561 ﬁat
841 4489 995 4544 vobis.
1029 4487 1083 4542 Id
1107 4502 1236 4540 vero
1263 4485 1426 4548 facit,
1461 4491 1519 4536 ιη
1551 4482 1708 4536 ﬁdem
1737 4495 1925 4535 eorum

324 4590 641 4649 conﬁrmet,
695 4583 1050 4652 ostendatque
1099 4580 1244 4649 ipsos
1295 4579 1345 4631 in
1395 4586 1600 4645 partem
1635 4574 1816 4642 cperis
1840 4588 1927 4624 ve-

326 4683 471 4736 nisse
501 4721 517 4742 ,
567 4693 628 4731 ac
679 4676 1014 4738 testiﬁcetur,
1067 4684 1173 4724 non
1226 4665 1550 4721 adulationis
1603 4663 1717 4717 haec
1766 4661 1926 4716 verba

324 4775 510 4828 fuisse.
559 4768 744 4839 Neque
789 4766 932 4821 enim
981 4762 1142 4828 dixit,
1183 4759 1506 4830 Aperiantur
1557 4754 1696 4810 oculi
1721 4754 1928 4821 vestri;

323 4866 442 4930 sed,
469 4863 764 4920 Secundum
792 4860 944 4929 ﬁdem
968 4865 1181 4910 vestram
1202 4854 1294 4922 fiat
1318 4850 1455 4905 vobis
1483 4865 1501 4903 :
1524 4849 1574 4904 id
1595 4847 1737 4920 quod
1765 4845 1927 4902 etiam

329 4961 513 5018 multis
559 4954 940 5011 accedentibus
984 4951 1144 5012 dicit,
1177 4955 1301 5001 ante
1328 4944 1573 5014 corporis
1593 4943 1926 4997 curationem

327 5053 488 5109 ﬁdem
520 5051 572 5104 in
600 5048 794 5102 animis
823 5053 1059 5099 statuere
1085 5041 1272 5095 volens
1296 5080 1311 5104 ,
1346 5047 1401 5091 ut
1431 5045 1485 5091 et
1515 5036 1635 5090 illos
1659 5033 1928 5090 celebrio-

327 5161 446 5207 rcs,
493 5149 549 5196 et
589 5141 724 5195 alios
761 5135 1108 5192 studiosiores
1147 5131 1416 5204 redderet.
1448 5129 1522 5182 Ita
1551 5136 1604 5182 et
1636 5128 1687 5181 in
1714 5125 1928 5195 paraly-

329 5239 432 5292 tico
479 5233 605 5289 facit
653 5250 666 5285 :
713 5238 997 5298 antequam
1042 5239 1237 5293 corpus
1287 5221 1558 5284 ﬁrmaret,
1591 5219 1824 5272 animam
1848 5217 1930 5284 jn-

323 5305 536 5388 cemem
588 5325 748 5395 erigit
789 5323 1021 5377 dicens:
1056 5317 1300 5385 Conﬁde.
1342 5315 1452 5383 ﬁli,
1493 5313 1819 5366 remittuntur
1845 5308 1931 5363 tibi

330 5431 536 5492 peccata
572 5427 658 5470 tua
679 5458 696 5481 ,
729 5413 960 5483 puellam
990 5424 1116 5463 vero
1155 5409 1220 5460 ab
1248 5422 1304 5460 se
1335 5406 1704 5458 resuscitatam
1735 5415 1929 5470 apprc-

331 5513 516 5569 hendit
542 5553 556 5576 ,
579 5520 633 5564 et
660 5524 753 5579 per
777 5507 953 5562 cibum
982 5502 1163 5557 docuit
1184 5500 1303 5569 quis
1332 5497 1428 5566 ipsi
1459 5495 1773 5550 beneﬁcium
1797 5507 1920 5546 con-

330 5605 538 5660 tulisset
558 5643 571 5664 ,
603 5603 654 5655 in
683 5597 1001 5654 centurione
1031 5592 1277 5647 similiter
1304 5589 1429 5643 fecit
1449 5631 1462 5654 ,
1498 5587 1620 5642 ﬁdei
1653 5594 1820 5640 totum
1847 5593 1929 5638 at~

330 5696 573 5753 tribuens
599 5712 613 5758 ;
646 5707 766 5746 eum
799 5699 976 5744 autem
1000 5684 1290 5753 discipulos
1319 5696 1383 5736 ex
1415 5681 1579 5733 maris
1612 5684 1933 5748 tempestate

329 5794 510 5858 eruit,
534 5788 704 5859 primo
734 5787 852 5842 illos
887 5798 950 5839 ex
994 5779 1114 5836 fidei
1148 5777 1455 5834 inﬁrmitate
1483 5773 1743 5830 liberavit.
1782 5771 1857 5829 ita
1879 5780 1932 5827 ct

2026 685 2111 743 hic
2152 689 2282 746 fecit
2330 709 2344 746 :
2384 696 2590 752 sciebat
2627 699 2770 754 enim
2816 711 3034 758 secreta
3057 703 3239 760 cordis
3267 721 3455 761 eorum
3482 717 3636 764 autc-

2021 798 2180 854 quam
2204 785 2301 855 ipsi
2330 786 2695 858 loquerentur;
2722 801 2778 846 ut
2803 802 2981 850 autem
3008 795 3144 850 alios
3171 811 3386 866 quoque
3403 799 3470 854 ad
3494 799 3634 856 idem

2021 878 2257 933 studium
2297 880 2645 947 incenderet,
2691 884 2822 954 ipsis
2871 886 2968 941 hos
2993 889 3317 958 conspicuos
3344 889 3550 959 reddit,
3581 894 3634 948 in

2024 970 2131 1027 ﬁne
2150 972 2447 1028 curationis
2477 975 2740 1030 occultam
2773 977 2932 1033 ﬁdem
2965 979 3176 1035 illorum
3201 982 3525 1053 prmdicans.

2096 1065 2348 1120 Jlodestia
2367 1065 2830 1137 Christijactantia
2844 1070 3395 1144 fugienda.-~Dcinde
3416 1085 3538 1148 post
3553 1077 3635 1133 fa-

2021 1165 2164 1212 ctam
2187 1159 2522 1215 curationem
2556 1163 2820 1231 praecipit,
2845 1174 2904 1218 ut
2932 1168 3131 1219 nemini
3155 1167 3358 1234 dicant,
3379 1184 3480 1226 nec
3501 1171 3636 1234 sim-

2023 1251 2232 1318 pliciter
2253 1251 2515 1321 pmcipit,
2537 1253 2632 1308 sed
2654 1254 3131 1312 vehementissime
3156 1267 3328 1313 vetat:
3348 1232 3474 1315 nam
3495 1232 3639 1316 Aeri-

2022 1353 2096 1397 ter
2115 1344 2220 1398 illis
2240 1346 2595 1402 interminatus
2615 1355 2708 1414 est,
2729 1348 2922 1419 inquit,
2939 1347 3118 1418 Iesus,
3136 1351 3308 1407 dicens
3323 1373 3338 1408 :
3355 1352 3554 1416 Cauete.
3573 1372 3639 1410 ne

2019 1437 2134 1506 quis
2150 1438 2298 1491 sciat.
2317 1437 2405 1491 51.
2429 1435 2522 1492 Illi
2537 1454 2651 1493 vero
2668 1441 2876 1510 egressi,
2896 1443 3304 1513 prmdieaverunt
3319 1462 3436 1501 eum
3463 1447 3517 1502 in
3530 1455 3637 1502 tota

2023 1536 2161 1593 terra
2199 1527 2312 1581 illa.
2354 1527 2471 1582 Non
2504 1543 2564 1584 se
2592 1530 2874 1586 continere
2903 1531 2979 1587 illi
3013 1541 3322 1603 potuerunt,
3357 1536 3456 1593 sed
3480 1536 3635 1596 fuere

2023 1632 2302 1687 praecones
2329 1627 2382 1674 et
2404 1621 2750 1690 evangelista:
2774 1664 2789 1688 ,
2818 1622 3065 1695 jussique
3097 1633 3278 1682 tacere
3305 1627 3360 1682 id
3387 1628 3533 1698 quod
3557 1628 3638 1684 fa-

2021 1716 2166 1763 ctum
2215 1709 2423 1777 fuerat,
2473 1713 2697 1784 obsequi
2742 1730 2848 1769 non
2896 1726 3210 1786 potuerunt.
3253 1718 3409 1786 Quod
3435 1721 3479 1776 si
3507 1723 3635 1778 alibi

2021 1801 2204 1870 dicat,
2245 1801 2415 1870 Vade,
2466 1813 2516 1858 et
2549 1821 2707 1860 narra
2748 1806 2968 1877 gloriam
3013 1806 3148 1877 Dei,
3182 1809 3313 1865 illud
3327 1812 3450 1883 6am
3478 1812 3638 1870 dictis

2021 1908 2129 1948 non
2152 1905 2446 1966 repugnat,
2470 1894 2579 1952 imo
2601 1896 2708 1954 illis
2735 1897 3029 1956 admodum
3057 1911 3340 1958 consonat.
3375 1903 3468 1960 llis
3490 1905 3635 1961 enim

2023 1999 2124 2039 nos
2177 1985 2444 2056 instituit,
2499 1997 2558 2045 ut
2611 2006 2680 2046 ne
2732 1991 3092 2063 praedicamus
3147 2009 3247 2050 nos
3298 1997 3478 2066 ipsos,
3529 1997 3640 2052 imo

2021 2095 2373 2139 coerceamus
2394 2098 2489 2139 eos
2511 2085 2603 2156 qui
2631 2101 2731 2141 nos
2756 2086 3034 2143 celebrare
3061 2088 3263 2144 vellent
3289 2108 3302 2144 :
3332 2089 3379 2144 si
3408 2104 3539 2145 vero
3569 2090 3636 2145 ad

2026 2173 2195 2232 Deum
2241 2179 2412 2250 gloria
2439 2181 2741 2251 referatur,
2771 2198 2880 2238 non
2910 2183 3072 2238 modo
3101 2199 3207 2238 non
3242 2183 3600 2254 impediamus
3620 2227 3635 2252 ,

2024 2269 2134 2326 imo
2157 2270 2209 2325 id
2238 2286 2399 2343 agere
2421 2273 2541 2328 aliis
2564 2273 2961 2346 prmcipiamus.
2994 2274 3082 2330 52.
3115 2273 3260 2346 Ipsis
3287 2285 3455 2329 autem
3473 2292 3640 2346 egreso

2023 2367 2115 2428 sis,
2140 2368 2430 2422 obtulerunt
2463 2368 2510 2423 ei
2549 2368 2806 2423 hominem
2856 2376 3074 2432 mutum,
3108 2367 3417 2422 daemonium
3451 2367 3641 2422 haben-

2025 2469 2144 2514 tem.
2188 2458 2303 2514 Non
2351 2459 2496 2515 enim
2523 2461 2746 2514 morbus
2784 2476 2852 2516 ex
2882 2469 3072 2514 natura
3118 2460 3425 2529 prodierat,
3448 2457 3544 2514 sed
3573 2475 3638 2514 ex

2025 2551 2290 2608 daemonis
2321 2551 2550 2608 insidiis.
2579 2553 2922 2623 Quapropter
2945 2553 3066 2607 aliis
3092 2554 3182 2623 qui
3211 2554 3386 2624 ipsum
3409 2552 3643 2608 adduce-

2026 2653 2148 2700 rent
2192 2659 2329 2715 opus
2367 2644 2575 2703 habuit.
2622 2645 2808 2716 Neque
2835 2645 2980 2701 enim
3025 2645 3141 2716 ipse
3166 2659 3358 2716 rogare
3386 2652 3636 2714 poterat,

2027 2746 2207 2792 mutus
2254 2753 2378 2794 cum
2422 2748 2607 2806 esset,
2660 2754 2837 2810 neque
2866 2739 2986 2795 aliis
3014 2740 3351 2810 supplicare,
3381 2754 3504 2795 cum
3530 2737 3635 2794 da:-

2025 2844 2152 2916 mon
2180 2828 2414 2899 linguam
2441 2829 2558 2899 ejus
2587 2829 2858 2901 alligasset
2883 2873 2897 2897 ,
2930 2830 3276 2902 animamque
3301 2846 3423 2886 cum
3461 2830 3641 2901 lingua

2027 2923 2308 2978 vinxisset.
2343 2922 2576 2994 Ideoque
2607 2922 2752 2978 illius
2780 2923 2941 2978 ﬁdem
2973 2938 3079 2978 non
3106 2923 3273 2994 exigit
3292 2963 3307 2987 ,
3336 2921 3431 2978 sed
3458 2923 3642 2977 statim

2028 3014 2275 3069 morbum
2315 3022 2488 3071 curat.
2513 3015 2605 3070 55.
2632 3014 2817 3085 Ejecto
2844 3023 3018 3070 autem
3032 3015 3266 3070 dtemone
3286 3055 3299 3079 ,
3331 3013 3541 3084 inquit,
3565 3014 3643 3068 lo-

2025 3117 2212 3179 quutus
2232 3117 2303 3164 est
2331 3117 2520 3162 mutus.
2545 3106 2734 3163 Turba:
2757 3117 2928 3163 autem
2955 3108 3224 3162 admirata
3246 3115 3364 3161 sunt
3390 3107 3642 3160 dicentes:

2030 3200 2325 3269 Numquam
2369 3203 2530 3254 uisum
2569 3209 2642 3255 est
2668 3200 2832 3254 simile
2851 3202 2904 3252 in
2931 3199 3120 3254 Israel.
3155 3199 3210 3253 Id
3235 3198 3378 3268 quod
3405 3197 3643 3254 maxime

2029 3293 2329 3348 Pharisazos
2356 3292 2672 3358 mordebat,
2695 3292 2840 3364 quod
2867 3293 3040 3363 ipsum
3075 3291 3327 3346 omnibus
3347 3298 3644 3360 antepone-

2030 3397 2190 3454 rent,
2239 3401 2345 3441 non
2381 3387 2517 3442 vivis
2544 3387 2718 3442 solum
2737 3426 2751 3450 ,
2783 3384 2878 3440 sed
2908 3385 3070 3440 etiam
3095 3385 3186 3455 qui
3212 3391 3339 3439 ante
3370 3383 3599 3439 fuissent
3629 3401 3642 3436 :

2028 3479 2429 3549 anteponebant
2453 3495 2604 3545 vero,
2637 3494 2745 3534 non
2773 3477 2916 3548 quod
2944 3484 3159 3534 curaret
3183 3477 3365 3542 modo,
3387 3476 3482 3533 sed
3502 3477 3644 3546 quod

2028 3571 2224 3639 facile,
2274 3573 2413 3640 cito,
2463 3573 2884 3643 innumerasque
2923 3569 3270 3641 aegritudines
3295 3569 3644 3626 insanabiles.

2029 3664 2120 3720 Sic
2142 3665 2356 3736 quidem
2386 3666 2636 3736 populus.

2101 3759 2156 3814 2.
2192 3758 2342 3813 Nihil
2363 3760 2565 3814 Christo
2595 3770 2641 3814 et
2671 3759 2894 3814 damoni
2933 3773 3200 3812 commune
3238 3755 3395 3825 fuisse
3429 3755 3645 3809 demon-

2029 3864 2242 3910 stratur.
2273 3854 2553 3906 Maledicta
2577 3869 2681 3905 non
2721 3851 3034 3917 maledictis,
3076 3849 3168 3903 sed
3201 3847 3456 3916 beneﬁciis
3490 3846 3647 3916 refel-

2032 3949 2204 4004 lenda.
2238 3976 2309 3986 —
2337 3946 2596 4001 Pharisazi
2647 3955 2838 3998 contra
2886 3957 2996 3998 non
3055 3941 3235 3996 modos
3262 3940 3400 3995 facta
3441 3937 3646 3993 calum-

2032 4044 2268 4106 niantur,
2325 4037 2429 4092 sed
2451 4037 2553 4092 sibi
2605 4034 3030 4106 ipsiscontraria
3065 4032 3306 4088 dicentes
3331 4071 3347 4094 ,
3381 4045 3490 4084 non
3519 4044 3647 4084 eru-

2033 4135 2276 4190 bescunt.
2312 4128 2624 4200 llujusmodi
2665 4136 2749 4182 est
2792 4126 3051 4197 nequitia.
3087 4123 3226 4193 Quid
3251 4123 3395 4179 enim
3425 4123 3650 4177 dicunt?

2032 4224 2210 4280 34.11:
2241 4224 2470 4294 principe
2499 4219 3032 4288 damoniorum—ejicit
3061 4216 3337 4271 dtumonia.
3368 4215 3488 4283 Quo
3522 4213 3648 4284 quid

2033 4319 2292 4375 stultius?
2312 4315 2468 4381 Nam,
2505 4325 2559 4367 ut
2593 4324 2776 4382 postea
2798 4312 2949 4378 dicit,
2969 4327 3086 4369 non
3111 4319 3286 4381 potest
3311 4308 3526 4362 darmon
3554 4305 3651 4376 eji-

2033 4427 2160 4469 cere
2181 4411 2481 4466 daamouem
2501 4405 2693 4478 (Marc.
2727 4407 2778 4460 5.
2816 4403 2910 4475 25)
2928 4423 2938 4454 τ
2959 4420 3079 4458 nam
3099 4402 3191 4457 ille
3204 4416 3307 4456 sua
3324 4413 3651 4454 conservare

2032 4517 2091 4560 et
2118 4506 2330 4558 ﬁrmare
2362 4503 2523 4565 solet,
2559 4517 2666 4555 non
2717 4497 3021 4553 destruere.
3055 4495 3173 4565 Ipse
3200 4507 3328 4549 vero
3351 4508 3456 4548 non
3485 4490 3649 4546 modo

2034 4597 2312 4651 darmonas
2363 4592 2632 4662 ejiciebat,
2680 4589 2773 4645 sed
2832 4590 2993 4644 etiam
3037 4587 3280 4657 leprosos
3330 4583 3647 4646 mandabat,

2035 4698 2276 4745 mortuos
2297 4685 2612 4750 suscitabat,
2659 4698 2810 4736 mare
2841 4681 3110 4745 frenabat,
3162 4686 3379 4748 peccata
3410 4677 3649 4732 dimitte-

2035 4785 2144 4846 bat,
2194 4795 2418 4851 regnum
2472 4775 2818 4848 prmdicabat,
2853 4773 2920 4828 ad
2972 4775 3186 4828 Patrem
3229 4771 3530 4826 adducebat
3559 4789 3571 4824 :
3599 4771 3649 4825 id

2035 4875 2179 4947 quod
2209 4887 2500 4942 numquam
2539 4870 2750 4924 daemon
2808 4865 2987 4922 facere
3040 4865 3190 4927 velit.
3241 4879 3414 4935 neque
3457 4865 3646 4935 possit.

2035 4971 2167 5026 Nam
2220 4969 2496 5023 daemones
2533 4961 2599 5016 ad
2629 4960 2768 5015 idola
2819 4958 3112 5023 adducunt,
3146 4973 3176 5012 a
3210 4957 3321 5013 Deo
3359 4964 3647 5022 avertunt,

2036 5062 2369 5130 suadentque
2406 5071 2475 5112 ne
2506 5055 2697 5110 futurae
2730 5053 2850 5106 vita:
2878 5051 3152 5106 credatur.
3189 5051 3410 5106 Darmon
3462 5058 3650 5103 contu-

2037 5154 2192 5208 melia
2222 5150 2319 5205 afl‘r
2344 5187 2371 5203 _.
2404 5172 2444 5202 ,δ
2475 5161 2580 5201 non
2627 5143 2948 5200 beneﬁcium
3001 5151 3240 5212 prmstat,
3282 5142 3390 5195 imo
3430 5156 3499 5195 ne
3529 5142 3651 5209 qui-

2036 5249 2158 5304 dem
2188 5245 2410 5299 aﬁ'e'tus
2441 5239 2633 5309 injuria
2659 5247 2815 5292 nocet
2838 5237 2903 5290 iis
2925 5236 3013 5306 qui
3059 5236 3233 5302 ipsum
3265 5235 3447 5289 colunt
3475 5243 3528 5288 et
3553 5235 3650 5287 llO-

2040 5348 2248 5395 norant.
2288 5336 2381 5390 Ille
2410 5341 2619 5393 contra,
2651 5339 2771 5399 post
2803 5337 2879 5383 tot
2909 5329 3132 5398 injurias
3160 5337 3213 5382 et
3254 5327 3611 5381 contumelias
3639 5371 3650 5389 ,

2039 5437 2105 5490 ’55
2160 5430 2414 5487 Circuibat
2462 5427 2608 5481 urbes
2637 5439 2811 5477 omnes
2836 5432 2881 5476 et
2908 5422 3062 5486 vicos,
3096 5421 3284 5473 docens
3305 5421 3356 5472 in
3378 5419 3657 5490 synagogis

2043 5545 2234 5584 corum.
2271 5536 2315 5578 et
2344 5523 2629 5592 prwdicans
2657 5517 2969 5588 evangelium
3012 5514 3174 5583 regni,
3207 5527 3394 5568 curans
3449 5526 3650 5563 omnem

2040 5623 2264 5677 morbum
2286 5631 2328 5672 et
2359 5634 2555 5670 onmem
2586 5615 2933 5682 inﬁrmitatem
2964 5610 3002 5661 ¹.
3039 5606 3148 5662 Nec
3185 5605 3348 5660 modo
3388 5604 3509 5659 illos
3542 5618 3645 5656 non

2107 5784 2118 5814 ¹
2159 5786 2264 5829 t‘ost
2287 5777 2506 5830 verbum,
2532 5770 2883 5834 infirmitatem,
2906 5763 3100 5830 quidam
3127 5762 3327 5823 addunt,
3349 5765 3394 5818 in
3422 5766 3616 5832 populo.
