4076 6450
459 302 563 358 379

459 501 914 564 mansuetudinem
945 513 1096 562 suam
1127 503 1434 571 ostendens,
1461 513 1512 559 et
1552 502 1691 560 bane
1722 502 2046 558 calumniam

455 599 739 656 confutuns
781 601 1152 670 :‘insupcrque
1199 613 1294 669 per
1338 599 1614 668 sequentia
1658 598 1806 668 signa
1860 596 2046 652 volens

459 689 611 760 plura
640 689 881 757 praebere
930 698 1265 760 argumenta,
1294 701 1360 743 ec
1385 686 1581 742 deinde
1603 688 1777 741 verbis
1798 700 2042 757 arguere.

453 780 732 835 Cit-coibat
752 779 936 850 itaque
952 786 1006 835 et
1035 795 1132 850 per
1149 778 1417 842 civitates,
1450 786 1502 832 et
1530 793 1624 848 per
1650 775 1816 842 vicos,
1845 791 2045 848 perque

454 884 756 941 synagogas
806 886 991 926 eorum
1021 869 1266 926 :docens
1310 882 1431 934 nos,
1477 869 1555 924 sic
1611 867 1890 924 maledicta
1937 882 2042 922 non

459 961 757 1016 maledictis
777 1000 793 1026 .
821 963 915 1017 sed
959 961 1232 1017 beneﬁciis
1265 962 1556 1031 majoribus
1581 960 1871 1016 refellenda
1901 975 2040 1013 esse.

454 1051 590 1109 Nam
620 1054 664 1107 ei
695 1064 800 1108 non
859 1065 1075 1122 propter
1122 1054 1388 1117 homines,
1435 1061 1658 1121 propter
1702 1051 1865 1105 Deum
1896 1059 2043 1105 certe

369 1178 375 1183 ι
455 1143 729 1200 conservis
756 1143 1012 1199 beneficia
1044 1153 1284 1214 prsestas,
1326 1142 1582 1213 quidquid
1626 1143 1698 1197 illi
1744 1152 1919 1210 agant,
1977 1154 2044 1196 ne

456 1249 636 1290 cesses
667 1235 802 1289 bene
842 1233 1034 1298 facere,
1066 1244 1123 1289 ut
1159 1236 1329 1302 major
1366 1235 1436 1286 sit
1477 1244 1722 1288 merces:
1757 1231 1824 1286 ita
1872 1242 1928 1286 ttt
1954 1232 2042 1302 qui

452 1336 576 1396 post
603 1327 925 1382 calumniam
952 1328 1149 1380 illatam
1178 1328 1315 1381 bene
1345 1325 1520 1381 facere
1553 1325 1767 1389 desinit,
1798 1325 2045 1380 ostendat

453 1434 645 1475 senon
684 1427 903 1489 propter
922 1419 1112 1485 Deum,
1146 1419 1494 1488 scdpropter
1517 1419 1792 1475 hominum
1831 1418 2040 1474 laudem

454 1509 598 1565 bene
620 1519 875 1566 exercere
913 1511 1179 1564 virtutem.
1216 1509 1340 1564 Ideo
1357 1509 1628 1576 Christus,
1663 1518 1720 1563 ut
1761 1525 1858 1564 nos
1878 1509 2040 1564 doce-

457 1610 559 1661 ret,
576 1615 714 1655 sera
738 1601 848 1654 sola
869 1600 1190 1671 benignitate
1209 1601 1260 1654 id
1277 1614 1454 1670 agere,
1480 1614 1584 1654 non
1611 1601 1783 1655 solum
1813 1615 1920 1654 non
1948 1617 2043 1656 ex-

456 1690 734 1759 spectabat
761 1704 932 1760 agros
953 1690 1017 1743 ad
1061 1704 1119 1742 se
1144 1689 1347 1755 venire,
1379 1690 1471 1744 sed
1499 1690 1562 1744 ad
1594 1691 1710 1746 illos
1752 1689 2042 1745 contende-

456 1779 567 1842 bat,
600 1778 731 1850 duo
728 1780 955 1833 maxima
991 1779 1121 1847 ipsis
1169 1779 1307 1833 bona
1346 1779 1662 1845 conferens,
1703 1781 2040 1850 evangelium

454 1873 601 1939 regni
627 1911 641 1935 ,
670 1840 734 1925 ’ἆ
783 1872 1089 1926 morborum
1133 1871 1376 1926 omnium
1418 1873 1770 1926 curationem.
1830 1871 2039 1926 Nullam

455 1963 637 2017 urbem
684 1961 1042 2031 despiciebat,
1091 1964 1295 2018 nultum
1341 1965 1526 2018 vieum’
1557 1965 2035 2034 praetercurrebat,

452 2051 547 2105 sed
568 2067 781 2107 omnem
811 2051 991 2106 adibat
1015 2053 1212 2107 locum.
1245 2052 1351 2107 Sed
1379 2068 1554 2123 neque
1589 2054 1672 2107 hic
1700 2054 1923 2123 gradum
1969 2055 2044 2108 si-

453 2146 566 2208 stit,
599 2159 784 2198 verum
819 2145 976 2199 aliam
1015 2160 1227 2215 quoque
1260 2146 1646 2214 providentiam
1676 2145 1912 2200 exhibet.
1946 2146 2036 2201 36.

453 2239 579 2290 Cum
621 2238 804 2290 videret
852 2238 982 2292 enim
1031 2239 1236 2304 turbas,
1292 2240 1554 2292 miseratus
1599 2246 1672 2291 es!
1720 2237 1872 2304 illos,
1919 2238 2039 2308 quia

452 2327 614 2382 vexati
643 2337 802 2388 erant.
826 2337 873 2381 et
899 2328 1079 2396 objecti
1097 2331 1239 2400 quasi
1257 2346 1368 2402 opes
1383 2345 1486 2384 usus
1511 2329 1744 2382 habentes
1765 2339 2036 2397 pastorem.

451 2420 539 2476 37.
567 2419 710 2475 Tunc
733 2421 858 2473 dixit
887 2421 1151 2490 discipulis
1183 2438 1200 2474 :
1247 2420 1438 2477 Meus:
1460 2421 1665 2490 quidem
1699 2424 1880 2486 multa,
1914 2438 2036 2490 ape-

452 2513 578 2566 rarii
602 2524 770 2567 autem
797 2514 966 2583 pauci.
992 2514 1080 2569 38.
1115 2512 1312 2583 Rogato
1351 2531 1471 2585 ergo
1517 2514 1796 2568 Dominum
1842 2516 2035 2582 messis,

453 2614 509 2657 ut
534 2605 702 2658 mittat
720 2607 980 2672 operarios
1006 2608 1058 2659 in
1082 2621 1288 2660 messem
1309 2623 1469 2660 suum.
1494 2606 1631 2662 Vide.
1648 2621 1858 2662 rursum
1879 2623 2039 2677 quam

449 2695 517 2746 sit
545 2693 615 2747 ab
658 2694 800 2748 inani
849 2695 1016 2764 gloria
1044 2695 1272 2750 alienus.
1313 2694 1391 2749 Nc
1439 2696 1581 2750 enim
1625 2711 1817 2751 omnes
1867 2697 1935 2753 ad
1979 2713 2039 2753 se

452 2785 801 2851 pertraheret,
837 2784 1129 2853 discipulos
1157 2785 1369 2840 emittit.
1417 2785 1600 2855 Neque
1639 2787 1739 2841 hac
1769 2787 1941 2842 solum
1970 2787 2040 2841 de

450 2887 633 2937 causa,
677 2872 772 2927 sed
825 2873 945 2929 illos
989 2874 1296 2939 instituens,
1324 2883 1384 2928 ut
1430 2877 1481 2932 in
1527 2875 1830 2939 Palatina,
1856 2891 1955 2931 ceu
1984 2878 2037 2930 in

448 2963 676 3032 quadam
720 2964 966 3034 pultestra
1010 2980 1130 3020 sese
1164 2976 1498 3031 exercentes,
1528 2968 1608 3022 sic
1635 2966 1702 3021 ad
1741 2968 2037 3023 certamina

451 3069 546 3122 per
565 3054 752 3110 orbem
789 3055 1126 3126 suscipienda
1157 3072 1215 3112 se
1243 3067 1629 3128 praepararent.
1670 3058 1876 3115 ideirco
1919 3075 2036 3114 ma-

446 3147 564 3213 jora
606 3146 957 3201 certaminum
1009 3147 1264 3201 exercitia
1310 3148 1480 3216 ponit,
1527 3156 1582 3203 et
1623 3159 1820 3218 quanta
1868 3151 2038 3206 virtus

450 3236 686 3304 ipsorum
707 3235 846 3292 ferre
876 3245 1103 3306 poterat,
1128 3248 1185 3292 ut
1212 3237 1421 3294 facilius
1442 3240 1718 3308 sequentia
1743 3241 2035 3296 certamina

449 3326 658 3381 adirent
702 3347 714 3382 :
757 3329 900 3394 ipsos
945 3329 1093 3398 quasi
1143 3338 1356 3383 teneras
1405 3331 1639 3386 aviculas
1683 3332 1749 3386 ad
1799 3333 2039 3389 volatum

449 3431 726 3472 exercens.
761 3416 1084 3488 luterimque
1112 3418 1230 3474 illos
1260 3419 1499 3477 medicos
1517 3436 1805 3492 corporum
1837 3426 2038 3479 constio

451 3507 570 3572 tuit,
603 3521 883 3561 reservans
914 3509 1041 3576 ipsis
1070 3509 1122 3564 in
1147 3519 1418 3579 posterum
1448 3513 1711 3570 medelam
1737 3515 2035 3570 animarum

449 3611 567 3668 qua:
604 3598 866 3666 prmcipua
895 3610 996 3652 est.
1036 3599 1112 3654 Ac
1140 3602 1408 3670 perpende
1453 3604 1723 3672 quomodo
1762 3619 1874 3659 rem
1901 3605 2040 3661 hanc

449 3697 504 3744 et
547 3688 751 3744 facilem
784 3698 840 3744 et
870 3692 1227 3745 necessariam
1269 3693 1537 3747 ostendat.
1566 3693 1702 3761 Quid
1733 3695 1878 3749 enim
1924 3696 2040 3750 ait?

451 3779 631 3834 Messis
657 3781 857 3851 quidem
888 3783 1072 3848 multa,
1102 3784 1326 3851 aperarii
1355 3795 1521 3837 mitem
1547 3788 1718 3854 pauci.
1747 3787 1871 3841 Non
1891 3789 2040 3842 enim.

449 3869 605 3925 mitto
625 3885 738 3934 vos,
761 3871 948 3941 inquit,
973 3873 1040 3926 ad
1062 3884 1379 3939 sementem,
1405 3875 1504 3929 sed
1521 3875 1587 3929 ad
1609 3890 1861 3931 messem.
1882 3877 2040 3946 Quod

449 3961 611 4017 etiam
640 3961 691 4014 in
735 3961 1026 4030 Evangelia
1069 3962 1291 4018 Joannis
1317 3965 1453 4022 dixit
1481 3983 1493 4018 ε
1529 3967 1630 4019 Alii
1659 3968 2035 4038 laboraverunt,

450 4059 496 4102 et
528 4065 615 4103 vos
641 4050 692 4102 in
721 4050 942 4104 laborem
967 4068 1138 4107 eorum
1169 4054 1411 4108 intraistis
1450 4054 1630 4124 (Joan.
1665 4059 1718 4111 4.
1751 4058 1865 4128 58).
1915 4061 2039 4116 llaec

449 4154 615 4218 porro
640 4140 869 4204 dicebat,
899 4152 1165 4219 eteorum
1210 4144 1579 4200 sublimiorem
1611 4160 1828 4202 sensum
1859 4153 2035 4220 repri-

452 4245 628 4297 tncns,
654 4240 708 4286 et
735 4231 804 4285 ad
846 4232 1090 4287 fiduciam
1132 4236 1456 4289 sumendam
1511 4237 1804 4304 instruens,
1850 4251 2034 4297 osten-

453 4321 691 4390 densque
715 4321 970 4390 majorem
992 4323 1103 4393 jam
1130 4325 1468 4393 praacessisse
1492 4324 1750 4381 laborem.
1775 4327 1911 4383 Vide
1939 4345 2037 4383 au-

452 4423 561 4467 tem
590 4421 644 4466 et
671 4412 758 4473 hic
786 4414 936 4467 illum
967 4429 998 4467 a
1025 4413 1394 4468 misericordia
1437 4415 1696 4484 incipere,
1740 4431 1845 4472 non
1872 4434 1902 4473 a
1943 4433 2039 4489 spe

455 4500 737 4558 mercedis.
792 4501 1030 4556 Misenus
1076 4513 1149 4556 est
1188 4504 1353 4568 enim,
1383 4505 1518 4573 quod
1561 4514 1724 4559 essent
1766 4509 1951 4573 uexati,
1993 4519 2038 4563 at

451 4594 660 4662 proiecti
688 4594 832 4662 quasi
861 4609 972 4646 oves
1009 4610 1109 4648 non
1138 4593 1371 4648 habentes
1409 4606 1682 4668 pastorem.
1727 4596 1854 4654 Haec
1883 4602 2035 4671 prin-

452 4685 630 4752 eipum
679 4683 983 4739 Judaeorum
1036 4685 1308 4740 accusatio
1357 4697 1459 4751 est,
1490 4689 1580 4756 qui
1623 4697 1866 4757 pastores
1914 4707 2036 4748 cum

453 4784 655 4840 essent,
679 4789 798 4831 sese
839 4776 994 4845 lupos
1017 4776 1363 4834 exhibebant.
1392 4777 1507 4833 Non
1537 4781 1698 4838 modo
1739 4785 1882 4840 enim
1920 4788 2037 4856 ple-

453 4865 572 4937 bem
613 4880 720 4922 non
746 4867 1124 4936 emendabunt,
1156 4869 1251 4926 sed
1286 4884 1353 4923 ne
1390 4870 1711 4940 proﬁcerent
1762 4877 1814 4930 in
1843 4879 2037 4935 melius

451 4957 829 5027 impediebant.
865 4961 974 5014 Illis
1020 4961 1198 5030 itaque
1240 4963 1556 5020 mirantibus
1599 4981 1663 5022 ac
1710 4968 2032 5038 dicentibus,

455 5047 747 5118 Numquam
774 5050 939 5104 simile
969 5051 1127 5109 visunt
1151 5061 1223 5105 est
1252 5053 1302 5105 in
1346 5051 1548 5119 Israel;
1592 5057 1665 5114 illi
1690 5071 1875 5115 contra
1914 5081 1924 5115 :
1969 5063 2035 5120 In

453 5140 677 5210 principe
718 5140 1084 5198 dwmoniorum
1131 5146 1267 5214 ejicit
1307 5145 1579 5204 dmonia.
1628 5150 1734 5206 Sed
1771 5168 2032 5221 quosnam

451 5232 535 5286 hic
561 5233 836 5303 operarios
860 5233 1025 5289 dicit?
1069 5236 1356 5290 Duodecim
1388 5238 1700 5308 discipulos.
1742 5242 1879 5298 Num
1912 5263 2030 5301 cum

449 5309 944 5393 tlixerit,'0petarii
994 5329 1165 5394 pauci,
1194 5329 1327 5381 alios
1373 5329 1604 5398 adjecit?
1654 5332 1905 5391 Minime:
1939 5340 2031 5392 sed

449 5414 570 5468 illos
597 5413 795 5469 emisit.
817 5413 925 5470 Cur
949 5431 1077 5487 ergo
1103 5417 1250 5481 dicit,
1285 5417 1480 5488 Rogata
1521 5420 1799 5478 Dominum
1835 5431 2029 5491 messis,

449 5513 499 5556 ut
528 5505 693 5557 mittat
741 5508 998 5574 operarios
1041 5509 1092 5560 in
1135 5525 1345 5562 messem
1373 5526 1537 5576 suam,
1569 5521 1623 5565 et
1651 5515 1855 5569 nullunt
1905 5519 2032 5586 ipsis
2106 5520 2110 5525 ’

445 5594 677 5659 adjicit?
706 5595 838 5662 Quia
877 5613 998 5652 cum
1044 5598 1325 5654 duodecim
1375 5613 1574 5666 essent,
1606 5605 1801 5660 multos
1851 5619 2031 5676 postea

450 5686 647 5757 clfecit,
675 5705 777 5744 non
809 5702 964 5746 aucto
996 5710 1242 5761 numero,
1275 5697 1366 5751 sed
1404 5698 1652 5754 virtutem
1677 5701 1915 5771 largitus.

1196 299 1254 354 S.
1293 295 1575 356 JOANNIS
1608 296 2084 354 CHltYSOSTOMl
2124 297 2442 355 ARClllEP.
2485 298 3017 361 CONSTANTINOP.

457 415 714 488 puniebat
738 415 996 484 ingratos,
1024 415 1118 469 sed
1147 428 1215 469 ne
1251 414 1559 484 increpabat
1595 412 1812 482 quidem
1846 430 1859 465 :
1890 411 2049 466 simul

3634 310 3741 365 380

2230 411 2284 465 ὅ.
2330 412 2532 469 Deinde
2575 415 2866 472 ostendens
2905 426 3165 487 quantum
3211 429 3353 476 esset
3395 417 3620 485 donum,
3645 425 3741 491 ait,

2159 501 2353 572 [legate
2386 517 2506 575 ergo
2539 504 2812 560 Dominum
2853 512 3050 575 messis,
3081 511 3363 567 obscurius
3401 513 3644 569 declarat
3686 532 3742 572 se

2153 592 2521 647 auctoritatem
2551 594 2769 650 habere.
2799 595 2930 651 Cum
2960 598 3092 652 dicit
3135 601 3300 668 enim,
3329 600 3526 675 Rogato
3559 601 3741 661 Domi-

2154 698 2274 735 num
2304 686 2500 747 messis,
2525 686 2670 756 ipsos
2692 687 2821 741 nihil
2852 699 3158 756 precantes,
3183 694 3264 748 vel
3289 698 3538 764 rogantes
3566 699 3743 754 statim

2151 773 2384 840 ordinat,
2414 777 2634 833 Joannis
2663 780 2826 834 verba
2875 781 3005 851 ipsis
3048 797 3507 852 commemorans,
3540 803 3743 856 aream,

2152 867 2529 932 ventilabrum,
2561 871 2789 939 paleam,
2815 870 3160 929 frumentum.
3194 875 3349 933 Unde
3379 889 3544 948 patet,
3575 880 3746 950 ipsutn

2150 970 2273 1012 esse
2302 959 2614 1028 agricolam,
2645 962 2837 1017 messis
2866 963 3173 1029 Dominum,
3205 983 3415 1023 necnon
3462 972 3740 1040 prapheta-

2152 1058 2289 1102 rum.
2322 1049 2452 1104 Nam
2476 1051 2519 1106 si
2551 1050 2616 1107 ad
2651 1053 2961 1108 metendum
2987 1057 3152 1120 misit,
3178 1059 3352 1127 palant
3382 1070 3462 1113 est
3493 1045 3616 1116 eum
3643 1078 3749 1117 non

2150 1141 2324 1196 aliena
2355 1153 2579 1209 metere,
2608 1143 2706 1200 sed
2737 1160 2799 1200 ea
2831 1163 2950 1215 quae
2996 1162 3092 1216 per
3122 1150 3415 1218 prophetas
3439 1153 3747 1209 seminavit.

2149 1232 2333 1304 Neque
2361 1234 2485 1290 hinc
2511 1237 2686 1290 solum
2717 1236 2964 1293 fiduciam
3004 1239 3108 1294 illis
3134 1241 3299 1304 dedit,
3329 1242 3470 1312 quod
3508 1246 3753 1303 ministe-

2151 1325 2292 1379 rium
2333 1341 2520 1383 eorum
2567 1342 2801 1383 messem
2835 1340 3074 1396 vocaret,
3106 1332 3200 1386 sed
3231 1333 3375 1401 quod
3419 1336 3520 1389 illis
3550 1336 3618 1390 ad
3648 1336 3751 1391 hu-

2145 1414 2380 1482 jusmodi
2432 1418 2791 1475 ministerium
2825 1430 3142 1490 potestatem
3185 1425 3455 1482 indiderit.
3488 1427 3644 1498 (Cap.
3678 1430 3752 1500 Χ)

2151 1506 2203 1559 i.
2246 1504 2313 1558 Et
2351 1510 2657 1573 convocatis,
2690 1511 2786 1575 ait,
2823 1511 3090 1566 duodecim
3139 1509 3405 1585 dissipatis
3452 1520 3581 1576 suis.
3610 1517 3752 1575 dedit

2147 1599 2219 1651 eis
2240 1608 2534 1666 potestatem
2558 1600 2829 1670 spirituum
2858 1602 3258 1669 immundorum,
3292 1618 3344 1659 ut
3375 1609 3616 1679 ejicerent
3641 1627 3748 1677 eos,

2148 1699 2194 1742 et
2223 1700 2460 1743 curarent
2488 1707 2685 1745 onmem
2730 1691 3025 1762 languorem
3053 1705 3098 1748 et
3139 1712 3338 1750 onmem
3378 1699 3747 1767 infirmitatem.

2149 1779 2309 1848 Atqui
2343 1779 2576 1834 nondum
2626 1779 2857 1848 Spiritus
2908 1793 3024 1838 erat
3053 1784 3211 1840 dnttts
3248 1805 3260 1840 :
3316 1786 3566 1844 Nondum
3591 1795 3746 1858 enim,

2110 1869 2339 1939 ~inquit,
2375 1871 2601 1939 Spiritus
2645 1884 2752 1926 erat
2790 1875 2963 1940 datus,
3009 1877 3130 1946 quia
3175 1877 3327 1934 Jesus
3370 1884 3597 1936 nondum
3642 1895 3753 1939 erat

2145 1961 2457 2031 gloriﬁcent:
2506 1961 2685 2034 (Jaan.
2734 1966 2787 2021 7.
2818 1967 2932 2038 59).
2962 1969 3244 2036 Quomodo
3290 1988 3420 2044 ergo
3459 1976 3750 2044 ejiciebant

2146 2052 2400 2120 spiritus?
2433 2054 2507 2110 Ex
2537 2057 2654 2125 eius
2683 2070 2952 2130 praecepto
2973 2071 3134 2137 atque
3157 2073 3439 2132 mtesuite.
3467 2068 3750 2140 Perpende

2145 2152 2325 2199 autem
2358 2147 2486 2201 mihi
2519 2151 2851 2219 apostolatus
2891 2157 3367 2222 Opportunitalent.
3401 2158 3515 2214 Non
3547 2164 3692 2217 enim
3718 2179 3748 2219 a

2147 2236 2411 2306 principio
2439 2234 2585 2294 misit
2613 2241 2755 2308 illos,
2779 2244 2872 2298 sed
2900 2260 3021 2299 cum
3053 2247 3162 2315 jam
3190 2249 3360 2317 ipsum
3390 2251 3586 2308 idoneo
3613 2264 3749 2309 tetu-

2146 2337 2275 2397 pore
2304 2333 2516 2398 sequuti
2546 2343 2747 2398 essent,
2779 2351 2843 2389 ac
2891 2337 3149 2392 vidissent
3196 2351 3462 2396 mortuum
3513 2347 3746 2400 suscita-

2146 2424 2279 2485 tum,
2303 2436 2450 2477 mare
2481 2425 2837 2494 increpatum,
2866 2429 3046 2496 pulsos
3072 2429 3367 2496 daemonas,
3393 2435 3746 2506 paralyticutn

2143 2517 2411 2575 sanatum,
2448 2523 2663 2582 peccata
2711 2517 2933 2570 remissa
2957 2559 2972 2585 ,
3003 2519 3276 2588 leprosum
3319 2524 3655 2593 mundatum,
3685 2543 3747 2582 ac

2144 2602 2458 2658 sufficientia
2504 2609 2784 2674 potestatis
2827 2606 2967 2665 illius
3014 2621 3330 2681 argumenta
3375 2623 3429 2670 et
3460 2632 3557 2686 per
3583 2621 3746 2676 verba

2146 2701 2201 2747 et
2226 2708 2320 2763 per
2349 2708 2514 2764 opera
2550 2699 2882 2766 accepissent
2911 2717 2923 2752 :
2958 2709 3083 2754 tunc
3129 2703 3250 2756 illos
3297 2705 3492 2771 mittit;
3541 2724 3645 2762 non
3678 2708 3744 2763 ad

2147 2797 2233 2837 res
2277 2785 2630 2853 periculosas,
2664 2788 2897 2842 nondum
2939 2791 3082 2845 enim
3115 2792 3166 2845 in
3202 2793 3482 2850 Palaestina
3529 2800 3746 2868 pericu-

2142 2873 2249 2927 lum
2280 2887 2428 2938 erat;
2462 2879 2554 2931 sed
2591 2887 2780 2932 contra
2819 2874 3115 2937 calumnias
3161 2892 3363 2940 tantum
3396 2891 3746 2959 pugnandum

2141 2975 2274 3021 erat.
2304 2970 2550 3022 Attamen
2583 2970 2818 3038 pericula
2851 2971 2956 3027 illis
2979 2973 3240 3042 praedicit,
3273 2988 3502 3049 anteque
3532 2990 3746 3054 tempus

2143 3056 2264 3110 illos
2292 3070 2578 3128 praeparat,
2607 3073 2661 3116 et
2691 3061 2954 3132 frequenti
3000 3067 3346 3135 praedictione
3375 3071 3495 3125 illos
3523 3075 3590 3128 ad
3620 3090 3745 3130 cer-

2145 3148 2340 3200 tamina
2372 3149 2622 3203 instituit.
2656 3152 2858 3208 Deinde
2901 3155 3020 3223 quia
3051 3156 3187 3211 duos
3234 3162 3507 3230 apostolos
3532 3165 3747 3221 dixerat

2144 3237 2319 3303 nobis,
2354 3238 2571 3294 Petrum
2600 3250 2653 3296 et
2701 3243 2986 3313 Joannem,
3011 3257 3067 3301 et
3112 3261 3233 3318 post
3263 3253 3383 3307 illos
3430 3254 3746 3315 Matthazum

2143 3335 2389 3381 vocatum
2433 3330 2760 3400 ostenderat,
2797 3343 2852 3388 et
2879 3335 2947 3390 de
2995 3338 3221 3392 aliorum
3253 3345 3616 3410 apostolorum
3649 3365 3746 3404 vo-

2141 3419 2353 3474 catione
2390 3435 2451 3475 ac
2487 3425 2703 3478 nomine
2745 3427 2878 3480 nihil
2909 3428 3156 3486 dixerat:
3193 3431 3278 3485 hic
3313 3440 3623 3493 necessario
3653 3457 3741 3496 eo-

2142 3525 2259 3564 rum
2289 3513 2610 3581 catalogum,
2642 3532 2925 3571 numerum
2973 3523 3297 3593 nominaque
3342 3528 3518 3594 ponit,
3549 3530 3628 3585 sic
3663 3532 3744 3586 di-

2143 3617 2316 3657 cens:
2359 3605 2413 3658 2.
2452 3604 2728 3660 Duodecim
2767 3618 2934 3664 autem
2981 3618 3328 3681 apostolorum
3375 3622 3578 3675 nomina
3625 3635 3748 3680 sunt

2144 3695 2289 3749 hate:
2325 3697 2538 3766 primus,
2573 3699 2775 3765 Simon,
2809 3703 2896 3771 qui
2937 3703 3124 3758 dicitur
3173 3705 3380 3763 Petrus.
3422 3710 3555 3766 Nam
3605 3715 3747 3771 alius

2144 3784 2330 3839 Simon
2351 3796 2486 3853 erat,
2519 3789 2608 3859 qui
2631 3789 2929 3847 Carnanteus
2951 3796 3263 3854 vocabatur.
3307 3802 3368 3854 Et
3392 3801 3556 3858 Judas
3600 3805 3747 3861 lsca-

2142 3877 2342 3941 riotes,
2368 3887 2423 3933 et
2446 3879 2612 3934 .ludas
2639 3881 2844 3938 Jacobi.
2878 3885 2943 3940 Et
2976 3887 3209 3944 Jacobus
3235 3892 3466 3962 Alphmi,
3499 3909 3556 3952 et
3578 3900 3744 3956 Jaco-

2145 3969 2244 4024 bus
2271 3969 2536 4026 Zebedaei.
2564 3973 2774 4029 Marcus
2806 3992 2932 4032 vero
2963 3981 3258 4036 secundum
3301 3985 3618 4056 dignitatem
3647 4007 3746 4062 po-

2142 4059 2245 4114 suit
2287 4061 2448 4116 illos:
2484 4065 2680 4117 etenim
2730 4075 2850 4134 post
2886 4068 3023 4122 duos
3073 4073 3428 4142 coryphzeos,
3467 4059 3743 4138 Andream

2143 4164 2381 4208 numerat
2412 4153 2602 4226 (Marc.
2634 4157 2687 4212 5.
2726 4160 2833 4228 l8).
2859 4158 2956 4212 llic
2979 4176 3107 4216 vero
3139 4179 3243 4218 non
3271 4168 3367 4233 sic,
3398 4171 3491 4224 sed
3517 4174 3625 4226 alio
3653 4191 3746 4230 or-

2142 4240 2290 4305 dine,
2323 4244 2428 4296 imo
2454 4253 2508 4297 et
2533 4245 2796 4299 Thomam
2829 4261 2888 4302 se
2918 4251 3088 4304 multo
3128 4253 3434 4312 inferiorem
3465 4262 3565 4316 sibi
3589 4275 3746 4320 ante-

2145 4334 2311 4398 ponit.
2342 4333 2448 4389 Sed
2478 4351 2665 4392 eorum
2710 4342 3011 4413 catalogum
3056 4362 3083 4399 a
3130 4352 3390 4420 principio
3440 4355 3742 4416 videamus.

2148 4421 2349 4476 Primus
2379 4425 2557 4481 Simon
2585 4464 2600 4494 ,
2648 4433 2734 4501 qui
2772 4433 2957 4488 dicitur
2989 4435 3190 4504 Petrus,
3223 4451 3269 4495 et
3309 4444 3536 4502 Andreas
3581 4452 3746 4522 frater

2143 4517 2270 4585 ejus.
2291 4515 2473 4587 Neque
2498 4535 2660 4589 parva
2693 4524 2806 4578 laus
2833 4525 2948 4582 haec
2969 4538 3048 4584 est
3075 4549 3089 4584 :
3131 4532 3278 4588 illutn
3301 4550 3331 4590 a
3354 4515 3746 4602 virtttte,'hunc

2144 4622 2174 4660 a
2201 4609 2478 4673 nobilitate
2509 4629 2718 4669 morum
2762 4617 3017 4677 laudavit.
3050 4626 3104 4679 ὅ.
3137 4623 3334 4684 Deinde
3368 4629 3594 4690 Iacobus
3636 4637 3744 4693 Ze-

2143 4697 2322 4763 bedtei,
2348 4712 2394 4753 et
2420 4700 2644 4759 Joannes
2671 4711 2831 4777 frater
2849 4712 2980 4776 ejus.
3006 4713 3196 4771 Videu‘
3219 4722 3486 4787 quomodo
3515 4742 3621 4780 non
3655 4744 3744 4783 se-

2143 4789 2375 4845 cundum
2401 4791 2709 4863 dignitatem
2742 4802 2946 4869 ponat?
2975 4802 3099 4859 Mihi
3127 4823 3358 4880 namque
3384 4813 3613 4882 videtur,
3633 4835 3742 4875 non

2142 4882 2262 4935 aliis
2297 4883 2480 4951 modo,
2508 4890 2602 4944 sed
2635 4899 2691 4946 et
2717 4891 2884 4948 fratre
2909 4911 3122 4967 quoque
3164 4916 3264 4955 suo
3307 4902 3572 4962 Joannem
3616 4926 3745 4968 esse

2142 4974 2424 5042 majorem.
2469 4977 2668 5036 Deinde
2692 4997 2817 5038 cum
2853 4983 3096 5055 dixisset,
3130 4988 3408 5061 Philippus
3432 5006 3480 5050 et
3508 4997 3740 5056 Bari/to-

2143 5062 2372 5131 lomwus,
2406 5068 2680 5139 subjunxit
2707 5092 2718 5126 :
2755 5074 2975 5132 Thomas
3028 5089 3074 5135 et
3103 5079 3378 5140 Matutinus
3409 5089 3736 5156 publicanus.

2146 5155 2338 5210 Verum
2385 5173 2488 5212 non
2521 5163 2598 5217 sic
2624 5164 2817 5231 Lucas,
2846 5170 2940 5224 sed
2981 5170 3196 5226 inverso
3235 5155 3444 5244 ordine,
3478 5182 3738 5252 ponitque

2142 5247 2288 5304 illum
2324 5259 2447 5306 ante
2480 5253 2740 5312 Thomam
2782 5258 2935 5329 (Luc.
2982 5262 3036 5318 6.
3086 5265 3197 5334 Η).
3249 5266 3448 5325 Deinde
3486 5247 3735 5341 sequitur

2137 5338 2366 5395 Jacobus
2392 5344 2618 5413 Alphtei.
2643 5349 2771 5403 Erat
2800 5353 2964 5416 enim,
2990 5362 3048 5407 ttt
3078 5355 3208 5419 dixi,
3237 5358 3371 5412 alius
3395 5338 3638 5418 Zebedaei
3669 5369 3736 5420 ll-

2139 5431 2260 5485 lius.
2293 5431 2484 5489 Postea
2514 5451 2633 5490 cum
2663 5439 2884 5497 dixisset
2913 5443 3220 5511 Lohbaaum,
3239 5451 3327 5518 qui
3354 5462 3409 5506 et
3429 5453 3737 5514 'l'haddarus

2141 5525 2449 5591 vocabatur,
2481 5537 2535 5582 et
2584 5528 2856 5587 Simonem
2900 5535 3153 5603 Zeloten,
3194 5555 3354 5610 quem
3401 5543 3732 5604 Cananacum

2139 5624 2310 5679 vocat,
2341 5616 2404 5669 ad
2439 5619 2764 5686 proditorem
2795 5627 2942 5681 venit
2975 5646 2987 5681 :
3037 5644 3210 5699 neque
3239 5641 3298 5686 ut
3345 5634 3598 5693 inimicus
3645 5641 3731 5695 vel

2140 5705 2327 5772 hostis,
2361 5710 2454 5763 sed
2488 5720 2543 5765 ut
2588 5714 2866 5773 historiam
2915 5720 3162 5780 scribens
3201 5725 3282 5780 sic
3325 5729 3553 5786 vocavit.
3609 5731 3727 5789 Non
