4076 6432
283 387 381 445 38!

287 505 452 573 dixit,
499 500 874 560 Exsecrandus
918 502 1004 559 vel
1049 503 1485 568 seelestissimus,
1517 500 1613 555 sed
1654 516 1724 556 ex
1755 499 1888 554 urbe

293 603 469 670 ipsum
494 596 918 669 cognominavit,
950 597 1006 652 ι.
1033 595 1204 651 ludas
1241 593 1531 650 lseariotes.
1567 591 1700 648 Erat
1743 592 1889 646 enim

290 691 430 744 alius
451 689 620 744 ludas
640 687 923 754 Lebbaeus,
941 689 1031 760 qui
1051 685 1537 758 cognominabatur
1562 682 1889 745 Thaddmus,
1925 740 1931 745 ,

285 795 451 850 quem
489 778 673 835 Jacobi
705 794 828 835 esse
858 779 1025 834 filium
1055 779 1131 833 ait
1166 778 1336 833 Lucas
1363 777 1571 840 dicens,
1597 774 1766 829 Iudas
1791 771 1891 826 Ja-

284 869 398 924 cobi
425 868 582 939 (Luc.
612 870 668 925 6.
702 870 816 941 l6).
850 871 933 925 Ab
979 869 1082 925 hoc
1129 870 1290 941 igitur
1337 868 1484 922 illum
1529 866 1886 937 distinguens,

282 963 399 1018 ait:
429 961 602 1018 ludas
623 961 914 1026 lseariotes.
947 962 1035 1032 qui
1068 961 1279 1015 tradidit
1309 977 1440 1014 eum.
1491 957 1676 1030 Neque
1725 957 1890 1028 pudet

282 1053 461 1124 ipsum
501 1053 707 1117 dicere,
737 1052 837 1121 Qui
867 1052 1099 1122 prodidit
1139 1053 1333 1123 ipsum.
1374 1050 1450 1105 lia
1481 1063 1771 1120 numquam
1799 1063 1886 1113 ea,

280 1160 403 1213 qua:
447 1145 819 1216 vituperabilis
848 1143 1166 1198 videbantur
1208 1157 1353 1206 esse,
1398 1140 1883 1212 praetermiserunt.

282 1234 504 1290 Primus
549 1236 790 1290 omnium
818 1243 899 1289 est
931 1233 1252 1306 coryplneus
1284 1233 1569 1288 illiteratus
1597 1240 1652 1286 et
1697 1230 1885 1286 idiota.

282 1323 390 1382 Sed
422 1325 702 1382 videamus
725 1341 833 1397 quo
859 1334 914 1380 et
946 1325 1011 1380 ad
1039 1316 1302 1394 quosnam
1335 1326 1509 1378 mittat
1548 1323 1668 1378 illos
1705 1323 1886 1379 Jesus.

282 1417 338 1473 5.
375 1416 486 1472 Hos
516 1418 804 1482 duodecim,
833 1417 1026 1485 inquit,
1059 1416 1194 1471 misit
1232 1414 1406 1471 Iesus.
1438 1415 1712 1483 Quosnam
1749 1429 1885 1482 qua-

284 1508 470 1564 leave?
518 1509 837 1573 Piscatores,
887 1508 1248 1579 publicanos:
1291 1523 1413 1562 nam
1460 1516 1691 1577 quatuor
1732 1515 1888 1560 erant

283 1601 609 1670 piscatores,
641 1609 697 1656 et
741 1601 851 1656 duo
894 1600 1187 1671 publicani,
1216 1600 1504 1656 Mattheus
1527 1609 1584 1656 et
1612 1599 1885 1665 Jacobus;

282 1707 532 1763 unusque
563 1692 823 1762 proditor.
858 1693 925 1747 Et
953 1692 1082 1762 quid
1118 1693 1223 1747 illis
1262 1693 1379 1747 ait?
1409 1691 1602 1749 Statim
1646 1694 1890 1764 pra-cipit

281 1780 367 1837 Itis
396 1782 580 1837 verbis
613 1801 625 1838 :
658 1781 726 1836 In
755 1783 887 1836 uiam
927 1783 1154 1854 gentium
1189 1800 1253 1838 ne
1276 1784 1521 1849 abici-itis,
1551 1794 1598 1839 et
1623 1785 1677 1839 in
1703 1786 1884 1838 civitao

281 1882 382 1928 teut
409 1871 858 1928 Samaritanorum
900 1891 964 1928 ne
992 1875 1299 1930 intraveritis
1330 1891 1349 1929 :
1390 1876 1442 1930 6.
1486 1876 1577 1931 sed
1625 1877 1793 1946 potius
1821 1878 1890 1932 ite

280 1963 351 2017 ad
389 1979 508 2018 oves
549 1979 666 2034 quo
707 1965 967 2034 petierunt
993 1967 1174 2020 domus
1219 1964 1406 2021 Israel.
1437 1966 1516 2021 Ne
1546 1968 1764 2036 putetis,
1802 1969 1886 2021 in-

278 2055 418 2124 quit,
459 2053 582 2124 quia
635 2054 766 2108 mihi
815 2054 1210 2122 conviciantur,
1250 2064 1307 2110 et
1350 2056 1743 2112 daemoniacum
1793 2073 1888 2112 vo-

280 2152 428 2209 cant,
460 2157 548 2198 me
576 2141 697 2198 ideo
724 2143 851 2198 illos
873 2143 999 2198 odio
1032 2143 1232 2202 habere
1259 2154 1315 2201 et
1349 2149 1586 2202 aversari
1620 2150 1720 2220 (α).
1754 2148 1887 2203 Nam

280 2236 492 2308 priores
519 2236 639 2291 illos
665 2236 960 2292 emendare
979 2237 1184 2305 studui,
1203 2248 1259 2294 et
1279 2254 1374 2293 vos
1399 2241 1470 2294 ab
1494 2240 1616 2295 aliis
1637 2242 1888 2297 omnibus

279 2328 502 2383 abactos
531 2328 600 2382 ad
645 2329 766 2383 illos
805 2329 959 2383 mitto
1000 2330 1253 2385 doctores
1290 2346 1354 2386 ac
1398 2332 1659 2389 medicos.
1702 2333 1888 2405 Neque

279 2417 444 2473 modo
471 2427 594 2472 veto
623 2435 690 2474 ne
710 2419 829 2473 aliis
849 2428 976 2475 ante
1003 2419 1125 2475 illos
1155 2421 1498 2490 praedicetur,
1520 2422 1616 2478 sed
1649 2439 1718 2478 ne
1745 2425 1885 2478 viam

280 2511 499 2579 quidem
547 2495 817 2580 attingere
860 2526 980 2580 qua:
1025 2512 1133 2566 alio
1169 2511 1355 2578 ducat,
1383 2529 1483 2569 nec
1527 2514 1580 2568 in
1613 2515 1885 2570 civitatem

285 2600 468 2656 illam'
499 2603 701 2656 intrare
731 2602 1004 2672 permitto.

349 2695 404 2748 ι.
436 2692 754 2748 Samaritani
806 2693 950 2750 enim
993 2694 1302 2750 Iudaeorum
1352 2707 1508 2752 erant
1545 2698 1839 2753 adversarii
1872 2717 1884 2752 :

279 2794 515 2840 attamen
547 2785 752 2839 facilior
789 2795 908 2842 erat
951 2787 1020 2840 ibi
1054 2787 1398 2856 prtedicatio;
1446 2788 1618 2845 multo
1646 2791 1788 2844 enim
1821 2792 1886 2844 ad

281 2874 442 2931 fidem
471 2875 869 2946 suscipiendam
901 2879 1197 2945 paratiores
1226 2887 1381 2933 crant
1411 2897 1424 2932 :
1455 2880 1509 2933 hi
1540 2895 1671 2936 vero
1699 2881 1885 2935 durio-

281 2983 406 3034 res;
436 2981 807 3024 verumtamen
833 2969 899 3024 ad
929 2969 1230 3025 difficiliora
1261 2973 1421 3025 mittit
1447 2972 1599 3038 illos,
1629 2973 1707 3027 sic
1737 2989 1887 3027 snzun

279 3074 404 3131 erga
435 3060 555 3115 illos
585 3060 974 3130 providentiam
1002 3061 1295 3116 ostendens
1320 3103 1337 3128 ,
1365 3077 1430 3116 ac
1452 3062 1764 3117 Judteorum
1795 3080 1890 3118 ora

279 3149 536 3205 claudens
557 3191 574 3216 ,
600 3160 766 3221 atque
787 3150 854 3205 ad
887 3151 1254 3221 apostolorum
1279 3152 1721 3223 praedicationem
1751 3155 1889 3209 viam

280 3259 478 3314 parans
503 3285 518 3307 .
547 3260 617 3300 ne
641 3260 826 3301 rursus
856 3257 1212 3312 accusarent,
1245 3246 1390 3317 quod
1434 3248 1500 3302 ad
1528 3248 1783 3320 Assyrios
1812 3251 1890 3304 in.

279 3340 627 3394 circumcisus
657 3340 884 3410 ingressi
915 3350 1135 3407 essent,
1165 3350 1217 3395 et
1241 3342 1440 3410 justam
1464 3341 1777 3397 viderentur
1800 3343 1892 3396 ha-

280 3430 409 3485 bere
446 3443 665 3484 causam
716 3431 862 3498 ipsos
895 3429 1131 3499 fugiendi
1179 3439 1235 3486 et
1263 3433 1569 3487 aversandi.
1604 3434 1753 3503 Ipsos
1792 3451 1890 3489 au-

281 3530 388 3574 tem
415 3534 552 3601 oves.
567 3517 802 3589 perditas
831 3518 986 3575 vocat
1004 3562 1020 3585 ,
1045 3505 1152 3575 n'on
1179 3537 1300 3593 qua:
1330 3522 1507 3592 fugam
1531 3526 1888 3594 susceperint,

281 3612 521 3683 undique
550 3612 656 3668 illis
686 3614 855 3668 venia
891 3613 1114 3668 modum
1157 3615 1508 3684 excogitans,
1546 3617 1892 3688 ipsorumque

281 3704 493 3758 animos
523 3704 840 3774 pertrahens
860 3745 876 3771 ,
905 3719 969 3760 ac
1004 3705 1190 3760 dicens
1217 3724 1230 3760 :
1257 3707 1308 3760 7.
1345 3706 1538 3763 Euntes
1580 3711 1886 3779 prwdicate.

281 3797 520 3867 quoniam
547 3796 975 3867 appropinquavit
1023 3814 1234 3870 regnum
1267 3801 1527 3853 calorum.
1571 3800 1758 3856 Viden’
1786 3804 1888 3855 mi-

283 3889 488 3944 nisterii
541 3887 998 3959 magnitudinem?
1030 3890 1204 3945 viden‘
1251 3892 1617 3961 apostolorum
1655 3894 1888 3964 dignita-

283 3979 434 4035 tem?
465 3978 608 4034 Nihil
643 3981 841 4035 sensile
866 3980 1124 4048 iubentur
1146 3981 1358 4047 dicere;
1387 3998 1487 4038 nec
1513 3985 1651 4039 sicut
1679 3985 1889 4058 Moyses

281 4084 335 4128 et
361 4072 637 4142 pmphetae
661 4074 901 4144 priores;
928 4075 1022 4129 sed
1076 4089 1215 4129 nova
1259 4077 1507 4145 quedam
1537 4086 1590 4133 ct
1637 4078 1889 4150 inexspe-

281 4173 440 4219 ctata.
469 4163 651 4234 Neque
675 4165 818 4218 enim
843 4165 964 4218 talia
997 4164 1094 4234 ipsi
1121 4165 1512 4238 praedicabant,
1543 4167 1637 4223 sed
1666 4179 1886 4232 terram,

283 4264 338 4310 et
368 4265 579 4309 terrena
608 4255 745 4310 bona
781 4273 796 4310 :
830 4256 881 4309 hi
913 4251 1091 4311 autem
1116 4271 1338 4328 regnum
1372 4259 1629 4313 cmlorum
1650 4302 1665 4328 ,
1694 4271 1744 4314 et
1771 4277 1891 4331 qua:

285 4346 353 4402 ibi
376 4355 504 4400 sunt
532 4347 732 4402 omnia.
770 4346 956 4418 Neque
999 4348 1124 4403 inde
1155 4349 1332 4404 solum
1366 4350 1417 4404 bi
1467 4351 1701 4421 majores
1727 4361 1887 4418 sunt,

283 4435 379 4493 sed
407 4437 569 4492 etiam
599 4452 666 4494 ex
709 4437 1034 4494 obedientia.
1066 4439 1251 4510 Neque
1291 4441 1433 4496 enim
1474 4454 1762 4512 recusant,
1793 4462 1888 4499 ne-

282 4544 389 4598 que
417 4539 738 4584 cunctantur
778 4531 920 4586 sicut
948 4540 1160 4588 veteres
1186 4532 1259 4588 illi
1285 4535 1305 4565 ’
1335 4552 1349 4588 :
1379 4534 1472 4590 sed
1503 4536 1712 4591 etiamsi
1745 4538 1890 4607 peri-

283 4621 401 4674 cula
428 4662 444 4687 ,
487 4620 626 4676 bella
657 4631 712 4678 et
739 4623 1094 4679 intolerabilia
1129 4625 1266 4679 mala
1295 4626 1545 4693 audiant,
1572 4643 1694 4682 cum
1727 4629 1887 4685 obse-

283 4716 501 4785 quentia
532 4717 696 4771 multa
742 4718 999 4787 imperata
1042 4719 1378 4788 suscipiunt,
1404 4731 1588 4790 utpote
1617 4724 1706 4793 qui
1738 4725 1884 4795 regni

284 4807 391 4859 sint
420 4821 718 4876 praecones.
753 4807 820 4862 Et
849 4809 976 4877 quid
1011 4811 1242 4876 mirum,
1277 4813 1519 4882 inquies,
1551 4816 1595 4869 si
1629 4815 1758 4869 nihil
1790 4816 1888 4868 du—

285 4915 403 4954 rum
437 4907 493 4954 et
517 4913 765 4968 asperum
792 4901 1127 4970 pr.rdicaturi
1153 4945 1166 4967 ,
1191 4904 1370 4959 subito
1394 4908 1723 4975 paruerunt?
1747 4907 1884 4974 Quid

285 4988 461 5044 dicis?
494 4988 625 5043 nihil
657 4990 848 5045 durum
883 4993 1176 5061 prmdicare
1205 4994 1342 5063 jussi
1392 4998 1552 5051 sulut.’
1580 5013 1684 5052 non
1735 5001 1886 5053 audis

285 5093 534 5136 carceres
559 5121 574 5141 .
602 5079 951 5137 abductioucs
972 5083 1038 5137 ad
1072 5095 1299 5138 mortem
1322 5127 1336 5151 ,
1366 5085 1504 5140 bella
1525 5089 1703 5156 civilia
1728 5127 1742 5151 .
1771 5089 1889 5143 uui-

285 5185 568 5226 versorum
591 5170 793 5236 odium,
816 5188 935 5242 qum
965 5176 1143 5228 omnia
1159 5174 1288 5246 ipsis
1308 5177 1466 5247 paulo
1490 5167 1612 5247 post
1631 5188 1887 5235 eventura

287 5279 408 5318 esse
438 5263 690 5318 dicebat?
737 5263 859 5318 Illos
884 5279 1115 5335 namque
1147 5268 1309 5321 mittit
1347 5283 1654 5338 praecones,
1687 5282 1742 5327 ut
1769 5273 1888 5330 aliis

289 5371 568 5410 innumera
619 5357 755 5411 bona
806 5359 1132 5424 concilient;
1179 5361 1297 5414 illos
1346 5379 1475 5417 vero
1529 5365 1884 5422 intoierahilia

289 5437 428 5493 mala
464 5451 718 5506 passuros
746 5456 867 5499 esse
892 5445 1019 5499 dicit
1049 5453 1103 5499 et
1134 5451 1476 5514 praenuntiat.
1513 5452 1714 5509 Deinde
1741 5464 1795 5507 ut
1825 5452 1884 5506 il-

346 5531 363 5562 ί
403 5529 504 5584 Alii.
535 5529 585 5580 in
603 5529 840 5582 cit-itam
863 5532 1291 5585 samaritanorum.

346 5593 369 5622 ¹
405 5592 588 5650 Morel.,
606 5593 732 5643 sicut
750 5593 932 5644 ceteri.

344 5657 418 5727 ta)
455 5653 591 5727 Apud
618 5655 1151 5727 storel._verba_textns
1174 5661 1320 5727 graeci
1345 5674 1455 5723 quze
1487 5666 1788 5727 respondent
1809 5668 1884 5716 his

279 5716 686 5778 vocibusjlatiuis,
711 5717 824 5776 quia
857 5716 977 5768 mihi
1001 5716 1430 5770 conviciantur..'...
1472 5716 1586 5773 odio
1625 5726 1802 5776 habere
1834 5736 1883 5778 et

280 5776 518 5851 «cursari:
542 5775 678 5851 lapsu
702 5775 935 5851 graphice
957 5780 1261 5851 exciderant.
1288 5785 1378 5832 sed
1404 5787 1452 5833 in
1493 5786 1600 5835 aliis
1625 5775 1791 5851 cxem,
1811 5775 1880 5838 ei;

282 5841 419 5889 ribus
442 5841 703 5899 habentur,
729 5846 780 5890 et
802 5841 861 5889 ad
884 5842 1067 5890 seriem
1089 5846 1419 5906 requiruntur.

1250 383 1317 440 IN
1355 381 1769 441 HATTIIEUM
1812 379 2046 438 ιιοιιιι..
2088 380 2306 442 XXXII.
2346 387 2419 444 al.
2461 388 2704 449 XXXIII.

3499 405 3605 464 382

2002 492 2084 546 los
2100 491 2204 586 fide
2223 495 2415 566 dignos
2432 500 2641 565 reddat,
2661 501 2738 557 ait
2763 519 2777 557 :
2800 502 2856 559 8.
2889 502 3074 576 Inﬁrm
3083 524 3137 564 os
3155 521 3349 581 curate,
3380 515 3607 586 leprosos

1998 584 2238 674 muudate
2255 587 2270 618 ¹
2281 627 2298 652 ,
2317 587 2574 646 demonia
2588 593 2754 664 ejicite
2769 611 2789 649 :
2805 598 2965 667 gratis
2981 601 3269 671 accepistis,
3288 584 3446 674 gratis
3465 608 3601 663 datr.

1996 672 2130 769 \iide
2154 679 2427 746 quomodo
2457 696 2668 738 morum
2699 699 2884 742 curam
2917 687 3114 746 habeat
3134 732 3150 757 ,
3192 672 3418 763 perinde
3439 676 3607 769 atque

1993 764 2269 836 signorum
2296 811 2311 834 ,
2343 772 2636 829 ostendens
2663 775 2812 848 signa
2839 779 2960 835 sine
3004 783 3245 839 moribus
3273 786 3406 842 nihil

1992 855 2126 912 Nam
2179 875 2248 915 ne
2301 862 2468 917 altum
2543 867 2801 936 sapiant,
2857 873 3002 940 ipsos
3051 874 3302 942 reprimit
3367 877 3602 936 dicens:

1991 947 2166 1040 Gratis
2192 953 2459 1020 accepistis
2482 996 2497 1022 ,
2525 959 2686 1027 gratis
2712 959 2864 1026 date;
2891 971 2946 1017 et
2973 971 3030 1018 ut
3055 965 3124 1019 ab
3144 980 3332 1023 amore
3360 973 3605 1040 pecuniae

1988 1039 2317 1110 abstineant,
2348 1047 2613 1115 providet.
2641 1049 2849 1108 Deinde
2876 1069 2944 1109 ne
2973 1064 3293 1126 putarentur
3315 1039 3432 1118 haec
3454 1073 3601 1122 tanta

1987 1135 2247 1227 oporahab
2273 1136 2382 1192 illis
2411 1138 2714 1209 proficisci,
2747 1159 2883 1202 neve
2915 1147 2984 1204 de
3025 1148 3192 1219 signis
3221 1157 3601 1227 superbirent,

1986 1226 2058 1280 ait
2087 1241 2102 1277 ε
2132 1224 2304 1282 erant
2342 1231 2628 1302 αεερρεειίε.
2655 1233 2798 1294 Nihil
2826 1237 3092 1309 largimini
3124 1243 3190 1298 iis
3216 1247 3309 1315 qui
3336 1262 3432 1303 vos
3457 1224 3604 1308 reci-

1988 1318 2140 1388 piunt
2171 1338 2184 1375 :
2215 1336 2397 1392 neque
2446 1325 2590 1380 enim
2645 1326 2701 1382 in
2731 1332 3041 1387 mercedem
3070 1335 3153 1389 vel
3203 1351 3303 1405 pro
3324 1339 3603 1400 laboribus

1986 1410 2073 1464 illa
2104 1413 2393 1482 accepistis
2422 1433 2436 1469 :
2464 1432 2582 1472 mea
2609 1420 2809 1491 quippe
2838 1431 2922 1478 est
2948 1427 3140 1495 gratia.
3175 1427 3380 1485 Eodem
3419 1432 3601 1504 itaque

1986 1505 2150 1560 modo
2194 1507 2302 1562 illis
2344 1508 2471 1566 date
2497 1529 2509 1564 :
2537 1527 2715 1583 neque
2741 1516 2886 1570 enim
2940 1518 3264 1590 condignum
3318 1523 3448 1591 ipsis
3477 1541 3602 1594 pre-

1987 1597 2117 1652 tium
2151 1601 2392 1671 reperire
2419 1614 2523 1659 est.
2569 1605 2777 1663 Deinde
2824 1611 3090 1667 malorum
3143 1615 3380 1672 radicem
3410 1619 3595 1676 statim

1983 1692 2255 1762 evellens,
2293 1695 2368 1750 ait
2397 1717 2412 1752 :
2441 1697 2494 1753 9.
2528 1697 2705 1755 Nolite
2733 1703 2994 1773 possidere
3034 1722 3218 1760 aurum
3241 1751 3256 1773 ,
3310 1726 3470 1779 neque
3507 1728 3598 1766 ar-

1982 1793 2190 1853 gentum
2222 1827 2238 1851 ,
2283 1803 2445 1855 neque
2482 1791 2747 1858 pecuniam
2799 1795 2851 1848 in
2899 1811 3044 1852 sonis
3086 1801 3299 1864 uestris,
3346 1801 3434 1858 lo.
3492 1821 3598 1860 non

1983 1892 2157 1944 peram
2187 1877 2254 1930 ad
2288 1879 2445 1947 riam,
2475 1897 2634 1952 neque
2653 1883 2784 1938 duas
2811 1887 3027 1952 tunicas,
3052 1907 3210 1959 neque
3228 1893 3595 1960 calceamentis,

1982 1983 2146 2036 neque
2170 1969 2385 2040 uirgam.
2408 1970 2524 2027 Non
2550 1973 2708 2041 dixit,
2735 1974 2850 2030 Non
2874 1979 3151 2046 accipiatis
3177 1981 3480 2051 vobiscum;
3498 1986 3596 2042 sed

1982 2059 2194 2116 etiamsi
2221 2061 2441 2119 aliunde
2468 2065 2643 2134 possis
2669 2068 2936 2138 accipere,
2955 2069 3078 2141 fuge
3098 2072 3296 2126 malum
3321 2075 3587 2133 morbum.

1983 2147 2095 2205 lloc
2119 2151 2263 2207 enim
2293 2165 2568 2224 pra'cepto
2594 2156 2763 2212 multa
2806 2161 3087 2215 commoda
3128 2162 3406 2219 obtinebat
3434 2181 3448 2219 :
3479 2168 3594 2239 pri-

1983 2255 2092 2305 mo,
2127 2251 2185 2297 ut
2210 2245 2354 2298 nulla
2384 2245 2455 2300 sit
2480 2247 2550 2303 de
2573 2248 2855 2318 discipulis
2885 2253 3152 2321 suspicio;
3180 2255 3424 2310 secundo
3443 2299 3460 2323 ,
3489 2259 3596 2316 illis

1986 2344 2176 2390 curam
2197 2345 2416 2386 omnem
2441 2333 2654 2398 adimit,
2675 2334 2748 2390 ita
2766 2343 2826 2390 ut
2852 2337 3024 2393 otium
3040 2341 3591 2414 omneinpnedican-

1971 2420 2057 2481 ,do
2096 2421 2265 2474 verbo
2309 2431 2671 2486 consumant;
2709 2424 2890 2488 tertio,
2916 2439 3071 2479 suam
3109 2428 3229 2484 illos
3258 2441 3585 2510 potestatem

1981 2513 2160 2568 docet.
2191 2516 2305 2571 lloc
2331 2519 2494 2572 etiam
2527 2532 2716 2589 postea
2749 2520 2879 2576 dicit
2923 2523 3030 2578 illis
3059 2541 3072 2575 :
3108 2525 3242 2580 Num
3270 2528 3397 2596 quid
3426 2528 3595 2585 dvt‘uit

1982 2606 2159 2670 vobis,
2188 2609 2406 2679 quando
2433 2625 2531 2666 vos
2564 2613 2685 2668 misi
2737 2614 2912 2668 nudos
2948 2619 3008 2669 ‘et
3056 2617 3174 2673 sine
3215 2621 3457 2676 calceis?
3482 2622 3593 2680 Ne-

1980 2713 2086 2766 que
2115 2701 2295 2755 statim
2350 2703 2520 2769 dicit,
2579 2703 2759 2759 Nolite
2824 2708 3123 2776 possidere,-
3167 2711 3260 2764 sed
3309 2722 3592 2784 postquam

1980 2792 2158 2847 dixit:
2202 2792 2458 2863 Leprosos
2487 2798 2763 2865 mandate,
2792 2802 3047 2856 daemonia
3095 2805 3293 2876 ejicite,
3348 2817 3476 2863 tunc
3520 2808 3593 2864 ita

1983 2882 2222 2952 loquitur
2244 2926 2258 2948 ,
2305 2884 2484 2941 Nolite
2520 2889 2820 2958 possidere;
2852 2902 3014 2962 atque
3046 2896 3267 2964 adjicit,
3300 2896 3474 2952 Gratis
3502 2917 3592 2955 ac-

1982 2975 2187 3044 cepistis
2213 3018 2228 3042 ,
2257 2980 2416 3047 gratis
2443 2979 2598 3046 date;
2630 2981 2870 3052 ipsisque
2899 2993 2954 3038 et
2975 2987 3125 3056 quod
3166 2999 3591 3046 consentaneum

1980 3068 2287 3141 decensque
2310 3081 2448 3139 erat,
2470 3082 2520 3128 et
2552 3074 2695 3143 quod
2728 3076 2982 3144 possibile
3027 3080 3202 3149 reipsa
3237 3083 3442 3137 tribuit.
3486 3082 3593 3140 Sed

1979 3159 2176 3215 dixerit
2209 3163 2348 3218 forte
2375 3165 2675 3235 quispiam,
2709 3177 2906 3222 cmtera
2936 3172 3153 3241 quidem
3206 3177 3401 3231 rationi
3452 3193 3585 3232 con-

1979 3261 2236 3307 sentanea
2282 3269 2444 3320 esse,
2473 3255 2567 3311 sed
2620 3272 2728 3313 non
2773 3275 2958 3329 peram
3004 3261 3169 3318 invia
3221 3263 3454 3334 habere,
3484 3285 3592 3324 non

1979 3343 2112 3396 duas
2139 3345 2368 3409 tunicas,
2401 3362 2506 3400 non
2535 3348 2761 3418 virgam,
2794 3365 2899 3405 non
2926 3353 3288 3410 calceamenta
3319 3373 3419 3414 cur
3451 3377 3593 3429 prte-

1979 3435 2164 3506 cepit?
2204 3435 2273 3492 Ut
2304 3437 2424 3493 illos
2453 3439 2521 3494 ad
2555 3453 2865 3497 accuratam
2917 3445 3039 3501 vitae
3079 3450 3342 3505 rationem
3369 3454 3593 3509 omnino

1979 3539 2263 3584 exerceret
2292 3547 2305 3583 :
2340 3531 2605 3602 siquidem
2633 3537 2881 3603 superius
2908 3553 2976 3592 ne
3002 3537 3071 3594 de
3096 3540 3340 3617 sequenti
3370 3545 3590 3615 quidem

1979 3617 2068 3674 die
2093 3635 2282 3675 curare
2310 3622 2575 3692 permisit.
2600 3623 2732 3678 Nam
2756 3627 2873 3681 orbi
2894 3629 3144 3685 doctores
3167 3631 3429 3688 missurus
3452 3647 3588 3698 erat.

1981 3712 2212 3784 ideoque
2238 3731 2302 3770 ex
2333 3717 2643 3772 hominibus
2671 3720 2891 3788 angelos
2913 3762 2930 3790 ,
2964 3731 3022 3778 nt
3051 3725 3121 3779 ita
3153 3725 3369 3792 dicam,
3403 3727 3587 3796 efﬁcit,

1979 3803 2048 3858 ab
2063 3806 2210 3859 omni
2230 3807 2350 3861 vita:
2367 3821 2496 3862 cura
2516 3807 2750 3873 solvens,
2773 3821 2830 3866 ut
2855 3829 3014 3868 unam
3035 3815 3107 3868 illi
3126 3815 3424 3872 doctrinam
3447 3835 3594 3876 curae

1980 3904 2136 3951 rent:
2169 3897 2278 3951 imo
2306 3907 2359 3952 et
2406 3897 2507 3952 hac
2552 3899 2671 3953 illos
2711 3915 2841 3955 cura
2894 3903 3123 3971 liberat,
3162 3907 3348 3962 dicens
3375 3928 3390 3963 :
3417 3909 3594 3968 Nolite

1981 3987 2201 4056 cogitare
2224 3991 2476 4055 quomodo
2505 4000 2595 4042 aut
2638 3991 2764 4062 quid
2801 3990 3084 4062 loquamini
3115 3995 3330 4064 (Matth.
3354 3999 3442 4055 l0.
3475 4003 3588 4074 19).

1983 4075 2057 4130 Ita
2086 4087 2142 4132 ut
2172 4078 2315 4148 quod
2347 4079 2559 4135 videtur
2585 4081 2780 4136 durum
2808 4099 3210 4157 onerosnmque
3237 4103 3380 4154 esse,
3405 4091 3454 4144 id
3483 4092 3592 4148 illis

1982 4169 2137 4225 facile
2179 4171 2598 4242 expeditumque
2645 4174 2735 4228 sit.
2783 4175 2924 4230 Nihil
2957 4179 3100 4231 enim
3149 4180 3591 4248 tranquillitatem

1981 4263 2147 4316 animi
2193 4265 2361 4334 magis
2404 4266 2582 4334 pauit,
2615 4281 2779 4335 quam
2823 4281 2855 4320 a
2901 4283 3028 4323 cura
3077 4269 3328 4337 liberari;
3361 4275 3596 4332 maxime

1980 4371 2102 4410 cum
2127 4355 2225 4411 hac
2249 4357 2480 4424 liberati,
2505 4367 2725 4427 possent
2747 4359 2895 4415 nullo
2915 4375 3050 4430 opus
3076 4360 3295 4430 habere,
3322 4364 3434 4420 Deo
3455 4380 3592 4434 prae-

1982 4458 2137 4502 sente
2161 4491 2175 4514 ,
2208 4448 2297 4517 qui
2329 4451 2569 4502 omnium
2599 4450 2714 4503 vice
2751 4450 2882 4519 ipsis
2909 4466 3030 4506 esse
3072 4455 3263 4522 possit.
3296 4454 3498 4511 Deinde
3525 4473 3594 4514 ne

1982 4538 2164 4594 dicent
2183 4581 2196 4601 ,
2234 4538 2385 4594 Unde
2415 4553 2545 4610 ergo
2577 4542 2889 4596 necessario
2919 4541 3044 4598 cibo
3073 4543 3354 4600 fruemur?
3383 4563 3491 4602 non
3512 4548 3598 4604 di-

1981 4631 2054 4685 cit
2083 4632 2190 4685 uns
2221 4648 2234 4684 :
2261 4633 2497 4685 Audistis
2525 4633 2647 4698 quia
2669 4632 2780 4687 dixi
2809 4634 2962 4688 vobis
2995 4636 3140 4705 prius
3171 4653 3186 4692 :
3220 4637 3476 4708 Respicite
3503 4659 3595 4696 νο-

1983 4727 2146 4780 latilia
2171 4718 2283 4779 αειῖ
2310 4723 2522 4793 (Matth.
2553 4725 2604 4780 6.
2631 4725 2724 4797 26)
2778 4717 3017 4784 nondum
3039 4732 3182 4785 enim
3213 4741 3461 4802 poterant
3490 4737 3598 4790 tale

1984 4828 2310 4889 praeceptum
2341 4818 2600 4887 operibus
2627 4819 2922 4888 exhibere,
2969 4823 3062 4878 sed
3097 4823 3198 4880 hoc
3229 4826 3386 4895 longe
3414 4827 3594 4885 minus

1987 4912 2193 4967 induxit
2239 4929 2252 4966 :
2302 4911 2502 4984 Dignus
2540 4924 2613 4967 est
2662 4917 2932 4986 operarius
2977 4916 3090 4971 cibo
3131 4933 3225 4972 suo
3262 4936 3281 4974 :
3311 4919 3595 4976 declarans

1986 5005 2131 5075 ipsos
2160 5021 2188 5058 a
2221 5006 2500 5076 discipulis
2525 5022 2646 5063 esse
2696 5009 2920 5064 alendos
2941 5051 2955 5074 ,
2989 5020 3047 5065 ut
3091 5026 3160 5067 ne
3190 5013 3286 5082 ipsi
3329 5013 3594 5069 adversus

1985 5094 2276 5166 discipulos
2319 5099 2483 5152 altum
2513 5108 2803 5168 saperent,
2843 5103 2998 5172 quasi
3043 5104 3223 5157 omnia
3253 5104 3592 5172 praebentes,

1987 5189 2224 5260 nihilque
2263 5191 2594 5260 accipientes
2623 5191 2692 5247 ab
2721 5192 2859 5259 illis;
2890 5209 3066 5265 neque
3114 5193 3365 5266 discipuli
3409 5197 3588 5252 disce-

1985 5282 2172 5336 derent
2196 5283 2265 5338 ab
2298 5285 2400 5338 illis
2428 5270 2690 5353 despecti.

2055 5378 2110 5431 5.
2144 5375 2346 5430 Deinde
2372 5419 2387 5442 ,
2419 5394 2485 5431 ne
2513 5379 2762 5432 dicerent
2795 5396 2808 5432 :
2841 5379 2984 5449 Ergo
3015 5394 3114 5433 nos
3146 5393 3243 5449 pro
3273 5382 3410 5434 victu
3443 5396 3584 5435 incn-

1987 5470 2166 5525 dicare
2191 5469 2392 5538 jubes?
2421 5471 2619 5538 illaque
2667 5487 2755 5525 res
2797 5471 2926 5542 ipsis
2959 5471 3148 5541 pudori
3196 5481 3381 5526 esset:
3430 5487 3579 5526 mon-

1988 5572 2117 5617 strat
2157 5562 2205 5615 id
2230 5579 2258 5616 a
2291 5562 2569 5632 discipulis
2600 5562 2809 5630 deberi,
2843 5563 2970 5618 dum
3002 5564 3158 5631 illos,
3191 5563 3502 5635 operarios,
3534 5575 3589 5621 et

2051 5673 2065 5703 ¹
2106 5668 2344 5740 Nonnulli
2373 5675 2477 5740 post
2509 5671 2616 5722 haec
2645 5672 2818 5731 verba,
2854 5669 3065 5734 leprosos
3092 5669 3335 5728 inundate,
3377 5672 3578 5732 habent,

1989 5741 2194 5785 mortuos
2215 5739 2455 5781 suscitata.

2045 5802 2064 5831 ¹
2089 5802 2150 5849 In
2176 5813 2411 5850 AllehDO
2434 5802 2575 5847 t'crbc
2613 5797 2778 5844 Montf.
2833 5805 2884 5844 et
2910 5798 3113 5851 tiamne,
3140 5796 3381 5855 singulari
3413 5795 3568 5858 lapsu.

1985 5862 2123 5911 Eon.
