4076 6448
496 490 640 563 quod
681 489 839 558 datur,
856 527 874 556 ,
898 482 1200 543 mercedem
1228 522 1244 547 ,
1271 488 1445 536 vocat.
1487 476 1568 535 Ne
1600 475 1797 548 putetis
1815 516 1834 540 ,
1861 471 2034 542 inquit
2057 509 2072 534 .

497 582 805 651 quiquae“
835 577 924 633 illa
952 585 1060 632 tota
1089 575 1141 629 in
1163 571 1339 629 verbis
1357 569 1606 626 consistit
1627 609 1644 633 ,
1665 572 1887 636 porrum
1915 579 1948 618 a
1977 575 2078 617 γο-
2105 569 2110 577 ’

499 671 580 726 bis
595 670 905 727 heneilcium
934 666 1181 737 praeberi;
1207 662 1358 722 multi
1381 676 1612 731 namque
1629 656 1825 713 hbet-is
1851 669 1942 710 res
1965 665 2091 709 est:

500 763 750 833 quodque
779 761 911 816 dsnt
944 759 1092 828 liqui
1125 757 1403 819 docentur,
1430 769 1537 807 non
1564 750 1729 821 gratis
1759 747 2074 818 largiuntur,

499 853 592 907 sed
626 854 675 906 id
703 850 970 907 mercedis:
987 849 1105 906 loso
1130 845 1453 908 habendum;
1480 842 1672 912 Dignus
1700 849 1771 894 est
1796 839 1928 892 enim
1957 851 2081 904 ope-

506 940 921 1004 rarius—mercede
945 955 1056 992 sua.
1092 937 1206 992 Hoc
1245 946 1421 990 autem
1455 933 1613 1001 dicit,
1646 938 1752 984 non‘
1781 927 1921 997 quod
1948 925 2104 1007 tanti-

502 1033 676 1087 sulnm
703 1029 1000 1099 apostolici
1060 1022 1544 1087 laboresltsbcndi
1577 1021 1726 1086 sint,
1778 1019 1952 1080 absit;
1983 1015 2078 1071 sed

480 1122 640 1194 ,quod
669 1123 772 1175 illis
787 1121 1094 1184 constituat,
1117 1133 1185 1175 ne
1209 1117 1329 1187 plus
1354 1115 1550 1185 aliquid
1579 1121 1836 1184 quaarant,
1863 1120 1917 1165 ct
1947 1125 2080 1178 pra:-

505 1198 756 1267 betttibus
781 1210 1022 1280 suadeat.
1055 1224 1116 1266 se
1143 1223 1249 1265 non
1269 1220 1337 1267 ex
1369 1206 1688 1263 liberalitate
1714 1201 1842 1258 illud
1874 1216 2074 1269 suppe-

499 1303 813 1370 ditare,“
842 1318 916 1358 ex.
934 1302 1135 1358 debito.
1164 1301 1248 1356 H.
1278 1298 1344 1357 Its
1364 1308 1729 1369 qudmcﬂnque
1741 1295 1989 1352 ciuitatem
2005 1292 2082 1345 υιι

499 1398 662 1454 vicum
680 1395 1011 1459 habueritis,
1035 1395 1348 1470 interrogate
1364 1391 1480 1462 quis
1507 1390 1692 1460 dignus
1719 1387 1883 1441 ittan
1911 1386 1998 1446 sit,
2031 1393 2078 1438 et

496 1477 824 1541 illic'manete
850 1485 1008 1540 donec
1053 1486 1297 1544 eximus.
1312 1483 1498 1552 Neque
1523 1481 1695 1542 enim,
1725 1478 1928 1546 inquit,
1956 1475 2078 1544 quit

496 1574 639 1635 dixi.
669 1573 866 1643 Dignus
889 1583 972 1628 est.
991 1572 1253 1643 operarius
1338 1571 1449 1629 cibo
1503 1585 1598 1624 suo
1651 1570 1669 1603 ¹
1691 1609 1708 1635 ,
1734 1566 1971 1622 omnium
1991 1564 2078 1632 ja—

499 1679 633 1724 nuas
654 1666 800 1720 vobis
829 1666 1043 1735 aperui;
1069 1662 1165 1718 sed
1193 1662 1281 1718 hic
1308 1676 1519 1730 quoque
1537 1660 1760 1714 multam
1785 1657 2082 1714 accuratio-

500 1770 629 1811 uem
653 1763 866 1825 expeto.
905 1753 1039 1808 illud
1084 1753 1227 1806 enim
1271 1752 1424 1808 vobis
1461 1752 1604 1806 laudi
1637 1749 1932 1817 honorique
1953 1748 2077 1811 erit,

502 1843 661 1898 etiam
695 1846 747 1897 in
773 1844 946 1899 victus
975 1843 1300 1898 ratiutte..5i.
1330 1843 1472 1897 enim
1508 1841 1697 1909 dignus
1724 1839 1813 1895 ille
1842 1839 1933 1902 sit,
1963 1854 2079 1892 om-

498 1937 624 2002 nino
651 1936 824 1990 cibum
864 1935 1222 2004 suppeditabit
1248 1950 1262 1997 ;
1295 1932 1632 2000 maximeque
1664 1931 1708 1984 si
1740 1929 1948 1984 nonnisi
1979 1943 2078 1983 ne-

497 2026 722 2080 cessaria
757 2027 966 2094 petatis.
1017 2024 1132 2079 Non
1185 2024 1344 2079 modo
1387 2032 1566 2079 autem
1603 2022 1794 2091 dignos
1838 2035 2079 2090 quaerere

499 2116 1201 2186 pmeipigsedvetatetiam
1227 2132 1294 2171 ne
1320 2116 1389 2171 de
1407 2116 1646 2170 domoin
1667 2114 1887 2170 domum
1916 2123 2077 2168 trans-

500 2215 647 2280 eant,
677 2221 830 2264 mese
853 2207 1204 2276 excipientem
1232 2204 1521 2272 oﬂendant,
1554 2219 1686 2261 neve
1704 2204 1996 2274 ipsileves
2025 2213 2077 2258 et

496 2296 665 2360 ventri
693 2295 861 2358 dediti
889 2297 1204 2353 habeantur.
1235 2296 1288 2351 id
1311 2298 1450 2351 enim
1473 2296 1761 2350 declaravit
1782 2296 1863 2350 his
1879 2293 2076 2359 verbis,

497 2385 579 2442 lbi
607 2399 800 2442 utanete
827 2375 986 2443 donec
1013 2390 1250 2443 cxieritis.
1278 2389 1428 2456 Quod
1461 2387 1620 2442 etiam
1659 2404 1726 2442 ex
1753 2388 1874 2441 aliis
1912 2401 2077 2442 evan-

497 2480 700 2550 gelisds
727 2480 929 2552 (Marc.
957 2481 1010 2536 6.
1044 2480 1166 2534 Luc.
1217 2481 1317 2548 ili)
1350 2480 1483 2534 disci
1533 2489 1724 2548 potest.
1758 2480 1944 2533 Viden’
1972 2495 2077 2548 quo

499 2581 652 2641 pacto
677 2572 796 2625 illos
823 2572 1224 2638 honoratiores,
1253 2579 1306 2626 et
1330 2586 1424 2626 eos
1445 2572 1534 2641 qui
1563 2571 1793 2640 hospitio
1819 2572 2081 2639 recipiunt

497 2664 1077 2734 diligentiores'l‘aciat,
1111 2663 1402 2719 ostendens
1431 2663 1549 2716 illos
1574 2664 1808 2716 maxime
1851 2663 2075 2726 lucrari,

494 2767 550 2813 et
578 2757 642 2811 ad
665 2757 914 2828 gloriam,
953 2765 1008 2812 et
1043 2757 1107 2811 ad
1137 2754 1451 2810 utilitatem?
1500 2754 1699 2809 Deinde
1724 2755 1792 2809 de
1835 2754 1934 2808 hac
1963 2754 2074 2822 ipsa

496 2861 555 2902 re
597 2847 674 2900 sic
716 2846 1055 2916 prosequitur
1089 2864 1102 2897 :
1144 2845 1522 2898 12.1ntrantes
1567 2854 1734 2898 autem
1759 2845 1813 2897 in
1837 2849 2074 2910 domum,

493 2937 705 2991 salutate
745 2937 908 2989 illaut.
943 2937 1028 2990 15.
1063 2935 1128 3012 Et
1166 2938 1211 2990 si
1247 2936 1448 3005 quidem
1485 2936 1639 3006 fuerit
1667 2933 1848 2990 domus
1888 2935 2072 3003 digna,

493 3029 656 3082 variat
681 3043 783 3096 pas:
808 3037 970 3080 uestra
997 3042 1151 3095 super
1179 3027 1322 3080 illam
1349 3043 1368 3079 :
1395 3027 1439 3080 si
1478 3037 1645 3079 autent
1688 3041 1792 3079 non
1815 3026 1969 3092 fuerit
1996 3025 2076 3079 di-

493 3133 592 3186 gna
615 3159 631 3180 ,
661 3133 763 3182 putt:
793 3127 953 3170 "cura
979 3117 1049 3169 ad
1072 3133 1159 3171 vos
1176 3125 1472 3172 revertatur.
1506 3116 1687 3173 Viden’
1711 3131 1870 3186 quam
1897 3118 2074 3172 mittu-

494 3208 640 3261 tatitn
696 3209 808 3262 hinc
858 3208 1175 3277 prmcipiat?
1243 3207 1308 3260 Et
1357 3208 1480 3278 jure
1532 3208 1766 3278 quidem.
1834 3207 2075 3263 Athletas

493 3301 685 3368 quippe
713 3298 985 3367 religionis
1022 3307 1072 3354 et
1112 3313 1384 3366 prtL'CttttcS
1410 3298 1556 3353 orbis
1606 3299 1852 3364 instruit,
1881 3307 1936 3353 et
1978 3298 2077 3353 hac

495 3390 701 3443 ratione
731 3388 851 3443 illos
880 3399 933 3443 et
961 3388 1347 3444 moderatiores
1378 3388 1552 3443 reddit
1590 3398 1644 3444 et
1688 3390 2035 3457 Optabiliores
2054 3430 2068 3455 ,

494 3479 779 3550 adjicitqne
812 3499 826 3535 :
861 3480 949 3534 li.
985 3478 1053 3534 Et
1079 3481 1378 3549 quicuth
1404 3496 1507 3535 non
1534 3481 1805 3550 susceperit
1834 3497 1945 3544 vos,
1981 3498 2073 3533 ne-

494 3587 590 3641 que
631 3573 845 3626 audierit
887 3587 1137 3625 sermones
1183 3582 1369 3628 uestros
1393 3613 1409 3638 ,
1450 3582 1682 3626 exeuntes
1732 3589 1794 3625 ea:
1824 3573 1973 3624 domo
1999 3572 2074 3626 vel

493 3661 690 3716 ciuitate
728 3662 820 3714 illa
840 3663 1101 3726 ,.ea:cutite
1139 3663 1393 3731 pulverem
1436 3662 1619 3732 pedum
1648 3672 1942 3717 uestrorum.
1988 3663 2072 3716 15.

496 3753 656 3806 Amen
682 3752 794 3822 dico
822 3750 955 3806 vobis
975 3792 992 3814 ,
1020 3752 1330 3806 tolerabilius
1360 3755 1452 3804 erit
1475 3760 1627 3810 terra
1656 3751 1996 3807 Sodomorum
2031 3762 2077 3806 et

493 3841 790 3898 Gomorrlue
842 3843 892 3895 in
936 3843 1014 3894 die
1035 3843 1217 3910 judicii
1241 3884 1254 3904 ,
1295 3844 1684 3913 quam_civitati
1724 3843 1819 3896 illi.
1852 3842 1928 3898 Ne
1953 3843 2074 3912 quia

495 3934 728 3996 docetis.
761 3935 930 4003 inquit
948 3975 962 3995 ,
988 3908 1107 3988 ideo
1129 3908 1706 4004 exspectetiszsalutem
1735 3937 1800 3990 ab
1828 3938 1946 3990 aliis
1972 3908 2077 3992 dici

496 4025 680 4083 vobis.
723 4025 818 4078 sed
863 4023 1017 4093 primi
1067 4024 1208 4078 hunc
1264 4025 1522 4082 honorum
1561 4025 1830 4081 exhibete.
1880 4028 2077 4083 Deinde

497 4116 784 4173 ostendens
813 4133 928 4171 eam
960 4133 1064 4172 non
1089 4134 1208 4173 esse
1232 4119 1528 4188 simplicem
1556 4119 1948 4184 salutationem,
1980 4121 2074 4175 sed

499 4209 923 4264 bettedit-tiuncm
949 4249 965 4271 ,
996 4210 1069 4262 ait
1093 4251 1107 4274 ,
1157 4209 1211 4262 Si
1257 4209 1413 4278 digna
1446 4207 1605 4262 fuerit
1649 4210 1837 4263 domus
1857 4251 1871 4275 ,
1901 4213 2080 4265 veniet

500 4315 660 4366 super
687 4300 828 4352 illam
861 4318 871 4351 ε
897 4314 978 4352 sm
1010 4299 1392 4354 contumeliosa
1441 4298 1506 4353 sit
1535 4340 1552 4365 ,
1583 4300 1749 4368 prima
1781 4315 1938 4369 poena
1978 4304 2080 4356 erit

500 4390 638 4460 quod
685 4405 812 4458 pace
855 4405 958 4444 non
1011 4387 1572 4452 frustum-munde,
1600 4390 1742 4458 quod
1790 4390 2079 4446 Sodomitis

503 4483 918 4552 pariapatiatur.
953 4481 1018 4535 Et
1041 4482 1165 4550 qttid
1197 4481 1262 4535 ad
1291 4495 1408 4541 nos.
1433 4482 1690 4550 inquient.
1717 4482 1926 4537 illorum
1954 4499 2085 4552 sup-

504 4571 695 4642 plicia?
724 4573 918 4627 Domus
940 4572 1216 4642 dignorum
1243 4572 1526 4629 habebitis.
1556 4572 1690 4636 Quid
1720 4588 1844 4627 vero
1873 4574 2078 4643 signiti-

502 4672 587 4716 cat
614 4662 738 4715 illud
758 4704 773 4728 ,
810 4657 1040 4717 Excutite
1064 4665 1316 4734 puluerem
1345 4662 1528 4733 pedum
1554 4665 1871 4717 uestrorum!
1907 4665 1996 4719 Vel
2025 4676 2081 4720 ut

506 4753 854 4807 testiﬁcentur
888 4768 947 4807 se
976 4753 1102 4808 nihil
1134 4755 1200 4808 ab
1232 4754 1359 4822 ipsis
1402 4753 1701 4823 recepi“;
1736 4755 1818 4809 vel
1846 4755 1896 4808 in
1930 4756 2082 4810 testi-

505 4847 742 4899 monium
791 4844 929 4912 longi
981 4847 1211 4914 suscepti
1260 4845 1465 4901 itineris
1504 4845 1556 4899 in
1597 4846 1806 4899 illorum
1833 4847 2078 4914 gratiam.

506 4935 586 4991 'l‘u
629 4950 755 4990 vero
804 4936 930 4989 mihi
957 4937 1236 4990 considera
1278 4937 1448 5005 ipsum
1493 4952 1600 4992 non
1629 4945 1798 4992 totum
1833 4939 1942 5020 jam
1976 4940 2082 4997 illis

507 5026 655 5080 dare.
687 5025 870 5095 Neque
913 5026 1055 5080 enim
1099 5026 1274 5081 adhuc
1329 5028 1431 5082 illis
1475 5029 1861 5096 priescientiam
1909 5031 2079 5096 indit,

506 5132 608 5186 qua
652 5130 809 5171 nosse
859 5119 1060 5186 possint
1098 5119 1186 5185 qui
1217 5117 1393 5187 digni,
1422 5119 1507 5187 qui
1554 5119 1754 5188 indigni
1801 5120 1937 5185 sint;
1988 5122 2081 5176 sed

509 5207 787 5272 explorare
812 5216 866 5261 et
891 5208 1312 5275 experimentum
1342 5224 1553 5263 sumere
1580 5210 1749 5279 jubet.
1779 5212 1883 5265 Cur
1925 5227 2081 5281 porro

509 5298 595 5349 ille
624 5296 1139 5366 apud'publicanum
1188 5300 1472 5354 manebat?
1500 5299 1632 5369 Quia
1669 5300 1758 5355 ille
1802 5309 1889 5355 ex’
1907 5313 2078 5356 muta-

511 5388 654 5442 tione
684 5388 872 5457 dignus
910 5398 1170 5443 evaserat.
1209 5391 1250 5444 Τ
1255 5406 1286 5443 ιι
1326 5406 1453 5445 vero
1500 5392 1766 5460 perpende
1812 5393 2080 5462 quomodo

511 5479 758 5533 omnibus
802 5479 1012 5532 nudatis
1055 5482 1232 5534 omnia
1277 5481 1561 5552 largiatur,
1592 5484 1716 5537 dum
1749 5486 1985 5554 praecipit
2026 5496 2082 5540 ut

513 5568 564 5622 in
595 5567 972 5638 discipulorum
999 5570 1244 5628 domibus
1273 5585 1556 5642 maneant,
1586 5583 1639 5632 et
1669 5576 1798 5632 nihil
1827 5577 2085 5635 habentes

631 5745 746 5795 liud.
775 5782 789 5807 ,
865 5744 1084 5793 mercede
1102 5757 1205 5794 sua.

1225 369 1283 425 S.
1323 361 1599 423 JOJNNIS
1625 353 2107 423 CIIRYSOSTOMI
2147 351 2463 411 ABCIIIEP.
2502 352 3045 412 CONSTANTINOP.

3674 355 3782 417 884

2186 468 2572 540 ingrediantur.
2605 469 2718 528 Hoc
2735 472 2878 529 enim
2908 478 3066 543 picto
3084 476 3228 531 omni
3255 489 3388 533 cura
3415 477 3572 534 liberi
3601 490 3776 549 erant,

2185 560 2400 632 illisque
2442 563 2775 631 suadebant,
2825 570 2884 619 se
2923 567 2993 621 sd
3041 568 3280 638 ipsorum
3308 580 3516 628 tantum
3549 577 3774 632 salutem

2185 648 2276 704 illo
2297 651 2527 718 venisse,
2555 661 2666 708 tum
2695 655 2820 724 quia
2846 656 2980 712 nihil
3005 659 3294 715 attulerant
3314 703 3327 726 ,
3353 671 3462 716 tum
3491 667 3616 735 quia
3649 670 3776 725 nihil

2187 744 2306 810 plus
2329 757 2486 814 quam
2519 747 3091 817 necessaria-peterent
3113 793 3129 816 ,
3162 761 3274 806 tum
3299 757 3461 811 etiam
3496 759 3642 827 quod
3672 773 3778 815 non

2184 837 2326 902 apud
2365 852 2556 892 omnes
2603 839 3065 898 indiscriminatim
3115 846 3545 914 ingrederentur.
3592 847 3779 921 Neque

2185 929 2326 982 enim
2357 945 2425 985 ex
2453 931 2619 1001 signis
2647 943 2849 988 tantum
2875 934 3088 992 volebat
3129 937 3250 994 illos
3279 940 3592 1010 splendidos
3620 958 3773 1008 esse,

2185 1018 2278 1073 sed
2309 1035 2374 1075 ex
2401 1021 2592 1075 virtute
2619 1025 2816 1093 magis,
2847 1041 3006 1095 quam
3035 1044 3098 1083 ex
3139 1031 3495 1097 signis.‘Nihil
3531 1034 3674 1090 enim
3703 1034 3778 1091 ita

2187 1110 2573 1180 philosOphiam
2596 1115 2868 1182 exprimit,
2891 1127 2949 1171 ut
2976 1120 3020 1172 si
3051 1119 3182 1174 nihil
3202 1123 3530 1192 superﬂuum
3554 1125 3776 1190 habeas,

2185 1209 2240 1253 et
2267 1202 2312 1256 si
2351 1203 2523 1273 quoad
2572 1204 2696 1259 licet
2723 1207 2864 1260 nulla
2903 1223 2964 1263 re
2993 1209 3252 1281 indigeas.
3299 1213 3426 1268 lllttd
3456 1231 3586 1270 vero
3615 1231 3781 1269 nove-

2187 1300 2306 1346 rant
2333 1299 2387 1346 et
2415 1294 2513 1361 ipsi
2546 1295 2995 1366 pseudonpostoli.
3033 1301 3156 1355 Iden
3183 1303 3377 1358 Paulus
3405 1304 3617 1361 dicebat
3653 1322 3666 1359 :
3705 1304 3779 1361 Ut

2186 1384 2236 1435 in
2261 1401 2358 1451 quo
2393 1383 2700 1453 gloriantur,
2737 1389 3060 1444 inveniantur
3087 1403 3138 1445 ut
3167 1411 3256 1447 nos
3289 1394 3363 1465 (2.
3391 1394 3507 1450 Cor.
3538 1397 3628 1451 Η.
3658 1397 3775 1466 12).

2184 1473 2334 1542 Quod
2363 1476 2407 1531 si
2434 1491 2553 1530 cum
2583 1478 2634 1532 in
2663 1481 2938 1548 peregrina
2963 1484 3182 1552 regione
3209 1501 3424 1554 sumus,
3447 1498 3502 1544 et
3526 1489 3594 1542 ad
3625 1491 3780 1560 igno-

2187 1573 2268 1620 tos
2307 1566 2730 1635 proﬁciscimur,
2783 1571 2918 1626 nihil
2965 1574 3078 1642 plus
3124 1577 3468 1645 qua-rendam
3497 1589 3777 1650 estquam

2185 1657 2525 1726 quotidianus
2571 1661 2762 1730 cibus,
2807 1664 2976 1719 multo
3021 1668 3189 1738 magis
3237 1669 3314 1725 sic
3343 1673 3608 1742 agendum
3651 1688 3776 1730 cum

2184 1748 2327 1803 domi
2369 1765 2668 1807 manemus.

2255 1842 2309 1896 6.
2351 1841 2470 1897 Pax
2493 1845 2591 1899 Dei
2615 1863 2714 1900 non
2736 1849 2832 1903 nisi
2858 1849 3003 1904 bona
3026 1853 3274 1907 voluntati
3299 1855 3488 1921 datur;
3515 1857 3608 1911 illa
3630 1860 3780 1929 frau-

2183 1934 2315 1997 dari,
2359 1946 2606 2003 quantum
2635 1939 2846 1994 malum.
2879 1940 3174 1997 Reverentia
3208 1945 3264 1998 in
3285 1947 3495 2002 ecclesia
3522 1965 3779 2005 comen-

2185 2020 2338 2077 datur
2353 2040 2373 2088 ;
2419 2027 2718 2082 describitur
2745 2032 2965 2086 ecclesia:
2991 2035 3253 2090 sanctitas.
3286 2064 3359 2077 --
3387 2037 3515 2094 Haec
3539 2054 3647 2095 non
3676 2056 3780 2096 au-

2185 2113 2391 2170 diamus
2424 2127 2647 2183 tantum,
2678 2120 2770 2175 sed
2801 2122 2960 2176 etiam
2994 2124 3281 2180 imitemur.
3321 2125 3438 2182 Non
3465 2129 3612 2183 enim
3643 2131 3780 2186 solis

2184 2209 2439 2274 apostolis
2477 2209 2614 2264 dicta
2642 2220 2784 2277 sunt,
2826 2213 2920 2268 sed
2963 2218 3162 2270 sanctis
3191 2217 3441 2272 omnibus
3479 2229 3667 2288 postea
3697 2220 3782 2275 lu-

2185 2298 2332 2352 turis.
2373 2299 2553 2354 Simus
2579 2317 2708 2371 ergo
2734 2318 2832 2358 nos
2857 2304 2945 2358 illa
2976 2308 3320 2364 successione
3347 2308 3514 2380 digni.
3543 2309 3679 2367 Nam
3709 2328 3777 2368 ex

2182 2388 2582 2457 suscipientium
2628 2393 2896 2449 voluntate
2940 2411 3042 2463 pax
3075 2397 3172 2452 ista
3203 2400 3365 2453 modo
3392 2401 3556 2465 venit,
3613 2402 3780 2458 modo

2184 2480 2376 2533 avolat.
2406 2481 2588 2551 Neque
2617 2487 2758 2538 enim
2786 2502 2850 2541 ex
2882 2486 3182 2543 docentium
3207 2490 3399 2547 ﬁducia
3431 2503 3482 2548 et
3515 2504 3777 2562 potestate

2188 2579 2411 2636 tantum,
2444 2574 2537 2627 sed
2565 2576 2723 2629 etiam
2750 2591 2813 2631 ex
2845 2581 3219 2648 accipientium
3250 2583 3508 2653 dignitate
3537 2585 3663 2641 illud
3693 2587 3770 2641 cf-

2184 2659 2375 2715 licitur.
2405 2662 2589 2732 Neque
2618 2675 2864 2734 putemus
2892 2669 3014 2722 inde
3040 2684 3225 2739 parum
3253 2673 3431 2728 damni
3461 2691 3771 2747 emergere,

2182 2758 2223 2809 si
2253 2759 2553 2828 ltujusmodi
2589 2777 2720 2831 pace
2746 2779 2849 2816 non
2882 2764 3135 2820 fruamur.
3169 2767 3315 2822 Hanc
3340 2771 3481 2824 enim
3515 2772 3772 2843 prOpheta

2181 2847 2308 2900 olim
2341 2852 2728 2916 prmuuntiabat
2751 2853 2931 2908 dicens
2962 2873 2975 2908 :
3013 2855 3176 2922 Quam
3210 2863 3423 2928 speciosi
3464 2873 3582 2916 sunt
3624 2865 3775 2932 pedes

2181 2940 2629 3009 euangelizandum
2673 2961 2848 3013 pacem
2877 2945 3113 3017 (Na/tum
3146 2950 3197 3004 1.
3227 2951 3334 3022 15).
3374 2952 3574 3009 Deinde
3607 2955 3774 3025 ipsius

2181 3031 2491 3100 dignitatem
2573 3036 2928 3096 interpretans
2999 3040 3214 3109 adjicit,
3298 3043 3773 3116 Euangelizantiunt

2133 3163 2156 3177 η
2183 3124 2311 3176 bona
2368 3125 2558 3193 (Rom.
2599 3128 2686 3181 10.
2723 3131 2845 3200 15).
2893 3129 3039 3187 Hanc
3076 3149 3319 3203 magnam
3363 3149 3485 3190 esse
3526 3138 3774 3196 Christus

2181 3214 2539 3282 pronuntiavit
2591 3216 2775 3272 dicens
2813 3237 2826 3274 :
2871 3219 3059 3274 Pacem
3098 3224 3325 3293 relinquo
3374 3225 3542 3292 vobis,
3593 3243 3773 3297 paceni

2180 3318 2343 3356 meum
2367 3305 2433 3358 do
2464 3305 2600 3360 vobis
2624 3307 2801 3378 (Joan.
2831 3311 2918 3365 14.
2951 3309 3066 3380 27).
3094 3311 3344 3383 Nihilque
3368 3330 3475 3370 non
3506 3317 3772 3387 agendum

2178 3401 2262 3447 est
2304 3403 2362 3448 ut
2406 3395 2492 3449 illa
2535 3395 2794 3465 fruamur,
2826 3408 2881 3455 et
2907 3401 3052 3456 domi
3087 3411 3141 3458 et
3172 3405 3224 3458 in
3254 3405 3502 3461 ecclesia.
3544 3405 3681 3463 Nam
3718 3418 3774 3466 et

2182 3483 2235 3538 in
2283 3486 2507 3540 ecclesia
2558 3489 2649 3557 qui
2695 3491 2964 3559 praesidet,
3013 3507 3198 3561 pacem
3230 3494 3341 3549 dat.
3371 3495 3484 3551 Hoc
3515 3497 3657 3554 illius
3687 3507 3773 3556 est

2183 3586 2338 3647 typus
2369 3580 2444 3650 (a)
2475 3589 2530 3634 et
2555 3589 2776 3649 tessera,
2801 3591 2959 3653 atque
2987 3588 3199 3653 oportet
3224 3601 3419 3659 magno
3444 3603 3567 3644 cum
3591 3591 3772 3646 studio

2187 3681 2366 3749 ipsum
2407 3685 2685 3751 suscipere
2706 3721 2722 3747 ,
2753 3698 3081 3754 propensum
3108 3685 3348 3738 animum
3384 3686 3567 3754 potius
3602 3700 3770 3756 quam

2187 3791 2428 3832 mensam
2443 3779 2770 3847 prazbcntes.
2790 3777 2923 3832 Nam
2953 3779 2996 3832 si
3023 3792 3049 3830 a
3068 3794 3255 3834 mensa
3277 3795 3382 3833 non
3410 3794 3532 3835 sese
3546 3779 3776 3848 partici-

2185 3878 2303 3932 pem
2325 3862 2455 3918 oﬂ'er
2466 3879 2520 3918 re
2538 3879 2830 3920 onerosum
2849 3874 3159 3933 est,quanto
3173 3866 3460 3922 onerosius
3482 3867 3764 3923 eStdicen-

2189 3959 2293 4004 tum
2335 3952 2594 4020 repellere
2614 3953 2639 4006 τ
2660 3951 2884 4021 Propter
2913 3962 2962 4006 te
2977 3953 3126 4006 sedet
3147 3955 3445 4023 presbyter,
3472 3965 3698 4024 propter
3714 3965 3767 4011 te

2187 4049 2294 4094 stat
2314 4041 2572 4109 magister
2593 4046 2749 4104 ’,που
2766 4044 2887 4096 sine
2901 4042 3566 4114 laboreetdelatigatione.
3586 4045 3764 4112 Quam

2186 4129 2349 4199 igitur
2365 4132 2772 4184 exettsationem
2794 4131 3040 4196 habebis,
3062 4133 3152 4200 qui
3171 4148 3238 4188 ne
3258 4136 3476 4204 quidem
3493 4135 3647 4191 illum
3665 4153 3771 4191 au—

2187 4218 2302 4268 dire
2322 4218 2582 4272 sustines?
2600 4219 2919 4277 Communis
2937 4231 3081 4276 certe
3095 4222 3293 4278 domus
3308 4226 3538 4280 ecclesia
3557 4238 3768 4292 εει,νο-

2189 4300 2376 4372 bisque
2407 4305 2838 4371 praecedentibus
2877 4322 2976 4361 nos
3007 4307 3357 4378 ingredimur,
3397 4310 3616 4366 illorum
3656 4314 3769 4368 lor-

2189 4404 2329 4443 mam
2347 4401 2399 4445 et
2413 4393 2720 4462 exemplum
2741 4406 3044 4451 servantes.
3067 4397 3302 4466 Ideoque
3314 4401 3498 4454 statim
3524 4400 3766 4473 ingressi

2188 4492 2371 4544 pacem
2392 4481 2645 4534 omnibus
2663 4481 2825 4535 simul
2839 4481 3068 4536 dicimus
3085 4487 3377 4540 secundum
3397 4487 3566 4558 legem
3589 4489 3761 4545 illam.

2184 4567 2356 4623 Nemo
2379 4572 2542 4639 igitur
2559 4573 2833 4644 negligens
2850 4575 2933 4629 vel
2950 4577 3188 4631 oscitans
3201 4577 3290 4642 sit,
3307 4579 3436 4632 dum
3451 4582 3769 4639 sacerdotes

2188 4657 2422 4728 ingressi
2435 4661 2562 4715 illud
2578 4663 2798 4716 dicunt:
2817 4680 2926 4718 non
2944 4680 3167 4732 parvum
3197 4668 3472 4723 enimhtec
3483 4671 3770 4742 negligen—

2192 4750 2332 4804 tibus
2354 4750 2966 4823 imminetsupplicium.
2985 4755 3196 4813 Mallem
3219 4759 3360 4814 enim
3383 4760 3648 4815 milliesin
3667 4762 3769 4817 do-

2189 4859 2336 4896 mum
2359 4859 2421 4894 ru
2425 4845 2442 4911 j
2453 4845 2658 4912 uspiam
2676 4856 2913 4902 vestrum
2933 4848 3216 4919 ingressus
3236 4850 3469 4920 despici,
3487 4867 3656 4920 quam
3680 4852 3770 4909 hi’c

2189 4934 2417 5001 loquens
2449 4950 2554 4988 non
2591 4936 2791 4990 audiri.
2831 4936 2945 4993 Hoc.
2971 4940 3104 4993 mihi
3126 4941 3414 4997 onerosius
3448 4941 3541 4998 illo
3578 4954 3766 4999 esset:

2185 5043 2609 5115 quandoquidem
2654 5043 2863 5113 dignior
2899 5045 3013 5098 hmc
3056 5045 3245 5099 domus
3290 5055 3393 5101 est.
3440 5047 3653 5104 Etenim
3688 5050 3776 5106 hic

2186 5135 2417 5205 majores
2450 5143 2643 5188 nostrm
2671 5135 3036 5203 possessiones
3064 5135 3319 5205 depositae
3347 5145 3500 5204 sunt,
3535 5138 3622 5194 hic
3648 5156 3776 5210 spes

2188 5237 2367 5282 nostra
2393 5225 2586 5280 omnis.
2614 5225 2748 5293 Quid
2779 5226 2918 5279 enim
2952 5225 3038 5279 hic
3076 5243 3178 5280 non
3223 5242 3494 5297 magnum,
3527 5246 3634 5284 non
3669 5243 3779 5286 tre-

2190 5320 2437 5373 mendum
2477 5319 2601 5371 est?
2647 5297 2922 5386 Siquidem
2955 5316 3069 5372 hare
3096 5331 3276 5373 mensa
3302 5320 3456 5389 longe
3485 5319 3776 5377 honorabi-

2204 5511 2212 5522 ·
2246 5501 2259 5530 ¹
2291 5495 2385 5546 Alii
2408 5495 2611 5553 habent,
2633 5492 2880 5543 diaconus.

2252 5565 2326 5628 (a)
2360 5564 2412 5612 Id
2434 5570 2544 5612 est:
2573 5563 2632 5630 id.
2642 5561 2769 5630 quod
2791 5560 2891 5624 agit
2918 5576 3102 5630 praeses
3134 5559 3182 5630 i_n
3203 5565 3447 5630 ecclesia,
3470 5577 3582 5615 cum
3606 5577 3780 5626 pacem

2188 5599 2554 5696 ᾱαὶῖίγῇἒέεἰ
2573 5599 3534 5698 ’91ήέῑᾷῐῖιῖεῖοὲῶ“ἰι”ξιῖὖείιιΐέειῖιξῖιξξίῖἷ
3553 5599 3780 5698 nuru-uig-

2192 5702 2308 5751 ρης,
2335 5686 2420 5749 pro
2452 5686 2663 5746 imagine
2695 5686 2925 5745 accipitur
2957 5688 3032 5733 rei
3072 5687 3276 5745 agenda:
3311 5686 3372 5737 et
3394 5688 3652 5751 aliquando
3680 5686 3780 5750 jain

2193 5761 2329 5806 act/te.
2355 5755 2449 5807 Cir.
2479 5753 2652 5804 Adnot.
2678 5751 2839 5810 Field,
2874 5751 2933 5801 ad
2968 5763 3077 5813 pag.
3104 5751 3210 5800 578.
