4076 6434
269 370 374 428 385

269 496 371 550 lior
396 502 449 549 et
475 492 692 548 suavior
715 496 820 553 est,
853 501 1014 558 quam
1045 493 1153 552 tua,
1196 492 1252 540 et
1296 483 1538 541 lucerna.
1579 495 1738 550 quam
1785 478 1870 532 ln-

269 598 436 641 eerna
466 594 578 639 tua.
626 582 683 638 Id
725 595 856 635 vero
883 578 1062 634 sciunt
1087 583 1351 647 quotquot
1380 587 1504 627 cum
1532 569 1638 626 ﬁde
1669 577 1869 638 tempe-

266 676 406 732 stive
429 677 550 730 oleo
571 671 714 728 uncti
740 686 770 725 a
801 667 1006 724 morbis
1032 665 1243 722 liberati
1265 672 1392 719 sunt
1420 661 1517 733 (a).
1546 661 1684 716 Area
1711 659 1873 712 etiam

270 768 384 822 haec
415 767 571 835 longe
594 762 786 817 melior
814 770 1077 830 estquam
1099 757 1214 822 illa,
1240 765 1296 810 et
1325 759 1493 825 magis
1523 750 1828 808 necessaria
1854 767 1869 803 :

265 873 386 929 qua:
413 872 520 911 non
554 863 754 915 vestes,
799 851 893 906 sed
929 849 1331 921 eleemosynam
1363 845 1624 901 inclusam
1668 853 1870 907 servat,

265 946 475 1004 etiamsi
517 945 672 1016 pauci
713 945 818 998 sint
867 943 976 1006 hic,
1026 941 1120 1011 qui
1174 941 1536 1009 eleemosyme
1583 933 1874 1005 eroganda:

265 1041 516 1094 virtutem
540 1036 843 1104 possideant
875 1033 968 1103 (lt).
994 1032 1190 1088 Lectus
1221 1033 1351 1086 item
1375 1040 1467 1084 tuo
1495 1028 1868 1098 praestantior:

263 1147 386 1188 nam
417 1129 725 1186 divinarum
777 1127 936 1182 lectio
980 1125 1377 1195 Scripturarum
1413 1122 1554 1178 lecto
1598 1120 1745 1177 omni
1787 1120 1875 1190 ju-

262 1222 494 1280 cundior
528 1229 628 1276 est.
683 1222 762 1274 Ac
797 1219 842 1275 si
869 1216 1158 1272 concordia
1185 1215 1326 1285 apud
1357 1229 1457 1269 nos
1484 1213 1715 1284 vigeret,
1761 1227 1870 1266 non

262 1315 421 1369 aliam
451 1312 776 1367 haberemus
801 1308 1042 1362 domum.
1086 1306 1238 1374 Quod
1270 1313 1452 1360 autem
1493 1303 1545 1360 id
1577 1301 1721 1374 quod
1747 1303 1872 1358 dico

262 1419 552 1460 onerosum
581 1419 689 1456 non
720 1401 810 1465 sit,
840 1399 1198 1455 testiﬁcantur
1223 1397 1299 1453 illi
1333 1407 1413 1452 ter
1438 1397 1607 1462 mille,
1635 1405 1690 1451 et
1715 1398 1872 1466 quin-

263 1498 415 1566 quies
431 1495 585 1551 mille
604 1493 848 1546 homines
876 1491 971 1562 (c),
1005 1491 1093 1560 qui
1125 1505 1285 1544 unam
1315 1498 1368 1544 et
1393 1488 1616 1542 domum
1637 1497 1692 1542 et
1719 1501 1873 1541 men-

263 1603 396 1654 sam,
428 1587 737 1642 etanimam
762 1583 1032 1638 habuere:
1066 1597 1188 1637 nam
1219 1583 1313 1644 ait,
1379 1579 1726 1634 Multitudinis
1761 1594 1872 1632 cre-

263 1682 489 1734 dentium
521 1687 627 1732 erat
672 1692 762 1730 cor
809 1691 967 1728 unum
1017 1683 1066 1729 et
1116 1674 1289 1727 anima
1337 1687 1441 1726 una
1493 1671 1720 1740 (Αιιιι.
1753 1667 1866 1741 52).

262 1773 397 1838 Quia
430 1785 561 1824 vero
600 1768 760 1837 longe
804 1767 875 1822 ab
919 1766 1133 1821 illorum
1185 1766 1381 1820 virtute
1425 1763 1706 1828 absumus,
1732 1773 1788 1819 et
1814 1765 1868 1817 in

264 1865 444 1919 varias
471 1862 665 1918 domos
691 1859 931 1916 distracti
957 1873 1164 1924 sumus,
1193 1859 1382 1915 saltem
1409 1873 1534 1914 cum
1560 1858 1649 1913 hic
1671 1872 1870 1913 conve-

264 1956 464 2021 nimus,
506 1952 635 2009 illnd
664 1952 904 2007 studiose
934 1950 1211 2006 faciamus.
1241 1949 1374 2006 Nam
1397 1949 1444 2005 si
1475 1949 1528 2004 in
1557 1949 1679 2004 aliis
1713 1963 1868 2003 men-

262 2048 368 2102 dici
397 2054 453 2101 et
478 2060 741 2117 pauperes
767 2059 952 2100 sumus
971 2084 988 2109 ,
1020 2045 1076 2099 in
1110 2044 1194 2100 his
1235 2052 1384 2101 certe
1411 2041 1627 2099 divites.
1670 2041 1868 2111 Quam-

260 2137 448 2192 obrem
496 2135 602 2189 huc
648 2135 840 2190 saltem
885 2149 985 2189 nos
1025 2134 1288 2190 intrantes
1327 2149 1450 2189 cum
1492 2147 1680 2189 amore
1721 2132 1863 2188 exci-

261 2228 388 2297 pite.
426 2226 493 2280 Et
528 2241 650 2280 cum
690 2224 889 2290 dicam,
934 2225 1040 2280 Pax
1084 2225 1255 2290 vobis,
1297 2224 1508 2290 dicatis,
1541 2224 1612 2279 Et
1653 2223 1865 2295 spiritui

260 2328 380 2374 tuo:
411 2335 518 2374 non
551 2333 682 2372 voce
713 2326 944 2383 tantum,
975 2317 1067 2373 sed
1099 2319 1314 2383 animo;
1361 2332 1468 2372 non
1514 2332 1610 2373 ore
1634 2325 1864 2382 tantum,

257 2411 354 2466 sed
397 2419 454 2466 et
502 2418 703 2466 mente.
734 2408 789 2466 Si
817 2424 946 2465 vero
967 2409 1056 2464 hic
1078 2409 1301 2474 dixeris,
1334 2410 1441 2464 Pax
1459 2411 1623 2465 etiam
1650 2409 1866 2479 spiritui

259 2513 388 2579 tuo;
419 2493 550 2560 foris
578 2519 705 2558 vero
737 2517 825 2559 me
854 2502 1156 2574 impugnes,
1188 2517 1476 2570 conspuas,
1519 2517 1607 2557 me
1638 2500 1864 2556 maledi-

256 2598 358 2653 ctls
390 2596 797 2667 innumerisque
844 2596 1072 2666 impetas
1116 2595 1443 2665 opprobriis,
1491 2608 1738 2664 quamam
1776 2591 1863 2646 illa

258 2687 408 2759 pax?
446 2688 559 2758 Ego
593 2688 776 2752 enim,
804 2686 905 2742 etsi
935 2686 1239 2741 sexcenties
1266 2683 1576 2748 maledicas,
1607 2698 1742 2753 puro
1768 2682 1863 2737 tibi

255 2781 421 2838 corde
447 2795 632 2851 pacem
660 2779 806 2844 dico,
833 2779 1154 2847 sinceraque
1184 2786 1385 2842 mente,
1431 2790 1532 2830 nec
1565 2775 1691 2846 quid
1735 2772 1863 2828 mali

255 2875 325 2932 de
370 2883 425 2929 te
465 2886 681 2944 possum
726 2870 909 2926 dicere
942 2888 955 2925 :
987 2880 1209 2940 paterna
1242 2869 1441 2940 quippe
1470 2883 1603 2938 gero
1631 2866 1857 2920 viscera.

256 2969 315 3024 Si
342 2975 394 3023 te
419 2966 742 3038 quandoque
777 2980 1018 3034 carpam,
1049 2978 1176 3018 cura
1209 2963 1281 3015 tui
1316 2973 1592 3031 pertnoms
1618 2959 1668 3013 id
1701 2957 1859 3013 facio.

255 3060 336 3115 τυ
371 3074 502 3114 vero
547 3061 849 3113 clanculum
891 3056 1130 3119 mordes,
1164 3066 1220 3109 et
1248 3069 1371 3109 cum
1403 3069 1489 3107 me
1516 3054 1568 3106 in
1591 3051 1860 3107 dominica

255 3151 420 3206 domo
463 3163 571 3204 non
621 3149 882 3217 excipias,
935 3162 1128 3202 vereor
1169 3161 1237 3201 ne
1283 3145 1414 3201 mihi
1447 3159 1738 3201 mererem
1766 3158 1863 3196 au-

254 3256 384 3313 geas
409 3258 424 3295 :
461 3256 566 3294 non
591 3243 715 3310 quia
735 3239 1058 3293 contumelia
1083 3236 1332 3303 aﬂ'ecisti,
1355 3253 1460 3291 non
1483 3235 1606 3308 quia
1629 3234 1859 3305 eiecisti,

254 3330 352 3387 sed
381 3331 504 3400 quia
539 3345 723 3399 pacem
748 3328 1010 3396 repnlisti,
1059 3337 1114 3382 et
1153 3343 1322 3398 grave
1362 3328 1490 3382 illud
1530 3327 1624 3382 tibi
1651 3327 1862 3397 suppli-

253 3423 396 3478 cium
439 3421 724 3475 attraxisti.
777 3419 999 3474 Etiamsi
1048 3422 1192 3474 enim
1239 3421 1511 3489 pulverem
1542 3434 1651 3473 non
1691 3433 1859 3474 excu-

257 3515 407 3579 tiam,
455 3511 664 3566 etiamsi
709 3523 815 3564 non
860 3518 1094 3572 avertar,
1141 3509 1490 3565 comminatio
1538 3520 1716 3564 tamen
1755 3509 1861 3563 im-

253 3615 399 3661 mota
430 3615 628 3657 manet.
677 3600 791 3670 Ego
820 3616 1051 3670 namque
1082 3616 1266 3670 pacem
1297 3601 1448 3655 vobis
1477 3615 1623 3670 stupe
1653 3608 1858 3668 repeto,

256 3712 430 3767 neque
458 3694 668 3750 dicendi
696 3695 859 3748 linem
886 3691 1114 3757 faciam;
1154 3691 1296 3762 quod
1325 3693 1370 3748 si
1403 3707 1489 3747 me
1515 3709 1637 3748 cum
1668 3702 1863 3748 contu-

255 3791 431 3845 mellis
480 3788 760 3856 excipiatis
788 3787 808 3818 ¹
832 3827 849 3851 ,
902 3802 1078 3855 neque
1119 3786 1196 3840 sic
1237 3788 1515 3854 pulverem
1543 3787 1811 3840 excutiam
1840 3805 1855 3841 :

254 3897 361 3936 non
389 3879 533 3951 quod
566 3879 794 3934 Domino
822 3894 927 3933 non
959 3893 1196 3949 paream,
1220 3877 1314 3932 sed
1343 3877 1468 3949 quia
1488 3892 1675 3934 amore
1695 3881 1860 3933 vestri

255 4059 335 4170 ml
374 4057 564 4120 Aliqui,
583 4053 712 4120 quod
734 4055 779 4106 si
800 4067 876 4105 me
893 4053 1191 4105 contumeliis
1212 4051 1436 4118 (iniciatis
1457 4061 1620 4105 etnon
1641 4055 1862 4118 excipia-

317 4201 393 4265 (a)
428 4200 681 4262 Singulare
703 4199 934 4310 emuod
959 4199 1035 4248 hic
1057 4198 1236 4249 dicitur
1257 4198 1324 4248 de
1346 4200 1409 4248 iis
1438 4200 1524 4262 qui
1547 4211 1612 4250 ex
1634 4198 1750 4251 oleo
1782 4201 1857 4252 lu-

317 4275 422 4310 mze
446 4264 496 4310 in
521 4261 729 4310 ecclesia
842 4264 971 4310 entis
992 4264 1126 4310 uncti
1148 4259 1516 4310 convaluerant.

253 4259 422 4314 cernae
446 4264 496 4310 in
514 4259 729 4311 ecclesia
751 4259 971 4311 ardentis
992 4264 1126 4311 uncti
1148 4259 1516 4311 convaluerant.

320 4346 393 4410 (ὁ)
429 4353 622 4394 Grzecus
644 4352 813 4396 textus
833 4346 906 4395 sic
923 4345 1068 4395 eii'ert
1092 4345 1221 4395 hunc
1237 4344 1415 4404 locum,
1435 4357 1477 4396 ot.
1500 4358 1568 4410 γὰρ
1590 4356 1746 4407 μω,
1775 4359 1860 4398 ἀλλ’

1608 4434 1662 4458 νος
1696 4421 1861 4461 tum“;

255 4469 371 4531 Quae
413 4471 473 4517 ad
499 4469 712 4531 litteram
739 4472 809 4531 sic
840 4469 1128 4528 redduntur,
1153 4469 1249 4519 nan
1273 4469 1401 4531 enim
1432 4475 1599 4531 uestes,
1633 4471 1719 4519 sed
1740 4471 1862 4520 eam.

256 4529 507 4596 mm.
527 4529 666 4596 habet
683 4529 936 4596 inclusam,
948 4543 1241 4596 quamquam
1256 4529 1402 4591 ναυσί
1417 4529 1510 4580 sint
1521 4530 1601 4581 hic
1617 4531 1864 4596 possideri.

258 4600 344 4645 tes.
361 4593 449 4643 De
469 4593 610 4654 cujus
629 4601 794 4641 autem
816 4593 892 4640 rwi
925 4593 1238 4654 possessione
1275 4599 1456 4654 agatur,
1483 4606 1578 4641 non
1613 4594 1679 4641 ita
1719 4593 1862 4644 facile

259 4663 336 4705 est
356 4653 655 4704 decernere.
692 4661 790 4701 Non
824 4653 954 4701 etum
986 4654 1050 4702 de
1085 4656 1398 4715 possessione
1432 4653 1723 4710 divitiarum,
1751 4669 1863 4706 cum

258 4717 512 4766 Antiochia
538 4715 724 4770 civitas,
762 4717 809 4760 in
832 4726 928 4774 qua
962 4715 1067 4778 hac
1100 4715 1294 4778 homilia
1326 4715 1617 4778 habebatur.
1653 4717 1860 4778 opulen-

261 4780 445 4826 tissima
472 4783 602 4838 esset
631 4783 745 4824 tunc
761 4777 1012 4838 temporis.
1033 4783 1165 4825 Hunc
1184 4776 1341 4825 locum
1361 4779 1431 4825 sic
1447 4777 1651 4838 explicat
1683 4776 1730 4826 in
1749 4787 1860 4828 nota

260 4837 655 4887 Bootet‘uloonius
691 4875 703 4882 .
746 4855 768 4882 ε
808 4837 1024 4887 Auctoris
1061 4845 1267 4887 mentem
1306 4838 1431 4887 hanc
1462 4837 1566 4889 esse
1587 4838 1817 4891 existimo
1845 4858 1862 4889 :

261 4909 388 4966 ιςηα
403 4897 489 4948 illa
513 4896 728 4966 ecclesiis
751 4898 980 4966 pecunias
1001 4897 1175 4949 obtinet
1198 4899 1264 4966 ad_
1276 4900 1634 4966 eieemostmam
1657 4914 1864 4966 erogan-

260 4960 396 5018 dam,
423 4971 568 5023 quam
585 4959 824 5023 virtutem,
859 4960 1173 5023 eleanosynw
1195 4959 1378 5011 scilicet
1402 4969 1680 5021 eroganda,
1702 4959 1768 5014 ei:
1790 4965 1865 5012 his

261 5019 579 5086 ρτωεεὴιῷω
600 5022 742 5080 pauci
774 5019 1032 5083 possident.
1059 5019 1083 5066 ἱ
1122 5030 1236 5081 Qwe
1274 5019 1863 5086 quidemV'interp't-etatio,

262 5085 304 5133 si
329 5085 520 5138 rationi,
550 5095 646 5145 non
669 5086 996 5142 graunnatiete
1035 5091 1272 5133 consonat
1297 5099 1308 5134 :
1340 5098 1430 5133 vox
1467 5086 1600 5134 enim
1617 5085 1649 5145 ,ί
1667 5087 1867 5136 eleemo-

262 5157 402 5208 syna,
419 5142 577 5208 semel
603 5151 830 5208 usurpata
852 5145 908 5190 ad
936 5148 1189 5208 pecuniam
1213 5142 1692 5207 designandam,non
1711 5147 1865 5197 debet

263 5204 568 5268 sixhinteiltgi
591 5204 1034 5270 adsigniﬁcandam
1060 5204 1392 5270 eleemosytiae
1414 5210 1663 5258 virtutem.
1699 5217 1866 5259 Nostra

264 5277 429 5331 autem
448 5267 711 5331 sententia,
734 5279 876 5331 mens
897 5268 1213 5331 Auctorisgsic
1240 5267 1418 5317 melius
1441 5271 1865 5331 explicaturzArca

268 5328 348 5377 tlla
365 5328 590 5395 etxlesiac
619 5329 849 5395 pecunias
869 5327 1056 5395 obtinet
1078 5329 1138 5376 ad
1164 5327 1528 5391 eleemosynatn
1570 5334 1866 5395 erogandam

267 5395 342 5450 (et
365 5389 490 5437 hanc
511 5402 670 5456 artant
696 5390 1178 5456 interpossessiones
1197 5389 1687 5452 nostras—recenseo),
1704 5407 1866 5456 quam-

267 5449 412 5516 quam
440 5452 576 5516 pauci
600 5452 697 5516 sint
715 5449 792 5498 hic
807 5449 974 5516 (hujus
991 5453 1136 5516 arcte)
1156 5465 1486 5516 possessores.
1499 5460 1596 5516 Hoc
1615 5449 1866 5516 e'stfpanci

267 5513 600 5574 eleemosynis
615 5513 717 5575 suis
730 5524 889 5559 arcam
907 5511 1035 5559 illam
1053 5511 1265 5575 ditantes
1290 5527 1302 5562 :
1328 5513 1416 5562 soli
1435 5516 1564 5562 enim
1583 5511 1867 5575 hujus'arcae

269 5572 585 5640 possessores
600 5573 691 5640 dici
713 5575 1023 5640 possunt_qui
1045 5577 1090 5621 iu
1116 5572 1196 5640 illa
1221 5576 1562 5640 eleemosynas
1582 5572 1699 5625 suas
1721 5592 1866 5640 repo-

267 5632 387 5683 sitas
410 5633 610 5682 habent.
645 5632 893 5683 llalculum
915 5632 1075 5682 ferant
1107 5636 1365 5685 doctiores.

334 5718 407 5779 (ε)
434 5713 511 5785 liii
532 5711 728 5785 scilicet
761 5717 820 5785 ad
847 5715 992 5785 iidem
1025 5721 1250 5772 conversi
1295 5720 1359 5771 de
1391 5721 1571 5785 quibus
1605 5723 1654 5772 in
1679 5723 1871 5773 actibus

273 5777 616 5841 apostolis-tun,
642 5787 693 5829 nt
717 5777 837 5829 infra
859 5780 1054 5831 indicat.

256 4419 510 4472 W_
528 4418 599 4472 ῑχιι
621 4420 935 4472 mutatur-13
948 4448 965 4472 _,
997 4421 1028 4458 sl
1050 4423 1110 4458 tuli
1131 4421 1246 4470 ὁλὶτυι
1269 4419 1358 4472 sidit
1389 4418 1424 4456 oi
1455 4423 1608 4468 κατ-σιμ

1273 365 1338 420 IN
1378 358 1792 419 MATTII/EUM
1833 355 2064 413 HOMIL.
2097 356 2314 414 XXXII.
2354 358 2426 413 al.
2471 357 2710 416 XXXIII.

3496 350 3602 406 586

1996 475 2369 531 vehementius
2395 476 2582 531 ardeo.
2609 475 2860 547 Alioquin
2881 484 3065 531 autem
3093 473 3224 529 nihil
3253 481 3472 544 propter
3501 490 3602 530 vos

1992 563 2146 618 ardui
2202 564 2339 633 feci,
2389 581 2498 620 non
2538 565 2754 637 longam
2802 566 3297 638 peregrinationem
3347 577 3598 629 suscepi,

1983 668 2158 724 neque
2201 669 2325 710 cum
2354 655 2446 710 illo
2471 656 2657 712 habitu
2685 657 2771 712 vel
2801 667 3120 728 paupertate
3151 655 3271 710 veni
3302 653 3461 726 (ideo
3484 667 3602 707 nos-

1983 744 2127 813 ipsos
2156 745 2305 814 prius
2330 748 2686 817 accusemus)
2713 789 2728 812 ,
2781 763 2960 819 neque
2989 749 3108 802 sine
3133 746 3517 801 calceamentis
3547 753 3602 797 et

1980 833 2177 902 duplici
2206 835 2385 890 tunica
2415 837 2702 901 venimus;
2757 837 2987 907 ideoque
3028 838 3258 891 fortasse
3295 852 3390 891 vos
3420 845 3598 890 vestra

1982 924 2316 994 neglexistis.
2372 928 2628 982 Attamen
2663 927 2780 984 lucc
2809 928 2964 985 vobis
2989 928 3055 982 ad
3086 928 3456 998 purgationem
3491 941 3597 981 non

1979 1012 2287 1080 sufliciunt;
2339 1016 2436 1071 sed
2483 1019 2691 1073 crimen
2740 1027 2985 1074 nostrum
3027 1018 3203 1089 majus
3245 1027 3362 1083 est,
3423 1031 3599 1086 neque

1979 1115 2163 1160 tamen
2191 1107 2347 1162 venia
2376 1107 2530 1163 vobis
2559 1110 2908 1165 concedetur.

2051 1197 2106 1252 7.
2149 1198 2366 1253 Herulis
2414 1202 2702 1256 exhortatio
2733 1201 2805 1256 ad
2831 1203 3165 1257 reuerentiam
3210 1206 3264 1260 in
3303 1209 3516 1264 ecclesia
3551 1220 3600 1266 et

1976 1290 2242 1344 caritatem
2265 1299 2516 1346 mutuam.
2569 1294 2673 1348 Cur
2692 1295 2841 1366 signa
2868 1296 3016 1350 edere
3041 1299 3310 1353 cessaverit
3340 1280 3501 1356 Deus:
3527 1333 3598 1345 —-

1977 1381 2129 1438 Tunc
2168 1381 2365 1438 domus
2412 1384 2661 1441 ecclesia:
2701 1395 2894 1452 erant;
2945 1403 3092 1444 nunc
3133 1391 3362 1446 ecclesia
3403 1393 3600 1452 domus

1977 1472 2115 1530 facta
2154 1483 2259 1530 est.
2312 1474 2456 1531 Nihil
2502 1486 2629 1534 tunc
2675 1478 2730 1532 in
2773 1478 2939 1535 domo
2981 1481 3243 1537 saeculare
3277 1483 3594 1544 dicebatur:

1977 1565 2199 1620 nuncin
2227 1566 2456 1622 ecclesia
2489 1567 2622 1623 nihil
2653 1570 2937 1639 spirituale
2981 1571 3200 1639 dicitur,
3243 1575 3341 1629 sed
3385 1584 3441 1630 et
3489 1575 3599 1633 huc

1974 1658 2135 1711 etiam
2181 1655 2282 1712 fori
2308 1659 2522 1730 negotia
2567 1659 2822 1716 inducitis
2867 1679 2884 1716 :
2930 1662 3152 1734 Deoque
3178 1665 3457 1736 loquente,
3486 1681 3595 1724 non

1975 1750 2136 1804 modo
2180 1750 2357 1820 ipsum
2402 1752 2624 1808 silentio
2673 1769 2781 1809 non
2827 1755 3048 1820 auditis,
3086 1756 3182 1812 sed
3221 1760 3493 1814 contraria
3536 1759 3594 1816 in

1975 1840 2210 1896 medium
2242 1841 2471 1898 adducta
2500 1844 2714 1915 negotia
2738 1844 3025 1915 loquimini
3056 1862 3076 1901 :
3101 1857 3268 1918 atque
3295 1847 3499 1904 utinam
3528 1866 3597 1908 ea

1972 1947 2095 2001 qua:
2136 1933 2204 1988 ad
2253 1949 2350 1990 vos
2395 1937 2671 2007 pertinent
2703 1948 2954 2005 tantum;
2979 1955 3145 2005 ,nunc
3168 1950 3351 1998 autem
3379 1958 3444 1998 ea
3475 1958 3597 2012 qua

1973 2024 2105 2079 nihil
2130 2025 2199 2082 ad
2227 2040 2327 2082 vos
2353 2038 2601 2099 spectant
2621 2040 2678 2086 et
2703 2030 2886 2088 dicitis
2904 2042 2962 2088 et
2983 2032 3203 2088 auditis.
3255 2034 3384 2092 Ideo
3408 2036 3594 2108 lugeo,

1972 2126 2028 2173 et
2067 2118 2283 2190 lugendi
2305 2121 2466 2177 tinem
2499 2137 2605 2178 non
2635 2121 2850 2180 faciam.
2891 2123 3081 2196 Neque
3104 2127 3252 2182 enim
3282 2143 3502 2198 possum
3527 2145 3593 2185 ex

1973 2207 2076 2264 hac
2100 2208 2266 2265 domo
2297 2210 2591 2282 proﬁcisci,
2629 2214 2726 2270 sed
2749 2216 2838 2270 hic
2865 2231 3088 2272 manere
3117 2231 3342 2273 necesse
3362 2233 3468 2284 est,
3493 2218 3595 2276 do-

1972 2313 2074 2355 nec
2107 2314 2175 2359 ex
2210 2303 2467 2371 praesenti
2493 2320 2756 2362 exeamus
2792 2307 2925 2362 vita.
2982 2306 3254 2378 Suscipite
3292 2324 3426 2381 ergo
3470 2325 3591 2378 nos,

1971 2391 2111 2446 sicut
2133 2391 2334 2448 Paulus
2360 2393 2436 2466 (9.
2468 2394 2587 2449 Cor.
2621 2397 2674 2450 7.
2700 2395 2762 2466 2)
2791 2398 3066 2468 praecepit.
3107 2397 3296 2468 Neque
3339 2399 3488 2455 enim
3521 2400 3595 2458 de

1970 2495 2158 2537 mensa
2203 2481 2526 2553 loquebatur
2573 2485 2690 2553 ille,
2740 2487 2838 2542 sed
2881 2486 2951 2542 de
3003 2487 3278 2545 voluntate
3301 2497 3357 2544 et
3387 2490 3592 2546 animo.

1971 2571 2086 2626 Hoc
2111 2581 2166 2628 et
2187 2587 2289 2629 nos
2316 2589 2348 2629 a
2379 2576 2532 2630 vobis
2563 2577 2923 2645 postulamus,
2971 2579 3279 2644 caritatem,
3332 2589 3390 2637 ct
3443 2595 3594 2636 ante.

1970 2680 2083 2719 rem
2113 2664 2266 2720 illum
2307 2665 2587 2724 ardentem
2615 2678 2672 2725 et
2707 2671 3005 2727 sincerum.
3061 2671 3219 2740 Quod
3266 2675 3312 2729 si
3355 2675 3459 2730 hoc
3485 2690 3592 2732 non

1969 2754 2141 2821 fertis,
2185 2755 2378 2812 saltem
2421 2773 2520 2814 vos
2567 2769 2760 2815 mutuo
2801 2771 3001 2828 amate,
3049 2775 3374 2832 prtesentem
3419 2764 3592 2836 depo-

1970 2856 2162 2902 nentes
2185 2849 2722 2919 negligentiam.lloc
2743 2854 2901 2907 nobis
2924 2852 2993 2907 ad
3014 2855 3444 2910 consolationem
3462 2857 3595 2912 satis

1967 2943 2070 3004 eet,
2095 2938 2139 2991 si
2163 2938 2440 2995 videamus
2461 2956 2557 2996 vos
2577 2951 2726 2997 recte
2745 2952 2971 3012 agentes
2994 2952 3048 2999 et
3072 2944 3330 3019 meliores
3344 2945 3588 3003 enectos.

1965 3027 2056 3083 Sic
2102 3028 2364 3098 majorem
2396 3044 2498 3101 ego
2535 3031 2814 3087 caritatem
2861 3031 3163 3100 exhibebo,
3204 3035 3248 3090 si
3299 3033 3594 3092 ferventius

1966 3121 2358 3182 amans.minus
2375 3136 2526 3176 amer
2542 3139 2572 3175 a
2596 3122 2938 3178 vobileulta
2955 3123 3099 3179 enim
3120 3140 3219 3180 nos
3233 3126 3566 3196 coniungunt

1969 3226 2070 3264 una
2100 3227 2285 3266 mensa
2312 3213 2564 3266 omnibus
2597 3215 2873 3284 proposita
2892 3254 2907 3277 ,
2941 3229 3083 3269 unus
3112 3216 3269 3270 nobis
3299 3229 3453 3286 pater
3481 3228 3582 3285 est,

1966 3305 2158 3358 eodem
2187 3311 2344 3374 partu
2374 3318 2567 3359 omnes
2597 3305 2920 3373 prodiimus,
2977 3305 3120 3361 idem
3151 3315 3308 3377 potus
3334 3309 3590 3365 omnibus

1965 3392 2124 3447 datus
2153 3402 2269 3458 est;
2308 3393 2420 3448 imo
2445 3408 2554 3448 non
2581 3395 2759 3449 solum
2791 3395 2936 3450 idem
2965 3406 3146 3466 potus,
3176 3397 3273 3457 Sed
3303 3413 3367 3454 ex
3395 3399 3588 3454 eodem

1965 3487 2136 3541 calice
2164 3487 2481 3542 sumendus.
2507 3487 2672 3543 Pater
2701 3489 2848 3543 enim
2879 3497 3087 3554 noster,
3138 3505 3264 3546 cum
3301 3505 3402 3546 nos
3428 3491 3593 3548 vellet

1968 3577 2021 3630 in
2070 3588 2313 3632 mutuum
2345 3592 2586 3634 amorem
2637 3578 2917 3644 inducere.
2947 3580 3079 3637 illud
3106 3582 3442 3641 machinatus
3474 3593 3590 3648 est,

1968 3675 2028 3722 ut
2074 3684 2140 3722 ex
2175 3685 2281 3723 uno
2308 3670 2476 3725 calice
2504 3671 2818 3727 biberemus
2842 3687 2858 3736 ;
2899 3673 3044 3743 quod
3071 3674 3322 3730 maxima:
3341 3683 3425 3729 est
3449 3675 3593 3730 cari—

1967 3760 2116 3813 tatis.
2164 3759 2271 3815 Sed
2296 3763 2583 3832 apostolis,
2633 3763 2869 3834 inqutes,
2921 3764 3069 3835 digni
3113 3779 3220 3819 non
3268 3777 3477 3822 sumus.
3531 3763 3587 3820 Id

1965 3863 2069 3920 ego
2096 3851 2286 3915 fateor,
2339 3865 2440 3906 nec
2487 3868 2743 3922 umquam
2781 3855 3117 3924 negaverim.
3165 3855 3285 3911 Non
3310 3856 3454 3912 enim
3481 3857 3586 3912 illis

1967 3941 2132 3996 modo
2161 3983 2175 4006 ,
2208 3941 2303 3997 sed
2352 3957 2421 3998 ne
2471 3942 2678 3997 umbra:
2713 3943 2936 4014 quidem
2979 3943 3196 4012 illorum
3235 3948 3588 4017 comparandi

1967 4049 2178 4089 sumus.
2224 4036 2474 4089 Attamen
2504 4049 2598 4089 vos
2624 4036 2862 4090 olllcinm
2895 4048 3136 4092 vestrum
3173 4039 3416 4109 implete.
3470 4039 3584 4095 Non

1966 4129 2111 4180 enim
2135 4127 2265 4180 illud
2298 4126 2454 4181 vobis
2484 4143 2741 4200 umquam
2775 4129 2966 4199 pudori
2997 4131 3126 4196 erit,
3174 4132 3269 4188 sed
3316 4149 3412 4187 vos
3455 4147 3573 4187 ma-

1967 4219 2112 4274 xime
2151 4219 2380 4289 juvabit.
2422 4219 2558 4274 Cum
2591 4221 2736 4274 enim
2783 4220 2950 4275 etiam
2975 4237 3105 4293 erga
3146 4221 3398 4293 indignos
3424 4222 3588 4279 talem

1967 4310 2293 4365 exhibebitis
2328 4325 2593 4373 amorem,
2643 4313 2805 4366 talem
2851 4311 3288 4383 ohsequentiam,
3316 4324 3444 4370 tunc
3465 4331 3584 4370 ma-

1963 4403 2140 4474 jorem
2172 4405 2448 4475 recipietis
2480 4403 2810 4460 mercedem.
2843 4403 2961 4459 Non
2997 4414 3180 4460 nostra
3214 4407 3414 4476 quippe
3452 4406 3588 4462 dici--

1969 4512 2127 4563 mus;
2165 4498 2288 4568 quia
2333 4499 2512 4552 nullus
2537 4505 2624 4552 est
2651 4497 2806 4552 nobis
2837 4497 3030 4552 doctor
3057 4498 3110 4554 in
3138 4508 3315 4566 terra;
3343 4500 3438 4555 sed
3463 4515 3582 4571 cpta

1968 4590 2296 4659 accepimus,
2337 4587 2553 4656 damus,
2603 4599 2660 4644 et
2707 4605 2808 4660 pro
2833 4593 2959 4644 dato
2989 4590 3121 4645 nihil
3147 4606 3178 4646 a
3220 4592 3373 4647 vobis
3403 4595 3585 4664 requi-

1971 4683 2158 4746 rimus,
2211 4680 2312 4736 nisi
2363 4688 2423 4736 ut
2463 4680 2807 4737 redamemnr
2856 4690 3088 4736 tantum.
3135 4682 3291 4750 Quod
3330 4684 3374 4738 si
3419 4685 3582 4740 etiam

1970 4788 2156 4828 amore
2197 4773 2397 4843 indigni
2447 4789 2636 4829 sumus
2663 4815 2677 4835 ,
2722 4771 2807 4826 vel
2855 4770 2980 4828 hinc
3026 4773 3133 4828 cito
3163 4776 3368 4829 erimus
3411 4773 3582 4840 digni.

1970 4865 2110 4934 quod
2159 4877 2256 4917 vos
2300 4879 2427 4919 vere
2474 4879 2739 4918 amemus.
2784 4862 3237 4937 Quandoquidem
3267 4865 3477 4921 mandat
3509 4882 3578 4922 an

1974 4957 2127 5010 nobis
2170 4965 2272 5019 est,
2320 4970 2427 5009 non
2457 4955 2634 5010 solum
2657 4969 2750 5009 eos
2776 4955 2868 5024 qui
2903 4969 3003 5009 nos
3028 4965 3210 5011 amant
3237 4972 3441 5020 amare,
3485 4971 3584 5011 scr.

1973 5049 2136 5101 etiam
2177 5046 2426 5101 inimicos
2476 5044 2722 5115 diligere.
2776 5045 2908 5112 Quis
2935 5047 3006 5100 ita
3057 5047 3329 5111 immanis,
3363 5048 3483 5117 quis
3511 5049 3580 5101 ita

1977 5136 2140 5199 ferus,
2173 5135 2266 5207 qui
2294 5133 2383 5189 tali
2411 5145 2631 5204 accepta
2664 5135 2780 5204 lege
2805 5176 2820 5201 ,
2849 5137 3010 5190 etiam
3045 5142 3125 5190 sui
3155 5149 3402 5192 amantes
3437 5152 3587 5192 aver-

1975 5236 2125 5284 setur
2173 5235 2229 5281 et
2254 5225 2378 5281 odio
2422 5225 2638 5292 haheat,
2673 5227 2885 5281 etiamsi
2915 5227 3060 5283 mille
3085 5229 3153 5281 sit
3180 5229 3322 5283 vitiis
3350 5229 3538 5299 plenus
3571 5237 3587 5289 ?

1976 5319 2170 5373 Mensa:
2195 5307 2491 5386 spiritualis
2516 5325 2797 5370 consortes
2819 5315 3021 5372 fuimus
3055 5337 3069 5371 :
3097 5319 3392 5389 spiritualis
3415 5320 3577 5373 etiam

1974 5409 2213 5464 caritatis
2234 5416 2518 5463 consortes
2551 5409 2740 5462 simus.
2768 5407 2900 5462 Nam
2933 5410 2977 5464 si
3011 5411 3266 5474 latrones,
3301 5411 3389 5479 qui
3423 5413 3583 5465 simul

1978 5509 2287 5562 vescuntur,
2319 5499 2489 5554 moris
2517 5500 2598 5554 sui
2632 5509 2819 5554 tnntuo
2849 5500 3264 5565 obliviscuntur,
3294 5516 3454 5572 quam
3489 5515 3586 5558 uo;

1977 5593 2378 5648 excusationem
2430 5590 2769 5656 habebimus,
2801 5593 2890 5662 qui
2923 5591 3177 5646 dominici
3209 5593 3454 5661 corporis
3497 5611 3591 5648 su-

1977 5697 2096 5736 tnns
2121 5691 2424 5747 consortes,
2472 5695 2572 5736 nec
2598 5681 2812 5736 illorum
2840 5685 3306 5738 mansuetudinem
3341 5695 3588 5738 mutuam

1950 5775 2287 5830 ’itnitamnr?
2329 5775 2490 5846 Atqui
2517 5774 2699 5831 multis
2726 5761 2831 5830 non
2861 5790 3063 5832 mensa:
3089 5785 3315 5845 tantum,
3344 5777 3447 5838 sed
3475 5775 3600 5831 civi-
