4076 6436
522 360 626 416 587

521 484 648 539 tatis
675 482 832 537 etiam
861 474 1087 536 societas
1117 479 1248 534 satis
1285 478 1381 535 fuit
1406 479 1470 534 ad
1498 480 1784 535 amicitiam
1813 498 1823 532 :
1857 495 1954 533 nos
1980 494 2106 532 vt-ro

518 575 606 645 qui
634 573 876 629 eamdem
904 573 1160 627 habemus
1181 572 1471 639 civitatem,
1507 573 1747 636 domum,
1791 573 1948 635 viam,
1979 588 2104 641 por-

519 677 648 731 tam,
700 665 953 724 radicem.
996 666 1180 727 vitam,
1227 664 1362 718 idem
1409 674 1588 731 caput,
1630 662 1875 718 eumdem
1922 673 2102 732 pasto-

517 771 652 816 rem,
706 770 914 824 regem,
965 754 1268 816 doctorem,
1311 753 1583 821 indicem,
1631 761 1965 815 creatorem,
2007 769 2102 822 pa-

519 855 677 910 trem,
716 845 996 912 omniaque
1031 843 1353 905 communia,
1388 856 1489 911 qua
1517 845 1715 895 erimus
1749 844 1898 896 venia
1935 842 2100 912 digni,

513 938 557 991 si
589 939 811 990 invicem
838 934 1229 988 dissideamus?
1262 933 1453 987 Verum
1484 934 1630 1003 signa
1681 935 1937 1000 qtu'ritis,
1982 949 2101 1002 qua:

515 1029 587 1100 illi
631 1027 850 1096 ingressi
894 1024 1178 1090 faciebant,
1224 1025 1464 1092 leprosos
1509 1024 1856 1089 mundabant,
1903 1024 2104 1077 dri-mn-

514 1132 607 1168 nas
635 1115 938 1184 ejiciebaut,
991 1122 1231 1168 mortuos
1252 1113 1617 1166 suscitabat?
1661 1112 1765 1167 Sed
1793 1123 1846 1167 et
1874 1112 1972 1165 boc
2004 1129 2102 1166 no-

511 1206 724 1261 bilitatis
747 1216 935 1261 vestra:
957 1207 1248 1258 maximum
1275 1205 1525 1259 indicium
1557 1215 1656 1266 est,
1683 1206 1986 1275 amorisque
2011 1221 2103 1256 ve-

511 1298 629 1359 stri,
670 1297 807 1365 quod
859 1297 973 1349 sine
1020 1296 1328 1364 pignoribus
1363 1296 1664 1365 huiusmodi
1700 1297 1807 1350 Deo
1847 1297 2094 1350 credatis.

514 1387 583 1440 Ea
614 1388 752 1439 enim
784 1385 851 1439 de
880 1401 1037 1455 causa
1083 1387 1312 1439 cessavit
1341 1387 1479 1440 Deus
1505 1386 1652 1456 signa
1677 1389 1836 1440 edere
1855 1426 1868 1450 ,
1912 1387 2100 1439 aliam.

509 1493 612 1548 que
642 1491 858 1531 causam
893 1469 1123 1545 profero.
1161 1476 1288 1530 Nam
1325 1465 1392 1542 si,
1419 1480 1749 1532 cessantibus
1775 1479 1961 1548 signis,
2008 1477 2096 1546 qui

509 1568 626 1620 aliis
677 1566 888 1620 dotibus
923 1577 1044 1621 sunt
1085 1567 1351 1631 instructi,
1405 1576 1461 1619 ut
1507 1567 1651 1620 verbi
1700 1569 1978 1638 sapientia,
2013 1570 2098 1624 vel

511 1659 719 1726 pietatis
754 1658 1078 1726 praestantia,
1110 1673 1258 1712 vanu!
1284 1658 1470 1726 gloriae
1503 1669 1626 1712 sunt
1653 1659 1842 1723 dediti,
1874 1676 1990 1715 sesn
2021 1661 2098 1714 ef-

509 1747 706 1812 ferunt,
751 1761 977 1816 seseque
1023 1748 1091 1800 ab
1137 1749 1255 1801 aliis
1298 1748 1584 1818 seiungunt
1622 1767 1635 1803 :
1680 1751 1723 1802 si
1755 1751 1912 1804 etiam
1946 1751 2094 1817 signa

503 1838 774 1899 adessent,
818 1852 924 1906 quo
952 1853 1056 1895 nou
1083 1847 1435 1907 erumperent
1465 1838 1789 1892 schismata?
1825 1837 1974 1903 Quod
2003 1855 2096 1892 au-

507 1937 611 1981 tem
660 1927 772 1980 hunc
815 1943 919 1981 non
966 1944 1030 1980 es
1083 1928 1389 1995 conjectura
1421 1928 1687 1989 dit-antur,
1744 1930 2094 1984 testiﬁcantur

503 2017 784 2079 Corinthii.
831 2021 917 2088 qui
970 2019 1092 2074 inde
1137 2020 1333 2073 multas
1376 2021 1427 2072 in
1477 2031 1658 2088 partes
1684 2021 1923 2074 distracti
1968 2031 2092 2076 sunt

506 2109 583 2174 (l.
610 2106 728 2175 Cor.
766 2109 838 2175 l).
893 2106 974 2162 Ne
1010 2110 1156 2176 signa
1183 2123 1412 2177 quarras,
1457 2110 1547 2164 sed
1587 2111 1781 2162 auium
1809 2111 2090 2164 incolumi-

507 2206 689 2251 tatem.
737 2198 816 2253 Ne
857 2215 1066 2268 quaeras
1093 2210 1362 2254 mortumn
1390 2203 1703 2254 suscitatam
1734 2202 1935 2262 videre.
1968 2218 2091 2257 cum

499 2288 748 2344 didiceris
775 2299 940 2344 totum
976 2292 1160 2348 orbem
1192 2302 1618 2348 resurrecturum
1649 2308 1789 2347 esse.
1837 2293 1912 2349 Ne
1940 2308 2086 2363 quie-

499 2394 588 2433 ras
629 2394 827 2437 ctccum
868 2391 1112 2439 sanatum
1153 2381 1369 2448 videre;
1419 2385 1514 2438 sed
1546 2383 1665 2438 vide
1691 2400 1833 2440 nunc
1862 2400 2084 2449 omnes,

498 2469 718 2524 meliore
765 2480 822 2524 et
868 2471 1081 2526 utiliore
1127 2475 1316 2529 intuitu
1380 2477 1727 2545 respicientes
1778 2495 1790 2529 :
1846 2491 1908 2530 ac
1941 2477 2089 2533 disce

498 2569 859 2628 temperanter
905 2562 1214 2630 respicere,
1278 2572 1334 2616 et
1382 2565 1597 2618 oculum
1651 2574 1798 2619 tuum
1855 2567 2081 2636 corrige.

498 2648 630 2703 Nam
686 2651 728 2702 si
772 2655 1007 2705 ouuiium
1059 2663 1296 2706 nostrum
1352 2657 1456 2708 vita
1512 2657 1629 2709 talis
1665 2667 1826 2722 esset,
1873 2658 2082 2727 qualem

498 2753 618 2792 esse
650 2750 940 2806 oporteret,
971 2744 1196 2809 perutiles
1244 2745 1363 2813 plus
1410 2760 1507 2800 nos
1549 2747 1892 2812 mirarentur,
1923 2764 2080 2818 quam

497 2828 541 2880 si
573 2829 825 2884 miracula
857 2846 1206 2900 pan-aremus.
1257 2835 1415 2903 Signa
1445 2837 1642 2904 quippe
1668 2840 1846 2905 specie
1876 2848 2079 2893 tantum

494 2921 615 2973 talia
670 2937 789 2976 esse
836 2933 1105 2990 putantur,
1154 2940 1326 2994 neque
1374 2937 1501 2981 sunt
1531 2943 1559 2980 a
1591 2943 1752 2997 prava
1779 2932 2081 2998 suspicione

495 3012 682 3078 libera,
749 3016 951 3068 etiamsi
999 3018 1144 3084 signa
1194 3028 1374 3072 nostra
1419 3035 1523 3074 non
1577 3020 1878 3090 bujusmodi
1927 3025 2076 3080 sint:

493 3104 595 3156 vita
636 3115 809 3158 autem
855 3121 981 3175 pura
1017 3109 1106 3160 tali
1139 3111 1425 3177 Suspicioni
1456 3113 1684 3167 obnoxia
1714 3132 1834 3170 esse
1861 3121 2075 3188 nequit;

490 3195 579 3249 scd
625 3195 830 3249 virtutis
861 3199 1122 3265 possessio
1155 3203 1390 3255 omnium
1419 3203 1643 3258 obstruit
1676 3221 1790 3261 ora.

557 3286 610 3340 8.
650 3284 860 3339 Virtutis
891 3292 1196 3353 pra-stantia.
1226 3321 1294 3329 —
1326 3291 1516 3346 Virtuti
1549 3311 1677 3366 ergo
1708 3298 2018 3356 studeamus
2047 3320 2061 3356 :

491 3379 671 3430 multa:
697 3378 892 3446 quippe
920 3389 1042 3432 sunt
1069 3381 1206 3433 illius
1238 3383 1455 3446 dixitne,
1491 3402 1805 3457 magnaeque
1835 3391 2072 3447 admira-

490 3466 614 3518 tinni
667 3465 945 3520 habentur.
978 3469 1066 3522 Illa
1099 3484 1279 3525 veram
1323 3474 1520 3539 pncbet
1552 3477 1878 3547 libertatem,
1917 3484 1984 3537 ita
2018 3495 2075 3539 ut

490 3555 649 3610 etiam
685 3555 737 3609 in
767 3559 1023 3613 servitute
1048 3563 1353 3628 spectaculo
1383 3565 1449 3618 sit
1480 3583 1491 3618 :
1525 3583 1631 3620 non
1659 3572 1798 3637 quod
1838 3589 1867 3625 a
1900 3577 2072 3629 scrvi-

489 3657 599 3701 tute
627 3648 834 3712 iiberet,
867 3650 960 3704 sed
989 3653 1129 3708 quod
1161 3669 1349 3709 servos
1381 3658 1565 3712 reddat
1599 3660 1780 3716 liberis
1811 3676 2070 3732 przestan-

489 3755 667 3802 nores,
701 3741 750 3793 id
782 3744 920 3808 quod
954 3744 1199 3798 libertate
1225 3749 1395 3800 multo
1418 3751 1588 3819 majus
1617 3764 1700 3807 est
1734 3771 1749 3807 :
1783 3771 2070 3828 pauperem

485 3845 587 3883 non
638 3830 811 3883 reddit
850 3830 1091 3897 divitem,
1128 3835 1222 3888 sed
1263 3838 1365 3890 etsi
1408 3853 1607 3906 pauper
1653 3855 1884 3908 maneat,
1919 3849 2065 3904 illum

483 3919 643 3972 divite
673 3918 796 3971 facit
825 3922 1230 3987 opulentiorem.
1259 3914 1418 3992 Quod
1451 3931 1493 3980 si
1526 3933 1658 3984 velis
1688 3936 1836 4003 signa
1870 3937 2064 4007 facere,

484 4025 512 4061 a
535 4008 757 4071 insecutis
787 4017 836 4063 te
863 4011 1070 4077 expedi,
1101 4022 1338 4068 ettotntn
1365 4018 1652 4088 perfecisti.
1683 4024 1814 4078 Nam
1845 4045 2067 4098 magnus

477 4095 685 4150 dat-mou
732 4109 815 4153 est
854 4111 1158 4167 peccatum,
1193 4104 1428 4172 dilecte;
1461 4119 1515 4164 ct
1557 4111 1599 4164 si
1643 4113 1768 4168 illud
1813 4095 2060 4187 eieceris,

490 4231 2778 4272 Ἥ,-

1248 365 1303 417 S.
1345 363 1622 419 JO.\NNIS
1659 362 2135 421 CHRYSOSTOMI
2169 362 2480 421 ARCIIIEP.
2521 364 3054 422 CONSTANTINOP.

3699 366 3801 423 532i

2211 478 2382 547 majus
2424 480 2695 548 quidpiam
2743 480 2957 548 fecisti,
2998 495 3158 550 quam
3203 479 3291 550 qui
3347 479 3494 536 mille
3531 480 3801 536 daemonas

2208 568 2490 636 expulerit.
2525 569 2662 622 Audi
2696 569 2915 624 Paulum
2947 570 3215 624 dicentem
3237 612 3250 634 ,
3278 578 3332 624 et
3355 571 3610 624 virtutem
3641 572 3799 624 mira-

2207 659 2340 730 gtlis
2360 668 2772 728 anteponentem
2805 679 2818 714 :
2848 660 3194 714 Emulamini
3217 671 3382 716 autem
3402 703 3418 728 ,
3454 663 3659 730 inquit,
3684 662 3801 716 clio-

2206 749 2414 802 rismata
2443 752 2731 820 spiritualia
2761 767 2779 803 :
2805 760 2853 804 ct
2879 752 3047 804 adhuc
3075 753 3479 808 excellentiorem
3507 755 3643 806 aiam
3668 754 3803 807 vobis

2205 841 2412 892 ostendo
2443 840 2518 910 (Ι.
2545 841 2660 893 Cor.
2698 839 2779 894 l2.
2812 838 2905 911 5|)
2933 859 2946 902 ;
2975 850 3030 896 et
3068 841 3206 896 banc
3232 844 3371 896 viam
3408 853 3594 912 pos-tea
3638 859 3802 911 espo-

2205 943 2371 989 nens.
2420 945 2526 984 non
2575 939 2817 985 mortuos
2867 931 3154 986 suscitatus
3207 932 3357 998 dicit,
3402 950 3508 989 non
3560 935 3801 1002 leprosos

2205 1017 2521 1080 mundatos,
2555 1034 2656 1072 non
2693 1020 2839 1074 aliud
2883 1021 3057 1075 simile
3084 1020 3398 1090 quidpiam;
3441 1024 3536 1078 sed
3581 1039 3679 1094 pro
3721 1023 3802 1076 his

2203 1111 2451 1164 omnibus
2477 1112 2753 1166 caritatem
2785 1115 2978 1180 posuit.
3004 1113 3142 1167 Audi
3171 1129 3382 1183 quoque
3411 1113 3684 1169 Christum
3713 1116 3799 1170 di-

2205 1210 2414 1255 centem
2448 1220 2460 1255 :
2492 1201 2669 1256 Nolite
2693 1205 2874 1267 laetari,
2912 1207 3149 1274 quoniam
3179 1205 3430 1259 dmonia
3457 1208 3594 1259 vobis
3630 1207 3801 1277 subji-

2203 1293 2427 1358 ciuntur,
2469 1293 2558 1346 scd
2585 1295 2705 1360 quia
2745 1296 2950 1348 nomina
2980 1305 3144 1348 vestra
3179 1296 3370 1363 scripta
3410 1306 3524 1350 sunt
3569 1297 3622 1350 in
3661 1299 3802 1350 aclis

2204 1380 2355 1441 (an.
2392 1383 2475 1437 l0.
2507 1383 2620 1452 20).
2652 1385 2715 1438 Et
2740 1393 2894 1438 antea
2919 1385 3126 1440 d'xerat
3157 1401 3169 1435 τ
3203 1385 3358 1437 Multi
3389 1387 3554 1440 dicent
3583 1389 3711 1440 mihi
3745 1391 3798 1441 in

2196 1475 2281 1526 dte
2304 1472 2395 1525 illa
2427 1489 2444 1525 :
2476 1472 2660 1527 Nonne
2683 1473 2733 1528 in
2763 1475 2964 1527 nomine
3003 1486 3088 1527 tuo
3137 1476 3578 1543 prapltetovimus,
3614 1489 3659 1530 et
3687 1479 3800 1532 dw-

2201 1563 2368 1615 ntonia
2405 1565 2699 1633 ejecimus‘,
2729 1573 2776 1616 et
2797 1565 3000 1618 virtutes
3045 1566 3231 1618 multas
3276 1567 3526 1635 fecimus?
3559 1567 3629 1622 Et
3678 1579 3800 1622 tunc

2198 1654 2471 1720 conﬁtebor
2497 1657 2602 1720 eis,
2645 1654 2831 1709 Nescio
2879 1672 2964 1710 vos
3013 1655 3243 1725 (Matth.
3295 1659 3344 1709 7.
3396 1658 3484 1711 Ἠ.
3535 1660 3661 1727 25).
3717 1660 3797 1714 Ad

2198 1761 2411 1801 crucem
2435 1747 2594 1801 etiam
2621 1749 2792 1802 iturus
2815 1790 2829 1812 ,
2861 1749 3064 1802 vocatis
3096 1749 3370 1817 discipulis
3399 1750 3534 1804 dixit
3561 1768 3574 1802 ε
3605 1750 3673 1804 In
3702 1751 3798 1805 hoc

2198 1848 2495 1904 cognoscent
2514 1854 2684 1891 omnes
2707 1839 2826 1907 quia
2844 1840 2940 1891 mei
2956 1840 3195 1906 discipuli
3213 1841 3353 1904 estis,
3386 1856 3489 1894 non
3519 1843 3561 1895 si
3594 1843 3800 1898 deamo-

2199 1928 2282 1978 nia
2333 1927 2581 1996 ejiciatis,
2622 1928 2714 1982 sed
2759 1929 2820 1983 Si
2847 1929 3162 1982 dilectionem
3189 1930 3464 1985 habueritis
3485 1932 3556 1984 ad
3584 1935 3797 1988 invicem

2197 2014 2374 2084 (Joan.
2398 2017 2486 2070 l3.
2509 2016 2621 2088 55).
2651 2020 2728 2073 Ac
2754 2033 2966 2072 rursum
3001 2036 3014 2071 :
3050 2017 3112 2072 In
3143 2020 3236 2072 hoc
3266 2033 3564 2090 cognoscent
3595 2039 3794 2089 omnes,

2193 2107 2311 2174 quia
2349 2116 2403 2159 tu
2443 2124 2522 2162 me
2561 2109 2774 2172 misisti;
2814 2124 2922 2162 non
2953 2110 2996 2163 si
3029 2120 3268 2163 mortuos
3298 2110 3349 2162 hi
3381 2113 3793 2176 stiscitavcrint,

2195 2196 2286 2249 sed
2317 2195 2376 2251 Si
2406 2214 2562 2251 unum
2587 2200 2777 2268 fuerint
2804 2198 2984 2268 (Joan.
3012 2201 3100 2254 l7.
3129 2200 3242 2271 25).
3283 2201 3414 2255 Nam
3457 2219 3600 2272 δεῖρε
3641 2206 3793 2274 signa

2192 2285 2417 2340 alterum
2452 2286 2666 2356 quidem
2692 2289 2952 2357 juvarunt
2982 2306 2994 2342 :
3025 2290 3072 2344 ei
3118 2305 3245 2344 vero
3284 2290 3375 2361 qui
3418 2293 3630 2362 signum
3669 2295 3797 2350 fecit

2193 2389 2512 2445 nocuerunt,
2534 2377 2661 2432 dum
2689 2380 2740 2432 in
2765 2387 3032 2436 tumorem
3055 2380 3374 2451 inanemque
3391 2382 3612 2451 gloriam
3644 2385 3792 2438 i-lnm

2190 2467 2537 2537 coniecerunt
2562 2507 2577 2534 ,
2623 2469 2708 2523 vel
2747 2469 2852 2522 alio
2891 2472 3052 2524 modo
3097 2471 3354 2525 laeserunt
3387 2489 3398 2524 :
3435 2473 3486 2526 in
3528 2475 3789 2542 operibus

2193 2574 2318 2612 vero
2359 2559 2488 2613 nihil
2529 2560 2633 2614 tale
2681 2561 2940 2629 suSpicari
2996 2563 3139 2626 licet,
3183 2564 3276 2616 sed
3323 2571 3378 2618 et
3417 2579 3532 2629 eos,
3564 2567 3654 2635 qui
3702 2567 3788 2620 illa

2189 2661 2470 2713 exercent.
2517 2661 2570 2704 et
2609 2653 2740 2707 alios
2789 2654 2986 2708 multos
3029 2655 3240 2723 juvant.
3283 2656 3410 2712 Hwo
3441 2658 3621 2727 itaque
3659 2674 3782 2714 cum

2189 2755 2376 2810 magna
2425 2741 2702 2811 diligentia
2746 2743 2989 2799 edamus.
3032 2743 3163 2801 Nam
3210 2746 3255 2800 si
3299 2762 3362 2800 ex
3393 2748 3786 2807 inhumanitate

2188 2831 2253 2883 ad
2285 2833 2682 2904 eleemosynam
2709 2835 2937 2890 dandam
2966 2847 3016 2890 te
3043 2839 3394 2901 converteris,
3423 2856 3638 2896 manum
3661 2854 3787 2899 ante

2186 2921 2388 2975 aridam
2417 2925 2723 2980 extendisti.
2752 2925 2807 2980 Si
2841 2943 2868 2978 a
2900 2926 3111 2982 theatro
3128 2929 3395 2984 absistens
3422 2932 3473 2986 in
3497 2933 3782 2988 ecclesiam

2187 3011 2468 3067 intraveris
2491 3055 2504 3079 ,
2530 3014 2916 3069 claudicantcm
2947 3018 3135 3086 pedem
3162 3020 3462 3074 reStituisti.
3487 3023 3544 3078 Si
3570 3036 3786 3083 avertas

2185 3104 2368 3158 oculos
2410 3113 2527 3158 tuos
2573 3120 2602 3158 a
2653 3109 2936 3164 meretrice
2973 3119 3026 3164 et
3069 3126 3098 3161 a
3145 3112 3541 3179 pulchritudine
3582 3117 3782 3187 aliena,

2185 3193 2304 3246 illos
2338 3203 2491 3248 antea
2531 3210 2704 3251 caecos
2744 3199 3019 3267 aperuisti.
3052 3199 3107 3256 Si
3153 3217 3251 3271 pro
3276 3206 3528 3260 satauicis
3561 3210 3787 3266 canticis

2184 3283 2418 3350 psalmos
2449 3285 2718 3355 spiritales
2743 3288 3018 3354 didiceris,
3043 3305 3164 3345 cum
3194 3304 3377 3348 mutus
3406 3306 3530 3352 ante
3561 3297 3779 3366 fuisses,

2184 3375 2430 3444 loquutus
2461 3390 2540 3431 es.
2585 3377 2708 3433 llmc
2737 3381 2966 3434 maxima
3014 3382 3270 3438 miracula
3299 3397 3455 3449 sunt;
3489 3387 3603 3443 huic
3633 3393 3781 3459 signa

2181 3467 2394 3519 eximia.
2438 3466 2494 3522 Si
2543 3467 2657 3523 lucc
2687 3472 2833 3539 signa
2879 3474 3102 3529 edentes
3132 3465 3539 3545 perseveremus
3560 3523 3574 3544 ,
3601 3483 3780 3553 magni

2181 3569 2234 3608 et
2277 3556 2574 3611 admirandi
2620 3574 2713 3628 per
2759 3562 2871 3614 haec
2903 3565 3134 3627 erimus.
3171 3567 3448 3637 malosque
3480 3586 3668 3626 omnes
3714 3573 3781 3628 ad

2180 3645 2428 3700 virtutem
2457 3647 2810 3714 attrabemus,
2831 3666 2894 3704 ac
2921 3651 3091 3708 futura
3113 3655 3280 3725 gloria
3309 3655 3550 3714 fruemur
3576 3679 3587 3715 :
3619 3679 3782 3732 quam

2179 3737 2380 3790 utinam
2432 3754 2528 3792 nos
2568 3753 2755 3793 omnes
2799 3758 3213 3813 Consequamur.
3260 3751 3428 3816 gratia
3473 3762 3525 3805 et
3570 3753 3781 3809 miseri-

2177 3827 2358 3881 cordia
2390 3827 2601 3884 Domini
2636 3833 2802 3886 nostri
2833 3833 2959 3888 Jesu
2998 3836 3195 3892 Christi
3217 3881 3232 3902 ,
3262 3841 3349 3894 cui
3378 3841 3548 3911 gloria
3584 3856 3638 3899 ct
3675 3847 3778 3902 im-

2178 3917 2406 3984 perium,
2438 3918 2489 3972 in
2520 3918 2723 3975 inﬁnita
2747 3925 2941 3977 saecula
2973 3929 3311 3984 saeculorum.
3346 3933 3537 3986 Amen.

2240 4076 2256 4107 ⁸
2297 4076 2368 4146 sic
2388 4079 2710 4146 Manuscripti.
2729 4076 2870 4126 Saril.
2897 4086 3060 4146 autem
3086 4088 3135 4146 et
3158 4084 3348 4146 Morel,
3374 4093 3494 4138 Ecce
3512 4087 3562 4138 in
3587 4091 3777 4145 nomfne

2184 4142 2264 4184 tuo
2287 4139 2527 4186 dwmom'a
2542 4139 2792 4198 ejccimus,
2818 4142 3009 4191 omissis
3030 4143 3336 4205 quihusdam.

2779 4264 3074 4276 -———_.

3077 4267 3766 4293 -..__________

1527 4315 1897 4383 ’HOMILIA
1944 4325 2250 4390 XXXIII.
2297 4331 2382 4392 al.
2429 4332 2728 4396 XXXIV.

481 4448 608 4503 Car.
645 4447 726 4500 lO.
760 4463 811 4498 v.
846 4448 928 4502 l6.
961 4448 1086 4503 Ecce
1114 4469 1204 4522 ego
1235 4455 1374 4508 mitto
1403 4471 1486 4511 vos
1527 4460 1657 4512 sicut
1682 4478 1795 4516 oves
1824 4466 1874 4518 in
1903 4470 2065 4524 medio

552 4537 809 4602 luporum.
860 4538 1027 4592 Estote
1063 4559 1178 4610 ergo
1213 4546 1486 4614 prudentes
1530 4552 1658 4604 sicut
1702 4569 1983 4621 serpentes.
2019 4573 2064 4614 et

550 4626 799 4691 simplices
827 4629 951 4679 sicut
979 4629 1236 4685 colum-bar.

551 4717 601 4767 ‘1.
639 4716 919 4783 Postquam
953 4720 1068 4772 illos
1101 4737 1165 4773 eo
1195 4723 1523 4790 deduxerat,
1560 4741 1614 4784 ttl
1640 4732 1707 4788 de
1743 4745 2059 4798 necessariis

481 4804 543 4858 ad
569 4806 761 4859 victmu
791 4808 888 4858 sibi
917 4812 1318 4879 suppeditandis
1347 4820 1678 4876 conﬁderent
1703 4867 1716 4884 .
1747 4835 1799 4879 et
1825 4833 2058 4885 muniunt

478 4896 664 4950 domos
707 4898 833 4965 ipsis
861 4915 1167 4967 aperuerat,
1215 4905 1751 4985 honestissimamque
1794 4923 2059 4990 ingressus

480 4986 698 5040 “mm”,
727 4989 967 5055 dederat,
997 5009 1098 5046 mm
1125 5005 1178 5046 ut
1205 5012 1425 5052 errones
1455 5012 1505 5054 ct
1533 5009 1804 5063 mendicos
1831 4986 1949 5068 esse
1975 5017 2058 5084 ju-

479 5083 643 5143 bcns,
684 5079 774 5131 sed
824 5093 876 5133 ut
914 5096 970 5133 se
1015 5087 1426 5153 suscipientibus
1472 5093 1623 5161 longe
1668 5079 2060 5163 prmstantiorcs

476 5167 604 5232 (hoc
623 5169 762 5222 enim
797 5169 1248 5238 significavitcnm
1269 5178 1396 5231 dixit
1431 5199 1440 5232 :
1476 5182 1668 5252 Dignus
1694 5199 1764 5240 cst
1798 5197 2058 5258 operarius

474 5258 699 5308 mercede
726 5273 851 5318 sua;
879 5267 931 5311 et
968 5276 1088 5313 cum
1122 5269 1366 5332 prurctspit
1393 5270 1693 5339 explorare,
1723 5279 1841 5345 quis
1869 5282 2059 5351 dignus

474 5357 654 5408 esuri,
701 5347 877 5415 ibique
921 5365 1135 5405 manere
1162 5396 1175 5411 .
1218 5364 1375 5424 atque
1422 5363 1746 5427 excipientes
1795 5347 2046 5434 salutare.

476 5449 699 5501 cumque
739 5453 839 5486 mu
880 5441 1289 5507 suscipientibus
1322 5446 1665 5504 intolerabilia
1709 5459 2059 5515 comminatus

477 5535 618 5577 esset
658 5526 826 5595 maia)
863 5546 873 5578 ;
908 5542 1180 5597 postquam
1228 5537 1383 5604 igitur
1412 5539 1485 5590 sic
1521 5556 1731 5596 omnem
1770 5561 1949 5600 curam
1993 5554 2057 5606 ab

476 5617 604 5683 ipsas
646 5615 896 5682 t-jccerat,
937 5633 997 5671 ac
1023 5621 1293 5687 signorum
1336 5631 1639 5695 spectaculo
1667 5638 1930 5691 munierat
1956 5683 1970 5702 ,
2005 5653 2060 5697 ct

473 5707 622 5775 quasi
659 5707 859 5760 ferreos
883 5708 1352 5787 adatnantluosquc
1372 5719 1688 5786 reddiderat,
1716 5729 2061 5788 szccularibus

2175 4473 2421 4526 omnibus
2452 4481 2756 4546 superiores
2780 4523 2794 4545 ,
2821 4492 2872 4536 et
2901 4483 2967 4537 ab
3005 4486 3152 4540 omni
3198 4498 3543 4556 temporauea
3573 4496 3775 4553 sollicis

2185 4562 2367 4617 tudine
2418 4564 2709 4624 liberatos:
2747 4571 2962 4627 demum
2993 4576 3081 4630 illa
3135 4579 3374 4645 pnedieit
3422 4585 3598 4651 mala,
3654 4606 3774 4658 qna-

2175 4655 2317 4720 ipsos
2359 4656 2600 4712 invasura
2635 4677 2785 4717 erant
2819 4681 2830 4716 :
2868 4682 2973 4719 non
3009 4668 3182 4722 solum
3229 4686 3290 4725 ea
3337 4689 3455 4743 qua:
3485 4655 3768 4748 pantopost

2175 4742 2370 4810 futura,
2423 4748 2515 4802 sed
2570 4751 2730 4806 ctiam
2784 4770 2844 4807 ea
2899 4772 3016 4825 qure
3071 4768 3190 4826 post
3236 4742 3772 4839 multnm'temporis

2178 4844 2324 4888 erant
2354 4849 2643 4903 (:iCllllil‘il,
2680 4843 2769 4896 diu
2803 4859 2926 4898 ante
2969 4848 3087 4901 illos
3127 4851 3190 4903 ad
3231 4852 3426 4907 beiium
3460 4873 3771 4928 pra-parans

2170 4938 2354 4977 contra
2378 4927 2643 4983 diabolum
2672 4935 3094 5002 suscipiendum.
3127 4939 3282 4994 Multa
3313 4946 3454 4998 enim
3485 4927 3607 5002 hinc
3631 4950 3769 5006 bona

2171 5017 2517 5081 emergebant
2561 5035 2573 5072 :
2624 5021 2816 5088 primo,
2868 5028 3010 5093 quod
3067 5029 3230 5098 ipsius
3272 5037 3622 5098 prmscientia:
3664 5040 3770 5095 vim

2170 5117 2518 5172 agnoscerent
2551 5127 2565 5174 ;
2611 5114 2876 5179 secundo,
2911 5118 3052 5184 quod
3087 5135 3242 5175 nemo
3273 5127 3529 5193 suspicari
3565 5143 3768 5200 posset,

2171 5193 2285 5248 hmc
2312 5197 2448 5249 mala
2481 5199 2548 5250 ob
2576 5201 2809 5257 doctoris
2839 5207 3256 5265 imbecillitatem
3285 5218 3541 5282 evenire;
3565 5193 3764 5289 itertio,

2173 5301 2236 5340 ne
2286 5288 2316 5340 ii
2358 5291 2447 5358 qui
2492 5290 2603 5345 inec
2656 5299 2856 5362 paseuﬂ
2885 5309 3068 5364 erant,
3101 5306 3544 5372 percellcrentur,
3573 5311 3618 5366 si
3655 5312 3770 5368 huic

2173 5376 2531 5446 inexspectata
2556 5393 2610 5436 et
2633 5397 2822 5452 preter
2861 5403 3012 5457 spem
3042 5395 3400 5458 accidissent;
3442 5415 3635 5470 quarto
3657 5448 3670 5466 ,
3703 5421 3771 5460 ne

2176 5469 2286 5521 haec
2308 5474 2484 5526 crucis
2504 5483 2742 5542 tempore
2770 5478 3049 5536 audientes
3078 5469 3471 5556 turbarentur;
3491 5509 3611 5547 nam
3640 5506 3768 5551 tunc

2174 5560 2362 5611 turbati
2396 5573 2538 5626 sunt,
2567 5580 2683 5617 cum
2707 5571 3037 5635 exprobrans
3059 5573 3189 5640 ipsis
3216 5578 3417 5634 diceret
3443 5600 3455 5633 :
3485 5583 3619 5650 Quia
3651 5589 3760 5643 haec

2175 5648 2410 5716 loquutus
2452 5671 2563 5707 sum
2608 5659 2774 5723 tabis,
2805 5663 3012 5715 tristitia
3042 5666 3267 5735 implevit
3309 5689 3395 5723 cor
3421 5648 3639 5729 ttcsirum
3666 5719 3682 5740 ,
3720 5689 3768 5733 ct

2172 5754 2314 5791 neuio
2339 5757 2399 5792 ex
2421 5746 2552 5798 vobis
2573 5746 2849 5818 interrogat
2876 5768 2972 5820 nte,
2997 5753 3268 5822 Quo-vadis
3291 5759 3464 5824 (Joan.
3497 5763 3575 5816 l6.
3605 5763 3653 5817 6.
3686 5765 3766 5818 δι’
