4076 6462
296 360 401 420 339

294 481 541 533 Attamen
577 473 647 529 de
689 486 749 527 se
785 469 916 525 nihil
963 468 1139 523 adhuc
1175 469 1345 532 dicit,
1376 482 1569 538 nempe
1599 466 1744 537 quod
1779 467 1894 523 vin-

292 566 515 625 ciendos
538 574 713 632 esset,
744 561 1095 633 ﬂagellandus
1120 602 1135 624 ,
1168 558 1498 616 occidendus
1518 599 1532 624 ,
1579 575 1647 616 ne
1687 558 1767 615 sic
1802 575 1897 615 co-

291 677 412 729 rum
438 658 777 731 perturbaret
800 656 1030 719 animos,
1058 653 1154 709 sed
1182 653 1395 709 interim
1420 667 1540 723 qua:
1570 652 1702 723 ipsis
1728 668 1897 710 even-

294 761 407 808 tura
443 753 553 806 sint
591 746 937 819 praenuntiat.
970 745 1172 802 Deinde
1201 753 1260 800 ut
1288 744 1521 808 discant,
1551 759 1745 798 novato
1776 757 1900 799 esse

291 842 428 897 hanc
452 840 686 897 bellandi
710 839 905 911 legem,
932 847 985 894 et
1012 836 1309 892 inauditum
1340 835 1473 890 aciei
1503 834 1744 891 modum.
1772 849 1897 889 cum

290 935 464 992 nudos
492 933 701 997 mittat,
732 947 835 987 una
865 930 1082 986 indutos
1110 930 1287 985 tunica
1315 971 1329 992 ,
1367 928 1487 983 sine
1516 927 1713 982 calceis
1733 965 1750 993 ,
1781 926 1900 981 sine

290 1030 456 1099 virga,
503 1027 623 1082 sine
662 1025 878 1096 cingulo
908 1023 990 1079 vel
1022 1036 1180 1092 pera,
1216 1036 1348 1092 quos
1381 1022 1451 1074 ali
1476 1020 1629 1091 jubet
1654 1019 1723 1073 ab
1756 1020 1901 1073 exci-

289 1118 558 1191 pientibus
577 1158 593 1182 ,
623 1132 730 1172 non
754 1115 841 1171 hic
863 1115 1024 1170 ﬁnem
1053 1111 1268 1168 dicendi
1305 1111 1464 1177 facit,
1498 1111 1592 1165 sed
1622 1125 1775 1164 suam
1807 1125 1899 1163 os-

288 1213 521 1268 tendens
555 1209 882 1266 inell'abilem
924 1207 1220 1278 potentiam
1268 1206 1397 1259 dicit
1441 1223 1453 1258 :
1498 1203 1588 1259 Sic
1636 1203 1899 1259 abeuntes

286 1306 465 1360 ovium
505 1302 973 1359 mansuetudinem
1022 1300 1293 1363 exhibete.
1324 1298 1536 1354 etiamsi
1574 1308 1762 1353 contra
1812 1297 1899 1353 lu-

287 1414 383 1467 pos
414 1397 577 1463 ituri;
607 1410 707 1453 nec
723 1394 884 1451 modo
904 1402 1092 1450 contra
1122 1394 1300 1464 lupos,
1332 1391 1428 1448 sed
1454 1391 1617 1447 etiam
1645 1391 1712 1446 In
1734 1392 1899 1447 medio

285 1492 544 1559 luporum.
576 1489 763 1560 Neque
802 1496 1006 1543 tantum
1042 1486 1222 1543 ovium
1257 1484 1723 1541 mansuetudinem
1747 1485 1901 1556 jubet

286 1582 523 1650 habere,
554 1582 650 1639 sed
682 1582 845 1637 etiam
874 1579 1274 1650 simplicitatem
1312 1579 1598 1635 columbae.
1636 1578 1727 1634 Sic
1762 1594 1900 1649 prae-

284 1674 472 1728 sertim
514 1688 687 1727 meam
730 1671 1010 1727 ostendam
1032 1670 1429 1736 fortitudinem.
1453 1685 1573 1726 cum
1596 1670 1900 1741 oveslupos

284 1764 531 1829 vicerint,
565 1763 778 1818 etiamsi
809 1764 861 1817 in
888 1762 1065 1818 medio
1096 1762 1345 1834 luporum
1370 1762 1498 1829 sint,
1522 1771 1576 1818 et
1602 1762 1898 1817 innumeris

284 1855 560 1909 morsibus
601 1853 927 1919 lacerentur,
962 1867 1064 1908 nec
1111 1853 1273 1909 modo
1314 1868 1421 1908 non
1462 1852 1765 1919 deleantur,
1799 1851 1897 1908 sed

285 1947 447 2002 etiam
481 1946 638 2016 lupos
680 1954 1029 2011 convertant;
1062 1945 1206 2016 quod
1240 1946 1400 2015 longe
1440 1946 1742 2001 mirabilius
1787 1956 1892 2010 est,

285 2046 340 2094 et
371 2038 546 2106 majus
576 2052 734 2107 quam
776 2036 821 2091 si
852 2036 1153 2091 occiderem
1175 2078 1189 2103 ,
1218 2036 1263 2091 si
1294 2051 1489 2106 nempe
1528 2035 1743 2091 illorum
1774 2053 1897 2091 mu-

284 2138 400 2184 tent
428 2128 761 2183 voluntatem
788 2168 803 2193 ,
834 2128 1181 2197 animumque
1224 2126 1613 2183 transforment
1643 2146 1656 2181 :
1689 2136 1744 2182 et
1781 2126 1898 2181 hmc

283 2236 405 2275 cum
430 2219 506 2275 illi
534 2219 817 2275 duodecim
847 2228 1029 2275 essent
1059 2229 1264 2275 tinuum
1290 2261 1305 2285 ,
1336 2228 1391 2274 et
1415 2228 1557 2275 totus
1581 2219 1727 2275 orbis
1757 2207 1897 2289 lupis

280 2322 427 2368 esset
456 2313 666 2383 plenus.

357 2404 489 2458 Oves
531 2404 720 2459 Christi
754 2406 991 2469 vincunt,
1040 2406 1151 2473 lupi
1182 2406 1470 2459 vincuntur.
1498 2434 1569 2443 ——
1598 2402 1896 2459 Erubesca-

282 2509 404 2550 mus
434 2496 617 2565 igitur,
645 2497 733 2566 qui
768 2506 953 2551 contra
986 2494 1279 2562 facientes,
1313 2497 1463 2566 quasi
1498 2495 1605 2565 lupi
1641 2496 1892 2550 inimiCos

281 2579 605 2634 invadimus.
663 2579 929 2647 Quamdiu
984 2581 1126 2635 enim
1158 2595 1289 2635 oves
1331 2594 1556 2644 sumus,
1604 2579 1893 2644 vincimus,

279 2681 443 2743 atque
484 2672 584 2728 etsi
609 2672 905 2728 innumeris
928 2673 1244 2727 circumdati
1293 2673 1430 2741 lupis
1456 2686 1813 2742 superamus;
1848 2673 1893 2727 si

281 2778 411 2819 vero
438 2764 549 2832 lupi
571 2761 890 2827 elﬁciamur,
914 2764 1180 2819 vincimur
1206 2782 1218 2817 :
1252 2763 1480 2833 pastoris
1509 2764 1709 2833 quippe
1740 2763 1890 2819 auxi-

280 2854 354 2907 lio
381 2854 748 2909 destituimur.
769 2852 882 2911 Non
908 2854 1052 2909 enim
1086 2854 1173 2909 ille
1199 2854 1374 2923 lupos,
1403 2853 1498 2907 sed
1530 2868 1657 2909 oves
1679 2851 1851 2924 pascit
1876 2870 1890 2920 ;

282 2953 409 3000 tunc
449 2952 627 2999 autem
675 2955 728 3002 te
777 2945 1034 3015 relinquit
1059 2960 1123 3000 ac
1162 2945 1431 3000 discedit:
1462 2946 1588 3015 quia
1623 2961 1729 3000 non
1760 2947 1895 3004 sinis

281 3036 430 3091 illum
460 3037 709 3092 virtutem
738 3052 887 3092 suam
914 3037 1219 3093 ostendere.
1245 3037 1299 3092 Si
1329 3037 1471 3092 enim
1500 3048 1720 3093 vexatus
1737 3054 1892 3093 man-

280 3128 623 3185 suetudinem
652 3130 933 3194 exhibeas,
956 3131 1055 3201 ipsi
1082 3140 1249 3185 totum
1275 3130 1584 3185 attribuitur
1607 3140 1890 3200 trop-rum;

280 3221 365 3276 sin
394 3221 592 3276 exieris
635 3222 1094 3292 pugnaverisquc,
1148 3223 1429 3277 victoriam
1484 3220 1761 3276 obscuras.
1814 3222 1893 3277 Tu

211 3346 217 3353 -
279 3325 411 3366 vero
455 3311 585 3365 mihi
630 3312 910 3366 considera
956 3314 1172 3381 quinam
1222 3312 1329 3365 sint
1374 3311 1431 3376 ii,
1474 3312 1564 3381 qui
1610 3310 1726 3365 huic
1753 3310 1889 3367 dura

282 3404 657 3472 laboriosaquc
682 3402 1187 3473 prmceptaaudiunt
1212 3421 1223 3456 :
1251 3402 1583 3458 formidolosi
1617 3401 1887 3466 homines,

282 3496 505 3559 idiotaz;
557 3496 791 3549 illiterati
815 3538 827 3561 ,
860 3504 916 3551 et
955 3495 1154 3550 indocti
1188 3511 1203 3563 ;
1252 3509 1473 3569 prorsus
1504 3495 1719 3549 obscuri
1747 3512 1761 3559 ;
1792 3495 1881 3564 qui

285 3598 604 3643 exterorum
652 3588 800 3657 leges
838 3586 1192 3657 ignorabant,
1226 3586 1315 3656 qui
1345 3600 1448 3640 non
1492 3586 1545 3640 in
1587 3584 1763 3639 forum
1797 3585 1892 3640 de-

282 3679 647 3742 scenderant;
680 3679 997 3748 piscatores,
1030 3677 1319 3745 publicani,
1361 3677 1412 3731 in
1443 3675 1694 3731 omnibus
1724 3675 1891 3729 imbe-

282 3770 457 3825 cilles.
487 3768 640 3835 Quod
679 3771 723 3822 si
771 3770 887 3823 haec
930 3770 1012 3825 vel
1058 3784 1252 3839 magno
1286 3767 1541 3837 przeditos
1584 3768 1799 3837 ingenio
1837 3776 1893 3822 et

282 3861 466 3914 animo
488 3860 633 3913 viros
655 3859 869 3914 turbare
890 3868 1134 3929 possunt,
1160 3858 1433 3927 quomodo
1457 3872 1561 3912 non
1588 3858 1890 3928 potuissent

283 3953 565 4024 imperitos
592 3951 966 4021 homines,qui
996 3951 1127 4005 nihil
1150 3951 1398 4021 generosi
1429 3964 1680 4019 umquam
1711 3950 1892 4003 animo

281 4051 662 4114 conceperant,
686 4044 924 4113 dejicere
954 4052 1113 4112 atque
1142 4041 1437 4111 percellere
1460 4040 1482 4093 ?
1509 4041 1576 4093 At
1605 4056 1709 4093 non
1736 4039 1889 4107 deje—

282 4152 430 4193 cere.
459 4137 625 4203 quue
646 4136 766 4206 jure
800 4135 1027 4203 merito,
1054 4134 1198 4190 dicet
1228 4135 1365 4189 forte
1395 4132 1659 4202 quispiam
1691 4151 1703 4186 :
1739 4131 1893 4187 dedit

284 4230 425 4284 enim
455 4228 559 4282 illis
587 4236 905 4297 potestatem
936 4226 1215 4281 daemonas
1236 4222 1483 4294 ejiciendi
1502 4265 1517 4289 ,
1550 4238 1612 4277 ac
1643 4224 1892 4291 leprosos

282 4320 599 4377 mundandi.
637 4320 750 4390 Ego
778 4330 957 4376 autem
1001 4318 1229 4374 dixerim
1252 4359 1267 4382 ,
1308 4316 1410 4371 hoc
1449 4316 1622 4384 ipsum
1653 4315 1892 4368 maxime

282 4413 405 4467 illos
433 4410 652 4465 turbare
683 4410 944 4479 potuisse,
969 4408 1110 4479 quod
1140 4407 1241 4462 etsi
1267 4416 1510 4461 mortuos
1540 4405 1889 4471 suscitarent,

282 4504 403 4558 lnec
452 4512 633 4557 tamen
680 4500 1037 4556 intolerabilia
1084 4498 1294 4568 passuri
1344 4506 1541 4559 erant;
1584 4495 1889 4559 tribunalia,

280 4594 638 4650 abductiones
658 4592 725 4647 ad
754 4607 964 4658 necem,
989 4589 1187 4645 bellum
1216 4589 1475 4643 adversus
1496 4601 1709 4651 omnes,
1740 4601 1889 4640 com-

283 4704 447 4743 mune
480 4687 645 4743 totius
671 4684 821 4741 orbis
859 4683 1041 4739 odium
1064 4724 1078 4747 ,
1103 4692 1158 4738 et
1190 4682 1304 4736 haec
1341 4680 1467 4736 dum
1501 4679 1757 4735 miracula
1799 4694 1892 4747 pa-

284 4788 513 4833 trarent.
546 4778 677 4844 Qua:
720 4775 1021 4831 consolatio
1071 4774 1210 4829 inter
1264 4780 1343 4828 tot
1392 4781 1648 4841 tantaque
1705 4770 1891 4825 mala?

285 4871 548 4925 Mittentis
582 4869 837 4937 potentia.
869 4867 1075 4923 Idcirco
1105 4866 1221 4920 haec
1246 4864 1509 4935 praemisit
1538 4864 1657 4917 aliis
1677 4861 1887 4924 dicens,

287 4962 424 5018 Ecce
442 4978 536 5031 ego
566 4962 709 5014 mitto
736 4976 844 5017 vos.
878 4959 992 5015 Hoc
1020 4957 1173 5012 vobis
1203 4957 1268 5011 ad
1298 4955 1729 5013 consolationem
1758 4954 1892 5007 satis

287 5064 372 5111 est
395 5097 409 5118 ,
449 5052 756 5121 sufﬁcitque
781 5052 848 5106 ad
878 5051 1126 5106 ﬁduciam
1152 5048 1469 5105 sumendam
1516 5048 1893 5115 neminemque

287 5145 725 5200 adversariorum
755 5141 1209 5198 formidandum‘.

361 5237 420 5291 2.
440 5236 613 5304 Quare
622 5233 851 5289 Christus
868 5235 1111 5303 apostolis
1124 5234 1290 5287 ovium
1303 5233 1649 5301 inﬁrmitate»:
1670 5231 1890 5300 reliquit.

292 5328 583 5384 Prudentia
608 5326 852 5393 serpentis
872 5340 1003 5394 qua.
1027 5352 1099 5364 —-
1118 5324 1281 5380 Vides
1310 5321 1721 5377 auctoritatem?
1747 5320 1897 5376 vides

294 5416 634 5490 potentiam?
683 5417 831 5471 vides
871 5415 1121 5469 virtutem
1175 5412 1690 5484 inexpugnabilem?
1742 5410 1898 5479 Quod

291 5520 474 5564 autem
522 5507 680 5572 dicit,
717 5506 1023 5576 hujusmodi
1067 5514 1149 5561 est
1179 5523 1191 5556 :
1225 5504 1300 5559 Ne
1340 5503 1665 5567 turbemini,
1700 5503 1894 5573 inquit,

294 5600 437 5671 quod
460 5614 581 5654 cum
602 5614 694 5653 vos
716 5600 854 5653 inter
878 5601 1029 5668 lupos
1055 5599 1285 5659 mittam,
1308 5607 1507 5649 utoves
1537 5608 1588 5649 et
1610 5604 1667 5648 ut
1689 5594 1899 5649 colum-

296 5694 392 5751 bas
416 5708 539 5750 esse
556 5692 793 5761 iubeam.
822 5692 1165 5747 Contrarium
1199 5700 1452 5761 ιιι-ωδιιιτθ
1479 5698 1741 5758 poteram,
1770 5702 1898 5743 vos-

362 5850 381 5886 ι
412 5849 613 5911 Quidam
630 5848 833 5909 habent,
848 5846 1062 5911 nihilque
1086 5848 1397 5899 adversorum
1417 5844 1803 5912 fomidandum.

1180 352 1245 410 IN
1285 350 1694 409 MATTII/EUM
1737 351 1968 407 ll0.\I|L.
2014 350 2257 411 XXXIII,
2295 354 2367 409 al.
2411 352 2656 410 XXXIV.

3516 351 3619 405 590

2013 482 2119 538 quc
2156 468 2367 523 mittere
2405 467 2537 523 nihil
2584 482 2841 538 passuros
2878 468 3003 523 mali
3031 510 3044 531 ,
3077 484 3176 524 nec
3218 479 3274 524 ιιι
3311 482 3444 525 oves
3483 470 3622 542 Inpis

2009 562 2277 631 subjicere
2297 603 2314 628 ,
2342 561 2440 616 stsd
2476 562 2718 615 leonibus
2747 561 3206 616 formidabiliorcs
3233 560 3498 629 reddere;
3525 566 3621 622 sed

2010 653 2080 708 ita
2111 654 2226 707 ﬁeri
2268 668 2364 723 par
2392 664 2476 707 est
2506 672 2519 707 :
2555 652 2658 708 hoc
2685 662 2739 709 et
2770 669 2867 709 vos
2902 654 3303 724 splendidiores
3328 655 3531 719 efﬁcit,
3564 670 3620 715 et

2009 743 2304 812 potentiam
2350 759 2527 799 meam
2566 744 2845 814 praedicat.
2893 743 3006 799 Hoc
3046 755 3101 800 et
3145 745 3312 799 Paulo
3359 745 3622 807 dicebat:

2009 836 2206 907 Suﬁicit
2236 837 2325 891 tibi
2349 838 2517 906 gratia
2539 852 2694 903 mea;
2719 854 2840 891 nam
2873 837 3033 893 virtus
3074 855 3188 892 mea
3232 839 3285 893 in
3326 839 3627 909 inﬁmitate

2008 929 2270 999 perﬁcitur
2289 928 2366 1000 (9..
2395 927 2517 985 Cor.
2550 927 2638 985 12.
2660 929 2882 1002 9).Εεο
2909 931 3091 1001 itaque
3118 931 3198 986 sic
3223 947 3321 988 vos
3341 934 3622 991 constitui.

2006 1018 2140 1075 Cum
2172 1021 2313 1076 enim
2345 1020 2497 1088 dicit,
2533 1020 2644 1093 Ego
2676 1021 2823 1075 mitto
2850 1037 2937 1076 vos
2963 1021 3096 1077 sicut
3122 1038 3255 1089 oves,
3295 1022 3400 1080 hoc
3424 1024 3619 1080 subin-

2006 1109 2151 1165 dicat
2181 1128 2196 1167 :
2238 1110 2545 1182 Ne“itaque
2574 1111 2758 1167 animo
2783 1111 3047 1168 deﬁciatis
3074 1129 3087 1166 :
3120 1114 3244 1168 novi
3277 1114 3424 1169 enim
3449 1154 3468 1183 ,
3498 1118 3625 1172 novi

2008 1205 2213 1275 utique,
2249 1218 2348 1258 vos
2371 1204 2451 1259 sic
2483 1205 2732 1259 omnibus
2763 1204 3208 1275 inexpugnabiles
3228 1206 3361 1262 fore.
3398 1196 3624 1275 Deinde,

2007 1303 2065 1348 ut
2093 1291 2366 1365 quidpiam
2396 1294 2497 1366 ipsi
2521 1310 2587 1349 ex
2618 1294 3031 1365 se‘proferrent,
3063 1311 3166 1351 nec
3192 1299 3371 1352 omnia
3396 1315 3463 1353 ex
3493 1315 3622 1369 gra-

2008 1389 2079 1440 tia
2109 1386 2375 1457 proﬁcisci
2406 1387 2757 1453 viderentur,
2792 1402 2967 1459 neque
3011 1389 3129 1443 sine
3156 1403 3318 1445 causa
3367 1392 3621 1447 coronari

2006 1488 2342 1549 putarentur,
2374 1480 2449 1535 ait
2473 1501 2487 1536 :
2512 1479 2690 1535 Estote
2718 1498 2839 1553 ergo
2866 1481 3140 1551 prudentes
3165 1482 3297 1535 sicut
3326 1492 3582 1552 serpentes
3602 1528 3621 1554 ,

2006 1580 2052 1625 et
2091 1571 2350 1642 simplices
2376 1572 2509 1626 sicut
2540 1572 2807 1627 columba.
2840 1573 2909 1629 Et
2938 1572 3069 1644 quid
3106 1574 3389 1645 prudentia
3433 1586 3620 1630 nostra

2006 1663 2209 1731 possit,
2244 1662 2489 1733 inquiunt
2516 1704 2532 1729 ,
2562 1663 2614 1718 in
2647 1674 2722 1720 tot
2763 1663 3056 1734 periculis?
3082 1667 3354 1737 quomodo
3382 1669 3621 1737 pruden-

2006 1755 2132 1810 tiam
2160 1755 2359 1812 habere
2384 1756 2704 1826 poterimus,
2732 1765 2810 1829 tot
2839 1758 3030 1827 agitati
3055 1757 3307 1814 ﬂuctibus
3330 1761 3355 1813 ?
3381 1760 3626 1829 Quanta-

2003 1862 2236 1919 cumque
2276 1848 2557 1918 prudentia
2600 1850 2670 1904 sit
2715 1849 2938 1920 prtedita
2960 1849 3078 1905 ovis
3099 1892 3114 1918 ,
3145 1864 3268 1906 cum
3297 1851 3439 1908 inter
3464 1854 3623 1923 lupos

2004 1941 2094 2008 sit,
2122 1951 2177 1997 et
2208 1950 2410 1995 tantum
2443 1941 2694 2011 luporum
2730 1956 3046 2005 numerum,
3074 1941 3202 2012 quid
3235 1944 3429 2013 poterit
3456 1947 3621 2014 perﬁ-

2004 2034 2166 2088 cere?
2206 2043 2641 2105 quantacumque
2684 2034 2754 2088 sit
2795 2033 3063 2088 columba:
3102 2034 3462 2104 simplicitas,
3490 2036 3621 2106 quid

2006 2124 2077 2178 illi
2102 2124 2310 2194 juvabit
2331 2168 2345 2191 ,
2384 2135 2460 2179 tot
2497 2127 2821 2182 instantibus
2862 2126 3252 2197 accipitribus?
3280 2126 3336 2181 In
3367 2128 3450 2181 his
3475 2139 3623 2183 certe

2005 2216 2465 2272 irrationabilibus
2494 2218 2650 2284 nihil,
2682 2218 2733 2273 in
2758 2217 2909 2273 vobis
2937 2227 3118 2274 autem
3146 2219 3617 2290 multumjuvabit.

2001 2306 2107 2363 Sed
2132 2304 2411 2364 videamus
2440 2325 2601 2377 quam
2631 2310 2714 2365 hic
2736 2310 3076 2380 prudentiam
3096 2310 3293 2380 exigat.
3317 2311 3614 2381 Serpentis.

2003 2398 2192 2469 inquit.
2221 2399 2687 2467 Quemadmodum
2721 2400 2811 2455 ille
2838 2400 3018 2455 omnia
3052 2400 3234 2463 tradit,
3263 2403 3473 2457 etiamsi
3496 2417 3623 2457 cor-

2004 2506 2103 2561 pus
2148 2491 2308 2546 incidi
2354 2501 2639 2561 oporteat,
2692 2507 2799 2546 non
2843 2490 3136 2548 admodum
3166 2494 3619 2564 repugnat,dum

2001 2593 2164 2655 caput
2188 2593 2442 2639 servetur
2474 2602 2486 2638 :
2517 2583 2599 2640 sic
2619 2593 2673 2639 et
2706 2593 2785 2649 tu,
2817 2584 3009 2654 inquit,
3041 2594 3264 2653 excepta
3290 2585 3414 2648 ﬁde,
3440 2587 3617 2641 (minis

2004 2678 2155 2733 trade
2178 2719 2192 2741 ,
2244 2679 2532 2748 pecunias,
2577 2692 2774 2745 corpus
2796 2718 2810 2741 ,
2840 2676 2946 2729 imo
2972 2677 3141 2746 ipsam
3169 2677 3425 2731 animam.
3461 2677 3623 2733 Fides

2001 2770 2145 2826 enim
2191 2779 2352 2838 caput
2400 2778 2483 2822 est
2527 2777 2581 2824 et
2627 2768 2820 2822 radix:
2855 2769 3052 2838 illaque
3097 2779 3305 2823 servata
3332 2811 3348 2834 ,
3398 2771 3611 2824 etiamsi

2000 2860 2181 2916 omnia
2226 2859 2473 2914 amiseris
2500 2901 2514 2926 ,
2561 2858 2741 2912 omnia
2773 2866 2960 2929 postea
2993 2859 3356 2932 abundantius
3385 2878 3615 2932 recupe-

2002 2952 2167 3007 rabis.
2218 2950 2343 3006 Ideo
2375 2966 2480 3005 non
2511 2950 2809 3020 simplicem
2862 2961 3066 3004 tantum
3093 2994 3107 3018 ,
3145 2930 3247 3008 nec
3293 2930 3615 3023 prudentem

2001 3042 2178 3098 solum
2207 3057 2327 3097 esse
2356 3042 2612 3112 prmcepit
2637 3084 2651 3108 ,
2698 3040 2793 3096 sed
2829 3041 2942 3097 haec
2975 3043 3132 3097 ambo
3162 3044 3375 3099 miscuit
3403 3063 3417 3109 ;
3454 3048 3522 3101 ita
3560 3057 3619 3103 ut

2001 3134 2118 3190 haec
2168 3135 2338 3189 virtus
2408 3149 2535 3187 vere
2606 3134 2768 3197 sint;
2835 3134 3286 3205 prudentiamque
3350 3140 3614 3207 serpentis

1999 3228 2310 3299 assumpsit,
2345 3237 2401 3281 ut
2432 3242 2499 3281 ne
2528 3226 2705 3281 letalia
2738 3233 2963 3282 vulnera
2989 3227 3225 3297 accipias
3251 3246 3265 3296 ;
3297 3229 3616 3299 simplicita-

1999 3329 2108 3376 tem
2138 3334 2270 3375 vero
2296 3319 2581 3385 columbae,
2616 3326 2673 3372 ut
2705 3333 2773 3374 ue
2802 3318 3059 3373 lzedentes
3083 3329 3133 3374 te
3157 3319 3453 3387 ulciscaris,
3480 3338 3617 3377 neve

1999 3410 2317 3467 insidiantes
2340 3424 2436 3480 per
2465 3409 2755 3465 vindictam
2784 3424 3036 3465 amoveas
3070 3431 3081 3465 :
3111 3410 3247 3465 nihil
3278 3412 3421 3466 enim
3453 3415 3615 3481 prod-

1997 3514 2081 3560 est
2106 3503 2409 3574 prudentia,
2436 3503 2537 3557 nisi
2559 3502 2662 3557 hoc
2683 3502 2841 3556 adsit.
2868 3502 3005 3570 Quid
3035 3517 3161 3573 ergo
3188 3503 3360 3572 magis
3386 3504 3612 3557 arduum

1999 3595 2083 3650 his
2133 3594 2457 3665 prazceptis?
2510 3593 2625 3647 Non
2679 3593 2824 3649 enim
2878 3593 3011 3648 satis
3054 3601 3172 3648 erat
3218 3594 3356 3648 mala
3387 3596 3569 3649 subire
3592 3598 3615 3648 ’ἰ

1998 3692 2115 3749 Non
2136 3734 2154 3761 ,
2184 3693 2357 3763 inquit
2379 3692 2506 3757 ille;
2548 3690 2643 3746 sed
2674 3690 2835 3745 etiam
2869 3705 2936 3745 ne
2964 3690 3258 3760 indigneris
3303 3696 3445 3744 veto.
3499 3689 3614 3745 llac

1998 3786 2143 3842 enim
2177 3784 2243 3840 ad
2274 3784 2578 3839 columbam
2610 3784 2865 3852 pertinet.
2913 3785 2992 3837 Ac
3038 3783 3083 3837 si
3114 3784 3235 3852 quis
3262 3783 3528 3837 calamum
3558 3784 3611 3836 in

1998 3883 2177 3950 ignem
2217 3879 2441 3933 mittens
2465 3918 2481 3944 ,
2524 3877 2737 3947 juberet
2784 3892 2888 3929 non
2920 3876 2999 3929 uri
3027 3875 3095 3929 ab
3125 3876 3267 3945 igne,
3304 3874 3398 3929 sed
3431 3875 3607 3945 ignem

1998 3969 2361 4039 exstinguere.
2392 3966 2592 4021 Verum
2621 3980 2688 4019 ne
2720 3966 2999 4019 turbemur
3027 3983 3039 4017 :
3072 3965 3187 4019 haec
3214 3975 3262 4018 et
3297 3976 3613 4031 evenerunt,

1998 4073 2052 4117 et
2074 4064 2237 4117 linem
2264 4070 2611 4129 acceperunt,
2643 4058 2881 4128 ipsiSque
2901 4058 3154 4127 operibus
3180 4058 3423 4111 exhibita
3448 4068 3573 4112 sunt
3602 4080 3615 4114 :

2003 4152 2297 4223 prudentes
2326 4153 2467 4206 enim
2492 4148 2712 4205 fuerunt
2741 4150 2883 4204 sicut
2912 4161 3196 4219 serpentes
3222 4192 3235 4213 ,
3269 4161 3323 4204 et
3344 4151 3621 4220 simplices

2001 4252 2140 4306 sicut
2167 4248 2429 4303 columba:
2462 4266 2474 4300 :
2508 4262 2613 4301 non
2643 4246 2785 4316 quod
2816 4262 2880 4301 ex
2909 4247 3008 4299 alia
3040 4255 3228 4301 natura
3263 4258 3446 4302 essent
3468 4289 3481 4311 ,
3514 4250 3612 4303 sed

2000 4360 2067 4399 ex
2114 4344 2303 4399 eadem
2358 4358 2461 4412 qua
2506 4356 2605 4401 nos
2652 4352 2825 4396 erant.
2869 4340 2946 4395 Ne
2996 4342 3117 4411 quis
3161 4357 3289 4412 ergo
3320 4352 3469 4410 putet
3499 4342 3618 4398 haec

2002 4444 2267 4506 pra-cepta
2297 4434 2505 4503 impleri
2536 4446 2639 4484 non
2670 4444 2846 4500 posse.
2880 4430 2995 4485 Prae
3022 4433 3274 4485 omnibus
3304 4431 3448 4485 enim
3493 4433 3616 4486 aliis

2002 4530 2117 4599 ipse
2144 4526 2292 4581 novit
2321 4539 2499 4579 rerum
2533 4533 2778 4576 naturam
2814 4540 2826 4575 :
2870 4523 3016 4576 novit
3043 4522 3301 4577 ferociam
3338 4537 3446 4577 non
3478 4523 3620 4579 iero-

2001 4621 2104 4683 cia,
2157 4617 2250 4673 sed
2300 4613 2671 4669 moderatione
2727 4614 3004 4683 restingui.
3060 4613 3213 4680 Quod
3261 4615 3303 4667 si
3349 4614 3525 4685 reipsa
3567 4624 3623 4669 et

2001 4730 2167 4786 opere
2212 4714 2265 4769 id
2293 4712 2477 4767 videre
2506 4713 2659 4775 velis,
2693 4712 2809 4782 lege
2852 4713 3049 4766 librum
3082 4713 3312 4777 Actuum
3343 4714 3622 4784 apostolo-

2000 4823 2155 4873 rum,
2208 4807 2523 4875 videbisque
2572 4805 2787 4874 quoties
2838 4804 3039 4860 Iudaeis
3090 4805 3509 4877 insurgentibus,
3570 4818 3621 4859 t'l

2002 4899 2191 4954 dentes
2236 4899 2555 4953 acuentibus
2580 4938 2594 4962 ,
2638 4895 2691 4951 bi
2732 4896 3035 4951 columbam
3062 4896 3377 4962 imicmtes,
3412 4907 3468 4951 et
3498 4911 3619 4951 cum

2003 4991 2375 5047 moderatione
2417 4989 2598 5045 debita
2642 4989 2948 5057 loquentes,
2985 4990 3200 5042 illorum
3235 4991 3469 5043 furorem
3520 5005 3616 5043 cx—

2003 5086 2310 5148 stinxerint,
2361 5086 2495 5139 iram
2540 5083 2842 5153 placarint,
2897 5082 3154 5151 impetum
3188 5082 3448 5139 sedarint.
3483 5083 3617 5136 Nam

2003 5194 2127 5234 cum
2153 5177 2396 5233 dicerent
2421 5194 2433 5229 :
2467 5176 2655 5230 Nonne
2685 5175 3017 5246 praecepimus
3044 5178 3182 5230 vobis
3209 5194 3271 5231 ne
3293 5178 3624 5245 loqueremini

2005 5274 2057 5327 in
2105 5270 2307 5323 nomine
2346 5271 2441 5323 isto
2473 5269 2611 5339 (Act.
2661 5267 2717 5323 5.
2746 5266 2896 5337 28)?
2922 5266 3023 5321 etsi
3055 5268 3312 5321 miracula
3340 5267 3620 5321 innumera

2006 5374 2223 5437 patrare
2251 5368 2489 5433 possent,
2526 5358 2660 5413 nihil
2686 5372 2937 5428 asperum
2965 5358 3049 5411 vel
3076 5356 3330 5412 dixerunt
3356 5356 3439 5410 vel
3471 5354 3621 5410 fece-

2005 5464 2154 5523 runt,
2182 5454 2276 5510 sed
2302 5468 2424 5508 cum
2453 5450 2597 5506 omni
2630 5463 2754 5505 sese
2779 5448 3196 5504 mansuetudine
3222 5450 3521 5519 purgarunt
3542 5446 3621 5500 di-

2008 5557 2194 5603 centes
2233 5563 2245 5600 :
2280 5546 2339 5599 Si
2374 5544 2572 5612 justum
2598 5551 2669 5595 est
2708 5557 2793 5595 vos
2824 5540 3003 5593 audire
3034 5550 3203 5609 potius
3238 5556 3387 5608 quam
3422 5538 3585 5591 Deum
3608 5579 3624 5599 ,

1999 5640 2229 5711 judicute
2259 5635 2491 5707 (10:11.4.
2519 5634 2630 5702 I9).
2661 5632 2852 5686 Vidisti
2877 5631 3280 5700 simplicitatem
3306 5630 3571 5684 columbae
3591 5623 3621 5681 Ὗ

2015 5731 2144 5785 Vide
2178 5728 2509 5798 prudentiam
2552 5725 2843 5795 serpentis.
2891 5721 3012 5777 Non
3037 5725 3168 5777 enim
3197 5739 3502 5794 possumus,
3539 5721 3621 5773 ine

2014 5824 2222 5895 quiunt,
2242 5837 2351 5893 quae
2374 5819 2586 5875 vidimus
2604 5830 2647 5874 et
2666 5819 2949 5873 audivimus
2970 5835 3068 5873 non
3090 5817 3227 5887 loqui
3250 5816 3411 5887 (Ibid.
3438 5830 3485 5869 ν.
3505 5813 3625 5885 ρο).
