4076 6436
500 459 684 518 Viden'
709 453 976 529 quomodo
1008 466 1105 506 nos
1137 449 1370 516 undique
1397 450 1644 499 accurate
1679 436 1888 492 munire
1916 447 2076 501 epor-

499 565 626 618 teat,
660 561 709 604 ul
741 566 807 604 ne
836 548 920 603 vel
951 542 1201 614 periculis
1222 539 1533 608 dejiciamur
1557 575 1572 596 ,
1602 531 1683 584 vel
1716 529 1790 583 ira
1822 521 2076 579 incenda-

498 614 654 699 ntur?
675 642 873 696 Idcirco
895 637 1103 692 dicebat
1124 652 1135 687 :
1158 633 1242 687 ‘17.
1264 629 1438 684 Cavete
1462 624 1523 677 ab
1547 621 1827 676 hominibus
1846 633 1863 668 :
1886 614 2082 668 tradent

497 738 632 788 enim
660 749 746 787 eos
774 733 826 784 in
856 727 1081 784 conciliis
1105 766 1119 789 ,
1151 733 1196 778 et
1225 723 1276 774 in
1307 716 1577 790 synngogis
1611 712 1714 766 suis
1751 705 2083 779 flagellabant

500 845 586 883 vos
621 843 639 882 :
671 827 757 882 18.
791 834 835 878 et
865 822 933 875 ad
963 816 1199 890 prmities
1227 822 1273 866 et
1311 827 1452 882 reges
1481 803 1728 861 ducemim'
1767 804 1820 854 in
1861 798 2082 853 testimo-

503 922 646 972 niani
691 915 795 968 illis
844 921 891 965 et
933 887 1179 980 gentibus.
1228 903 1432 958 Rursus
1482 899 1600 953 illos
1647 893 1714 948 ad
1759 887 2084 961 vigilandum

507 1013 788 1080 praeparat,
813 1001 1004 1069 ubique
1023 996 1283 1056 indicens,
1304 1001 1360 1047 ut
1381 990 1517 1045 mala
1541 986 1828 1058 patiantur,
1849 981 2088 1048 aliosque

505 1071 644 1155 mala
691 1097 888 1150 inferre
941 1094 1143 1154 sinens,
1191 1096 1250 1141 ut
1273 1085 1467 1146 discas,
1522 1078 1662 1134 male
1709 1072 1960 1146 patiendo
2006 1071 2088 1123 vi-

505 1189 728 1244 ctoriam
779 1181 1078 1253 reportari,
1126 1177 1355 1245 hincque
1385 1180 1586 1242 troptea
1615 1167 1768 1238 erigi.
1799 1163 1919 1220 Non
1946 1161 2089 1217 enim

508 1280 662 1342 dixit,
692 1277 927 1346 Pugnate
955 1287 1073 1337 vos,
1104 1281 1157 1326 et
1183 1267 1416 1323 resistite
1447 1263 1511 1318 iis
1532 1261 1620 1332 qui
1650 1273 1744 1314 vos
1773 1255 1972 1311 laedere
1994 1267 2080 1308 vo-

511 1375 626 1425 lunt
651 1388 665 1435 ;
693 1369 787 1423 scd
816 1367 917 1420 hoc
943 1372 1168 1427 tantum,
1200 1360 1450 1416 Extrema
1482 1352 1688 1424 passuri
1716 1350 1866 1406 estis.

581 1464 634 1517 5.
677 1461 832 1529 Papae
855 1460 869 1512 l
900 1464 1092 1526 quanta
1116 1451 1380 1522 loquentis
1405 1447 1520 1501 vis!
1548 1451 1741 1514 quanta
1765 1436 2091 1494 audientium

513 1553 884 1628 philosOphial
917 1550 1072 1606 Certe
1099 1545 1250 1599 valde
1277 1540 1573 1597 mirandum
1598 1545 1680 1592 est
1709 1535 1830 1588 illos
1857 1531 1978 1585 talia
2003 1544 2095 1582 au-

516 1621 742 1707 dientes,
773 1659 876 1698 non
909 1641 1084 1696 statim
1125 1634 1411 1704 aufugisse,
1438 1631 1580 1684 viros
1611 1625 1976 1686 nteliculosos,
2006 1621 2096 1689 qni

518 1758 621 1796 non
650 1740 784 1793 ultra
815 1746 1083 1803 stagnum,
1111 1732 1163 1785 in
1193 1742 1300 1800 quo
1337 1725 1528 1796 piseari
1552 1720 1816 1782 solebant,
1845 1727 2100 1786 peragra-

516 1841 719 1888 verant.
759 1825 1037 1897 Quomodo
1065 1837 1171 1877 non
1210 1820 1529 1889 cogitarunt,
1571 1826 1669 1867 nec
1697 1811 1836 1863 intra
1863 1820 1921 1860 se
1949 1804 2101 1858 dixe-

521 1934 642 1978 runt
676 1940 687 1974 :
717 1921 832 1985 Quo
863 1915 1075 1971 tandem
1114 1908 1412 1981 fugiemus?
1445 1900 1749 1959 Tribunalia
1781 1906 1965 1953 contra
2003 1907 2101 1948 nos

521 2024 684 2079 stant,
731 2023 905 2080 reges,
937 2003 1216 2076 prmsides,
1247 2012 1530 2071 synagoga:
1555 1992 1883 2054 .ludzeorum,
1928 1984 2101 2056 genti-

523 2077 861 2166 lium-turba,
896 2097 1158 2169 principes
1186 2102 1240 2148 et
1284 2089 1501 2146 subditi.
1529 2085 1660 2140 Nam
1712 2097 1816 2137 non
1866 2077 2104 2133 Palaesti-

524 2214 645 2251 nam
693 2195 875 2258 modo,
927 2204 1023 2243 nec
1053 2185 1211 2248 mala,
1253 2198 1371 2254 qua:
1411 2180 1482 2234 ibi
1516 2175 1719 2247 passuri
1766 2180 1938 2236 erant,
1970 2184 2110 2239 pne-

527 2286 810 2349 nuutiavit,
853 2280 947 2336 scd
978 2278 1110 2333 bella
1145 2290 1238 2344 per
1280 2272 1463 2326 orbem
1506 2269 1677 2321 futura
1707 2261 1952 2333 praedixit
1982 2277 1994 2310 :
2030 2258 2107 2310 Ad

525 2397 685 2450 reges,
728 2375 916 2445 inquit,
967 2380 1013 2424 et
1044 2366 1282 2440 prmities
1317 2361 1603 2426 ducentini;
1649 2353 1943 2412 ostendens
1989 2351 2109 2405 illos

527 2475 594 2528 ad
622 2477 808 2542 gentes
847 2462 1041 2520 deinde
1077 2475 1198 2516 esse
1221 2455 1528 2513 mittendos.
1558 2452 1755 2506 Orbem
1785 2457 1970 2504 contra
2010 2458 2110 2500 nos

528 2539 770 2625 armasti,
807 2557 954 2611 orbis
982 2565 1138 2607 teme
1162 2548 1490 2604 habitatores
1514 2556 1702 2597 omnes
1729 2539 1892 2598 anuis
1924 2546 2111 2592 contra

529 2667 629 2706 nos
655 2647 948 2715 munivisti,
979 2643 1219 2713 populos,
1245 2649 1518 2708 tyrannos,
1549 2647 1723 2702 reges.
1757 2629 1906 2696 Quod
1935 2627 2116 2692 sequi-

529 2759 616 2799 tur
641 2757 766 2797 vero
795 2741 950 2808 longe
975 2732 1283 2789 horribilius
1320 2737 1422 2792 est,
1453 2724 1667 2796 quando
1707 2721 1932 2776 fratrum
1977 2719 2113 2772 lilio—

533 2849 756 2904 rumque
788 2828 1159 2886 interfectores
1199 2833 1253 2877 et
1280 2818 1556 2889 parricida:
1583 2824 1800 2884 propter
1824 2826 1921 2866 nos
1952 2808 2116 2864 futuri

531 2939 657 2984 sunt
682 2926 946 2982 homines.
999 2919 1132 2974 Nam
1157 2917 1248 2970 ‘21.
1278 2913 1464 2968 Tradet
1494 2913 1652 2980 frater
1676 2912 1884 2978 fratrem
1908 2905 1962 2958 in
1984 2919 2118 2957 mor-

535 3033 652 3084 tem,
683 3025 823 3086 pater
847 3013 1030 3082 ﬁlium,
1055 3018 1099 3062 et
1124 3009 1382 3074 insurgent
1408 3002 1503 3069 lilii
1531 3001 1582 3052 in
1610 3007 1862 3068 parentes,
1894 3005 1939 3048 et
1962 3003 2122 3048 morte

531 3126 616 3163 eos
645 3106 876 3177 ασῑεὶεηε.
902 3097 1200 3168 Quomodo,
1232 3093 1456 3164 inquies,
1499 3089 1692 3158 reliqui
1723 3087 1963 3151 credent,
1996 3100 2119 3139 cum

536 3199 768 3255 viderint
796 3196 933 3250 filios
963 3199 1176 3262 propter
1205 3202 1306 3242 nos
1324 3201 1353 3240 a
1383 3181 1621 3254 patribus
1647 3181 1875 3246 occisos,
1904 3177 2122 3232 fratres-

534 3306 639 3360 que
666 3305 695 3343 a
722 3286 991 3348 fratribus,
1021 3281 1330 3349 seeleraque
1354 3277 1532 3330 omnia
1562 3271 1802 3342 patrata?
1833 3272 2022 3324 Annon
2062 3275 2122 3323 ut

538 3380 892 3450 nequissimos
918 3375 1210 3438 dtemonas,
1237 3383 1412 3424 annon
1437 3376 1495 3420 ut
1521 3361 1877 3419 exsecrandos
1904 3369 1959 3416 et
1977 3358 2123 3416 orbis

537 3480 898 3540 corruptores,
925 3479 1020 3520 nos
1043 3462 1276 3531 undique
1302 3457 1592 3527 expellent,
1620 3462 1967 3525 cognatorum
1995 3464 2122 3504 san-

537 3564 694 3634 guine
719 3568 774 3615 et
796 3555 1055 3628 ejusmodi
1077 3552 1316 3609 caedibus
1347 3559 1541 3604 terram
1568 3546 1824 3615 repletam
1850 3540 2124 3597 videntes?

539 3652 798 3718 Equidem
836 3652 1039 3715 (nonne
1055 3646 1098 3708 ‘3)
1132 3658 1331 3712 pacem
1362 3641 1416 3695 in
1443 3640 1636 3693 domos
1683 3637 2109 3693 introducemus,

539 3753 616 3796 tot
647 3742 766 3794 illas
795 3737 1032 3793 caedibus
1065 3734 1369 3804 implentes.
1401 3728 1535 3783 Nam
1561 3729 1606 3781 si
1637 3740 1832 3794 magno
1867 3733 2113 3777 essemus

531 3845 791 3896 numero,
842 3843 943 3884 nec
997 3813 1284 3881 duodecim
1328 3830 1561 3893 tantum,
1601 3819 1650 3874 si
1691 3831 1798 3871 non
1851 3813 2030 3868 idiota:
2062 3817 2117 3865 et

543 3921 783 3977 illiterati
817 3961 833 3986 ,
891 3917 986 3974 sed
1027 3915 1300 3985 sapientes
1347 3900 1594 3968 rhetores
1621 3949 1636 3973 ,
1684 3915 1968 3967 oratores;
2002 3902 2112 3954 imo

541 4018 712 4070 etiam
755 4027 910 4082 reges
952 4008 1224 4064 exercitus
1272 4004 1530 4058 habentes
1563 4011 1616 4054 et
1636 3997 1888 4069 pecuniis
1917 3996 2122 4048 instru-

543 4105 637 4167 cti,
679 4102 946 4174 quomodo
987 4097 1253 4168 quidpiam
1295 4091 1613 4163 persuadere
1645 4089 1958 4158 poterimus,
1998 4084 2126 4139 dum

550 4195 687 4249 bella
717 4192 889 4247 civilia
917 4199 966 4244 et
1010 4188 1253 4245 civilibus
1287 4184 1528 4253 graviora
1558 4178 1965 4234 succendimns?
1995 4175 2127 4230 Nam

552 4279 651 4332 etsi
675 4279 901 4333 salutem
923 4286 1162 4330 nostram
1193 4287 1384 4344 parum
1414 4284 1690 4332 curemus,
1718 4270 1840 4338 quis
1873 4268 2028 4322 nobis
2060 4282 2128 4320 ex

553 4368 670 4421 aliis
700 4376 937 4421 mentem
967 4363 1280 4419 adhibebit?
1309 4361 1415 4416 Sed
1437 4359 1574 4414 nihil
1602 4359 1794 4413 horum
1818 4357 1904 4412 vel
1932 4358 2128 4427 cogita-

554 4469 684 4513 runt
706 4458 790 4513 νει
810 4460 1080 4523 dixerunt,
1111 4471 1214 4510 nec
1237 4462 1629 4524 praeceptorum
1654 4451 1918 4505 rationem
1939 4465 2130 4520 exege-

553 4559 714 4613 runt;
749 4549 844 4602 sed
864 4555 1148 4603 cesserunt
1175 4556 1229 4600 et
1255 4546 1703 4612 obtemperarent
1729 4559 1741 4594 :
1773 4539 1825 4593 id
1849 4541 1992 4609 quod
2020 4555 2129 4593 non

555 4655 620 4694 ex
648 4642 888 4710 ipsorum
932 4640 1133 4692 virtute
1167 4645 1400 4696 tantum.
1447 4632 1542 4687 sed
1577 4631 1738 4685 etiam
1785 4644 1851 4684 ex
1888 4627 2131 4686 Doctoris

555 4731 817 4799 sapientia
841 4728 1300 4799 proficiscebatur.
1320 4724 1462 4779 Vide.
1480 4723 1624 4776 enim
1645 4720 1915 4791 quomodo
1943 4737 2134 4776 atrum-

557 4823 643 4876 nis
682 4822 904 4891 singulis
945 4819 1367 4875 consolationem
1403 4815 1648 4884 adjunxit
1677 4831 1689 4866 :
1723 4814 1791 4868 de
1825 4829 1932 4868 non
1960 4815 2132 4870 susci-

558 4913 830 4981 pientibus
858 4913 976 4966 illos
1009 4911 1162 4975 dixit,
1203 4907 1540 4964 Tolerabilius
1570 4907 1667 4960 erit
1706 4915 1858 4959 teme
1881 4904 2132 4961 Sodomo-

559 5020 676 5056 rum
716 5014 762 5056 et
800 5003 1099 5058 Gomorrhae
1132 5002 1183 5055 in
1223 5002 1306 5054 die
1341 4999 1550 5068 judicii,
1595 5015 1755 5067 quam
1807 4997 2004 5051 civitati
2053 4998 2132 5052 illi

561 5094 769 5162 (Matth.
804 5093 1000 5161 10.15)
1025 5110 1039 5156 ;
1066 5101 1118 5146 et
1142 5091 1230 5146 hic
1257 5105 1470 5143 rursum
1497 5103 1619 5142 cum
1640 5087 1794 5150 dixit,
1827 5086 1890 5140 Et
1913 5088 1980 5140 ad
2001 5103 2136 5156 prte-

558 5188 692 5239 sides
717 5195 761 5239 et
781 5202 923 5255 reges
939 5185 1219 5245 ducemini,
1241 5182 1463 5247 addidit,
1484 5179 1705 5247 PrOpIer
1722 5195 1804 5231 me
1831 5179 1886 5232 in
1904 5180 2134 5232 testimo-

561 5279 705 5329 nium
726 5276 829 5330 illis
852 5285 898 5329 et
915 5276 1167 5346 gentibus.
1183 5273 1308 5328 Haec
1331 5283 1508 5326 autem
1530 5287 1636 5326 non
1656 5287 1816 5341 parva
1839 5271 2135 5326 consolatio

561 5382 662 5433 est,
711 5372 814 5424 hoc
855 5379 1073 5439 propter
1117 5369 1392 5424 Christum
1437 5368 1563 5437 pati,
1599 5377 1653 5421 et
1694 5367 1760 5421 ad
1796 5366 1916 5418 illos
1952 5366 2134 5419 redar-

561 5464 805 5534 guendos
835 5462 1082 5517 conduci.
1124 5460 1268 5516 Deus
1299 5461 1464 5524 enim,
1509 5460 1610 5514 etsi
1659 5459 1841 5512 nullus
1873 5457 2132 5519 attendat,

564 5557 762 5624 ubique
783 5570 843 5608 ea
866 5571 983 5624 qua:
1001 5569 1094 5607 sua
1114 5561 1239 5606 sunt
1261 5563 1535 5622 operatur.
1561 5551 1650 5606 Sic
1668 5562 1848 5606 autem
1871 5551 1988 5604 illos
2008 5566 2137 5604 con-

564 5647 856 5707 solabatur,
906 5660 1013 5697 non
1053 5645 1197 5711 quod
1241 5645 1341 5712 ipsi
1388 5645 1453 5698 de
1490 5644 1691 5696 ultione
1720 5652 1991 5705 curarent,
2044 5644 2137 5696 sed

561 5738 687 5806 quia
711 5737 837 5791 hinc
871 5734 1237 5799 confidebant,
1275 5736 1450 5804 ipsum
1479 5735 1580 5790 sibi
1620 5735 1814 5805 ubique
1841 5734 2135 5789 allaturum

1234 358 1287 411 S.
1329 348 1608 410 JOAN'NIS
1645 335 2118 402 CliBYSOSTOMl
2161 330 2475 389 AllClllEP.
2519 323 3052 382 CONSTANHNOP.

3669 313 3779 369 ως

2190 440 2328 488 esse,
2360 422 2447 492 qui
2481 423 2594 474 lure
2617 429 2670 474 et
2693 417 3010 487 pra-dixerat
3041 424 3090 468 el
3120 410 3459 482 pra-viderat,
3489 418 3541 463 et
3569 421 3630 464 se
3671 421 3784 459 non

2191 525 2246 570 ut
2276 515 2444 568 malos
2477 522 2530 567 et
2563 519 2903 577 corruptores
2934 507 3047 560 haec
3076 519 3194 558 esse
3223 515 3493 572 passuros.
3543 500 3623 553 Ad
3665 497 3780 550 haec

2192 621 2316 660 vero
2357 618 2460 657 non
2502 615 2716 670 parvam
2760 599 2916 651 aliam
2952 594 3373 649 consolationem
3405 591 3612 658 adjicit,
3653 589 3779 642 dum

2190 697 2261 750 ait
2291 713 2302 748 :
2340 693 2425 748 l9.
2453 691 2580 746 Cum
2617 699 2781 744 autem
2825 688 3021 740 tradent
3067 701 3174 748 vos,
3207 684 3364 737 nolite
3401 681 3622 752 cogitare
3658 694 3784 748 quo-

2192 787 2341 841 modo
2379 794 2466 836 aut
2509 782 2629 852 quid
2669 778 2942 847 loquamini
2973 796 2990 830 :
3016 775 3219 828 dabitur
3256 775 3389 827 enint
3429 772 3568 825 vobis
3611 770 3664 823 in
3694 768 3787 821 illa

2195 881 2319 931 hora
2346 875 2465 945 quid
2487 871 2782 941 loquamini.
2819 868 2908 922 ρο.
2942 865 3062 920 Non
3087 867 3219 919 enint
3259 881 3344 917 vos
3373 864 3490 916 estis
3510 862 3597 932 qui
3624 860 3787 928 loqui-

2195 970 2338 1032 mini,
2364 966 2452 1020 sed
2477 964 2700 1033 Spiritus
2726 960 2898 1013 Patris
2927 958 3075 1012 vestri
3097 958 3181 1026 qui
3203 955 3426 1024 loquitur
3445 955 3497 1006 in
3525 952 3684 1005 vobis.
3712 948 3790 1002 Ne

2195 1061 2436 1115 dicerent
2486 1055 2649 1119 enim,
2708 1049 2987 1118 Quomodo
3025 1047 3348 1116 persuadere
3392 1044 3691 1114 poterimus
3736 1040 3790 1093 in

2201 1152 2359 1205 tantis
2399 1145 2769 1214 rebus?jubet
2815 1143 3085 1198 conlidere
3133 1140 3200 1194 de
3243 1137 3577 1208 suggerenda
3604 1131 3795 1188 defen-

2198 1244 2368 1297 sione.
2405 1241 2539 1295 Alibi
2571 1252 2780 1308 qucque
2805 1238 2877 1290 ait
2905 1253 2919 1290 :
2954 1234 3064 1305 Ego
3097 1233 3226 1287 dabo
3257 1232 3391 1284 vobis
3423 1247 3479 1283 os
3505 1239 3550 1280 et
3580 1227 3792 1296 sapien-

2201 1338 2321 1390 tiam
2351 1332 2500 1406 (Luc.
2543 1331 2632 1385 Ξὶι.
2671 1332 2798 1400 15);
2850 1329 2934 1382 hic
2962 1341 3110 1388 vero,
3157 1324 3385 1394 Spiritus
3420 1320 3596 1374 Patris
3647 1318 3796 1371 uestri

2199 1437 2282 1484 est
2304 1427 2390 1497 qui
2418 1423 2643 1494 loquitur
2669 1425 2720 1476 in
2748 1421 2902 1484 vobis,
2951 1419 3015 1473 ad
3062 1417 3443 1488 prophetarum
3477 1413 3794 1483 dignitatem

2202 1522 2346 1590 ipsos
2396 1519 2686 1573 adducens.
2743 1515 3099 1584 Quapropter,
3148 1526 3269 1565 cum
3315 1509 3493 1563 datam
3541 1508 3800 1560 virtutem

2203 1611 2441 1679 exponit,
2474 1619 2597 1662 tunc
2626 1617 2678 1662 et
2706 1607 2844 1660 mala
2880 1603 3140 1673 adiungit,
3173 1599 3350 1656 cmdes
3375 1612 3429 1654 et
3457 1596 3747 1652 homicidia
3783 1615 3798 1651 :

2202 1704 2291 1755 ill.
2325 1699 2512 1753 Tradet
2539 1699 2669 1751 enim
2700 1698 2858 1764 frater
2889 1698 3096 1765 fratrem
3131 1693 3185 1744 in
3219 1699 3450 1755 mortem,
3487 1701 3532 1742 et
3566 1700 3711 1758 pater
3740 1688 3806 1755 ﬁ-

2205 1798 2349 1858 lium,
2370 1803 2413 1846 et
2440 1795 2697 1861 insurgent
2724 1790 2816 1857 ﬁlii
2841 1789 2894 1840 in
2921 1797 3171 1856 parentes,
3200 1796 3245 1838 et
3268 1794 3426 1836 morte
3448 1783 3667 1852 aﬁirient
3694 1797 3800 1834 eos.

2207 1885 2388 1954 Neque
2417 1885 2501 1938 hic
2531 1884 2696 1948 stetit,
2729 1881 2822 1936 sed
2849 1881 3005 1949 longe
3048 1877 3388 1932 horribiliora
3416 1875 3636 1943 adjecit,
3681 1888 3806 1942 qua:

2213 1978 2416 2047 possint
2435 1975 2520 2031 vel
2541 1984 2743 2046 petram
2764 1985 3122 2028 commovere.
3140 1969 3232 2023 9.9..
3257 1967 3319 2022 Et
3339 1968 3476 2022 eritis
3497 1968 3616 2020 odio
3637 1967 3808 2020 omni-

2210 2070 2320 2123 bus.
2365 2069 2460 2122 llic
2488 2068 2648 2123 etiam
2674 2065 2971 2121 consolatio
2999 2062 3304 2134 adjungitur
3328 2077 3343 2125 ;
3375 2059 3598 2129 Propter
3622 2075 3809 2111 nomen

2214 2179 2400 2227 meum,
2431 2162 2619 2231 inquit,
2651 2160 2765 2213 haec
2789 2157 3094 2227 patiemini;
3125 2164 3178 2209 et
3201 2169 3385 2208 rursus
3410 2152 3511 2205 alia
3544 2169 3556 2203 :
3589 2149 3692 2214 Qui
3715 2167 3811 2202 au-

2213 2266 2309 2309 tent
2338 2253 2721 2322 perseveraverit
2748 2267 2904 2321 usque
2936 2251 2987 2303 in
3016 2250 3189 2316 ﬁnem,
3224 2249 3305 2301 hic
3329 2247 3498 2300 salvus
3529 2246 3646 2298 erit.
3681 2243 3810 2296 lbet:

2214 2347 2376 2401 etiam
2417 2345 2524 2398 alio
2565 2342 2725 2398 modo
2763 2357 2946 2396 eorum
2994 2341 3202 2394 animos
3241 2338 3448 2407 erigere
3488 2343 3732 2406 possent,
3767 2335 3813 2387 si

2219 2448 2363 2493 tanta
2403 2437 2572 2492 futura
2631 2444 2748 2489 erat
2794 2432 3188 2505 praedicationis
3231 2438 3488 2499 potestas,
3529 2437 3583 2481 ut
3617 2437 3812 2480 natura

2219 2530 2650 2593 inhonoraretur,
2701 2525 2952 2595 cognatio
2997 2531 3052 2577 et
3091 2519 3326 2574 affinitas
3368 2519 3714 2588 abjiceretur,
3757 2525 3815 2571 ct

2217 2623 2438 2677 verbum
2485 2621 2576 2675 Dei
2622 2617 2872 2673 omnibus
2919 2621 3361 2684 anteponeretur,
3406 2610 3550 2682 quod
3597 2609 3815 2664 fortiter

2217 2715 2396 2768 omnia
2425 2711 2755 2782 dispelleret.
2783 2707 2915 2762 Nam
2942 2708 2987 2760 si
3009 2715 3212 2760 natura;
3240 2704 3322 2758 vis
3346 2717 3453 2757 non
3482 2709 3662 2772 potest
3687 2698 3815 2756 huic

2219 2805 2456 2860 sermoni
2485 2803 2760 2866 resistere,
2792 2799 2887 2854 sed
2916 2797 3004 2853 illa
3031 2796 3338 2851 dissolvitur
3363 2804 3418 2850 et
3441 2793 3812 2856 conculcatur,

2221 2895 2348 2967 quid
2388 2893 2531 2948 aliud
2571 2908 2664 2947 vos
2711 2904 2968 2960 superare
3006 2888 3240 2958 poterit?
3284 2885 3398 2939 Non
3447 2891 3648 2948 tamen,
3689 2885 3812 2953 quia

2223 2987 2340 3041 haec
2369 2987 2439 3040 ita
2480 3001 2538 3040 se
2583 2984 2873 3050 habebunt,
2918 2993 3013 3036 vos
3044 2980 3095 3033 in
3138 2979 3426 3033 securitate
3465 2975 3677 3038 vivctis,
3719 2974 3813 3028 sed

2226 3092 2540 3132 communes
2572 3074 2835 3130 habebitis
2881 3071 3123 3126 inimicos
3165 3079 3221 3126 et
3254 3069 3438 3124 hostes
3462 3082 3559 3122 eos
3587 3068 3677 3137 qui
3713 3076 3816 3120 ter-

2227 3183 2404 3222 rarurn
2431 3167 2616 3224 orbem
2649 3165 2907 3220 habitant.

2291 3255 2344 3308 4,
2384 3253 2687 3321 Philosophi
2721 3262 2909 3306 veteres
2966 3254 3143 3322 quales
3198 3255 3407 3324 fuerint.
3437 3283 3509 3293 —-
3532 3253 3636 3309 Ubi
3671 3272 3815 3312 nunc

2222 3350 2410 3405 Plato?
2441 3349 2528 3403 ubi
2559 3347 2930 3418 Pythagoras?
2962 3348 3049 3401 ubi
3083 3349 3397 3402 Stoicorum
3432 3349 3585 3402 turba
3613 3349 3637 3402 ἲ
3668 3348 3817 3404 Plato

2221 3453 2388 3503 certe,
2421 3442 2543 3495 licet
2573 3454 2822 3509 magnum
2850 3451 3218 3507 consequutus
3273 3439 3557 3504 honorem,
3588 3455 3656 3494 eo
3699 3440 3820 3495 red-

2230 3542 2382 3586 actus
2409 3531 2501 3584 fuit
2524 3530 2750 3583 utetiam
2773 3529 3098 3582 venderetur
3131 3531 3227 3598 (a),
3251 3529 3384 3584 nihil
3411 3543 3599 3583 eorum
3623 3545 3745 3599 quae
3769 3530 3822 3584 in

2225 3632 2406 3678 mente
2426 3623 2663 3677 habebat
2679 3621 2897 3676 efficere
2911 3630 3112 3689 posset,
3134 3620 3578 3689 nihilque-eorum
3596 3637 3718 3690 quae
3737 3638 3822 3674 vo-

2227 3716 2370 3770 lebat
2392 3716 2478 3769 uni
2509 3723 2735 3784 tyranno
2761 3713 2988 3768 suadere
3019 3716 3287 3784 potuerit;
3321 3713 3408 3768 hic
3426 3725 3606 3769 autem
3635 3715 3822 3784 prodi-

2229 3811 2296 3863 tis
2317 3808 2611 3877 discipulis,
2635 3807 3013 3861 miserabiliter
3032 3808 3191 3861 vitam
3218 3808 3431 3863 clausit.
3462 3807 3664 3879 Cynica
3695 3824 3823 3862 vero

2230 3901 2346 3955 lues
2375 3901 2526 3970 quasi
2556 3899 2823 3954 somnium
2853 3908 2907 3952 et
2928 3899 3116 3954 umbra
3148 3901 3424 3968 praeteriit.
3459 3899 3687 3954 Etiamsi
3717 3899 3825 3954 illis

2228 3994 2362 4048 nihil
2386 3993 2562 4048 simile
2588 3993 2864 4058 acciderit,
2893 3994 3000 4048 imo
3025 4008 3125 4062 per
3154 4007 3434 4049 externam
3463 3995 3610 4048 illam
3644 3995 3824 4064 philo-

2229 4087 2472 4156 sophiam
2503 4084 2634 4139 clari
2668 4084 2994 4151 viderentur,
3018 4086 3227 4140 etiamsi
3247 4085 3608 4141 Athenienses
3629 4088 3830 4156 episto-

2233 4179 2312 4231 las
2336 4176 2572 4230 Platonis
2603 4189 2698 4243 per
2729 4175 2952 4230 Dionem
2982 4177 3174 4230 missas
3201 4178 3413 4245 publice
3440 4180 3826 4249 esposucrint:

2233 4280 2467 4324 attamen
2512 4279 2622 4323 toto
2651 4281 2892 4342 tempore
2937 4269 2989 4322 in
3015 4272 3402 4340 tranquillitate
3443 4271 3749 4342 degebant,
3779 4283 3831 4328 et

2236 4361 2427 4429 opibus
2473 4375 2577 4414 non
2617 4361 2804 4429 paucis
2855 4360 3170 4416 afﬂuebant.
3205 4362 3293 4417 Sic
3331 4364 3476 4417 enim
3524 4365 3830 4434 Aristippus

2236 4468 2430 4522 magno
2448 4454 2621 4521 pretio
2652 4462 2829 4508 scorta
2858 4453 3114 4508 conduxit
3144 4455 3248 4526 (b);
3280 4455 3413 4509 alius
3446 4465 3831 4512 testamentum

2239 4545 2491 4612 scripsit,
2521 4560 2626 4599 non
2657 4559 2876 4613 parvam
2927 4546 3238 4616 relinquens
3269 4547 3627 4603 hereditatem
3656 4568 3670 4614 ;
3700 4551 3834 4604 alius

2241 4650 2401 4704 supra
2430 4627 2720 4706 discipulos
2748 4636 2926 4705 pontis
2956 4638 3126 4691 instar
3151 4639 3455 4692 substralos
3480 4643 3793 4708 pertransiit
3817 4662 3830 4702 ;

2240 4726 2595 4796 Sinopensem
2615 4736 2792 4781 autem
2809 4725 2954 4781 illum
2969 4727 3147 4782 ferunt
3176 4729 3227 4782 in
3243 4727 3361 4784 foro
3381 4732 3610 4799 turpiter
3630 4735 3830 4801 egisse.

2245 4823 2368 4877 llaec
2393 4834 2516 4878 sunt
2546 4824 2761 4878 illorum
2811 4823 3065 4891 prteclara
3096 4824 3359 4880 facinora.
3386 4828 3455 4880 At
3475 4827 3609 4882 nihil
3642 4830 3834 4884 horum

2253 4913 2345 4969 hic
2373 4913 2713 4975 observatur,
2747 4913 2840 4968 sed
2877 4912 3230 4984 temperantia
3254 4928 3623 4985 perseverans,
3651 4919 3834 4976 mode-

2238 5010 2337 5062 slia
2365 5006 2624 5076 exquisita
2646 5045 2659 5068 ,
2692 5001 2889 5057 bellum
2919 5011 3103 5056 contra
3137 5008 3306 5054 totum
3335 5000 3519 5053 orbem
3561 5013 3661 5065 pro
3694 5003 3830 5053 veri-

2238 5109 2344 5154 tate
2369 5113 2431 5152 ac
2454 5113 2548 5166 pro
2570 5096 2848 5164 religione,
2879 5093 3001 5148 hinc
3025 5095 3262 5161 ipsorum
3282 5090 3607 5161 quotidiana:
3630 5089 3823 5152 caedes,

2237 5203 2290 5245 et
2319 5201 2436 5260 post
2465 5191 2580 5243 haec
2608 5187 2887 5258 splendida
2912 5196 3130 5255 tropaea.
3161 5187 3230 5237 At
3249 5195 3393 5248 sunt,
3423 5183 3691 5251 inquiunt,
3716 5183 3827 5251 qui-

2239 5283 2361 5336 dam
2392 5281 2528 5353 apud
2559 5280 2675 5334 illos
2703 5278 2864 5332 duces
2892 5277 3158 5346 praeclari,
3193 5285 3248 5329 ut
3277 5273 3667 5330 Themistocles
3688 5318 3701 5339 ,
3734 5273 3829 5327 Pe-

2299 5422 2372 5485 (a)
2405 5419 2533 5485 quod
2557 5416 2825 5485 hicndicitur
2845 5415 2908 5485 de
2940 5412 3152 5485 Platone,
3186 5408 3426 5485 quomodo
3441 5422 3480 5485 ra
3498 5405 3734 5485 Dionysio
3759 5416 3827 5468 ty.

2235 5471 2387 5534 alia?)
2416 5471 2618 5531 traditus
2640 5477 2804 5533 fuerit,
2830 5484 2885 5525 ut
2907 5471 3304 5529 venutttdaretur,
3324 5473 3498 5534 deque
3509 5471 3623 5534 ejus
3648 5472 3827 5534 episto-

2235 5531 2376 5616 lisiad
2401 5545 2626 5616 Dionem,
2653 5541 2760 5588 vide
2783 5531 2910 5602 apud
2934 5535 3209 5600 Diogenem
3232 5531 3468 5582 Laertium
3489 5531 3570 5579 lib.
3588 5533 3640 5589 5,
3662 5531 3711 5577 in
3735 5533 3828 5579 vita

2234 5608 2479 5732 “lignis:
2506 5666 2722 5732 aristippi
2748 5663 2937 5732 luxuria
2963 5661 3072 5711 vide
3106 5660 3230 5724 apud
3269 5657 3545 5720 Diogenem
3584 5655 3826 5703 laet-tium

2235 5731 2267 5781 l.
2288 5727 2334 5792 ‘2,
2351 5727 2401 5779 in
2424 5732 2520 5780 vita
2546 5727 2782 5789 At‘is‘tippi.
