4076 6436
279 355 383 411 593

279 470 452 525 ricles.
485 467 680 523 Verum
706 467 824 523 hac
853 479 1147 537 puerorum
1169 465 1337 535 inepti
1360 466 1472 522 ludi
1499 477 1647 533 sunt,
1678 467 1724 522 si
1744 480 1866 521 cum

279 560 598 629 piscatorum
637 557 803 629 gestis
841 566 1242 625 comparentur.
1285 556 1425 625 Quid
1452 559 1596 613 enim
1625 558 1694 614 de
1724 558 1867 614 The-

275 648 519 703 mistocle
544 646 783 703 dixeris?
820 645 975 715 Quod
1014 646 1432 702 Atheniensibus
1458 655 1516 702 ut
1545 662 1711 704 naves
1738 664 1869 705 con-

276 736 597 793 scenderent
626 735 889 800 suaserit,
925 751 1046 792 cum
1078 735 1287 792 Xerxes
1314 735 1575 793 Graciam
1602 737 1745 794 bello
1772 742 1871 793 im-

276 827 517 898 peteret?
547 823 643 879 ilic
666 839 829 895 perm
855 839 959 879 non
985 825 1164 880 Xerxe
1192 825 1505 896 impotente,
1531 825 1625 881 sed
1656 827 1871 882 diabolo

275 930 395 972 cum
429 914 562 970 orbe
604 921 719 970 toto
751 922 806 969 et
844 913 998 968 turba
1037 914 1344 969 daemonum
1372 915 1652 970 innumera
1681 925 1870 971 contra

273 1006 558 1062 duodecim
589 1005 711 1062 illos
734 1006 1009 1071 irruente;
1038 1021 1143 1060 non
1170 1005 1319 1061 brevi
1346 1015 1585 1075 tempore
1605 1049 1620 1074 ,
1653 1007 1748 1062 sed
1777 1022 1873 1079 per

276 1108 445 1153 totum
468 1098 592 1153 vita:
611 1097 843 1168 spatium
862 1096 1106 1153 vicerunt
1133 1097 1210 1152 illi
1234 1106 1288 1153 et
1307 1108 1631 1169 superarunt
1658 1116 1672 1152 :
1700 1100 1871 1171 quod-

272 1205 379 1261 que
425 1192 619 1244 mirum
656 1198 762 1255 est,
790 1203 898 1243 non
935 1189 1092 1243 casis
1130 1180 1395 1254 hostibus,
1431 1189 1527 1245 sed
1565 1192 1794 1264 mutatis
1816 1199 1873 1247 et

271 1281 572 1335 conversis.
617 1278 751 1335 Illud
794 1281 938 1335 enim
978 1278 1215 1336 maxime
1251 1280 1446 1351 ubique
1474 1282 1870 1338 observandum

274 1381 390 1439 est,
438 1372 584 1442 ipsos
626 1385 728 1427 nec
768 1371 1032 1428 occidisse
1073 1386 1175 1427 nec
1218 1372 1486 1429 delevisse
1530 1373 1873 1431 insidiatores

271 1480 401 1522 suos
418 1507 435 1532 ,
465 1465 559 1520 sed
587 1479 710 1521 cum
739 1465 861 1520 illos
884 1465 1221 1522 daemonibus
1253 1480 1409 1531 pares
1437 1467 1741 1536 cepissent,
1774 1482 1872 1521 an-

272 1559 408 1630 gclis
433 1559 665 1629 :cquales
689 1559 902 1625 fecisse,
923 1558 1214 1614 humanam
1237 1568 1481 1614 naturam
1506 1559 1603 1615 hac
1630 1560 1871 1631 improba

276 1648 557 1720 tyrannide
586 1648 901 1715 Iiberantes,
930 1649 1053 1705 illos
1076 1657 1257 1704 autem
1286 1651 1547 1705 scelestos
1571 1649 1868 1720 daemones,

272 1739 362 1807 qui
389 1738 570 1794 omnia
598 1739 991 1796 conturbabant
1010 1781 1024 1807 ,
1052 1755 1082 1795 a
1108 1740 1287 1797 medio
1316 1740 1434 1797 foro
1458 1750 1513 1798 et
1530 1756 1561 1796 a
1587 1741 1870 1809 domibus,

254 1829 584 1890 timoetiam
623 1846 655 1887 a
702 1831 921 1888 deserto
959 1833 1300 1904 expulerunt.
1329 1832 1714 1889 Testiiicantur
1742 1832 1872 1889 illud

272 1921 430 1976 chori
459 1920 870 1987 monachorum,
897 1923 988 1994 qui
1006 1923 1215 1993 .ubique
1245 1922 1465 1994 plantati
1490 1936 1649 1991 sunt,
1683 1935 1740 1979 et
1763 1939 1871 1978 non

269 2012 434 2068 modo
458 2012 748 2069 habitatam
780 2023 999 2080 terram,
1028 2016 1123 2071 sed
1144 2025 1199 2073 et
1222 2032 1329 2072 non
1358 2015 1649 2072 habitatam
1672 2032 1873 2088 expur-

268 2112 485 2174 garunt.
526 2104 788 2179 Quodque
833 2107 1129 2174 mirabilius
1166 2117 1271 2176 est,
1303 2124 1413 2166 non
1452 2110 1713 2165 instructa
1755 2112 1875 2167 acie

271 2193 375 2250 hoc
399 2194 689 2265 faciebant,
717 2196 813 2254 sed
845 2199 988 2255 male
1010 2198 1179 2256 habiti
1206 2200 1504 2271 implebant
1530 2202 1731 2257 omnia.
1766 2200 1872 2255 Ila-

270 2283 473 2341 bebant
495 2288 639 2342 enim
670 2289 723 2343 in
748 2287 929 2345 medio
957 2290 1162 2360 positos
1184 2290 1304 2347 illos
1324 2290 1523 2347 intima:
1543 2291 1869 2347 conditionis

270 2377 438 2444 viros,
460 2393 596 2452 quos
618 2381 874 2452 ligabant,
890 2382 1265 2450 verberabant,
1290 2384 1749 2454 circumagebant,
1768 2398 1871 2438 nec

269 2478 522 2541 poterant
544 2487 729 2529 eorum
751 2488 844 2529 ora
872 2472 1125 2532 claudere
1151 2492 1166 2526 :
1197 2474 1291 2530 sed
1317 2475 1459 2531 sicut
1485 2475 1699 2531 radium
1738 2475 1871 2530 solis

267 2564 476 2620 vincire
513 2580 673 2622 nemo
716 2575 929 2638 potest,
965 2567 1044 2623 sic
1072 2582 1178 2623 non
1209 2577 1453 2639 poterant
1494 2570 1730 2638 ipsorum
1764 2568 1870 2623 lin-

269 2669 427 2725 gnam
453 2654 693 2725 alligare.
734 2654 901 2727 Cujus
930 2658 1006 2713 rei
1036 2671 1197 2713 causa
1228 2667 1344 2715 erat
1368 2699 1384 2722 ,
1408 2654 1622 2713 tton'illi
1649 2658 1869 2728 quidem

270 2744 360 2813 qui
404 2744 797 2815 loquebantur,
843 2746 941 2802 sed
984 2746 1214 2815 Spiritus
1256 2748 1449 2802 virtus.
1491 2747 1583 2804 Sic
1622 2748 1784 2815 igitur
1814 2757 1870 2804 et

270 2835 468 2893 Paulus
499 2838 625 2893 vicit
645 2839 936 2909 Agrippam
959 2879 973 2903 ,
998 2846 1053 2893 et
1075 2838 1167 2909 qui
1190 2836 1394 2894 scelere
1421 2838 1668 2894 vincebat
1695 2837 1874 2893 homi-

270 2941 368 2982 nes
388 2942 578 2983 omnes
604 2927 870 2984 Neronem
904 2946 917 2983 :
946 2926 1199 2985 Dominus
1222 2929 1356 2983 enim
1386 2930 1509 2983 mihi
1532 2930 1749 2995 adstitit,
1781 2929 1867 2984 in-

270 3020 421 3087 quit,
463 3029 511 3073 et
555 3021 857 3089 confortarit
914 3037 1030 3086 me,
1078 3029 1124 3073 et
1172 3020 1301 3075 eruit
1345 3036 1425 3075 me
1466 3019 1530 3075 de
1570 3036 1658 3075 ore
1708 3022 1882 3076 leonis.

273 3111 349 3181 (2.
384 3110 520 3166 Tim.
549 3113 601 3168 ι.
629 3113 743 3182 l7).
770 3111 849 3167 'I‘u
873 3127 1002 3166 vero
1031 3112 1246 3175 mirare,
1268 3111 1541 3182 quomodo
1561 3111 1864 3180 audientes,

272 3201 453 3257 Nolite
476 3202 685 3256 solliciti
708 3218 833 3267 esse,
858 3211 913 3257 et
935 3200 1302 3269 crediderunt,
1330 3211 1384 3257 et
1404 3203 1863 3272 obtemperarunt,

271 3296 510 3364 nihilque
539 3309 610 3350 ex
644 3294 970 3350 terribilibus
992 3300 1254 3347 terrorem
1286 3292 1416 3362 ipsis
1439 3293 1683 3350 incussit.
1712 3293 1866 3361 Quod

267 3389 315 3443 si
342 3387 492 3443 dicas
516 3430 531 3453 ,
571 3386 817 3442 idoneam
846 3385 977 3455 ipsis
998 3384 1421 3440 consolationem
1457 3384 1672 3441 dedisse
1706 3386 1867 3443 Chri-

268 3488 410 3535 stum
430 3492 555 3534 cum
577 3476 731 3545 dixit,
757 3476 985 3547 Spiritus
1007 3472 1182 3530 Patris
1204 3476 1351 3530 vestri
1372 3477 1466 3530 erit
1494 3478 1579 3547 qui
1600 3477 1831 3547 loquetur
1846 3495 1868 3533 :

269 3578 324 3624 et
353 3569 476 3623 ideo
502 3565 737 3623 maxime
762 3576 955 3636 stupeo
978 3607 995 3633 ,
1036 3565 1179 3635 quod
1206 3580 1308 3623 nec
1336 3565 1734 3635 dubitaverint,
1765 3584 1867 3625 nec

268 3660 485 3717 liberari
510 3676 542 3717 a
561 3659 718 3715 malis
744 3659 1051 3731 rogaverint
1080 3676 1094 3712 :
1120 3666 1176 3715 et
1195 3658 1331 3724 haec,
1363 3673 1470 3714 non
1502 3658 1713 3715 duobus
1734 3701 1750 3726 ,
1776 3661 1865 3718 vel

269 3754 443 3810 tritus
465 3754 620 3809 annis
647 3757 745 3808 ista
776 3737 1144 3823 passari,‘sed
1180 3766 1275 3823 per
1316 3759 1478 3808 totam
1503 3756 1688 3809 vitam.
1731 3754 1867 3810 Illud

269 3847 412 3901 enim
439 3843 663 3910 dictum,
694 3836 794 3911 Qui
817 3853 987 3897 autem
1011 3842 1401 3913 perseuerauerit
1426 3844 1659 3911 usquin
1685 3843 1864 3913 finem,

267 3938 351 3990 hic
392 3934 564 3990 salvus
603 3936 731 4002 erit,
770 3934 874 3989 hoc
916 3930 1241 3988 subindicat.
1273 3932 1395 3987 Vult
1418 3933 1562 3988 enim
1593 3933 1736 3990 Deus
1756 3950 1870 3990 non

267 4042 364 4082 sua
395 4034 597 4080 tantum
626 4039 759 4095 ope,
804 4023 901 4079 sed
941 4024 1176 4094 ipsorum
1213 4024 1489 4093 proposito
1528 4039 1691 4096 opera
1724 4025 1866 4081 bona

267 4119 405 4173 ﬁeri.
438 4116 719 4185 Perpende
746 4116 921 4186 itaque
954 4117 1007 4170 in
1026 4114 1397 4187 superioribus
1417 4158 1431 4182 ,
1464 4118 1735 4186 quomodo
1761 4119 1864 4174 alia

270 4211 363 4266 Dei
385 4252 401 4269 .
430 4208 533 4263 alia
562 4208 946 4279 discipulorum
974 4209 1099 4263 sint.
1136 4207 1267 4263 Nam
1296 4208 1449 4281 signa
1474 4206 1690 4277 facere,
1722 4210 1867 4266 illius

268 4313 422 4370 sunt;
457 4304 587 4359 nihil
616 4303 909 4373 possidere,
933 4303 1341 4374 discipulorum.
1375 4304 1606 4361 Bursam
1629 4350 1645 4374 ,
1673 4307 1867 4365 domos

266 4409 460 4451 omnes
487 4394 728 4464 aperire,
754 4410 1000 4464 superna:
1026 4397 1214 4465 gratia:
1243 4403 1357 4461 est;
1388 4397 1517 4449 nihil
1545 4406 1740 4467 praeter
1770 4414 1867 4454 ne-

266 4484 502 4541 cessaria
526 4496 727 4555 petere,
744 4484 1125 4553 discipuicrutn
1155 4486 1538 4557 philosophia;
1569 4487 1769 4559 Dignus
1794 4500 1866 4546 est

267 4580 402 4633 enim
432 4578 700 4649 operarius
720 4579 947 4634 mercede
967 4594 1084 4633 sua.
1117 4578 1308 4633 Pacem
1334 4578 1464 4635 dare
1482 4622 1498 4648 ,
1542 4582 1635 4637 Dei
1662 4581 1862 4639 donum

267 4676 381 4733 est;
410 4667 603 4737 dignos
627 4683 868 4737 quaerere
886 4710 899 4733 ,
932 4684 1032 4723 nec
1055 4684 1246 4723 omnes
1276 4669 1740 4729 indiscriminatim
1767 4674 1865 4730 ad-

267 4757 369 4824 ire,
394 4756 632 4826 ipsorum
660 4760 1027 4828 temperantia;
1046 4769 1149 4815 est.
1183 4760 1306 4816 Ilios
1326 4762 1417 4832 qui
1436 4762 1727 4835 discipulos
1752 4782 1860 4824 non

265 4848 538 4919 recipiunt
574 4848 792 4913 ulcisci,
825 4849 919 4905 Dei
948 4860 1027 4906 est
1062 4869 1074 4905 :
1106 4867 1227 4907 cum
1256 4854 1519 4909 modestia
1542 4858 1820 4916 discedere
1843 4903 1859 4926 ,

268 4938 418 4995 nullo
447 4938 646 5008 injecto
668 4940 885 5009 probro,
909 4942 990 4997 vel
1016 4945 1360 5012 contumelia,
1383 4949 1691 5017 apostolicae
1713 4966 1865 5006 man-

268 5032 591 5087 suetudinis.
622 5030 875 5101 Spiritum
906 5034 1052 5101 dare,
1085 5045 1139 5090 et
1164 5036 1580 5095 sollicitudinem
1601 5040 1861 5109 adimere,

268 5125 530 5179 mittentis
567 5131 685 5180 erat
710 5141 727 5179 :
754 5138 882 5180 oves
910 5134 964 5181 et
1006 5126 1281 5183 columbas
1320 5129 1550 5195 imitari,
1591 5143 1646 5186 ct
1685 5136 1862 5190 omnia

268 5215 481 5269 forteter
511 5211 686 5280 ferre,
721 5214 789 5268 ad
831 5215 1040 5270 illorum
1066 5221 1421 5274 constantiam
1445 5232 1497 5275 et
1528 5223 1863 5293 prudentiam

270 5303 595 5374 pertinebat.
643 5302 779 5361 Odia
820 5306 1001 5362 haberi
1022 5349 1037 5373 ,
1082 5324 1180 5364 nec
1206 5312 1387 5365 animo
1414 5313 1699 5371 concidere
1722 5358 1737 5382 ,
1769 5319 1863 5373 sed

269 5409 641 5465 perseverare,
671 5396 907 5465 ipsorum
936 5406 1085 5464 erat;
1116 5412 1524 5471 perseverantes
1562 5406 1741 5461 salvos
1780 5407 1862 5463 fa-

270 5501 416 5550 cere,
448 5473 725 5541 mittentis.
752 5487 876 5543 Ideo
902 5490 1131 5555 diccbat,
1166 5492 1270 5560 Qui
1288 5502 1454 5549 autem
1476 5501 1866 5566 perseveraverit

272 5594 430 5647 usque
448 5576 502 5630 in
529 5577 700 5645 finem,
724 5580 806 5631 hic
828 5582 1000 5635 salsus
1019 5582 1134 5637 erit.

339 5672 394 5726 5.
432 5663 553 5723 Non
574 5672 742 5742 [mor
768 5672 1027 5742 fugitivus,
1055 5674 1144 5728 sed
1174 5681 1539 5745 perseverantia
1567 5682 1865 5750 prodest.—

274 5760 415 5817 blatn
447 5759 572 5830 quia
613 5760 788 5817 solent
815 5763 967 5819 multi
998 5765 1150 5821 initio
1179 5766 1446 5828 ferventes
1487 5788 1606 5829 esse
1627 5814 1642 5841 ,
1674 5784 1864 5845 postea

1242 352 1305 407 IN
1343 351 1758 410 ΜΑΤἸἪΕΠΜ
1795 351 2033 409 θυωι.
2074 354 2321 413 XXXIII.
2356 358 2435 414 al.
2477 356 2719 416 XXXIV.

3491 375 3598 431 δθι

1995 481 2125 522 vero
2154 470 2350 525 resolvi
2394 484 2457 525 ac
2493 470 2671 541 dejici,
2702 472 2824 529 ideo
2851 475 2960 543 ait,
2993 475 3187 535 Finem
3214 496 3416 551 quam.
3458 490 3609 555 Quid

1986 560 2129 613 enim
2169 574 2304 630 opus
2345 571 2428 617 est
2464 564 2760 621 seminibus
2790 567 2943 623 initio
2967 568 3208 640 ﬂoridis,
3235 574 3590 641 breviautem

1986 656 2173 714 postea
2201 651 2605 707 arescentibus?
2632 652 2759 709 Ideo
2780 670 3215 725 perseverantem
3244 665 3313 721 ab
3341 666 3474 736 ipsis
3498 686 3593 741 pa~

1986 739 2229 796 tientiam
2259 742 2442 811 exigit.
2473 743 2552 800 Ne
2579 747 2700 815 quis
2726 748 2869 803 enim
2901 750 3105 805 diceret
3128 794 3144 816 ,
3171 753 3240 809 ab
3273 756 3390 826 ipso
3423 739 3598 818 totum

1983 830 2181 887 factum
2207 848 2362 901 esse,
2396 835 2636 909 nihilque
2663 838 2857 894 mirum
2882 855 3036 909 esse,
3070 844 3203 900 tales
3231 847 3397 905 fuisse
3428 852 3552 908 illos
3572 895 3589 921 ,

1983 924 2072 993 qui
2101 923 2233 979 nihil
2260 928 2473 981 onerosi
2499 928 2642 997 passi
2668 929 2796 1000 sint,
2828 931 3029 988 idcirco
3056 934 3187 991 dicit
3214 937 3338 1003 illis,
3365 938 3585 998 Patien-

1985 1012 2057 1068 tia
2084 1015 2237 1081 vobis
2273 1030 2408 1086 Opus
2438 1026 2537 1072 est.
2582 1019 2804 1076 Etiamsi
2836 1023 2981 1080 enim
3009 1041 3105 1080 vos
3133 1043 3163 1081 a
3194 1030 3465 1098 prioribus
3495 1049 3589 1103 pe-

1983 1104 2170 1160 riculis
2194 1121 2401 1173 emam,
2424 1110 2764 1179 gravioribus
2796 1128 2888 1168 vos
2915 1130 3154 1181 reservo,
3183 1134 3302 1188 qua:
3327 1123 3492 1177 etiam
3515 1126 3591 1180 ab

1982 1197 2104 1253 aliis
2137 1200 2473 1270 excipientur
2499 1221 2513 1256 :
2541 1219 2642 1259 nec
2679 1204 2798 1261 ﬁnis
2837 1210 2940 1263 erit
2979 1211 3289 1269 insidiarum
3322 1231 3495 1288 usque
3518 1194 3587 1274 ad

1982 1302 2283 1346 extremum
2306 1292 2550 1350 halitum.
2576 1296 2687 1353 Hoc
2701 1299 2845 1381 enim
2870 1302 3246 1373 subindicavit,
3267 1322 3391 1363 cum
3413 1309 3548 1365 dixit
3566 1330 3587 1366 -:

1985 1379 2088 1446 Qui
2104 1391 2273 1437 autem
2299 1390 2685 1454 perseveraverit
2715 1379 2871 1462 usque
2897 1395 2949 1447 in
2968 1395 3144 1463 ﬁnem,
3170 1398 3252 1452 hic
3276 1400 3451 1455 salvus
3472 1406 3587 1458 erit.

1982 1470 2105 1528 Ideo
2136 1474 2229 1543 qui
2258 1475 2527 1539 dicit.-Ne
2567 1479 2777 1534 solliciti
2820 1484 2929 1537 είιίε
2966 1487 3090 1553 quid
3128 1488 3428 1558 (minus,
3456 1468 3597 1549 alibi

1980 1564 2056 1618 ait
2085 1582 2100 1619 :
2130 1563 2315 1620 Parati
2342 1577 2497 1624 estote
2520 1571 2589 1625 ad
2613 1575 3024 1643 respondendum
3049 1582 3189 1635 omni
3220 1584 3411 1651 petenti
3435 1601 3470 1638 α
3495 1602 3609 1641 νος

1981 1657 2057 1711 bis
2078 1658 2329 1715 rationem
2355 1662 2419 1715 de
2441 1680 2531 1733 spe
2554 1676 2717 1721 uestra
2748 1667 2770 1741 (
2790 1670 2841 1724 I.
2872 1668 3015 1725 Petr.
3040 1673 3093 1729 3.
3130 1676 3197 1732 i5
3220 1673 3258 1733 i.
3288 1676 3424 1734 Nam
3463 1696 3599 1738 eum

1981 1762 2155 1819 pugna
2181 1749 2325 1807 inter
2350 1756 2554 1811 amicos
2577 1767 2680 1825 cst,
2704 1774 2805 1815 nos
2821 1760 2976 1831 jubet
2998 1765 3258 1823 sollicitos
3282 1784 3434 1837 esse;
3458 1788 3582 1827 cum

1940 1896 1952 1907 ο
1980 1848 2159 1932 autem
2185 1843 2438 1913 tribunal,
2460 1845 2699 1904 furentes
2726 1854 2930 1923 populi,
2959 1855 3122 1912 timor
3143 1860 3401 1932 undique,
3427 1878 3595 1921 suam.

1979 1929 2187 2025 praebet
2211 1936 2464 2025 gratiam,
2480 1948 2538 1994 ut
2560 1939 2789 1998 ﬁdenter
2807 1944 3113 2017 loquamur,
3134 1966 3237 2007 nec
3260 1929 3582 2025 terreamur,

1978 2018 2062 2112 vel
2105 2019 2367 2090 justitiam
2412 2029 2723 2097 prodamus.
2770 2033 2878 2090 Res
2919 2038 3103 2109 utique
3150 2056 3361 2112 magna,
3407 2018 3617 2104 virum.

1977 2109 2122 2166 circa
2161 2121 2351 2184 stagna
2380 2120 2587 2175 versari
2629 2122 2845 2179 solitum
2872 2166 2888 2191 ,
2924 2128 3066 2184 circa
3105 2109 3279 2202 pelles
3307 2109 3362 2189 et
3396 2136 3585 2195 telonii

1978 2218 2243 2301 mensam,
2268 2210 2583 2301 sedentibus
2608 2218 2869 2287 tyrannis,
2901 2230 2958 2277 et
2991 2226 3220 2301 satrapis
3245 2227 3585 2287 adstantibus

1976 2303 2040 2351 et
2058 2298 2381 2392 satellitibus
2405 2342 2420 2367 ,
2452 2304 2652 2361 strictis
2688 2308 2881 2392 gladiis
2904 2353 2921 2379 ,
2948 2298 3438 2392 assistenuhusque
3462 2325 3586 2382 aliis

1976 2389 2226 2485 omnibus
2252 2406 2375 2448 cum
2402 2393 2531 2463 illis,
2554 2390 2731 2454 solum
2749 2402 3084 2475 ingressum,
3117 2389 3379 2482 ligatum,
3412 2431 3584 2485 prono

1977 2481 2174 2551 capite,
2204 2486 2446 2553 potuisse
2478 2489 2564 2545 vel
2589 2506 2650 2546 os
2676 2494 2911 2563 aperire.
2937 2497 3151 2555 Etenim
3175 2481 3440 2561 doctrina:
3468 2524 3584 2566 suzc

1975 2584 2139 2670 causa
2168 2588 2236 2630 ne
2264 2576 2566 2635 defensioni
2595 2584 2816 2653 quidem
2851 2586 3029 2644 locum
3057 2592 3279 2663 dabant,
3311 2600 3407 2653 scd
3438 2601 3584 2670 ipsos

1975 2663 2127 2764 quasi
2149 2680 2471 2764 communes
2495 2674 2644 2729 orbis
2669 2689 3018 2747 corruptores
3044 2688 3325 2744 tormentis
3356 2663 3586 2764 deputa-

1974 2752 2124 2851 bant.
2144 2756 2298 2851 Nunc
2330 2760 2433 2829 Qui
2451 2764 2622 2819 urbem
2646 2776 2896 2825 terrarum
2917 2775 3231 2844 perturbant,
3266 2782 3321 2835 Ιιὶ
3339 2752 3476 2851 sunt,
3502 2787 3589 2842 ἰη-

1974 2847 2109 2938 quit,
2133 2856 2181 2901 et
2210 2850 2292 2903 Itic
2314 2852 2504 2907 adsunt
2527 2869 2547 2909 :
2566 2864 2621 2911 et
2660 2872 2869 2926 rursus,
2892 2864 3149 2921 Adversus
3170 2871 3335 2938 edicta
3362 2847 3583 2933 Cesaris

2055 2939 2605 3039 {edicunt-{dicentes
2625 2947 2887 3007 Christum
2910 2953 3093 3012 Jesttm
3118 2976 3225 3016 esse
3240 2936 3419 3033 regem
3441 2956 3588 3039 (Λαζ-

1976 3024 2063 3080 I7.
2094 3027 2147 3082 6.
2173 3030 2245 3099 7).
2285 3032 2494 3103 Ubique
2541 3038 2827 3097 tribunalia
2876 3043 3195 3115 hujusmodi
3232 3024 3580 3123 opinionibus

1973 3128 2347 3218 praeoccupata
2390 3133 2569 3189 erant,
2594 3137 2643 3181 et
2676 3130 2880 3186 auxilio
2914 3149 3152 3204 superno
3180 3142 3408 3199 multum
3438 3162 3601 3218 διε--

1973 3202 2223 3309 hantlut
2261 3209 2363 3266 hoc
2403 3221 2695 3287 utrumque
2733 3202 3047 3293 probarent,
3089 3238 3143 3283 et
3180 3202 3583 3309 dogma,.q;od

1972 3300 2354 3396 praedicabant,
2375 3319 2562 3362 verum
2591 3324 2732 3376 esse,
2758 3321 2815 3368 et
2836 3320 3212 3377 communibus
3237 3300 3589 3396 legibus'nou

1974 3390 2270 3461 adversari,
2289 3404 2380 3468 utq
2389 3413 2453 3453 ue
2473 3398 2599 3455 dum
2619 3402 2968 3474 loquerentur
2982 3409 3049 3466 de
3062 3390 3330 3485 dogmate,
3345 3434 3415 3475 ne
3432 3422 3583 3480 vide-

1972 3492 2162 3539 rentur
2190 3488 2333 3558 leges
2359 3491 2676 3551 subvertere
2699 3538 2715 3565 ,
2748 3512 2813 3554 ac
2840 3516 3028 3558 rursus
3053 3504 3181 3563 dum
3206 3508 3585 3575 demonstrare

1973 3586 2303 3633 conarentur
2326 3619 2341 3645 ,
2383 3593 2445 3636 se
2485 3587 2796 3644 communia
2842 3599 3048 3651 statuta
3074 3612 3181 3653 non
3212 3600 3449 3669 violare,
3481 3605 3581 3664 do-

1972 3677 2211 3761 gmatum
2242 3672 2532 3738 puritatem
2564 3692 2632 3733 ne
2654 3693 3062 3753 corrumperent
3092 3706 3107 3744 :
3140 3705 3259 3761 qua:
3287 3694 3471 3751 omnia
3496 3699 3581 3754 vi-

1972 3756 2127 3812 debis
2165 3769 2221 3815 et
2258 3778 2288 3815 a
2330 3764 2523 3833 Petro,
2545 3777 2598 3822 et
2640 3785 2670 3823 a
2720 3773 2918 3841 Paulo,
2945 3786 3001 3832 et
3026 3795 3055 3832 a
3088 3756 3297 3840 caneris
3328 3789 3582 3848 omnibus

1972 3850 2267 3917 prudenter
2287 3855 2562 3913 observari
2582 3871 2637 3915 et
2656 3861 2819 3921 efﬁci.
2853 3866 3066 3925 Etenim
3088 3882 3147 3927 ut
3172 3876 3380 3935 factiosi
3401 3889 3457 3936 et
3476 3898 3584 3939 tto-

1973 3946 2188 4028 vateres
2213 3942 2411 4014 ubique
2432 3955 2722 4006 terrrarum
2740 3958 3131 4016 accusabantur
3150 3981 3162 4016 :
3182 3974 3417 4025 attamen
3440 3970 3583 4028 hanc

1973 4027 2050 4083 illi
2077 4033 2438 4099 suspicionem
2469 4040 2801 4110 repulerunt,
2826 4055 2878 4100 et
2908 4054 3234 4110 contrariam
3264 4058 3366 4114 sibi
3393 4027 3595 4119 concie.

1974 4119 2172 4178 Iiarunt
2196 4164 2211 4189 ,
2240 4127 2405 4195 quasi
2422 4139 2728 4187 servatores
2754 4175 2771 4200 ,
2800 4148 3080 4197 curatores
3099 4159 3163 4199 ac
3188 4146 3413 4207 beneﬁci
3433 4155 3579 4223 apud

1972 4230 2164 4274 omnes
2193 4218 2467 4276 celebrati.
2500 4222 2627 4279 Ilaec
2654 4236 2833 4284 autem
2854 4234 3033 4289 omnia
3063 4251 3126 4290 ex
3158 4238 3356 4309 ingenti
3380 4218 3579 4312 patien-

1973 4307 2045 4400 tia
2083 4308 2464 4400 sperabantur.
2497 4312 2857 4389 Quamobrem
2886 4320 3094 4377 dicebat
3127 4307 3325 4385 Paulus
3348 4350 3361 4384 :
3381 4307 3585 4400 iQuctin

1973 4399 2056 4497 die
2078 4399 2270 4497 morior
2300 4401 2377 4473 (Ι.
2406 4401 2526 4457 Cor.
2564 4406 2651 4460 l5.
2680 4408 2803 4478 Si);
2833 4420 2888 4466 et
2916 4427 3087 4484 usque
3114 4418 3166 4472 in
3197 4419 3362 4478 tinem
3391 4426 3444 4481 in
3476 4445 3567 4497 pe'

1972 4490 2156 4547 riculis
2198 4496 2580 4563 perseveravit.
2622 4498 2735 4566 Qua
2783 4498 2943 4572 igitur
2970 4509 3125 4563 venia
3163 4511 3313 4583 digni
3363 4490 3575 4587 sumus.

1969 4585 2063 4656 qni
2090 4593 2169 4641 tot
2190 4588 2437 4656 exempla
2466 4587 2728 4647 habentes
2748 4597 2909 4652 etiam
2937 4599 2989 4653 in
3021 4615 3153 4671 pace
3173 4606 3410 4667 molliter
3434 4585 3572 4671 vivi;

1970 4691 2091 4730 mus
2116 4690 2179 4730 ac
2203 4676 2520 4747 dejicimur?
2546 4679 2772 4739 Nomine
2786 4686 2985 4757 quippe
3003 4690 3571 4775 bellanteoccidimur,

1970 4769 2185 4871 pemine
2201 4782 2559 4843 persequente
2572 4774 2919 4871 dissolv‘imur
2932 4799 2949 4838 :
2964 4782 3166 4853 inpace
3185 4791 3344 4849 saluti
3362 4795 3429 4851 ad
3437 4769 3574 4871 vigi;

1971 4858 2085 4915 lare
2092 4859 2346 4928 jubemur
2358 4870 2413 4917 ct
2425 4865 2729 4961 nequimus.
2746 4868 2851 4961 Illi,
2865 4870 3089 4930 incenso
3105 4879 3257 4947 orbe,
3270 4893 3323 4938 et
3334 4902 3466 4958 rogo
3478 4858 3580 4961 per

1972 4960 2136 5054 totatIn
2166 4962 2365 5054 terram
2392 4955 2613 5054 ardente
2632 4999 2650 5025 ,
2680 4958 2732 5013 in
2753 4959 3035 5054 dammam
3064 4969 3294 5041 ingressi
3312 5018 3328 5043 ,
3356 4955 3452 5037 eos
3477 4955 3573 5054 qui

1970 5042 2431 5127 comburebantur
2448 5046 2570 5099 inde
2594 5050 2982 5123 extrahebaut;
3014 5064 3069 5112 tu
3088 5075 3219 5117 vero
3244 5042 3319 5121 ne
3340 5042 3572 5138 teipsum

1970 5134 2189 5207 quidem
2217 5150 2435 5193 servare
2464 5148 2635 5208 potes.
2669 5141 2798 5208 Quze
2838 5144 2998 5215 igitur
3024 5150 3179 5207 nobis
3208 5157 3310 5213 erit
3338 5134 3575 5219 ﬁducia?

1971 5245 2089 5298 qut:
2117 5229 2315 5285 venia?
2366 5230 2479 5286 Non
2524 5234 2747 5289 verbera
2789 5236 3089 5307 imminent,
3133 5260 3572 5323 non‘carcercs,

1972 5335 2077 5415 non
2124 5320 2415 5415 principes,
2440 5337 2564 5415 Anon
2606 5338 2916 5398 synagoga,
2959 5347 3066 5386 non
3107 5335 3254 5392 aliud
3292 5320 3589 5415 quidpiam.

1974 5410 2317 5480 huiusmodi,
2360 5412 2455 5467 sed
2485 5424 2675 5469 contra
2706 5431 2926 5486 prorsus
2952 5462 2967 5487 ,
3010 5438 3111 5480 nos
3148 5410 3493 5491 dominamur
3521 5449 3575 5496 et

1971 5502 2317 5572 imperamus.
2363 5504 2721 5575 Imperatores
2759 5512 2902 5565 enim
2947 5514 3088 5582 piam
3125 5520 3309 5577 colunt
3354 5530 3574 5599 religio—

1970 5610 2114 5657 nem,
2140 5594 2427 5650 Christiani
2457 5596 2636 5652 multis
2662 5600 2911 5656 fruuntur
2939 5604 3257 5677 honoribus,
3290 5594 3574 5685 praefectu-

1972 5686 2068 5751 ris,
2108 5687 2277 5757 gloria
2304 5729 2319 5753 ,
2368 5689 2750 5762 tranquillitate
2781 5712 2793 5747 :
2826 5711 3001 5766 neque
3030 5701 3108 5757 sic
3134 5712 3313 5762 tamen
3348 5728 3579 5783 supera.

1973 5794 2115 5833 mus.
2144 5778 2250 5836 Sed
2282 5781 2356 5836 illi
2380 5783 2597 5853 quidem
2620 5801 2739 5842 cum
2762 5787 2829 5844 ad
2850 5792 3148 5853 cruciatum
3171 5814 3293 5858 cum
3317 5778 3431 5862 [υἰέ
3442 5823 3577 5880 quu-
