4076 6440
486 316 590 372 595

488 429 615 483 tidic
638 426 979 484 ducerentur,
1006 434 1110 475 tam
1135 422 1403 485 doctores,
1433 435 1592 490 quam
1623 418 1890 488 discipuli,
1925 415 2071 469 mille

487 521 748 576 vibicibus
774 526 828 573 et
857 516 1038 572 multis
1063 515 1240 571 onusti
1268 514 1601 577 vulneribus,
1622 511 1824 580 majore
1844 523 2003 579 qnam
2038 508 2070 560 ii

487 613 576 684 qui
607 615 660 668 in
691 611 941 681 paradiso
983 618 1106 666 sunt
1133 609 1404 679 voluptate
1439 607 1749 662 fruebantur
1780 626 1790 660 :
1819 617 1918 657 nos
1949 616 2074 656 vero

484 706 576 774 qui
603 718 672 760 ne
694 705 747 758 in
778 705 982 760 somnis
1005 700 1222 771 quidem
1254 701 1362 754 tale
1391 697 1661 770 quidpiam
1687 694 2037 750 sustinuimus
2057 733 2070 747 .

486 814 612 854 cera
640 798 914 853 molliores
943 809 1146 850 sumus.
1191 795 1261 847 At
1301 793 1400 858 illi,
1429 789 1659 859 inquies,
1690 786 1947 841 miracula
1977 799 2068 854 pa-

490 890 722 944 trabant.
766 889 846 941 An
891 886 1010 940 ideo
1047 901 1152 939 non
1190 881 1647 939 verberabantur?
1673 895 1740 934 an
1770 894 1877 933 non
1904 875 2072 946 pelle-

487 979 714 1034 bantur?
745 977 955 1033 Etenim
983 985 1037 1032 et
1063 975 1188 1030 illud
1214 987 1426 1044 quoque
1454 970 1775 1042 stupendum
1797 979 1899 1033 est,
1930 966 2073 1037 quod

486 1084 630 1139 stupe
658 1069 725 1124 ab
750 1070 816 1123 iis
841 1084 977 1138 quos
1006 1067 1266 1122 beneﬁcio
1286 1065 1574 1120 affecerant
1595 1063 1717 1117 talia
1743 1070 2070 1131 paterentur,

485 1173 585 1214 nec
611 1160 690 1214 sic
715 1169 889 1214 tamen
917 1157 1276 1222 turbarentur,
1304 1155 1430 1211 dum
1456 1155 1595 1209 mala
1628 1168 1723 1223 pro
1748 1151 1904 1208 bonis
1930 1151 2072 1206 rcci-

485 1262 673 1320 perent
704 1269 715 1304 :
751 1260 806 1306 tu
836 1265 984 1318 vero,
1017 1250 1062 1304 si
1084 1264 1243 1320 quem
1274 1246 1486 1303 modico
1515 1245 1779 1301 beneﬁcio
1807 1242 2068 1304 aﬁeceris,

483 1341 784 1411 deindeque
813 1341 1074 1395 molestia:
1101 1338 1368 1409 quidpiam
1407 1337 1475 1391 ab
1504 1337 1594 1390 illo
1625 1334 1895 1406 acceperis
1916 1375 1930 1400 ,
1962 1342 2070 1384 tur-

482 1435 652 1499 baris,
679 1449 744 1488 ac
772 1443 824 1488 te
853 1432 1032 1488 collati
1067 1430 1305 1486 beneﬁcii
1335 1429 1574 1498 poenitet.

555 1525 608 1578 6.
649 1523 702 1579 Si
747 1523 924 1590 itaque
969 1521 1239 1584 acciderit,
1291 1518 1433 1588 quod
1489 1533 1556 1571 ne
1601 1516 1807 1570 accidat
1861 1530 2069 1582 precor,

485 1616 678 1670 bellum
711 1614 763 1667 in
797 1611 1048 1667 Ecclesiis
1075 1610 1280 1665 moveri
1308 1619 1362 1663 et
1385 1608 1873 1678 persequutionem,
1901 1604 2070 1672 cogita

483 1706 600 1774 quis
627 1706 833 1758 futurus
853 1703 921 1757 sit
958 1702 1120 1768 risus,
1150 1715 1270 1772 qua:
1300 1700 1606 1769 cpprobria.
1634 1697 1701 1751 Et
1729 1697 1920 1750 merito
1956 1695 2073 1763 qui-

483 1800 605 1853 dem
645 1816 657 1850 :
689 1813 807 1852 cum
836 1797 977 1851 enim
997 1795 1048 1848 in
1086 1796 1327 1864 palaestra
1373 1806 1530 1846 nemo
1551 1800 1886 1853 exerceatur,
1935 1801 2071 1857 qno-

484 1888 644 1943 modo
684 1887 877 1956 aliquis
929 1887 980 1940 in
1037 1883 1417 1939 certaminibus
1466 1881 1569 1937 erit
1623 1877 1888 1947 insignis?
1941 1876 2072 1944 Quis

483 1981 625 2034 enim
675 1977 903 2043 athleta,
962 1976 1051 2045 qui
1104 1973 1453 2043 ptedotribam
1505 1970 1708 2024 nullum
1754 1968 1987 2034 noverit,
2018 1968 2069 2021 in

483 2066 864 2124 certaminibus
916 2065 1208 2135 Olympicis
1281 2063 1476 2132 poterit
1533 2061 1790 2114 adversus
1849 2058 2072 2111 alterum

481 2160 752 2232 quidpiam
805 2173 1054 2229 magnum
1099 2157 1184 2211 vel
1225 2165 1500 2211 strenuum
1543 2152 1840 2207 exhibere?
1880 2153 2070 2205 Annon

485 2261 755 2324 oporteret
787 2266 886 2305 nos
934 2247 1170 2319 quotidie
1216 2263 1454 2318 pugnare
1474 2288 1489 2310 ,
1533 2255 1742 2302 certare
1767 2285 1781 2309 ,
1813 2244 2072 2298 currere?

478 2344 667 2400 Nonne
695 2341 890 2395 videtis
911 2341 964 2394 in
994 2339 1228 2409 quinque
1253 2337 1637 2392 certaminibus
1665 2335 1742 2406 (α)
1761 2375 1775 2398 ,
1804 2349 1928 2389 cum
1948 2334 2069 2386 nul-

482 2436 590 2489 lum
618 2432 778 2488 habet
805 2433 924 2500 quis
949 2428 1312 2484 adversarium
1341 2469 1354 2492 ,
1382 2427 1649 2496 quomodo
1671 2440 1885 2480 saccum
1913 2439 2072 2478 arena

483 2526 648 2580 multa
686 2523 946 2592 repletum
1001 2519 1362 2590 suspendant,
1411 2519 1624 2586 illicqne
1673 2516 1840 2572 robur
1904 2525 2071 2570 totum

482 2622 769 2669 exerceant
797 2632 808 2665 :
829 2612 1066 2680 iuniores
1090 2618 1265 2664 autem
1288 2622 1409 2663 cum
1436 2607 1740 2676 junioribus
1765 2621 1885 2661 sese
1911 2621 2068 2661 exer-

485 2713 643 2760 ceant
688 2703 753 2756 ad
800 2717 1029 2772 pugnam
1057 2716 1178 2756 cum
1226 2698 1546 2755 adversariis
1597 2697 2073 2752 committendam?

483 2797 594 2851 llos
624 2804 679 2850 et
719 2804 774 2849 tu
803 2795 1027 2858 imitare,
1059 2801 1113 2848 et
1143 2794 1196 2846 in
1235 2791 1583 2861 philosophiae
1619 2789 1999 2845 certaminibus
2023 2799 2074 2844 te

483 2903 692 2946 exerce.
721 2886 869 2940 Multi
911 2893 1056 2939 certe
1080 2883 1144 2938 ad
1177 2883 1308 2938 iram
1336 2883 1634 2945 concitant,
1657 2881 1808 2935 multi
1855 2881 1919 2934 ad
1948 2897 2075 2935 eon-

480 2979 860 3050 cupiscentiam
888 2977 1150 3047 injiciunt,
1187 2989 1538 3044 magnamque
1561 2973 1891 3028 succendunt
1921 2973 2070 3027 llam-

481 3089 645 3130 mam.
678 3072 771 3128 Sta
799 3071 959 3140 igitur
999 3077 1184 3123 contra
1214 3081 1482 3121 aerumnas
1505 3108 1517 3129 ,
1551 3065 1629 3118 l'er
1660 3076 1878 3121 strenue
1909 3067 2070 3120 animi

481 3167 718 3230 dolores,
742 3172 801 3218 ut
824 3162 1064 3229 corporis
1088 3173 1301 3227 quoque
1324 3157 1535 3210 labores
1559 3156 1699 3211 ferre
1721 3157 1913 3236 possis.
1935 3157 2070 3211 Bea-

481 3268 565 3310 tus
590 3256 783 3326 quippe
798 3253 918 3317 Job,
953 3250 1053 3304 nisi
1075 3249 1240 3320 probe
1264 3259 1384 3302 ante
1413 3248 1707 3302 certamina
1738 3251 2069 3302 exercitatus

483 3347 687 3410 fuisset,
736 3358 843 3397 non
893 3351 996 3394 tam
1028 3338 1384 3409 splendnissct
1421 3346 1471 3391 in
1511 3339 1893 3393 certaminibus
1926 3356 1937 3390 :
1969 3339 2070 3392 nisi

482 3439 767 3492 meditatus
823 3433 1009 3488 fuisset
1049 3448 1151 3501 qua
1189 3433 1396 3484 ratione
1441 3446 1730 3486 mter-orem
1779 3447 1996 3484 omnem
2051 3432 2065 3460 ¹

480 3530 734 3598 abigeret,
751 3525 927 3580 audita
947 3523 1175 3577 ﬁliorum
1198 3528 1387 3585 morte,
1410 3521 1610 3591 aliquid
1634 3521 1884 3574 audacter
1910 3521 2072 3576 dixis-

482 3631 600 3676 set:
630 3620 722 3675 sed
746 3618 809 3672 ad
839 3617 1018 3672 omnia
1043 3615 1334 3669 certamina
1358 3614 1506 3668 stetit
1553 3614 1780 3678 fortiter,
1809 3613 1876 3666 ad
1913 3628 2071 3680 pecu-

487 3714 691 3766 niarum
719 3719 1091 3775 tantorumque
1121 3705 1382 3759 bonorum
1410 3703 1673 3772 jacturam
1699 3744 1715 3769 ,
1745 3703 1810 3757 ad
1839 3704 2071 3758 ﬁliorum

499 3803 796 3866 interitum,
836 3800 902 3854 ad
946 3801 1126 3852 uxoris
1166 3798 1415 3850 affectum
1462 3811 1703 3864 pravum,
1738 3797 1803 3850 ad
1833 3799 2072 3866 corporis

480 3897 722 3960 vulnera,
767 3892 832 3946 ad
853 3890 1145 3944 amicorum
1173 3886 1456 3966 opprobria
1480 3929 1494 3951 ,
1527 3887 1592 3940 ad
1619 3889 1855 3943 convicia
1879 3889 2066 3945 dome—

481 3990 757 4044 sticorum.
805 3984 858 4038 Si
893 3996 1050 4051 porro
1096 3979 1223 4033 velis
1263 3979 1672 4034 exercitationes
1701 3980 1816 4048 ejus
1849 3982 2066 4050 conspi-

481 4095 623 4143 cere,
645 4078 766 4132 audi
795 4078 965 4145 ipsum
991 4073 1277 4134 dicentem,
1305 4079 1559 4146 quantum
1579 4074 1854 4140 pecuniam
1883 4075 2065 4142 despi-

475 4180 623 4233 ceret
652 4187 664 4222 :
698 4168 759 4221 Si
795 4167 947 4218 etiam
978 4165 1180 4222 laetatus
1211 4175 1322 4212 sum
1344 4201 1357 4224 ,
1391 4160 1559 4213 multis
1591 4163 1712 4212 mihi
1756 4164 2068 4230 afﬂuentibus

476 4261 663 4314 divitiis
693 4259 768 4311 :si
789 4272 889 4310 non
906 4256 1075 4322 putavi
1095 4266 1275 4304 aurum
1297 4250 1574 4317 pulverem,
1604 4254 1718 4305 siin
1751 4254 1919 4321 lapide
1947 4272 2065 4325 pre-

474 4355 598 4406 :ioso
627 4349 866 4418 ﬁduciam
909 4345 1062 4397 habui
1114 4343 1234 4414 (.lob
1271 4342 1360 4396 3L
1390 4341 1480 4397 25.
1509 4341 1636 4412 9-1).
1684 4344 1810 4398 Ideo
1841 4362 1908 4399 ne
1939 4347 2067 4414 ipsis

475 4443 690 4512 quidem
729 4440 964 4507 abreptis
989 4439 1303 4492 turbabatur
1326 4479 1340 4502 ,
1369 4437 1458 4506 qui
1492 4439 1832 4506 prmscntium
1861 4441 2065 4507 cupidi-

476 4544 583 4588 tate
622 4548 727 4587 non
762 4531 1056 4584 tenebatur.
1105 4529 1243 4583 Audi
1287 4529 1445 4583 etiam
1474 4529 1739 4596 quomodo
1766 4545 1826 4583 ea
1855 4547 1972 4597 qua:
1999 4531 2063 4584 ad

476 4626 615 4678 ﬁlios
638 4621 948 4690 spectabant
972 4628 1240 4686 tractaret,
1272 4635 1379 4674 non
1411 4620 1638 4673 molliter
1654 4620 1769 4688 plus
1795 4637 1952 4690 quam
1981 4623 2062 4678 fas

473 4717 544 4771 sit
565 4728 748 4783 agens,
783 4721 838 4766 ιιι
861 4729 979 4778 nos,
1011 4711 1104 4766 sed
1132 4726 1346 4765 omnem
1366 4711 1431 4765 ab
1458 4711 1562 4765 illis
1588 4711 1915 4779 diligentiam
1947 4716 2060 4768 cxi-

473 4818 623 4876 gens.
659 4804 793 4858 Nam
823 4803 909 4872 qui
934 4817 1031 4870 pro
1059 4801 1284 4857 occultis
1310 4802 1630 4856 sacriﬁcium
1665 4803 1940 4869 offerebat,
1969 4821 2058 4859 co-

469 4899 576 4966 gita
622 4910 780 4964 quam
829 4901 1020 4947 exacte
1062 4892 1129 4945 de
1169 4892 1467 4946 manifestis
1502 4892 1786 4961 judicaret.
1834 4894 1982 4959 Quod
2013 4897 2058 4950 si

473 4988 605 5041 velis
634 4985 747 5054 cjns
776 4983 843 5037 de
875 4984 1116 5036 castitate
1155 4996 1429 5036 sermones
1455 4983 1642 5036 audire
1668 5025 1681 5048 ,
1735 4983 1855 5036 audi
1909 4986 2055 5039 illum

473 5082 736 5135 dicentem
765 5097 775 5130 :
801 5077 983 5146 Pepigi
1013 5076 1175 5144 fwdus
1203 5092 1316 5127 cum
1338 5075 1496 5128 oculis
1534 5077 1675 5140 meis,
1711 5087 1762 5127 ut
1789 5094 1848 5129 ne
1870 5081 2056 5147 cogitn-

468 5188 572 5224 rcm
610 5170 812 5238 quidem
842 5167 903 5219 de
928 5169 1118 5236 virgine
1144 5165 1302 5233 (Ibid.
1334 5181 1378 5219 υ.
1415 5167 1434 5219 1
1533 5167 1733 5222 Idcirco
1772 5168 1918 5221 illum
1951 5187 2051 5223 non

469 5261 625 5330 fregit
653 5274 786 5312 uxor
819 5275 832 5309 :
858 5258 1004 5310 illam
1029 5257 1226 5327 quippe
1250 5266 1403 5309 antea
1435 5258 1665 5322 amabat,
1696 5266 1751 5311 et
1783 5273 1885 5312 non
1916 5260 2048 5312 ultra

470 5353 707 5415 modum,
731 5351 822 5404 sed
845 5361 902 5403 ut
919 5350 1166 5404 convenit
1186 5364 1405 5402 uxorem
1430 5350 1669 5419 diligere.
1695 5352 2049 5418 Quamobrem

469 5443 596 5497 mihi
623 5442 802 5495 mirari
843 5441 1003 5504 subit,
1039 5456 1130 5494 cur
1162 5441 1210 5493 in
1245 5456 1478 5493 nmmum
1514 5442 1776 5496 induxerit
1805 5444 2050 5498 diabolus

526 5585 540 5614 ¹
576 5582 692 5638 Alii,
718 5581 1024 5643 cupiditatem
1050 5596 1250 5632 onmem.

527 5644 594 5700 (ni
637 5646 712 5690 lic
755 5643 1154 5706 penlatltlosive
1199 5647 1518 5706 quinquertio
1569 5653 1726 5697 actum
1778 5653 1854 5696 est
1897 5649 2037 5698 Anti~

467 5709 666 5770 quitatis
707 5707 982 5766 explanatis
1009 5705 1060 5753 Τ.
1093 5705 1148 5764 γ,
1178 5707 1208 5754 1.
1247 5709 1291 5766 5,
1323 5705 1366 5767 p.
1407 5707 1511 5755 291.

1229 307 1284 360 5.
1325 303 1601 360 JOANNIS
1629 295 2102 356 CHRYSOSTOMI
2158 296 2473 352 AliClllEP.
2509 299 3047 356 ΕΟΝΒΤΑΝῊΧΟΡ.

3670 307 3774 363 596

2182 418 2478 471 certamina
2507 429 2691 473 contra
2717 420 2889 483 ipsum
2914 434 3151 486 movere,
3177 420 3265 490 qui
3293 421 3409 490 ejus
3439 424 3775 478 exercitatiov

2183 521 2277 562 nes
2313 519 2560 564 noverat.
2602 511 2710 564 Cur
2737 526 2864 580 ergo
2892 511 2942 564 id
2981 512 3054 565 illi
3085 511 3138 566 in
3167 521 3402 568 mentem
3429 515 3617 568 venit?
3644 515 3775 569 Mala

2180 609 2263 654 est
2307 600 2476 655 bestia
2523 617 2621 657 nec
2647 618 2901 673 umquam
2939 604 3230 674 desperat;
3261 605 3314 660 id
3343 606 3482 676 quod
3510 619 3659 661 certe
3684 623 3779 662 nos

2183 693 2413 748 maxime
2440 694 2697 759 damnat,
2746 694 2886 765 quod
2915 710 3037 750 cum
3083 697 3174 753 ille
3206 713 3496 770 numquam
3526 698 3780 768 desperet

2182 786 2248 840 de
2271 786 2504 855 pernicie
2535 788 2688 842 nobis
2728 787 3002 843 inferenda
3029 831 3044 855 ,
3073 804 3171 844 nos
3196 788 3555 862 desperemus
3583 790 3650 845 de
3673 807 3773 844 no-

2181 888 2291 932 stra
2314 878 2504 933 salute.
2535 878 2642 934 Sed
2668 878 2786 934 vide
2816 880 2977 936 etiam
3020 881 3289 951 quomodo
3319 885 3564 953 corporis
3604 884 3779 938 labem

2181 979 2236 1022 et
2260 971 2462 1023 saniem
2484 979 2608 1025 ante
2630 969 2918 1027 meditatus
2937 973 3026 1027 sit.
3051 973 3185 1039 Quia
3208 973 3351 1028 enim
3375 975 3506 1030 nihil
3523 989 3780 1045 umquam

2184 1059 2288 1114 tale
2311 1074 2501 1130 passus
2531 1060 2722 1124 fuerat,
2764 1060 2858 1116 sed
2886 1063 2937 1116 in
2965 1063 3184 1128 divitiis,
3215 1061 3487 1133 voluptate
3512 1079 3576 1118 ac
3596 1064 3785 1133 splen-

2180 1141 2311 1206 dore
2349 1151 2508 1205 vitam
2538 1159 2891 1220 transegerat,
2945 1153 3149 1209 alienas
3179 1155 3513 1209 calamitates
3535 1153 3783 1223 quotidie

2180 1243 2360 1298 animo
2387 1243 2654 1298 versabat.
2706 1243 2774 1298 Et
2802 1244 2906 1298 hoc
2925 1244 3210 1300 declarans
3239 1245 3454 1301 dicebat
3485 1264 3497 1299 :
3529 1245 3672 1300 Nam
3718 1248 3784 1298 ti-

2179 1348 2310 1397 mor,
2339 1350 2487 1401 quem
2537 1333 2789 1400 timebam,
2821 1339 2982 1389 evenit
3019 1338 3162 1400 milii,
3191 1346 3239 1390 et
3264 1354 3412 1407 quem
3435 1337 3780 1405 trepidabant,

2180 1427 2396 1480 occurrit
2417 1427 2541 1481 mihi
2577 1426 2696 1496 (Job
2725 1429 2778 1482 5.
2807 1427 2876 1483 25
2899 1431 2936 1496 ).
2972 1431 3038 1483 Et
3063 1444 3248 1484 rursus
3280 1449 3294 1482 :
3322 1429 3431 1500 Ego
3463 1447 3580 1482 vero
3623 1447 3783 1499 super

2180 1519 2316 1572 omni
2343 1519 2594 1573 imbecillo
2633 1520 2828 1588 ploravi
2847 1561 2859 1581 ,
2890 1530 2936 1573 et
2964 1521 3185 1590 ingemui
3219 1521 3395 1574 videns
3423 1522 3583 1574 uirum
3606 1522 3659 1574 in
3691 1538 3784 1574 ne-

2180 1611 2491 1669 cessitatibus
2535 1610 2662 1681 (Id.
2698 1612 2785 1666 50.
2813 1612 2883 1665 25
2904 1611 2944 1681 ).
2982 1611 3107 1666 Ideo
3132 1613 3274 1666 nulla
3301 1628 3367 1667 ex
3395 1612 3498 1667 illis
3525 1613 3786 1666 intolera-

2181 1704 2379 1760 bilibus
2404 1702 2798 1758 calamitatibus
2849 1703 2998 1756 illum
3028 1703 3392 1770 perturbabat.
3423 1701 3501 1755 Ne
3529 1702 3658 1755 mihi
3690 1718 3784 1756 rc-

2180 1796 2373 1866 Spicias
2425 1795 2768 1864 pecuniarum
2815 1797 3077 1862 jacturam
3109 1836 3123 1860 ,
3178 1794 3408 1849 ﬁliorum
3474 1796 3782 1858 interitum,

2127 1872 2142 1886 ’
2180 1890 2390 1959 plagam
2440 1887 2585 1942 illam
2615 1886 2960 1947 incurabilem
2984 1928 2996 1950 ,
3034 1887 3216 1941 uxoris
3263 1886 3522 1950 insidias;
3555 1886 3648 1940 sed
3697 1886 3786 1939 his

2181 1981 2337 2049 longe
2359 1979 2625 2050 graviora.
2653 1978 2722 2032 Et
2741 1979 2865 2048 quid
2887 1977 3126 2047 gravius,
3158 1976 3386 2047 inquies,
3411 1977 3510 2032 Job
3534 1979 3742 2044 accepit
3759 1981 3786 2029 τ

2185 2071 2255 2126 ab
2284 2070 2505 2124 historia
2534 2079 2683 2124 certe
2709 2070 2838 2125 nihil
2869 2069 3016 2126 aliud
3042 2069 3320 2124 discimus.
3354 2069 3485 2134 Quia
3510 2069 3778 2123 dormita-

2183 2176 2300 2214 mus
2328 2201 2343 2225 ,
2374 2175 2479 2214 non
2509 2160 2764 2214 discimus
2815 2177 2828 2212 :
2861 2161 2952 2213 sed
3002 2160 3092 2229 qui
3123 2161 3408 2230 diligenter
3435 2160 3703 2229 esplorat,
3727 2171 3786 2213 et

2181 2253 2519 2322 margaritam
2544 2252 2710 2323 probe
2736 2251 2945 2321 qua-rit,
2982 2251 3146 2305 multo
3165 2251 3314 2320 plura
3334 2251 3486 2306 sciet.
3517 2250 3782 2306 Graviora

2182 2344 2400 2415 quippe,
2431 2358 2549 2413 quae
2591 2343 2848 2411 majorem
2891 2341 3347 2412 perturbationem
3379 2340 3578 2395 inferre
3625 2351 3782 2411 pote-

2184 2446 2324 2501 rant,
2355 2434 2460 2488 alia
2503 2443 2679 2488 erant.
2713 2433 2915 2496 Primo,
2943 2433 3083 2502 quod
3125 2433 3254 2487 nihil
3301 2434 3465 2487 sciret
3511 2432 3580 2487 de
3611 2449 3782 2501 regno

2182 2536 2436 2581 etetorum
2468 2536 2521 2581 et
2548 2528 2614 2580 de
2649 2526 3044 2580 resurrectione
3071 2525 3146 2596 (α)
3183 2525 3361 2594 :quod
3393 2527 3552 2581 etiam
3585 2527 3776 2596 lugens

2181 2617 2390 2673 dicebat
2419 2636 2432 2671 :
2463 2615 2586 2671 Non
2640 2618 2772 2670 enim
2801 2617 2854 2669 in
2883 2627 3126 2670 internum
3156 2615 3341 2684 vivam,
3373 2630 3427 2670 ut
3469 2619 3780 2688 longauiniis

2183 2711 2278 2763 sim
2307 2708 2430 2778 (Id.
2472 2711 2524 2762 7.
2563 2708 2690 2779 16).
2730 2708 3000 2776 Secundo,
3039 2708 3181 2777 quod
3221 2710 3513 2764 multorum
3541 2710 3643 2764 sibi
3677 2709 3779 2762 bo-

2184 2817 2374 2857 norum
2402 2800 2648 2856 conscius
2669 2812 2830 2855 esset.
2857 2801 3058 2856 Tertio.
3091 2800 3230 2871 quod
3261 2802 3457 2856 nullius
3480 2813 3624 2857 esset
3641 2817 3778 2856 con-

2184 2893 2324 2947 scins
2352 2891 2498 2945 mali.
2529 2892 2752 2957 Quarto,
2777 2892 2920 2960 quod
2961 2892 3060 2944 sibi
3092 2907 3121 2944 a
3165 2892 3272 2946 Deo
3301 2902 3515 2963 putaret
3545 2894 3659 2946 haec
3693 2895 3778 2948 in-

2184 2982 2310 3036 ferri
2334 2982 2469 3035 mala
2497 3000 2509 3035 :
2555 2981 2696 3051 quod
2729 2983 2770 3036 si
2798 2983 2957 3036 etiam
2995 2997 3024 3034 a
3057 2981 3273 3036 diabolo
3298 3023 3311 3047 ,
3341 2984 3441 3037 hoc
3469 2983 3542 3037 illi
3571 2995 3780 3054 poterat

2184 3073 2506 3128 otl‘endiculo
2552 3087 2688 3127 esse.
2736 3073 2962 3138 Quinto,
2997 3074 3135 3142 quod
3163 3073 3372 3128 audiret
3391 3075 3594 3130 amicos
3625 3090 3683 3130 se
3710 3075 3782 3130 de

2184 3165 2418 3234 nequitia
2446 3166 2750 3218 incusantes
2775 3179 2787 3215 :
2815 3163 2936 3217 Non
2974 3161 3106 3224 enim
3141 3165 3418 3235 condignas
3443 3206 3456 3229 ,
3487 3165 3776 3237 dicebant,

2183 3256 2400 3326 peccatis
2422 3258 2520 3310 tuis
2538 3257 2717 3325 plagas
2735 3256 2922 3324 accipis
2944 3254 3054 3324 (Id.
3083 3257 3165 3319 11.
3197 3259 3228 3310 6
3254 3258 3292 3326 ).
3334 3257 3520 3323 Sexto,
3549 3261 3692 3328 quod
3725 3262 3778 3314 in

2183 3347 2414 3418 nequitia
2427 3347 2663 3402 viventes
2680 3345 2881 3400 videret
2899 3361 3152 3417 prospere
3168 3362 3349 3417 agere,
3363 3358 3416 3403 et
3428 3365 3485 3404 se
3504 3349 3776 3405 deridere.

2181 3439 2442 3506 Septimo,
2457 3436 2596 3505 quod
2620 3437 2885 3489 neminem
2901 3436 3105 3490 videret
3123 3439 3241 3490 talia
3263 3454 3515 3508 umquam
3536 3455 3774 3510 passum.

2254 3529 2308 3585 7.
2338 3525 2420 3580 Ex
2442 3526 2716 3608 ptuillitate
2739 3536 2908 3580 nostra
2929 3537 3172 3595 quantum
3205 3529 3466 3598 splendeat
3485 3529 3605 3584 Jobi
3628 3535 3780 3602 {orti-

2183 3618 2322 3672 tudo.
2353 3647 2425 3656 —
2454 3617 2521 3671 Et
2540 3617 2584 3670 si
2612 3616 2821 3671 discere
2854 3616 2985 3669 velis
3011 3626 3208 3686 quanta
3235 3618 3350 3673 haec
3378 3621 3506 3686 sint,
3529 3635 3775 3690 praesen-

2181 3712 2252 3764 tia
2280 3709 2581 3766 considera.
2613 3709 2744 3764 Nam
2775 3710 2817 3762 si
2851 3725 2993 3764 nunc
3020 3751 3036 3776 ,
3065 3725 3188 3764 cum
3219 3726 3440 3782 regnum
3483 3726 3774 3783 “Specta-

2181 3815 2282 3873 tur,
2309 3821 2430 3860 cum
2476 3806 2796 3860 resurrectio
2822 3814 3085 3876 speratur,
3117 3822 3324 3862 necnon
3362 3807 3652 3864 ineffabilia
3683 3811 3774 3866 illa

2177 3901 2334 3964 bona,
2362 3916 2482 3954 eum
2515 3899 2772 3953 malorum
2804 3899 2948 3953 mille
2976 3899 3128 3953 nobis
3157 3900 3358 3958 conscii
3390 3916 3578 3956 sumus
3603 3944 3617 3967 ,
3648 3917 3774 3959 cum

2176 4002 2253 4048 tot
2280 3994 2540 4048 habemus
2566 3990 2811 4059 exempla
2835 4031 2849 4053 ,
2881 3998 2936 4043 et
2973 3998 3171 4044 tantam
3205 3999 3492 4047 tractamus
3522 3993 3772 4061 philoso-

2175 4086 2379 4155 phiam,
2409 4085 2453 4138 si
2480 4083 2693 4152 quidam
2722 4099 2786 4137 ex
2829 4082 2986 4136 nobis
3017 4083 3229 4152 paulum
3261 4086 3375 4139 auri
3400 4086 3769 4154 perdiderint,

2177 4192 2320 4246 saepe
2339 4179 2522 4247 rapina
2549 4185 2774 4245 partum,
2804 4191 2912 4229 non
2941 4177 3157 4232 vitalem
3183 4177 3283 4231 sibi
3311 4177 3470 4233 vitam
3499 4195 3624 4235 esse
3647 4183 3772 4236 exi-

2175 4269 2428 4332 stimant;
2462 4283 2565 4323 non
2602 4277 2823 4337 urgente
2861 4283 3027 4322 uxore
3051 4309 3065 4334 ,
3117 4283 3223 4322 non
3277 4269 3512 4338 abreptis
3559 4271 3767 4339 liberis,

2176 4376 2279 4418 non
2303 4361 2487 4416 amicis
2515 4359 2962 4430 exprobrantibus
2985 4399 2999 4421 ,
3030 4375 3135 4414 non
3161 4358 3472 4416 domesticis
3500 4361 3770 4417 insultan'

2175 4455 2346 4516 tibus;
2378 4454 2470 4509 sed
2520 4454 2700 4507 multis
2747 4453 2918 4520 ipsum
2949 4453 3374 4520 consolantibus,
3403 4454 3521 4510 sive
3548 4455 3765 4520 verbis,

2173 4545 2284 4599 sive
2309 4546 2463 4600 rebus
2482 4545 2637 4613 ipsis:
2664 4543 3325 4613 quotcoronisdignusille
3348 4559 3454 4600 non
3476 4544 3657 4611 fuerit,
3678 4549 3768 4616 qui

2167 4636 2326 4705 justis
2369 4635 2586 4689 collecta
2635 4635 2734 4688 sibi
2766 4634 3038 4688 laboribus
3058 4634 3190 4687 vidit
3215 4635 3332 4688 sine
3358 4649 3518 4688 causa
3546 4636 3722 4705 abripi
3748 4679 3763 4701 ,

2168 4738 2222 4782 et
2246 4735 2365 4796 post
2405 4726 2492 4779 illa
2523 4726 2700 4786 omnia
2726 4724 2874 4780 mille
2901 4726 3256 4780 tentationum
3281 4741 3478 4795 genera
3504 4738 3763 4797 expertus

2168 4828 2273 4889 est,
2306 4833 2623 4889 semperque
2666 4827 2840 4871 tamen
2877 4820 3131 4871 immotus
3171 4819 3390 4883 mansit,
3446 4829 3500 4873 et
3545 4820 3762 4877 debitas

2167 4911 2267 4965 hac
2288 4911 2356 4965 de
2385 4928 2442 4965 re
2467 4913 2754 4981 gratiarum
2778 4914 3018 4965 actiones
3043 4911 3266 4966 Domino
3288 4912 3470 4967 retulit
3493 4914 3760 4969 ?Etiamsi

2166 5005 2305 5059 enim
2339 5005 2512 5058 nullus
2541 5005 2676 5057 alius
2708 5003 2807 5072 ipsi
2859 5003 3047 5058 fuisset
3091 5004 3363 5072 loquutus,
3420 5007 3606 5060 uxoris
3639 5016 3759 5060 tan-

2166 5108 2275 5152 tum
2303 5095 2459 5149 verba
2493 5105 2736 5163 poterant
2768 5095 2852 5148 vel
2885 5104 3063 5162 petras
3097 5109 3456 5150 commovere.
3490 5096 3625 5151 \‘ide
3659 5100 3756 5167 igi-

2161 5189 2404 5243 turillius
2434 5189 2703 5244 astutiam.
2733 5186 2850 5243 Non
2876 5197 3139 5242 memorat
3164 5187 3400 5252 divitias,
3433 5204 3539 5243 non
3573 5205 3758 5243 came-

2159 5285 2260 5349 los,
2290 5297 2395 5336 non
2426 5296 2612 5350 greges
2634 5324 2647 5345 ,
2677 5297 2782 5334 non
2827 5291 3068 5335 armenta
3113 5281 3334 5351 (sciebat
3364 5282 3508 5335 enim
3542 5285 3641 5337 viri
3673 5287 3752 5339 Sui

2159 5376 2240 5430 his
2269 5377 2319 5428 in
2341 5375 2501 5429 rebus
2524 5373 2912 5442 phil050phiam
2937 5375 2986 5443 ),
3020 5373 3112 5427 sed
3153 5373 3293 5443 quod
3315 5375 3564 5430 acerbius
3615 5390 3750 5442 erat,

2160 5466 2384 5519 liliorum
2415 5465 2708 5530 interitum,
2737 5465 3155 5536 tragmdiamque
3182 5455 3446 5531 extendit,
3475 5479 3639 5536 atque
3657 5485 3749 5522 sua

2218 5601 2289 5656 (α)
2323 5598 2451 5655 Quod
2487 5598 2602 5648 dicit
2641 5599 3035 5662 Chrysostomus,
3069 5601 3240 5649 .tohum
3273 5600 3336 5650 de
3383 5615 3749 5653 resnrt'ectton:

2154 5662 2269 5729 nihil
2310 5676 2527 5721 novisse,
2568 5675 2662 5711 non
2702 5672 2931 5710 Consonat
2977 5676 3084 5712 cum
3125 5662 3312 5725 vulgari
3349 5666 3605 5716 doctorum
3645 5680 3750 5726 Opt-

2153 5737 2316 5773 liiUllC.
