4076 6436
314 394 414 449 397

311 499 533 556 addidit.
557 497 713 567 Quod
739 496 782 551 si
812 496 897 559 iis,
921 494 1013 564 qui
1042 506 1298 564 prospere
1322 506 1436 546 rem
1467 488 1714 559 agebant,
1748 484 1913 542 nihil-

312 606 418 659 que
453 588 720 661 ingratum
750 584 1104 657 patiebantur,
1140 583 1305 637 multa
1327 596 1471 652 szrpe
1499 595 1694 635 uxores
1722 592 1911 633 suase-

315 689 485 735 runt:
529 679 705 749 cogita
736 692 895 745 quam
951 685 1168 730 strenua
1225 674 1309 729 illa
1358 683 1502 728 esset
1547 672 1749 735 anima,
1791 685 1911 740 quae

317 784 537 825 uxorem
570 776 647 822 tot
667 766 832 820 armis
858 766 1170 821 instructam
1200 764 1373 833 potuit
1398 762 1677 831 repellere,
1702 771 1755 817 ct
1776 762 1913 815 duos

314 861 608 916 acerrimos
632 856 855 912 affectus
880 856 1125 920 calcavit,
1154 855 1502 924 cupiditatem
1531 862 1588 909 et
1607 853 1911 907 misericors

274 1015 280 1020 ,
312 951 475 1005 diam.
505 949 653 1003 Multi
678 949 821 1003 enim
848 949 940 1018 qui
970 947 1465 1016 concupiscentiam
1508 947 1775 1011 vicerant,
1810 944 1912 999 mi-

311 1039 606 1096 sericordia
635 1038 821 1094 inﬂexi
872 1047 1018 1094 sunt.
1050 1036 1185 1092 Nam
1234 1037 1557 1092 fortissimus
1586 1036 1676 1091 ille
1704 1034 1908 1106 Ioseph

315 1132 638 1201 voluptatem
670 1131 817 1187 illam
861 1130 1193 1201 tyrannicam
1243 1129 1490 1195 calcavit,
1517 1139 1574 1184 et
1615 1128 1905 1184 barbaram

314 1221 457 1275 illam
486 1220 766 1275 mulierem
810 1220 1007 1275 multas
1034 1218 1411 1275 admoventem
1435 1218 1713 1274 machinas
1749 1231 1912 1288 repu-

314 1311 394 1377 lit,
422 1312 689 1383 lacrymas
718 1326 850 1366 vero
902 1312 1185 1366 continere
1212 1326 1319 1365 non
1348 1311 1540 1380 potuit,
1571 1310 1667 1365 sed
1720 1308 1911 1363 videns

314 1405 505 1459 fratres
534 1419 662 1459 suos
708 1405 801 1475 qui
849 1418 1032 1458 secum
1086 1404 1267 1473 inique
1294 1411 1536 1471 egerant,
1570 1402 1672 1456 hoc
1717 1399 1911 1455 alfectu

310 1504 497 1563 captus
523 1502 623 1559 est,
658 1504 713 1548 et
742 1496 946 1549 vultum
965 1494 1071 1548 cito
1097 1494 1348 1565 lacrymis
1376 1494 1645 1563 Operiens,
1678 1508 1792 1547 rem
1823 1499 1909 1545 to-

312 1594 420 1640 tam
468 1585 739 1655 patefecit.
769 1585 903 1639 Cum
934 1595 1114 1638 autem
1162 1593 1217 1638 et
1264 1599 1397 1638 uxor
1418 1591 1525 1648 est,
1563 1583 1910 1638 commisera-

309 1680 460 1733 tione
484 1678 646 1748 digna
678 1676 941 1740 referens,
992 1692 1154 1746 quam
1186 1685 1485 1745 opportune
1512 1677 1704 1744 juvant
1747 1677 1909 1730 etiam

307 1778 557 1839 tempus,
585 1768 807 1822 vulnera
831 1809 846 1833 ,
876 1768 1075 1837 plagae,
1107 1776 1163 1820 et
1206 1766 1351 1821 mille
1382 1768 1747 1820 calamitatum
1799 1764 1905 1817 Ilu-

306 1873 427 1915 ctus
456 1877 471 1914 :
498 1874 605 1928 quo
633 1868 789 1929 pacto
814 1875 919 1912 non
946 1858 1068 1927 jure
1096 1857 1301 1912 dixeris
1325 1859 1561 1911 animam
1593 1871 1714 1925 quae
1737 1871 1909 1927 gene—

307 1970 432 2009 rose
453 1962 653 2008 tantum
686 1952 790 2008 fert
817 1962 1189 2022 tempestatem
1210 1993 1225 2010 ,
1253 1966 1375 2005 esse
1394 1950 1678 2005 adamante
1700 1950 1910 2004 firmio-

307 2046 461 2101 rem?
490 2046 669 2099 Liceat
698 2043 827 2098 mihi
865 2043 1048 2100 dicere
1084 2044 1280 2109 vobis,
1313 2043 1528 2098 beatum
1552 2043 1697 2096 illum
1725 2042 1769 2095 si
1801 2057 1907 2095 non

306 2140 589 2209 majorem,
615 2152 719 2193 non
740 2137 1161 2192 minoremcerte
1176 2137 1306 2205 ipsis
1318 2134 1576 2204 apostolis
1594 2133 1776 2189 fuisse.
1796 2132 1905 2189 Illis

306 2246 539 2301 namque
558 2231 856 2285 conSolatio
880 2238 1018 2295 erat,
1047 2229 1189 2300 quod
1221 2237 1437 2299 propter
1463 2227 1733 2283 Christum
1759 2238 1907 2296 pate-

305 2333 494 2379 rentur
512 2342 527 2377 :
546 2334 598 2377 et
617 2324 717 2378 hoc
737 2324 989 2378 idoneum
1011 2331 1128 2376 erat
1154 2321 1448 2376 remedium
1462 2320 1602 2391 quod
1622 2320 1741 2374 illos
1767 2335 1905 2389 quo-

305 2414 433 2470 tidie
453 2415 685 2484 erigeret
700 2414 859 2484 ,quod
875 2414 1035 2467 etiam
1056 2413 1251 2481 ubique
1269 2412 1600 2481 pmpnnebat
1621 2410 1901 2476 Dominus,

306 2506 529 2577 Propter
553 2522 633 2560 me
658 2547 675 2572 ,
706 2506 888 2559 dicens
911 2548 925 2569 ,
951 2514 1007 2560 et
1031 2547 1044 2568 ,
1070 2504 1133 2559 Si
1156 2520 1235 2556 me
1254 2502 1676 2573 patremfamilias
1708 2499 1904 2554 Beelze-

302 2600 398 2653 bub
413 2609 715 2653 vomuerunt
731 2597 945 2669 (Matth.
968 2598 1053 2653 10.
1075 2596 1187 2668 25).
1208 2597 1304 2651 Ille
1322 2612 1446 2649 vero
1464 2596 1560 2648 ista
1576 2608 1773 2649 vacuus
1789 2602 1905 2647 erat

301 2690 673 2744 consolatione
694 2729 709 2753 ,
734 2704 834 2743 nec
865 2705 970 2742 non
999 2688 1089 2742 illa
1116 2702 1234 2757 qua:
1264 2702 1328 2740 ex
1359 2686 1543 2756 signis,
1574 2684 1661 2738 vel
1689 2699 1807 2753 qua:
1835 2698 1901 2737 ex

300 2781 469 2850 gratia
496 2780 952 2850 proficiscebatur.
980 2778 1164 2847 Neque
1190 2778 1331 2831 enim
1361 2787 1566 2831 tantam
1588 2775 1771 2829 habuit
1794 2776 1900 2829 vim

302 2869 555 2939 Spiritus.
576 2869 838 2938 Quodque
860 2870 1031 2938 majus
1056 2878 1159 2931 est,
1182 2868 1235 2921 in
1262 2866 1473 2921 deliciis
1495 2866 1679 2920 multis
1694 2864 1895 2920 educa-

303 2971 407 3024 tus,
434 2976 543 3015 non
563 2975 629 3015 ex
659 2961 1005 3031 piscatorum,
1039 2960 1125 3015 vel
1153 2958 1582 3027 publicanorum,
1603 2955 1685 3009 vel
1715 2954 1897 3007 vilium

302 3066 651 3121 personarum
680 3065 905 3104 numero
925 3058 1061 3112 erat,
1092 3049 1185 3102 sed
1214 3063 1336 3103 cum
1363 3056 1571 3101 tantum
1598 3060 1899 3114 consequu-

303 3152 387 3194 tus
415 3141 602 3195 fuisset
629 3140 911 3204 honorem,
956 3138 1073 3193 htnc
1102 3137 1421 3206 patiebatur.
1452 3132 1711 3206 Quodque
1757 3134 1897 3205 apud

1235 380 1308 437 IN
1346 374 1756 436 MAT’I‘IIEUII
1796 368 2030 430 HOMIL.
2069 370 2316 433 XXXIV,
2353 373 2424 428 al.
2466 372 2691 431 XXXV.

3504 378 3610 439 398

2009 485 2284 556 apostolos
2321 487 2606 543 onemsius
2658 486 2872 543 videtur
2920 486 3121 554 fuisse,
3147 489 3202 549 id
3252 490 3344 545 ille
3398 506 3614 565 quoque

2008 575 2285 644 sustinuit,
2314 578 2383 634 ab
2428 578 2641 640 amicis.
2674 593 2705 632 a
2751 577 3084 648 domesticis,
3117 580 3187 635 ab
3218 580 3452 637 inimicis
3485 584 3615 642 odio

2011 668 2248 734 habitus,
2280 684 2489 726 necnon
2522 671 2590 727 ab
2622 672 2688 727 iis
2730 673 2928 742 quibus
2977 674 3116 731 bene
3151 677 3375 744 fecerat,
3407 691 3509 734 nec
3538 687 3618 735 ta-

2010 777 2132 816 men
2181 762 2272 816 ille
2317 777 2528 818 sacram
2555 778 2833 831 ancoram,
2866 774 2923 820 et
2968 767 3320 837 tranquillum
3370 781 3612 840 portum.

2008 868 2202 923 nempe
2224 854 2328 909 hoc
2348 854 2491 925 quod
2514 855 2775 924 apostolis
2797 856 3000 911 dictum
3028 859 3229 924 fuerat,
3260 859 3482 929 Propter
3509 878 3611 925 me.

2008 945 2191 1001 videre
2219 948 2414 1015 pomit.
2442 946 2604 1002 Miror
2629 949 2791 1003 etiam
2823 955 2933 1004 tres
2962 963 3182 1019 pueros.
3212 954 3302 1020 qui
3329 950 3613 1007 fornacem

2008 1038 2219 1101 fortiter
2247 1038 2566 1108 adierunt‘,
2596 1040 2688 1107 qui
2713 1051 2947 1112 tyranno
2978 1042 3320 1097 resisterant.
3348 1041 3453 1099 Sed
3487 1043 3613 1101 andi

2003 1127 2130 1198 quid
2161 1128 2338 1183 dicant
2367 1146 2380 1182 :
2407 1128 2545 1185 Deos
2573 1139 2687 1184 tuos
2717 1147 2823 1190 non
2848 1130 3088 1195 colimus,
3113 1141 3161 1187 et
3182 1141 3410 1185 statuam
3442 1146 3608 1199 tuam,

2002 1235 2158 1289 quam
2183 1220 2407 1285 erexisti,
2438 1237 2543 1276 non
2562 1222 2844 1277 adoramus
2869 1222 3034 1295 (Dan.
3070 1225 3125 1279 3.
3160 1224 3271 1291 18).
3307 1224 3458 1291 Quod
3482 1206 3614 1294 ipsis

2003 1325 2194 1380 magna
2245 1322 2365 1366 erat
2414 1315 2749 1378 consolatio,
2784 1316 2928 1383 quod
2961 1315 3131 1383 probe
3158 1319 3363 1371 scirent
3390 1332 3451 1373 se
3483 1334 3614 1387 pro-

2004 1412 2122 1469 pter
2153 1403 2317 1457 Deum
2348 1404 2531 1458 omnia
2564 1404 2695 1473 pati.
2728 1406 2826 1460 llic
2854 1422 2988 1462 vero
3016 1407 3312 1473 nesciebat,
3343 1409 3458 1463 lucc
3487 1424 3613 1466 esse

2001 1494 2297 1547 certamina
2313 1504 2367 1547 et
2382 1495 2579 1550 luctam
2598 1512 2615 1561 ;
2638 1495 2686 1551 si
2706 1499 2852 1552 enim
2869 1498 3142 1567 scivisset,
3160 1501 3428 1557 malorum
3446 1518 3614 1559 sensu

2003 1599 2107 1638 non
2141 1586 2211 1638 ita
2243 1585 2467 1641 aﬂ'ecws
2497 1586 2706 1642 fuisset.
2747 1590 2885 1645 Cum
2916 1606 3048 1661 ergo
3089 1592 3360 1663 audisset,
3394 1594 3473 1648 An
3502 1596 3611 1651 alia

2001 1678 2199 1730 ratione
2228 1695 2307 1731 me
2340 1686 2494 1748 putas
2535 1681 2626 1733 tibi
2652 1683 3000 1749 respondisse,
3042 1700 3195 1753 quam
3228 1697 3282 1740 ut
3303 1688 3482 1758 justus
3510 1704 3610 1756 op-

2000 1784 2202 1834 pareret
2232 1766 2377 1837 (Job.
2400 1770 2492 1826 40.
2520 1770 2615 1841 3)?
2646 1773 3018 1829 animadverte
3044 1777 3280 1843 qualiter
3303 1779 3613 1847 respirave-

1998 1859 2089 1921 rit,
2119 1860 2218 1913 hac
2246 1861 2481 1929 simplici
2513 1865 2696 1919 audita
2752 1880 2905 1932 voce,
2931 1883 3093 1935 quam
3127 1871 3366 1939 seipsum
3412 1870 3615 1942 despe-

1996 1951 2174 2004 xerit:
2200 1953 2473 2020 quomodo
2514 1970 2580 2008 ne
2622 1970 2843 2023 passum
2895 1959 3114 2027 quidem
3146 1976 3207 2017 se
3242 1964 3512 2030 putaverit
3540 1978 3606 2018 ea

1994 2054 2116 2107 qua:
2145 2054 2335 2109 passus
2355 2053 2525 2107 esset,
2551 2043 2667 2100 hate
2687 2044 2910 2101 dicens:
2932 2046 3038 2103 Cur
3061 2048 3231 2103 adhuc
3256 2053 3486 2121 judicor.
3510 2055 3608 2106 ad-

1993 2134 2219 2185 monitus
2257 2142 2306 2187 et
2349 2136 2661 2208 redurgutus
2690 2155 2722 2190 a
2774 2139 3019 2204 Domino,
3054 2158 3172 2196 cum
3220 2142 3331 2197 luto
3369 2145 3605 2211 audiam,

1991 2227 2082 2289 qui
2120 2226 2252 2279 nihil
2288 2229 2443 2282 sum?
2482 2230 2548 2282 Et
2579 2246 2794 2286 rursum
2827 2250 2840 2285 :
2872 2235 3068 2287 Audita
3098 2236 3306 2305 quidem
3336 2240 3481 2291 auris
3507 2255 3608 2291 ast-

1993 2315 2191 2370 diebam
2236 2327 2284 2369 te
2330 2318 2516 2386 prius:
2548 2338 2689 2375 nunc
2733 2334 2903 2378 autem
2943 2325 3125 2380 oculus
3170 2343 3313 2381 meus
3344 2330 3474 2384 videt
3513 2340 3605 2385 te:

1988 2420 2301 2478 quapropter
2349 2410 2501 2463 nihili
2550 2412 2688 2480 facio
2716 2416 2993 2484 meipsum,
3031 2418 3077 2470 et
3110 2418 3424 2486 liquefactus
3452 2435 3603 2473 sum:

1988 2498 2288 2566 extimaque
2318 2502 2569 2570 meipsum
2615 2517 2809 2559 terram
2833 2514 2882 2559 el
2914 2507 3137 2561 linerem
3181 2506 3299 2582 (Job
3326 2508 3410 2566 42.
3433 2511 3492 2569 5,
3511 2508 3590 2575 6).

1990 2585 2101 2643 Nos
2123 2590 2307 2657 itaque
2331 2593 2421 2662 qui
2448 2602 2569 2662 post
2599 2595 2771 2666 legem
2790 2605 2842 2651 et
2861 2600 3090 2667 gratiam
3109 2614 3317 2665 sumus,
3340 2604 3479 2655 hanc
3504 2601 3605 2656 for-

1996 2681 2307 2749 titudinem,
2338 2687 2477 2739 hanc
2506 2689 2981 2743 mansaeludinem
3008 2691 3151 2744 illius
3183 2692 3482 2756 imitemur,
3507 2679 3602 2764 qui

1988 2784 2117 2829 ante
2145 2776 2321 2845 legem
2350 2786 2406 2833 et
2430 2782 2663 2857 gratiam
2688 2781 2808 2845 fuit,
2839 2792 2896 2836 ut
2917 2798 3038 2837 cum
3064 2784 3158 2837 il'o
3186 2796 3390 2839 :nterna
3422 2787 3603 2840 taber-

1988 2866 2178 2920 nacula
2196 2868 2601 2938 adipiscamur:
2626 2887 2747 2938 quae
2768 2873 2974 2927 utinam
2998 2888 3393 2951 consequamur
3412 2890 3607 2931 omnes

1987 2959 2161 3029 gratia
2191 2969 2246 3014 et
2277 2961 2607 3031 benignitate
2642 2964 2853 3017 Domini
2887 2966 3063 3019 nostri
3094 2965 3224 3020 Jesn
3255 2967 3484 3032 Christi,
3515 2968 3604 3024 cui

1985 3049 2157 3120 gloria
2186 3061 2241 3106 et
2268 3054 2594 3121 imperium,
2633 3056 2685 3109 in
2716 3056 2915 3111 saecula
2945 3058 3295 3114 sazculorum.
3328 3062 3527 3116 Anien.

2053 3143 2069 3171 ³
2107 3142 2221 3201 Alit,
2245 3150 2646 3206 contempserunt.

304 3261 3607 3293 MM“

1430 3347 1774 3408 HOMILIA
1818 3341 2081 3404 XXXIV.
2128 3342 2208 3405 al.
2251 3340 2493 3403 XXXV.

298 3499 427 3571 CAP.
450 3498 537 3551 10.
562 3513 622 3549 v:
642 3498 731 3552 2'5.
760 3495 886 3549 Cum
912 3505 1081 3549 autem
1106 3504 1465 3566 persequentur
1491 3510 1577 3547 vos
1604 3508 1665 3546 ea:
1692 3493 1786 3544 hac
1814 3490 1891 3543 ci-

369 3595 542 3654 vitate,
590 3590 753 3661 {ugite
804 3593 856 3643 in
893 3590 1069 3643 aliam.
1115 3590 1272 3641 Amen
1325 3588 1513 3657 quippe
1556 3586 1672 3640 dico
1716 3584 1887 3648 vobis,

368 3701 469 3737 non
497 3682 910 3737 consummabitis
945 3682 1167 3735 ciritates
1190 3679 1376 3746 Israel,
1407 3680 1567 3732 donec
1600 3680 1768 3733 veniat
1792 3674 1891 3730 Fi-

367 3777 465 3829 lius
482 3775 722 3829 hominis.

368 3909 422 3962 I.
455 3906 585 3961 Cum
618 3906 704 3961 illa
756 3903 1013 3959 terribilia
1057 3910 1114 3959 et
1162 3900 1426 3957 horrenda
1468 3898 1712 3964 dixisset,
1772 3910 1893 3966 quae

296 4004 519 4069 possent
542 3997 880 4050 adamantem
908 3995 1187 4063 frangere,
1219 4008 1341 4062 qua:
1371 4000 1490 4059 post
1515 4004 1729 4044 crucem
1754 4027 1770 4051 ,
1803 4001 1892 4041 re-

296 4089 686 4144 surrectionem
745 4096 800 4141 et
836 4087 1209 4140 ascensionem
1252 4082 1383 4152 ipsis
1412 4089 1668 4135 eventura
1713 4090 1887 4145 erant,

296 4195 602 4236 sermonem
631 4178 778 4233 ducit
802 4176 868 4231 ad
904 4175 1117 4231 mitiora
1140 4217 1155 4239 ,
1178 4175 1315 4229 dans
1340 4172 1555 4228 athletis
1580 4173 1693 4226 suis
1720 4172 1892 4238 respi-

297 4270 450 4325 randi
480 4272 655 4325 Iocum
684 4311 698 4334 ,
726 4270 1054 4338 multamque
1104 4268 1349 4337 praebens
1375 4265 1503 4335 ipsis
1534 4264 1895 4334 tranquilliu-

297 4368 427 4415 tcm.
456 4360 571 4415 Non
600 4360 745 4415 enim
766 4359 926 4429 jussit
949 4374 1073 4413 eum
1120 4355 1568 4428 persequentibus
1610 4355 1888 4424 congtedi,

298 4450 392 4505 sed
427 4449 632 4521 fugere.
665 4450 801 4518 Quia
854 4449 967 4503 haec
994 4448 1169 4502 adhuc
1204 4448 1350 4502 initia
1381 4458 1555 4513 erant,
1585 4462 1891 4502 sermonem

260 4554 263 4555 '
295 4556 456 4596 suum
485 4548 807 4610 attempt-rat
834 4552 887 4595 et
928 4540 1154 4609 mitigat.
1200 4539 1315 4594 Non
1357 4540 1589 4607 loquitur
1632 4539 1774 4594 enim
1807 4539 1893 4594 hic

295 4632 365 4687 de
387 4632 896 4701 persequutionibus
918 4646 1039 4701 quae
1076 4641 1261 4701 postea
1290 4630 1479 4685 futura:
1505 4641 1681 4695 erant,
1708 4632 1801 4685 sed
1822 4630 1893 4685 de

296 4722 405 4776 illis
447 4736 568 4790 quae
633 4736 849 4776 crucem
894 4732 949 4777 et
993 4724 1299 4797 passionem
1357 4736 1722 4793 prmeessere;
1789 4722 1893 4777 hoc

298 4813 442 4866 enim
491 4812 744 4867 indicavit
771 4828 894 4869 cum
926 4814 1060 4868 dixit
1090 4832 1101 4868 :
1139 4813 1261 4868 Non
1296 4816 1430 4869 enim
1476 4816 1890 4869 consummabilis

296 4898 526 4954 civitates
552 4899 741 4967 Israel,
787 4904 945 4958 donec
969 4905 1159 4959 venerit
1186 4903 1351 4960 Filius
1371 4907 1611 4960 hominis.
1639 4906 1715 4960 Ne
1743 4905 1893 4960 dice-

295 5000 419 5051 rent
446 4992 590 5048 enim
622 5010 635 5048 :
667 4994 803 5061 Quid
834 4996 879 5049 si
908 5006 1325 5066 persequutores
1376 5000 1639 5070 fugiamus
1663 5041 1679 5065 ,
1713 5009 1768 5053 et
1812 4999 1891 5054 illi

300 5098 397 5138 nos
427 5083 551 5137 inde
572 5086 732 5139 etiam
762 5087 1002 5154 pellant?
1028 5087 1169 5142 hunc
1186 5100 1384 5144 metum
1409 5091 1521 5158 ipse
1550 5092 1746 5146 tollens
1773 5091 1846 5147 ait
1876 5110 1889 5145 :

297 5174 415 5230 Non
436 5176 732 5232 circuibitis
758 5180 773 5209 ¹
810 5179 1147 5234 Palaestinam
1172 5193 1356 5246 tctam,
1388 5199 1507 5237 nam
1528 5198 1626 5253 ego
1654 5200 1748 5238 vos
1780 5193 1893 5238 sta-

300 5266 395 5321 tim
436 5268 717 5337 excipiam.
770 5270 834 5323 Et
879 5273 1152 5340 perpende
1195 5276 1465 5343 quomodo
1494 5291 1602 5329 non
1630 5276 1716 5329 hic
1756 5276 1895 5331 mala

302 5357 473 5423 tollat,
497 5359 588 5411 sed
616 5358 755 5413 adsit
782 5360 834 5413 in
857 5361 1129 5429 periculis.
1152 5361 1267 5417 Non
1298 5364 1433 5419 dixit
1462 5366 1626 5430 enim,
1656 5366 1763 5422 Vos
1790 5366 1895 5419 eri-

305 5448 467 5515 piam,
501 5458 556 5502 et
584 5453 1031 5520 persequutiones
1056 5454 1258 5508 solvam
1279 5473 1294 5512 ;
1319 5457 1411 5510 sed
1442 5458 1605 5526 quid?
1642 5455 1762 5511 Non
1781 5472 1895 5509 con-

302 5539 619 5593 smnmabitis
657 5542 880 5596 civitates
907 5542 1094 5610 Israel,
1125 5545 1285 5598 donec
1310 5548 1496 5600 venerit
1522 5546 1687 5600 Filius
1730 5547 1896 5599 Itami-

302 5628 397 5681 nis.
426 5629 568 5683 Satis
596 5631 739 5685 enim
769 5642 884 5687 orat
911 5632 979 5687 ad
1020 5636 1444 5693 consolationem
1474 5636 1683 5691 illorum
1706 5678 1720 5703 ,
1750 5636 1895 5706 quod

369 5758 383 5789 ³
424 5757 530 5822 alii,
554 5771 647 5813 non
671 5762 895 5816 timcbitis
918 5764 1284 5819 cit-cumcum“.

1989 3484 2139 3539 illum
2188 3483 2457 3541 viderent.
2516 3486 2598 3543 Tu
2645 3504 2780 3544 vero
2811 3489 2945 3545 mihi
2986 3494 3273 3549 considera
3320 3496 3601 3566 quomodo

1989 3576 2083 3632 ille
2113 3592 2218 3632 non
2263 3579 2465 3645 ubique
2494 3581 2679 3635 omnia
2726 3582 2919 3652 gratia:
2948 3583 3172 3653 tribuat,
3197 3586 3293 3641 sed
3322 3588 3600 3659 quidpiam

1987 3670 2056 3750 ab
2100 3671 2209 3724 illis
2261 3673 2445 3729 sﬂerri
2488 3669 2698 3742 julteat.
2745 3674 2876 3728 Nam
2930 3676 2979 3730 si
3032 3679 3256 3748 timetis,
3287 3679 3482 3750 inquit,
3516 3682 3603 3738 fu-

2003 3749 2145 3817 gite:
2168 3751 2271 3804 hoc
2306 3755 2449 3806 enim
2471 3755 2799 3823 significavit
2831 3760 3042 3825 dicens,
3069 3759 3284 3831 Fugite,
3304 3749 3379 3829 et,
3409 3762 3491 3816 Ne
3526 3766 3598 3818 ti-

1998 3841 2207 3893 meatis.
2236 3840 2426 3913 Neque
2452 3845 2604 3914 ipsos
2622 3848 2831 3917 primos
2854 3850 3009 3918 jubet
3028 3852 3239 3921 fugere,
3278 3856 3369 3908 sed
3403 3856 3594 3925 pulsos

1998 3930 2283 3997 recedere;
2306 3948 2482 4003 neque
2501 3951 2697 4007 magna
2709 3940 2884 4007 spatia
2898 3940 2992 3994 dat
3014 3941 3282 4007 locorum,
3302 3945 3394 3998 sed
3414 3960 3597 4012 quan-

1997 4028 2111 4072 tum
2123 4034 2245 4075 esse
2263 4026 2500 4089 possitin
2520 4027 2915 4084 circumeundo
2926 4032 3176 4089 civitates
3188 4032 3375 4089 Israel.
3396 4034 3601 4091 Deinde

1996 4111 2063 4165 ad
2080 4112 2247 4166 altam
2264 4114 2627 4186 philosophia
2644 4132 2853 4190 partem
2871 4118 3023 4193 ipsos
3040 4126 3254 4183 invitat.
3277 4126 3486 4189 Primo,
3503 4128 3605 4183 ali-

1997 4214 2309 4260 mentorum
2334 4224 2546 4276 curam,
2564 4214 2825 4279 secundo,
2851 4216 3219 4284 periculorum
3239 4231 3443 4275 metum
3463 4221 3597 4276 abs-

1998 4295 2159 4363 tulit;
2200 4313 2347 4353 nunc
2391 4314 2519 4353 vero
2563 4302 2981 4359 maledictorum
3012 4317 3216 4361 metum
3259 4309 3465 4363 avellit.
3505 4309 3598 4363 Illa

1996 4387 2142 4441 enim
2164 4389 2533 4446 sollicitudine
2550 4393 2826 4459 liberavit,
2843 4397 3065 4453 dicens:
3098 4400 3299 4470 Dignus
3314 4410 3393 4455 est
3411 4417 3598 4468 opera-

1999 4478 2112 4531 rius
2136 4479 2373 4535 mercede
2388 4498 2487 4535 sua
2511 4481 2666 4551 (Luc.
2708 4486 2798 4541 10.
2819 4486 2897 4555 7),
2921 4489 3243 4564 signiﬁcans
3261 4493 3464 4548 multos
3482 4494 3601 4550 fore

1996 4570 2092 4638 qui
2120 4571 2269 4639 ipsos
2286 4574 2590 4643 excipiant;
2616 4576 2685 4632 de
2702 4579 2965 4646 periculis
2980 4596 3110 4635 vero
3124 4582 3283 4648 dixit,
3306 4582 3489 4637 Nolite
3510 4602 3602 4637 co-

1998 4662 2447 4732 gitarequomodo
2483 4676 2578 4721 aut
2628 4669 3191 4739 quidloquamiui;et,
3220 4674 3326 4739 Qui
3362 4691 3602 4743 perseve-

1999 4755 2195 4807 raverit
2220 4772 2384 4825 usque
2401 4761 2470 4811 ad
2485 4760 2668 4827 ﬁnem,
2694 4761 2779 4815 hic
2807 4762 2985 4817 salvus
3010 4766 3109 4818 erit
3126 4763 3349 4828 (Matth.
3377 4765 3462 4821 Η.
3483 4767 3598 4835 I5).

2070 4848 2321 4918 Exemplo
2348 4863 2442 4901 suo
2487 4845 2717 4901 Christus
2746 4847 3005 4914 apostolos
3041 4846 3111 4899 ad
3155 4847 3488 4901 contumelias
3518 4847 3598 4915 {e-

1996 4941 2181 4995 rendas
2206 4941 2459 4993 hortatur.
2490 4970 2564 4980 —
2586 4939 2721 5007 Quia
2751 4950 2929 4995 autem
2961 4941 3255 4997 verisimile
3284 4950 3402 4996 erat
3449 4940 3598 5011 ipsos

1999 5033 2194 5087 malam
2234 5030 2509 5088 habituros
2558 5032 2758 5086 famam
2786 5047 2907 5086 esse
2931 5074 2945 5095 ,
2975 5033 3118 5102 quod
3150 5033 3334 5086 multis
3356 5033 3602 5088 omnium

1999 5123 2434 5177 molestissimum
2462 5139 2583 5179 esse
2619 5124 2829 5177 videtur
2849 5164 2865 5189 ,
2906 5124 3277 5179 animadverte
3305 5141 3412 5193 quo
3440 5134 3600 5195 pacto

2000 5214 2086 5269 hic
2117 5214 2233 5269 illos
2258 5214 2567 5270 consoletur
2591 5257 2605 5279 ,
2638 5232 2702 5271 ex
2736 5215 2800 5270 iis
2846 5216 3049 5270 scilicet
3092 5232 3212 5286 qua:
3252 5215 3319 5271 ad
3362 5218 3603 5287 seipsqu

2000 5309 2337 5371 Spt'ctabant,
2371 5318 2425 5363 et
2453 5308 2519 5363 de
2547 5324 2606 5364 se
2635 5309 2777 5363 dicta
2833 5308 3048 5363 fuerant
3078 5327 3091 5363 :
3132 5311 3218 5364 cui
3246 5308 3607 5365 consolationi

2003 5398 2133 5451 nihil
2164 5415 2257 5467 par
2284 5415 2404 5454 esse
2431 5401 2616 5470 possit.
2646 5401 2795 5455 Sicut
2825 5401 2966 5455 enim
2999 5402 3066 5454 ibi
3108 5401 3349 5463 darent,
3381 5399 3447 5455 Et
3468 5399 3612 5453 eritis

2005 5491 2124 5543 odio
2155 5493 2389 5545 omnibus
2416 5508 2434 5555 ,°
2476 5502 2530 5547 ct
2558 5493 2869 5561 adiecerat,
2908 5492 3128 5562 Propter
3158 5510 3339 5546 nomen
3392 5508 3558 5545 nicum
3590 5506 3611 5544 :

2001 5583 2080 5635 sic
2127 5592 2181 5637 et
2220 5582 2323 5637 hoc
2366 5584 2484 5638 loco
2530 5584 2647 5637 illos
2674 5586 2984 5639 consolatur
3011 5627 3025 5647 ,
3074 5570 3302 5639 :ilterum
3333 5583 3610 5654 quidpiam

1998 5671 2279 5739 adjiciens.
2312 5675 2591 5741 Quodnam
2616 5676 2792 5731 illud?
2817 5676 2911 5730 2i.
2947 5675 3067 5729 Non
3092 5688 3164 5729 est
3187 5676 3494 5746 discipulus,
3519 5674 3606 5727 in-

2005 5763 2139 5832 quit,
2200 5783 2353 5835 super
2397 5767 2725 5839 magistrum,
2784 5782 2876 5821 nec
2920 5784 3093 5823 servus
3148 5781 3303 5840 super
3348 5766 3609 5821 dominum
