4076 6462
361 532 363 534 ’
421 517 587 573 nam.
607 512 700 568 25.
726 507 922 579 Sttjﬁcil
952 501 1201 572 discipulo
1219 540 1244 567 ,.
1262 508 1319 552 ut
1344 496 1407 552 "sil
1431 496 1560 548 sicut
1595 489 1833 579 magis“:
1857 485 1988 579 ejus,

421 611 468 660 ιι
488 614 649 668 meo,
673 575 1064 656 sicttudemintts
1090 593 1218 662 ejus.
1251 587 1312 646 Si
1348 580 1765 659 patremfamilias
1791 575 1995 668 Beelseé

427 695 524 747 διὸ
547 665 869 756 accusarunt,
891 695 1074 757 quanto
1110 679 1271 750 magis
1297 677 1592 732 domesticos
1629 669 1779 740 ejus.”
1799 668 1890 723 9.6.
1915 665 1965 719 Ν
1972 682 2000 719 e

424 796 596 852 itaque
619 781 835 836 timentis
854 793 955 831 eos.
980 773 1113 829 Vide
1138 769 1406 841 quomodo
1437 777 1498 820 se
1536 761 1790 852 omnium
1821 757 2002 852 Domi:

432 849 559 931 num
581 883 635 929 et
660 873 824 927 Deum
840 876 894 923 et
917 874 1214 922 creatorem
1232 875 1350 916 esse
1373 857 1622 915 declarat.
1646 851 1784 922 Quid
1811 849 2003 920 igitur?

438 964 557 1019 Non
571 961 929 1029 aldisa'pulus
941 973 1093 1026 super
1108 955 1421 1024 magistrum,
1441 965 1529 1004 nec
1552 962 1721 1002 servus
1745 961 1895 1015 super
1911 944 2004 997 do-

437 1057 631 1109 minum
652 1054 678 1106 .9
699 1053 882 1106 Donec
903 1051 1005 1105 erit
1030 1055 1118 1102 aut
1135 1044 1424 1114 discipulus
1438 1050 1727 1097 autservus
1745 1081 1759 1106 ,
1778 1053 1884 1092 non
1902 1038 2006 1093 erit

437 1145 608 1214 major
641 1142 929 1199 secundum
959 1131 1178 1193 bonOris
1205 1135 1468 1191 ordinem.
1495 1132 1574 1190 Ne
1593 1130 1722 1186 mihi
1747 1128 1888 1185 enim
1918 1129 2007 1184 hic

433 1251 551 1291 rara
577 1233 817 1304 ιιιιτιτάειιη
840 1231 1090 1300 praeferas
1119 1227 1359 1295 exempla
1386 1267 1401 1292 ,
1434 1223 1501 1279 de
1530 1223 1594 1278 iis
1620 1236 1740 1292 qua:
1767 1231 1824 1275 ut
1844 1219 2007 1290 pluri-

435 1338 580 1377 mum
607 1336 728 1376 esse
752 1321 927 1375 solent
955 1317 1005 1372 id
1032 1318 1235 1385 accipe.
1267 1315 1380 1371 Nec
1421 1313 1573 1376 dixit,
1601 1312 1809 1394 Quanto
1838 1310 2007 1378 magis

433 1428 638 1479 servos,
661 1412 776 1476 sed,
807 1412 1118 1465 Domesticos
1161 1410 1287 1472 eius,
1325 1419 1516 1476 magna
1565 1419 1690 1473 erga
1715 1403 1831 1458 illos
1855 1418 2006 1456 man-

434 1505 714 1562 suetudine
745 1519 889 1558 usus.
916 1502 1051 1559 Alibi
1070 1503 1231 1558 etiam
1259 1498 1388 1552 dicit
1421 1516 1434 1548 :
1468 1495 1587 1550 Non
1613 1495 1749 1549 ultra
1771 1510 1890 1548 coco
1922 1509 2007 1547 vos

437 1613 637 1662 servos;
663 1614 751 1652 uos
775 1597 926 1649 amici
950 1595 1050 1646 mei
1074 1593 1192 1646 estis
1220 1588 1410 1660 (Joan.
1439 1589 1523 1642 l5.
1559 1586 1685 1657 15).
1715 1585 1823 1640 Nec
1851 1585 2004 1651 dixit,

439 1690 497 1745 Si
527 1687 957 1758 patremfamilias
1007 1683 1212 1753 injuriis
1251 1691 1306 1737 et
1357 1681 1653 1737 maledictis
1677 1679 2006 1744 affecerunt;

439 1781 531 1834 sed
563 1780 731 1848 ipsum
754 1775 1092 1832 contumeliae
1121 1773 1340 1828 modum
1361 1770 1640 1841 expressit,
1684 1767 1826 1837 quod
1854 1767 2008 1823 Beel-

437 1867 609 1923 zebub
649 1869 907 1922 vocarint.
941 1864 1144 1921 Deinde
1166 1863 1338 1918 ’aliam
1367 1862 1467 1917 bac
1495 1872 1602 1917 non
1628 1860 1888 1915 minorem
1920 1858 2012 1912 dat

440 1957 854 2014 consolationem
879 1974 892 2023 ;
923 1966 1037 2012 erat
1066 1966 1241 2011 tamen
1271 1954 1361 2010 illa
1377 1953 1607 2009 maxima
1628 1968 1643 2018 ;
1663 1953 1754 2006 sed
1777 1953 1894 2019 quia
1923 1950 2007 2016 iis,

443 2047 532 2117 qui
587 2048 819 2101 nondum
860 2043 1369 2116 philosophabamur
1396 2085 1411 2109 ,
1453 2042 1556 2097 alia
1583 2057 1716 2110 opus
1754 2050 1868 2095 erat
1894 2055 2012 2109 qua:

443 2146 622 2207 posset
658 2137 774 2191 illos
816 2136 1062 2201 afﬁcere,
1091 2134 1229 2190 hanc
1272 2134 1432 2189 etiam
1477 2131 1622 2186 addit
1653 2149 1666 2184 :
1694 2147 1757 2185 ac
1805 2130 2012 2186 dicendi

440 2227 652 2293 quidem
673 2227 859 2283 modus
879 2227 1182 2295 generalem
1207 2223 1414 2280 videtur
1442 2222 1634 2278 efferre
1659 2222 2011 2288 sententiam;

441 2324 672 2372 attamen
721 2332 827 2370 non
853 2319 919 2372 de
945 2316 1190 2395 omnibus
1219 2357 1233 2381 ,
1284 2313 1381 2371 sed
1405 2313 1473 2370 de
1499 2313 1781 2384 propositis
1810 2321 2014 2368 tantum

442 2406 652 2468 dicitur.
682 2408 816 2475 Quid
857 2410 999 2464 enim
1023 2408 1138 2462 ait?
1174 2407 1257 2462 Ne
1283 2408 1496 2461 linteatis
1535 2422 1617 2460 eos
1653 2423 1672 2460 :
1717 2407 1846 2461 nihil
1882 2410 2016 2461 enim

444 2507 519 2554 est
541 2493 791 2571 opertum,
810 2501 949 2571 quod
969 2517 1072 2554 nene
1097 2499 1428 2565 revelabitur;
1454 2514 1543 2553 nec
1589 2499 1860 2561 occultum,
1883 2498 2018 2567 quod

445 2613 543 2654 non
567 2597 766 2652 scietur.
797 2592 1144 2662 Quadautem
1166 2592 1315 2657 dicit,
1339 2590 1638 2660 hujusmodi
1657 2599 1740 2644 est
1771 2609 1784 2644 :
1812 2589 2019 2645 Sufﬁcit

444 2687 660 2758 quidem
700 2685 848 2739 vobis
880 2684 946 2737 ad
985 2682 1404 2738 consolationem
1429 2721 1444 2747 ,
1476 2681 1519 2734 si
1557 2695 1660 2750 ego
1687 2680 1938 2749 magister
1961 2689 2020 2735 et

449 2777 702 2833 Dominus
729 2789 953 2831 consors
980 2774 1080 2828 sim
1098 2773 1478 2828 conviciorum.
1501 2771 1555 2828 Si
1577 2786 1705 2826 vero
1725 2771 1897 2827 adhuc
1919 2771 2018 2827 do»-

447 2867 568 2923 letis
606 2867 718 2921 haec
747 2863 1051 2929 audientes,
1104 2861 1234 2917 illud
1261 2876 1473 2931 quoque
1523 2862 1701 2916 animo
1755 2868 2022 2930 reputate,

445 2970 542 3011 vos
568 2971 672 3010 non
720 2955 945 3009 multum
979 2961 1159 3022 postea
1187 2952 1255 3006 ab
1294 2951 1393 3005 hac
1418 2948 1722 3017 suspicione
1747 2948 2026 3002 liberatum

447 3048 533 3101 lri.
564 3047 672 3098 (Zur
712 3047 854 3100 enim
887 3046 938 3097 id
967 3055 1113 3110 aegre
1142 3041 1332 3095 fertis?
1362 3039 1486 3108 quia
1530 3037 1947 3108 prazstigiatores
1973 3043 2025 3088 et

452 3137 773 3206 deceptores
831 3150 929 3188 vos
974 3134 1202 3188 vocant?
1251 3133 1315 3185 At
1365 3129 1630 3197 paululum
1687 3134 2026 3196 exepectate,

447 3238 500 3281 et
531 3236 837 3279 servatores
865 3222 1337 3288 benefactoresque
1363 3219 1510 3273 orbis
1538 3231 1634 3270 vos
1662 3212 2029 3283 praedicabunt

459 3330 667 3369 omnes.
699 3314 767 3368 At
812 3314 954 3368 enim
999 3322 1208 3378 tempus
1235 3310 1320 3362 illa
1349 3308 1676 3376 omniaquae
1699 3300 2028 3361 subobscura

454 3414 609 3460 erant
639 3402 918 3467 revelabit,
949 3410 1003 3456 et
1027 3401 1234 3456 illorum
1260 3398 1581 3452 calumniam
1611 3396 1842 3466 deteget,
1863 3394 2031 3448 virut-

455 3503 666 3561 temque
695 3490 927 3547 vestram
956 3490 1300 3558 conspicuam
1347 3487 1556 3542 reddet.
1607 3487 1737 3539 Cum
1775 3484 1917 3538 enim
1955 3495 2023 3535 es

457 3586 619 3640 rebus
649 3584 776 3654 ipsis
815 3580 1292 3650 comprobabitaini
1333 3571 1663 3630 salvatores‘
1687 3587 1828 3638 esse,
1859 3579 1914 3624 et
1940 3571 2032 3625 be-

458 3673 636 3739 nefici,
662 3683 715 3727 et
739 3673 883 3728 omni
908 3673 1103 3726 virtute
1127 3669 1424 3738 conspicui,
1451 3668 1662 3720 illorum
1686 3664 1841 3718 dictis
1862 3659 2033 3715 homi-

455 3778 552 3818 nes
596 3778 703 3817 non
752 3762 1027 3821 attenderit
1075 3760 1167 3814 sed
1200 3758 1274 3814 rei
1322 3758 1663 3832 veritatizac
1707 3755 1780 3808 illi
1814 3752 2030 3822 quidem

452 3854 822 3924 sycophantas,
853 3850 1162 3913 mendaces,
1187 3848 1456 3923 maledici,
1483 3861 1578 3901 vos
1606 3861 1734 3899 vero
1776 3845 1889 3914 ipso
1919 3844 2032 3898 sole

456 3941 850 4012 splendidiores
869 3939 1385 4012 deprehendemini:
1416 3938 1641 3990 multum
1672 3935 1866 4004 quippe
1894 3943 2031 3988 tem-

457 4033 602 4101 poris
629 4032 858 4104 spatium
891 4045 985 4086 vos
1028 4039 1185 4084 notos
1231 4030 1443 4092 reddet,
1471 4027 1795 4097 praedicabit.
1826 4035 1881 4080 et
1908 4025 2030 4080 tuba

454 4119 740 4178 clariorem
783 4121 993 4175 emittet
1043 4135 1259 4184 vocem,
1285 4128 1582 4187 vestr-irque
1625 4119 1839 4171 virtutis
1869 4127 2034 4172 testes

456 4212 739 4266 universos
784 4209 1032 4264 homines
1088 4206 1385 4264 exhibebit.
1447 4207 1524 4260 Ne
1584 4208 1760 4273 itaque
1806 4220 1870 4258 ea
1918 4219 2038 4274 qua:

457 4317 598 4358 nunc
641 4303 893 4358 dicuntur
940 4314 1036 4354 vos
1093 4298 1375 4366 dejicisnt,
1423 4297 1518 4352 sed
1563 4310 1688 4366 spes
1738 4296 2034 4350 futurorum

456 4391 719 4448 bonorum
761 4391 950 4463 erigat.
991 4388 1106 4444 Non
1152 4396 1379 4457 possunt
1423 4387 1564 4444 enim
1611 4401 1674 4440 ea
1701 4400 1820 4455 qua:
1848 4385 1913 4438 ad
1943 4398 2039 4439 vos

459 4493 702 4556 spectant
726 4483 1004 4538 occultari.

527 4576 583 4630 2.
614 4572 834 4636 Deinde,
867 4581 1140 4639 postquam
1171 4568 1292 4622 illos
1319 4565 1468 4622 omni
1491 4579 1712 4634 angore,
1747 4564 1941 4619 timore
1982 4573 2038 4618 et

458 4665 815 4724 sollicitudine
841 4663 1105 4726 liberavit,
1132 4669 1186 4717 et
1212 4661 1422 4728 probris
1446 4653 1692 4714 omnibus
1721 4658 2035 4728 superiores

458 4756 713 4821 reddidit,
737 4756 950 4808 demum
982 4752 1103 4807 illos
1131 4763 1433 4820 opportune
1461 4748 1530 4805 de
1553 4749 1806 4804 libertate
1837 4747 2034 4818 praedi-

456 4848 612 4903 condi
659 4845 984 4913 alloquitur:
1014 4857 1135 4896 nam
1166 4833 1295 4896 dicit
1323 4859 1333 4892 :
1364 4839 1448 4892 τι.
1486 4837 1788 4904 Quod'dico
1823 4838 1961 4892 vobis
1983 4839 2039 4893 iu

458 4937 696 5002 tenebris,
715 4937 868 4990 dicite
892 4935 944 4988 in
969 4932 1189 4996 lumine;
1217 4942 1263 4986 et
1289 4932 1426 5000 quod
1453 4931 1505 4983 in
1527 4947 1650 4986 aure
1670 4929 1881 4996 auditis,
1909 4948 2040 4998 pra:-

458 5033 621 5084 dicate
657 5043 807 5097 super
855 5032 1007 5081 tecta.
1048 5023 1381 5092 Quamquam
1430 5035 1537 5075 non
1583 5031 1734 5076 erant
1778 5023 2038 5085 tenebras,

458 5133 578 5172 cum
614 5118 727 5171 haec
771 5116 996 5178 diceret,
1027 5127 1199 5182 neque
1233 5111 1300 5166 ad
1343 5124 1526 5166 aurem
1574 5110 1915 5178 loquebatur;
1943 5111 2036 5165 sed

462 5213 576 5264 haec
603 5206 944 5281 hyperbolice
967 5205 1106 5259 dicta
1130 5214 1275 5257 sunt.
1298 5203 1429 5268 Quia
1461 5203 1604 5255 enim
1632 5202 1774 5255 solos
1798 5204 2037 5271 alloque-

462 5303 637 5374 batur,
670 5291 724 5354 et
751 5301 803 5352 in
834 5313 997 5365 parvo
1040 5293 1333 5350 Palaestinas
1383 5292 1597 5361 angulo,
1629 5291 1749 5345 ideo
1792 5291 1939 5358 dicit,
1971 5292 2037 5344 In

462 5375 698 5454 tenebris,
729 5401 802 5458 ct,
833 5388 899 5441 In
927 5405 1071 5452 aure,
1107 5386 1250 5438 hunc
1281 5382 1534 5454 loquendi
1568 5383 1785 5435 modum
1816 5397 2033 5452 compa-

463 5496 588 5536 rans
615 5495 734 5534 cum
767 5477 1014 5549 loquendi
1063 5475 1280 5539 ﬁducia,
1327 5488 1427 5542 qua
1475 5471 1594 5527 illos
1628 5482 1808 5541 postea
1839 5473 2033 5526 instru-

465 5588 652 5630 cturus
679 5587 810 5627 erat.
865 5572 941 5626 He
972 5573 1023 5626 in
1056 5585 1179 5633 una,
1207 5567 1412 5624 duabus
1439 5567 1673 5623 tribusve
1712 5565 2032 5632 civitatibus,

525 5772 543 5804 ι
563 5768 677 5829 Ain,
703 5769 902 5822 lumina.

1154 387 1210 442 S.
1248 377 1523 441 JOANNIS
1555 364 2018 432 CllRYSOSTOMI
2055 361 2367 421 ARCHIEP.
2407 355 2937 418 CONSTANTINOP.

3582 350 3683 405 ιοο

2103 477 2196 533 sed
2227 492 2324 547 per
2352 486 2520 532 totum
2569 474 2756 530 orbem
2809 470 3130 543 pmdicate,
3177 476 3372 522 terram
3429 481 3682 536 mareque

2103 576 2469 639 peragrantes,
2495 565 2809 630 habitatum,
2837 578 2943 617 non
2968 561 3253 616 babitatam
3281 576 3292 610 :
3323 573 3386 612 ac
3413 557 3674 630 tyrannis,

2105 659 2337 731 populis,
2367 656 2721 729 philosophis,
2773 654 3081 709 rhetoribus
3116 665 3237 707 cum
3266 665 3455 719 magna
3489 648 3680 702 ﬁducia

2105 754 2282 809 omnia
2310 752 2490 808 dicite.
2525 749 2648 804 Ideo
2676 747 2827 812 dixit,
2863 746 3035 817 Super
3061 754 3209 808 tecta,
3238 752 3311 810 et,
3340 741 3403 795 In
3430 741 3622 795 lumine
3649 780 3664 805 ,

2106 848 2222 901 sine
2242 844 2352 900 ullo
2375 841 2709 911 subterfugio
2729 880 2743 904 ,
2789 848 2844 894 et
2869 851 2992 893 cum
3016 836 3161 890 omni
3209 835 3474 890 libertate.
3497 831 3566 886 Et
3589 845 3684 886 cur

2109 953 2214 992 non
2245 936 2376 991 satis
2405 933 2588 988 habuit
2610 932 2838 1007 dicere,
2873 927 3158 982 Prtedicate
3203 941 3356 994 super
3409 932 3559 990 tecta,
3590 931 3644 976 et
3669 959 3684 983 ,

2113 1027 2275 1081 Dicite
2295 1027 2349 1079 in
2375 1026 2586 1088 lumine,
2619 1021 2714 1078 sed
2757 1019 2952 1090 adjecit
2978 1019 3138 1074 etiam
3165 1059 3180 1083 ,
3210 1016 3362 1081 Quod
3408 1015 3522 1068 dico
3551 1012 3687 1066 vobis

2110 1120 2162 1173 in
2191 1117 2423 1182 tenebris,
2450 1125 2524 1182 et,
2547 1113 2697 1179 Quod
2716 1114 2768 1166 in
2795 1127 2915 1164 aure
2930 1109 3115 1163 auditis
3130 1109 3163 1163 ’2
3191 1106 3259 1162 Ut
3284 1119 3468 1159 eorum
3495 1117 3688 1158 sensus

2112 1210 2300 1278 erigat.
2330 1208 2479 1262 Sicut
2507 1204 2722 1275 quando
2747 1204 2959 1257 dicebat
2984 1219 2997 1255 :
3029 1199 3128 1266 Qui
3144 1197 3302 1252 credit
3331 1195 3385 1249 in
3405 1210 3503 1259 me,
3533 1207 3688 1263 cpera

2110 1315 2226 1369 qua
2262 1315 2352 1368 ego
2407 1298 2538 1367 furia
2581 1304 2628 1348 et
2655 1297 2766 1364 ipse
2801 1295 2970 1363 faciet,
3015 1301 3062 1345 et
3089 1292 3285 1360 majora
3315 1288 3493 1341 horum
3535 1283 3688 1354 faciet

2113 1388 2291 1461 (Joan.
2317 1388 2400 1443 Η.
2427 1386 2514 1457 1‘2)
2535 1402 2550 1441 ι
2575 1387 2654 1440 sic
2696 1394 2753 1438 et
2795 1384 2897 1438 hoc
2924 1383 3042 1436 loco
3067 1422 3080 1443 ,
3111 1378 3400 1433 ostendens
3425 1391 3520 1446 per
3546 1376 3688 1443 ipsos

2112 1480 2290 1534 omnia
2338 1478 2476 1533 cfllci
2503 1519 2517 1542 ,
2547 1486 2603 1532 et
2625 1477 2772 1546 plura
2801 1488 2961 1543 quam
2989 1487 3082 1542 per
3110 1471 3345 1539 seipsum
3376 1467 3513 1520 facta
3541 1468 3648 1520 sint
3668 1503 3687 1530 ,

2113 1572 2184 1627 ita
2232 1571 2436 1642 posuit."
2481 1568 2613 1624 Nam
2642 1569 2753 1622 ait:
2782 1563 3107 1633 Principium
3130 1561 3279 1616 vobis
3317 1574 3417 1629 ego
3441 1565 3496 1612 et
3539 1555 3688 1610 initia

2104 1659 2263 1724 dedi;
2299 1659 2455 1728 plura
2486 1673 2616 1712 vero
2649 1657 2740 1711 illa
2773 1670 2868 1726 per
2895 1669 2996 1708 vos
3026 1652 3242 1722 impleri
3277 1648 3420 1704 volo.
3443 1645 3559 1701 Hoc
3592 1659 3695 1697 au-

2105 1761 2215 1808 tem
2245 1766 2355 1805 non
2388 1750 2549 1806 modo
2599 1747 2968 1820 praecipientis
3009 1754 3128 1809 est,
3175 1741 3271 1799 sed
3303 1742 3464 1795 etiam
3509 1737 3696 1792 futura

2107 1842 2450 1905 nuntiantis,
2497 1840 2752 1894 ﬁduciam
2796 1837 3148 1906 inspirantis,
3194 1829 3547 1903 praedicentis
3599 1841 3696 1882 eos

2116 1931 2294 1986 omnia
2317 1943 2438 1984 esse
2464 1935 2826 1997 superaturos,
2858 1925 3163 1992 sensimque
3180 1916 3544 1975 subvertentis
3564 1927 3706 1970 con-.

2119 2031 2326 2092 ceptam
2357 2020 2498 2074 circa
2547 2018 2825 2074 maledicta
2859 2016 3185 2071 mmstitiam.
3237 2007 3697 2079 Quemadmodum

2122 2113 2263 2167 enim
2289 2112 2404 2166 haec
2430 2110 2759 2180 praedicatio,
2789 2123 2932 2162 nunc
2977 2107 3171 2171 latens,
3202 2103 3379 2158 omnia
3404 2097 3655 2170 pervadet
3675 2135 3693 2162 ,

2119 2205 2197 2258 sic
2223 2202 2362 2256 mala
2386 2203 2471 2255 illa
2491 2199 2796 2255 Iudaeorum
2820 2196 3140 2252 existimatio
3163 2194 3272 2248 cito
3290 2191 3500 2262 peribit.
3529 2188 3694 2242 Dein-

2119 2293 2209 2359 de,
2241 2301 2520 2364 postquam
2548 2291 2757 2346 illorum
2784 2287 3199 2350 erexitanimos,
3222 2297 3436 2339 rursum
3453 2278 3694 2351 pericula

2124 2384 2383 2454 prmdicit,
2415 2383 2626 2437 illorum
2676 2389 2911 2435 mentem
2940 2379 3172 2448 erigens,
3205 2373 3557 2442 omnibusque
3603 2386 3697 2425 su-

2123 2476 2403 2533 blimiores
2428 2474 2680 2529 reddens.
2710 2471 2846 2538 Quid
2884 2472 3028 2526 enim
3065 2468 3179 2522 ait?
3201 2467 3290 2522 28.
3323 2465 3500 2520 Nolite
3525 2465 3700 2518 timere

2123 2584 2206 2623 eos
2225 2568 2310 2636 qui
2335 2566 2567 2620 occidunt
2595 2579 2799 2631 corpus,
2824 2562 3045 2614 animam
3069 2570 3234 2612 autem
3255 2574 3354 2611 non
3382 2564 3590 2626 possunt
3615 2569 3702 2607 oc-

2124 2657 2311 2711 cidere.
2345 2653 2531 2708 Viden'
2552 2640 2819 2722 quomodo
2840 2638 2969 2704 illos
2990 2649 3240 2704 omnibus
3263 2663 3322 2703 su
3332 2643 3701 2715 perioresred-

2123 2746 2235 2812 dat,
2258 2759 2363 2799 non
2389 2759 2544 2798 curas
2573 2742 2755 2808 modo,
2789 2756 2892 2795 non
2935 2741 3233 2799 maledicta,
3271 2737 3502 2807 pericula
3524 2777 3540 2800 ,
3572 2736 3702 2789 insi-

2126 2837 2264 2903 dias,
2285 2836 2378 2892 sed
2399 2836 2558 2890 etiam
2586 2843 2811 2888 mortem
2840 2834 3076 2887 onmium
3102 2828 3544 2884 terribilissimam
3565 2840 3700 2880 con-

2129 2937 2368 2983 temnere
2434 2926 2671 2982 ducens?
2711 2939 2883 2993 neque
2933 2922 3244 2990 simpliciter
3287 2929 3552 2983 mortem,
3604 2917 3703 2974 sed

2125 3018 2285 3074 etiam
2316 3015 2643 3072 violentam?
2669 3014 2852 3084 Neque
2881 3013 3034 3078 dixit,
3062 3009 3415 3073 Occidemini,
3464 3008 3556 3062 sed
3581 3021 3706 3062 cum

2126 3109 2518 3179 magniﬁcentia
2567 3105 2878 3174 congruenti
2923 3111 3090 3156 totum
3142 3100 3467 3167 declaravit,
3530 3097 3706 3151 Nolite

2129 3203 2320 3264 limere,
2351 3200 2555 3264 dicens,
2573 3200 2636 3252 ab
2665 3199 2726 3251 iis
2752 3197 2836 3266 qui
2861 3195 3092 3250 occidunt
3113 3209 3297 3260 corpus
3317 3233 3332 3258 ,
3357 3192 3579 3244 animum
3605 3205 3702 3242 au-

2131 3303 2230 3347 tem
2264 3309 2364 3346 non
2420 3299 2628 3359 possunt
2665 3288 2893 3342 occidere
2921 3301 2938 3339 :
2967 3284 3054 3337 sed
3079 3285 3248 3352 potius
3289 3285 3455 3336 timete
3481 3298 3591 3333 euri:
3620 3281 3707 3350 qui

2129 3393 2292 3455 potest
2322 3391 2369 3438 ct
2417 3383 2641 3435 animam
2680 3387 2725 3433 et
2754 3392 2936 3447 corpus
2967 3374 3174 3444 perdere
3199 3378 3249 3426 in
3298 3372 3616 3443 gehennam:
3644 3372 3696 3425 in

2130 3473 2459 3530 contrarium
2516 3478 2728 3523 vertens
2783 3481 3125 3528 sermonem,
3185 3465 3258 3518 uti
3314 3477 3526 3530 semper
3557 3461 3700 3516 iacit.

2135 3565 2272 3639 Quid
2321 3563 2463 3620 enim
2495 3561 2596 3615 sibi
2626 3557 3018 3614 vultb'l‘imctis
3051 3566 3277 3608 mortem
3302 3593 3315 3617 ,
3373 3552 3606 3619 ideoque
3641 3553 3707 3606 ad

2132 3652 2528 3726 praedicandut'n
2560 3649 2837 3720 segniores
2877 3646 3048 3701 eatis?
3075 3644 3176 3700 Sed
3207 3643 3307 3699 hac
3333 3643 3400 3699 de
3421 3658 3577 3697 causa
3610 3659 3707 3712 po-

2133 3745 2236 3799 tius
2261 3741 2569 3813 prmdicate,
2600 3739 2721 3808 quia
2739 3744 2976 3809 mortem
3011 3736 3228 3791 timetis.
3257 3734 3385 3789 lllud
3413 3735 3554 3788 enim
3583 3749 3710 3789 vere

2133 3849 2230 3888 vos
2261 3834 2276 3866 ⁸
2309 3841 2539 3887 amorte
2563 3829 2771 3897 eripiet.
2803 3827 2934 3880 Nam
2972 3827 3179 3880 etiamsi
3203 3841 3298 3880 vos
3337 3825 3708 3894 intercmptnri

2133 3935 2299 3989 sunt,
2345 3921 2618 3976 meliorem
2677 3930 2855 3972 tamen
2909 3925 3112 3985 partem
3185 3931 3293 3970 non
3360 3917 3708 3984 superabunt,

2133 4017 2343 4074 etiamsi
2371 4014 2569 4070 idiotis
2595 4013 2794 4066 viribus
2814 4021 3091 4068 conentur.
3121 4008 3242 4064 Ideo
3271 4026 3375 4062 non
3403 4010 3552 4071 dixit,
3579 4009 3712 4062 Anio

2133 4126 2277 4167 mam
2307 4117 2486 4163 autem
2514 4120 2615 4159 non
2647 4104 2924 4167 occidunt;
2949 4101 3062 4166 sed,
3091 4100 3213 4155 Non
3242 4112 3449 4170 possunt
3466 4091 3707 4155 occidere.

2138 4200 2269 4256 Nam
2291 4198 2497 4254 etiamsi
2527 4197 2708 4259 velint,
2742 4211 2847 4248 non
2871 4194 3212 4263 superabunt.
3246 4192 3424 4262 Itaque
3443 4193 3486 4247 si
3513 4191 3716 4260 suppli-

2138 4293 2279 4348 cium
2308 4293 2480 4352 limes,
2506 4290 2634 4346 illud
2667 4291 2822 4360 longe
2847 4291 3061 4358 gravius
3087 4290 3236 4342 time.
3269 4288 3452 4342 Viden‘
3483 4305 3708 4358 quomo-

2141 4387 2212 4441 do
2232 4401 2338 4441 non
2371 4384 2646 4454 promittat
2675 4397 2734 4435 sc
2762 4383 2881 4435 illos
2909 4395 2940 4434 a
2969 4390 3140 4435 morte
3168 4379 3514 4434 liberaturum
3546 4393 3666 4433 esse
3692 4419 3707 4436 .

2139 4475 2232 4531 sed
2255 4477 2386 4531 mori
2411 4473 2684 4545 permittit,
2711 4473 2911 4540 majora
2940 4471 3244 4539 largiturus,
3271 4485 3428 4539 quam
3456 4470 3500 4523 si
3529 4469 3579 4524 id
3608 4484 3714 4528 non

2142 4566 2515 4645 permitteret?
2541 4564 2723 4632 Longe
2750 4563 2892 4616 enim
2924 4560 3096 4626 majus
3123 4568 3205 4613 est
3231 4558 3460 4613 suadere
3487 4568 3539 4611 ut
3567 4575 3710 4614 mors

2135 4668 2439 4729 spernatur,
2461 4672 2622 4728 quam
2652 4672 2680 4708 a
2715 4663 2889 4710 morte
2918 4668 3127 4707 eruere.
3155 4651 3271 4709 Non
3295 4652 3474 4721 itaque
3498 4651 3617 4704 illos
3659 4652 3713 4707 in

2140 4749 2375 4819 pericula
2398 4749 2632 4817 corijicit,
2663 4746 2754 4800 sed
2782 4744 2953 4800 reddit
2978 4744 3225 4813 periculis
3242 4744 3563 4812 superiores,
3589 4744 3717 4798 bre.

2143 4844 2299 4913 vique
2323 4856 2569 4902 sermone
2603 4839 2901 4894 doctrinam
2930 4836 2997 4894 de
3021 4838 3417 4891 immortalitate
3444 4836 3639 4889 animai
3660 4836 3714 4892 in

2143 4934 2246 4988 illis
2294 4934 2509 4997 inserit,
2542 4946 2604 4986 ac
2637 4930 2844 4999 duobus
2887 4929 3121 4984 tribusve
3177 4927 3354 4982 verbis
3404 4928 3480 4981 sic
3512 4926 3717 4980 ihserto

2143 5023 2361 5077 salutari
2390 5023 2656 5091 dogmate,
2681 5021 2801 5075 aliis
2829 5021 2948 5073 illos
2975 5018 3265 5073 ratiociniis
3293 5018 3619 5072 consolatur.
3643 5015 3722 5073 Ne

2145 5115 2288 5169 enim
2310 5122 2556 5183 putarent
2576 5129 2634 5167 se
2664 5112 2830 5166 occidi
2865 5121 2918 5164 ct
2943 5111 3193 5179 jugulari,
3223 5109 3367 5177 quod
3391 5109 3541 5178 quasi
3564 5109 3723 5163 dere-

2148 5207 2261 5286 lictj
2297 5209 2424 5268 sint,
2452 5205 2519 5258 de
2545 5203 2872 5273 providentia
2907 5203 2995 5255 Dei
3030 5216 3330 5255 sermonem
3369 5201 3606 5261 inducit,
3643 5201 3726 5256 his

2149 5296 2358 5351 verbis:
2384 5295 2476 5350 9.9.
2524 5295 2708 5348 Nonne
2729 5294 2828 5347 duo
2859 5308 3082 5362 passeres
3128 5309 3237 5345 asse
3259 5301 3486 5351 veneunt,
3525 5294 3569 5342 et
3599 5307 3728 5345 unus

2148 5403 2207 5439 ea:
2236 5387 2339 5438 illis
2370 5402 2469 5438 non
2497 5387 2636 5439 cadet
2667 5387 2716 5438 in
2749 5384 2980 5455 laqueum
3007 5383 3111 5435 sine
3150 5381 3307 5434 Patre
3359 5391 3518 5434 uestro
3553 5381 3636 5449 qui
3674 5382 3729 5434 in

2151 5483 2292 5535 cazlis
2321 5481 2437 5533 est?
2469 5481 2555 5535 50.
2589 5479 2748 5533 Vestri
2775 5489 2941 5531 autem
2970 5477 3142 5545 capilli
3162 5475 3341 5542 capitis
3363 5490 3534 5527 omnes
3556 5490 3728 5528 nume-

2153 5573 2250 5625 rati
2283 5580 2420 5625 sunt.
2475 5570 2609 5637 Quid
2647 5571 2787 5624 enim
2839 5568 2994 5621 vilius
3042 5563 3190 5619 illis?
3245 5563 3460 5632 inquit:
3494 5572 3728 5617 attamen

2156 5676 2464 5731 numquam.
2499 5662 2771 5729 ignorante
2803 5659 2926 5721 Deo,
2960 5656 3250 5726 capientur
3282 5651 3396 5707 Non
3438 5655 3576 5709 cnim
3601 5671 3727 5724 ope-

2222 5774 2236 5803 ι
2273 5770 2432 5819 Morel.
2459 5769 2622 5828 habet,
2647 5781 2752 5830 nos;
2775 5766 2914 5824 male.
