4076 6436
351 345 454 401 απ

359 472 514 518 rantc
551 459 663 516 Deo
690 456 890 513 cadere
915 452 1045 507 dicit
1073 466 1091 504 τ
1118 449 1175 505 id
1201 447 1344 503 enim
1396 443 1673 516 indignum
1718 439 1830 498 Deo
1859 454 1950 496 es-

357 561 479 618 set;
517 547 613 605 sed
636 547 775 602 dixit
808 543 937 600 nihil
986 547 1262 612 gestorum
1292 535 1442 591 illum
1479 535 1672 590 latere.
1725 531 1786 588 Si
1817 543 1951 602 ergo

360 642 498 698 nihil
525 654 712 696 eorum
735 651 856 707 qua:
879 633 1130 690 accidunt
1166 630 1412 700 ignorat,
1450 639 1655 696 vosque
1683 623 1953 680 sincerius

358 749 523 805 quam
546 741 700 802 pater
722 735 889 794 amat,
915 733 1076 794 atque
1113 722 1188 778 ita
1219 731 1398 787 amat,
1441 728 1502 775 ut
1528 718 1690 773 etiam
1729 715 1951 786 capillos

359 834 572 880 vesties
596 818 911 882 numerarii,
939 815 1077 872 nihil
1105 815 1286 886 utique
1317 811 1633 869 timendum.
1665 810 1778 865 Hoc
1822 823 1954 863 vero

358 914 518 980 dixit,
542 927 648 969 non
671 909 817 981 quod
851 909 994 964 Deus
1019 905 1250 978 capillos
1282 913 1554 968 numeret,
1583 900 1677 958 sed
1713 910 1772 956 ut
1790 915 1950 954 accu-

360 1016 534 1060 ratam
562 1003 804 1057 n0titiam
858 1012 1214 1070 magnamque
1262 998 1406 1052 circa
1437 1010 1533 1050 eos
1563 992 1951 1065 providentiam

359 1088 630 1149 ostendat.
662 1091 717 1146 Si
749 1105 880 1160 ergo
923 1088 1104 1143 omnia
1133 1102 1254 1156 qua:
1278 1086 1412 1140 ﬁunt
1441 1085 1611 1146 novit.
1640 1083 1684 1138 si
1714 1082 1828 1138 vult
1851 1097 1950 1137 nos

360 1183 542 1237 salvos
571 1182 765 1242 facere.
797 1191 846 1234 et
873 1179 923 1234 id
953 1187 1148 1247 potest,
1177 1177 1221 1231 si
1247 1177 1374 1245 quid
1407 1175 1703 1246 patiamini,
1736 1190 1805 1230 ne
1829 1188 1953 1230 cre-

359 1274 475 1330 dite
507 1290 600 1328 vos
627 1272 914 1328 derelictos
959 1269 1044 1324 illa
1099 1269 1226 1339 pati.
1276 1268 1394 1323 Non
1437 1269 1582 1323 enim
1630 1267 1746 1321 vult
1777 1281 1871 1322 vos
1919 1281 1950 1320 a

364 1367 524 1422 malis
542 1367 772 1436 eripere,
798 1363 894 1418 sed
923 1361 1149 1418 suadere
1173 1371 1226 1416 ut
1247 1361 1385 1415 mala
1407 1360 1766 1415 contemnatis
1793 1377 1805 1413 :
1829 1373 1951 1412 nam

361 1456 481 1513 ltu‘c
502 1472 626 1511 vere
648 1455 892 1511 liberatio
916 1463 1000 1508 est
1021 1471 1049 1507 a
1076 1453 1250 1507 malis.
1279 1453 1341 1507 5|
1357 1491 1370 1504 .
1406 1451 1580 1506 Nolite
1603 1466 1721 1519 ergo
1744 1451 1917 1503 timere
1933 1465 1953 1500 :

359 1547 533 1601 multis
554 1545 838 1616 passeribus
860 1545 1089 1598 meliores
1116 1544 1232 1598 eatis
1261 1559 1366 1597 vos.
1394 1541 1584 1599 Viden'
1604 1541 1725 1596 illos
1748 1542 1858 1610 jam
1888 1541 1954 1594 ti-

361 1651 514 1692 more
558 1645 836 1705 correptos
864 1633 1074 1689 fuisse?
1115 1633 1330 1689 Sciebat
1359 1634 1503 1688 enim
1553 1643 1764 1687 secreta
1797 1648 1948 1687 men-

360 1729 468 1782 tis:
499 1728 619 1782 ideo
673 1727 988 1796 subjunxit,
1034 1716 1125 1780 We
1169 1743 1288 1797 ergo
1321 1726 1536 1779 linteatis
1576 1741 1678 1779 eos.
1731 1724 1950 1778 Etiamsi

360 1818 504 1872 enim
531 1817 877 1885 praevaleant,
903 1819 952 1872 in
982 1817 1248 1872 minorem
1283 1827 1488 1885 partem
1543 1816 1906 1886 przevalebunt
1936 1856 1950 1880 ,

360 1908 418 1964 in
437 1923 632 1978 corpus
675 1908 922 1963 scilicet:
953 1907 1097 1978 quod
1123 1907 1330 1962 etiamsi
1379 1907 1451 1961 illi
1495 1921 1600 1961 non
1652 1906 1948 1972 occidant,

359 2009 547 2055 natura
577 2008 752 2054 tamen
781 1999 1046 2053 absumet.

432 2091 486 2144 5.
522 2089 663 2143 Mors
689 2089 1073 2154 contemnenda,
1107 2089 1305 2144 Christo
1344 2089 1476 2143 illud
1502 2106 1591 2158 per
1610 2106 1748 2160 spem
1777 2099 1824 2143 et
1851 2106 1954 2142 me-

359 2187 466 2234 tum
497 2181 760 2234 suadente.
809 2180 909 2246 Qui
966 2182 1236 2247 conﬁtetur
1266 2221 1279 2244 ,
1331 2198 1420 2250 per
1463 2182 1685 2234 divinam
1735 2183 1953 2252 gratiam

360 2272 651 2339 conﬁtetur.
693 2270 829 2325 Deus
875 2271 1111 2325 libentius
1134 2273 1291 2338 bona,
1317 2290 1467 2342 quam
1497 2274 1750 2342 supplicia
1777 2274 1948 2340 infert.

360 2387 431 2405 ο·-
458 2363 640 2432 Itaque
682 2378 749 2417 ne
778 2364 829 2416 in
867 2363 968 2417 hoc
997 2363 1211 2433 quidem
1258 2366 1331 2418 illi
1379 2374 1695 2432 poteStatcm
1731 2366 1950 2430 habent,

358 2473 386 2511 a
413 2469 600 2512 natura
641 2458 837 2528 quippe
869 2457 997 2512 illud
1024 2458 1284 2513 obtinent.
1319 2459 1472 2526 Quod
1513 2460 1559 2513 si
1588 2459 1689 2514 hoc
1719 2461 1912 2514 timeas
1934 2499 1950 2524 ,

359 2549 528 2603 multo
553 2547 721 2616 magis
751 2548 1045 2602 timendum
1073 2548 1199 2602 illud
1231 2549 1370 2618 quod
1395 2550 1583 2619 majus,
1613 2565 1676 2604 ac
1703 2559 1952 2606 metuen-

358 2638 460 2694 dus
486 2650 567 2693 est
615 2639 705 2694 ille
732 2641 822 2708 qui
871 2648 1048 2710 potest
1071 2648 1124 2693 et
1155 2641 1385 2693 animam
1414 2651 1466 2694 et
1494 2655 1691 2709 corpus
1724 2641 1950 2710 perdere

359 2730 411 2785 in
439 2729 762 2800 gehennam.
783 2731 964 2800 Neque
986 2731 1271 2785 manifeste
1296 2730 1424 2785 dicit
1444 2746 1504 2785 se
1535 2731 1685 2784 illum
1717 2746 1842 2786 esse
1858 2732 1951 2800 qui

360 2821 529 2888 possit
551 2829 606 2874 et
635 2822 873 2874 animum
893 2829 948 2873 et
973 2833 1174 2888 corpus
1200 2820 1422 2888 perdere
1449 2837 1462 2883 ;
1487 2819 1583 2874 sed
1619 2834 1714 2889 per
1742 2834 1804 2875 ea
1832 2835 1952 2889 qure

358 2910 607 2978 superius
628 2909 781 2973 dixit,
815 2924 873 2963 se
898 2909 1136 2978 judicem
1164 2924 1284 2964 esse
1321 2911 1662 2964 monstravit.
1708 2912 1780 2964 At
1811 2923 1951 2964 nunc

359 3003 687 3055 contrarium
711 3003 888 3055 evenit
920 3018 934 3054 :
966 3017 1088 3056 nam
1113 3016 1234 3056 eum
1256 3002 1343 3070 qui
1373 3009 1546 3070 potest
1566 3001 1798 3054 animam
1824 3015 1955 3070 per-

359 3092 509 3160 dere,
542 3094 645 3149 hoc
667 3103 751 3150 est
775 3133 790 3159 ,
821 3095 1083 3162 supplicio
1109 3094 1344 3157 afficere,
1378 3108 1483 3146 non
1518 3093 1802 3157 timemus;
1834 3092 1953 3148 illos

359 3193 539 3239 autem
567 3185 657 3252 qui
675 3197 870 3253 corpus
901 3184 1228 3238 interﬁciunt
1247 3183 1728 3252 perhorrescimus.
1746 3183 1953 3250 Quam-

361 3292 519 3346 quam
569 3277 656 3330 ille
699 3291 801 3329 una
857 3289 980 3329 cum
1010 3276 1188 3328 anima
1217 3288 1413 3342 corpus
1443 3275 1604 3327 etiam
1634 3273 1949 3328 ulciscitur:

359 3367 434 3422 illi
465 3381 592 3420 vero
615 3381 721 3418 non
751 3365 909 3419 modo
936 3367 1206 3429 animam,
1236 3366 1330 3418 sed
1386 3380 1453 3420 ne
1483 3381 1680 3433 corpus
1735 3366 1952 3436 quidem

358 3466 584 3526 possunt
612 3450 836 3524 punire;
865 3457 985 3510 licet
1014 3456 1154 3510 enim
1185 3455 1378 3510 millies
1406 3456 1668 3524 supplicio
1694 3457 1951 3523 afliciant,

362 3549 698 3618 splendidius
721 3547 848 3601 illud
875 3549 1098 3601 omnino
1128 3547 1374 3602 reddunt.
1413 3547 1656 3603 Vidistiu‘
1682 3549 1955 3618 quomodo

360 3640 650 3692 certamina
680 3639 852 3692 facilia
899 3638 1124 3693 reddat?
1153 3638 1295 3694 Mors
1319 3640 1462 3695 enim
1500 3655 1689 3695 eorum
1720 3642 1951 3696 animant

359 3729 647 3784 admodum
678 3730 1004 3798 exagitabat,
1054 3731 1411 3801 terribilisque
1444 3731 1618 3786 adhuc
1638 3741 1777 3795 erat,
1810 3734 1953 3804 quod

360 3821 598 3876 nondum
621 3831 926 3891 expugnata
960 3821 1132 3876 facilis
1160 3832 1304 3877 esset
1335 3862 1350 3885 ,
1390 3838 1488 3877 nec
1515 3822 1692 3879 adhuc
1720 3825 1955 3892 Spiritus

359 3912 584 3981 gratiam
613 3915 950 3982 accepissent
992 3913 1025 3966 ii
1071 3913 1160 3982 qui
1195 3913 1338 3966 illam
1368 3916 1725 3983 contempturi
1774 3927 1951 3971 erant.

360 4003 649 4074 Postquam
682 4018 810 4072 ergo
839 4005 1084 4057 timorem
1106 4014 1160 4056 et
1194 4013 1415 4068 metum,
1449 4005 1538 4073 qui
1568 4005 1803 4074 ipsorum
1832 4007 1952 4061 ani-

360 4111 503 4151 mam
522 4096 844 4166 exagitabat,
875 4095 1163 4148 amovisset
1188 4134 1204 4161 ,
1234 4096 1477 4164 sequenti
1506 4097 1667 4150 etiam
1697 4113 1954 4154 sermone

361 4190 470 4247 illis
493 4190 741 4244 ﬁduciam
773 4189 945 4254 indit;
994 4190 1188 4244 timore
1217 4190 1466 4243 timorem
1496 4190 1724 4259 pellens,
1755 4206 1854 4246 nec
1886 4193 1954 4246 ti-

361 4297 515 4337 more
553 4281 732 4346 modo,
779 4280 873 4336 sed
905 4295 1219 4350 magnorum
1257 4296 1352 4350 spe
1388 4283 1762 4351 praemiorum;
1801 4285 1951 4340 insu-

361 4389 561 4446 perque
577 4388 697 4429 cum
716 4387 902 4442 magna
924 4381 1186 4443 potestate
1202 4375 1558 4428 comminatur
1577 4389 1592 4430 ε
1614 4384 1772 4445 atque
1786 4377 1954 4431 utrin-

360 4481 468 4535 que
487 4466 606 4520 illos
622 4465 865 4520 hortatur
889 4465 954 4519 ad
983 4464 1231 4519 fiduciam
1261 4481 1358 4536 pro
1378 4468 1949 4533 veritatesumendam,

360 4557 478 4613 haec
499 4557 752 4628 adjiciens
775 4574 788 4608 :
818 4557 902 4611 52.
929 4557 1244 4626 Quicumque
1264 4558 1579 4626 can/itebitur
1599 4558 1651 4611 in
1678 4575 1756 4612 me
1781 4575 1951 4612 coram

361 4648 664 4714 hominibus,
694 4648 967 4715 conﬁtebor
991 4657 1037 4702 et
1058 4665 1148 4720 ego
1159 4650 1212 4702 in
1237 4665 1348 4702 eum
1366 4665 1538 4702 coram
1558 4649 1714 4705 Patre
1740 4667 1849 4705 meo
1866 4653 1953 4722 qui

359 4748 433 4794 est
460 4741 512 4792 in
540 4741 710 4802 talis;
740 4741 827 4795 35.
861 4750 908 4793 et
935 4741 1237 4810 quicumque
1265 4744 1521 4810 negaverit
1551 4758 1627 4796 me
1655 4759 1828 4796 coram
1857 4745 1950 4797 lto-

360 4829 600 4892 minibus,
637 4831 828 4899 negabo
872 4840 918 4885 et
948 4846 1042 4901 ego
1079 4847 1194 4885 eum
1225 4848 1396 4884 coram
1433 4831 1589 4887 Patre
1617 4850 1724 4886 meo
1763 4835 1850 4903 qui
1879 4843 1950 4889 est

360 4919 412 4972 in
429 4919 566 4972 caelis
583 4918 624 4972 ⁸.
651 4917 767 4973 Νοη
793 4921 932 4974 enim
957 4936 987 4974 a
1013 4920 1273 4974 bonorum
1301 4935 1396 4991 spe
1418 4929 1648 4987 tantum,
1670 4923 1762 4975 sed
1788 4925 1948 4978 etiam

362 5025 391 5064 a
420 5009 682 5066 malorum
727 5023 869 5065 metu
905 5013 1159 5073 concitat.
1190 5021 1244 5066 et
1276 5013 1325 5065 in
1360 5012 1530 5065 tristia
1554 5012 1773 5067 desinit.
1820 5015 1949 5084 Ejus

361 5109 540 5154 autem
571 5106 968 5156 accurationem
998 5103 1288 5172 perpende.
1321 5103 1435 5157 Non
1464 5102 1626 5167 dixit,
1658 5102 1758 5167 Me,
1811 5105 1904 5159 sed
1931 5145 1946 5170 ,

363 5189 430 5245 In
461 5207 572 5255 me,
623 5192 918 5245 ostendens
946 5207 1067 5246 eum
1111 5193 1200 5262 qui
1231 5193 1539 5258 conﬁtetur,
1597 5210 1702 5248 non
1735 5196 1945 5264 propria

362 5283 582 5348 virtute,
617 5283 710 5337 sed
734 5299 964 5353 superna
1011 5286 1176 5355 gratia
1205 5284 1394 5338 fultum
1418 5285 1684 5341 conﬁteri.
1718 5287 1793 5342 De
1848 5304 1946 5343 ne-

362 5385 522 5445 gante
553 5390 658 5428 non
711 5376 866 5441 dixit,
903 5375 955 5428 In
992 5392 1076 5431 me
1106 5418 1121 5440 ,
1153 5377 1272 5441 sed,
1313 5375 1399 5430 Me
1427 5391 1447 5431 :
1475 5393 1594 5430 nam
1640 5393 1761 5432 cum
1805 5378 1949 5432 deuo

362 5467 547 5534 gratia:
576 5481 773 5521 vacuus
811 5469 898 5533 sit,
930 5469 998 5521 ita
1030 5477 1206 5537 negat.
1243 5468 1347 5520 Cur
1377 5484 1503 5536 ergo
1533 5483 1834 5531 accusatur,
1868 5471 1948 5523 in-

362 5555 549 5625 quies,
580 5557 623 5609 si
658 5557 703 5611 is
742 5559 830 5626 qui
889 5567 1080 5627 negat,
1127 5560 1197 5612 ita
1242 5558 1664 5628 derelinquitur?
1693 5561 1826 5628 Quia
1860 5564 1947 5630 qui

364 5645 772 5715 derelinquitur,
798 5651 952 5717 culpa
985 5665 1078 5703 sua
1108 5650 1518 5718 derelinquitur.
1553 5651 1658 5704 Sed
1700 5667 1796 5707 cur
1840 5670 1944 5708 non

430 5757 448 5792 ι
481 5764 590 5808 ιιειε
610 5757 822 5812 clausula
847 5761 1090 5826 Evangelii
1118 5770 1215 5814 tota
1237 5763 1410 5815 deerat
1427 5763 1476 5812 in
1500 5761 1667 5814 norel.

1347 321 1416 382 IN
1452 318 1868 382 IIA'I‘TIIEUM
1905 317 2138 376 ηοωι..
2181 315 2421 388 XXXIV,
2461 318 2534 374 al.
2575 315 2796 375 XXXV.

3560 323 3660 381 £09

2061 435 2259 494 sufﬁcit
2287 437 2421 493 ﬁdes
2457 439 2510 494 in
2540 437 2744 506 animo,
2785 435 2883 494 sed
2911 436 3025 493 oris
3054 437 3220 494 etiam
3262 438 3659 497 confessionem

2066 529 2334 602 requirit?
2363 530 2433 588 Ut
2478 545 2581 587 nos
2627 532 2814 588 incitet
2835 530 2903 588 ad
2935 530 3183 588 ﬁduciam
3213 541 3270 588 et
3295 533 3364 590 ad
3404 532 3658 604 loquendi

2063 620 2367 685 ‘ibertatem
2395 664 2410 687 ,
2443 637 2653 678 necnon
2681 623 2751 678 ad
2801 625 3068 695 majorem
3109 627 3394 683 caritatem
3422 634 3480 682 et
3527 625 3661 681 επο-

2064 724 2234 784 ctum,
2267 727 2433 785 utque
2456 731 2556 772 nos
2599 717 2944 775 sublimiotes
2967 718 3187 774 efﬁciat.
3221 717 3458 787 Ideoque
3483 718 3662 774 omni-

2062 807 2165 864 bus
2203 808 2463 879 loquitur,
2520 823 2698 880 neque
2725 809 2876 867 solos
2905 811 3128 880 respicit
3163 808 3498 879 discipulos;
3545 822 3658 864 non

2061 899 2184 958 illos
2206 901 2350 956 enim
2385 909 2614 968 tantum,
2670 901 2766 956 sed
2803 901 2967 956 etiam
2997 899 3294 972 discipulos
3338 915 3527 956 eorum
3547 901 3661 970 jam

2063 1003 2315 1050 strenuos
2342 992 2574 1050 reddere
2595 992 2794 1050 studet.
2824 992 2958 1049 Nam
2979 993 3072 1064 qui
3099 992 3215 1048 lure
3235 991 3506 1055 didicerit.
3555 1006 3664 1047 non

2063 1089 2227 1144 modo
2253 1103 2378 1144 cum
2403 1088 2652 1144 libertate
2690 1086 2931 1153 docebit,
2966 1086 3060 1141 sed
3092 1087 3258 1142 etiam
3301 1086 3480 1140 omnia
3508 1083 3666 1139 facile

2061 1190 2118 1236 et
2164 1195 2357 1250 magno
2384 1180 2566 1234 animo
2596 1179 2847 1248 patietur.
2879 1176 2934 1232 Id
2981 1185 3130 1232 certe
3171 1177 3296 1230 fecit
3327 1185 3385 1229 ut
3411 1175 3561 1230 multi
3594 1173 3661 1229 ad

2062 1272 2338 1342 apostolos
2367 1272 2706 1331 accederent.
2741 1269 2884 1340 quod
2938 1268 3066 1324 huic
3100 1268 3247 1323 dicto
3297 1266 3456 1322 ﬁdem
3497 1265 3663 1320 babe-

2061 1375 2200 1421 rent.
2232 1365 2363 1418 Nam
2393 1373 2449 1419 ut
2478 1364 2530 1418 in
2580 1363 2736 1419 malis
2763 1362 2967 1434 majora
3011 1361 3276 1431 supplicia
3321 1368 3659 1428 sequuntur:

2061 1457 2144 1513 sic
2174 1466 2228 1512 et
2260 1456 2310 1509 in
2342 1456 2497 1510 bonis
2526 1454 2700 1523 major
2721 1469 2951 1509 merces.
2980 1453 3114 1520 Quia
3145 1453 3291 1508 enim
3323 1451 3414 1520 qui
3459 1450 3660 1504 bonum

2060 1550 2139 1604 sic
2160 1556 2432 1619 operatur,
2458 1546 2676 1612 divitias
2696 1546 2799 1600 sibi
2831 1554 3003 1614 parat,
3037 1551 3292 1614 peccator
3314 1552 3492 1597 autem
3521 1541 3661 1598 dila-

2063 1641 2208 1692 tione
2235 1637 2483 1706 supplicii
2515 1651 2574 1691 se
2605 1636 2799 1690 lucrari
2831 1635 3130 1699 existimat,
3163 1648 3372 1706 parem,
3400 1633 3508 1688 imo
3538 1633 3662 1688 Ion-

2060 1743 2126 1797 ge
2150 1703 2416 1797 majorem
2441 1727 2857 1795 bene‘operanti
2884 1725 3094 1779 induxit
3114 1703 3349 1794 copiam,
3379 1739 3475 1779 seu
3515 1739 3658 1794 prae-

2061 1821 2292 1876 miorum
2321 1819 2770 1875 additamentum.
2805 1819 2954 1874 lianc
2973 1819 3410 1890 praerogativam,
3442 1817 3613 1886 inquit
3641 1860 3658 1886 ,

2060 1913 2248 1976 habes,
2277 1912 2418 1980 quod
2450 1913 2502 1965 in
2531 1928 2617 1965 me
2659 1911 2804 1981 prior
2850 1910 3190 1966 credideris?
3220 1909 3334 1981 Ego
3367 1911 3495 1965 item
3521 1909 3661 1965 hanc

2060 2006 2468 2076 prmrogativam
2517 2004 2676 2066 dabo,
2721 2012 2778 2058 ut
2807 2003 3009 2072 majora
3052 2002 3280 2057 tribuant
3307 2043 3321 2066 ,
3352 2001 3461 2056 into
3500 2000 3660 2071 longe

2059 2099 2262 2168 majora
2300 2117 2313 2153 :
2343 2112 2467 2152 nam
2510 2097 2579 2152 ibi
2609 2105 2659 2151 te
2691 2094 3012 2152 conﬁtebor.
3048 2094 3239 2150 Viden‘
3263 2103 3320 2149 et
3349 2094 3436 2150 hic
3465 2103 3519 2148 et
3555 2095 3662 2149 illic

2060 2189 2195 2244 bona
2243 2197 2299 2242 et
2346 2189 2484 2242 mala
2521 2187 2917 2242 recondi?Cur
2945 2202 3077 2258 ergo
3122 2187 3382 2241 festinas?
3424 2202 3522 2241 cur
3573 2185 3662 2242 hic

2062 2278 2365 2334 mercedem
2403 2279 2620 2349 qttmris,
2657 2278 2745 2349 qui
2775 2293 2870 2347 spe
2893 2279 3002 2348 jam
3036 2278 3217 2332 salvus
3251 2278 3348 2331 es?
3372 2277 3576 2332 Idcirco
3607 2279 3656 2332 si

2059 2373 2335 2443 quidboni
2369 2371 2581 2435 feceris,
2638 2371 2923 2440 neque'hic
2959 2371 3263 2426 mercedem
3294 2371 3524 2439 recipias
3545 2411 3560 2434 ,
3595 2385 3662 2424 ne

2060 2464 2332 2529 turberis;
2372 2479 2495 2517 cum
2543 2463 2913 2517 additamenta
2938 2462 3080 2517 enim
3106 2463 3182 2530 in
3216 2461 3394 2516 fusuro
3420 2471 3662 2530 tempore

2059 2563 2113 2609 te
2143 2567 2350 2608 merces
2390 2562 2592 2607 manet.
2622 2553 2714 2607 Sin
2737 2553 3011 2623 quidpiam
3039 2529 3161 2607 mili
3191 2553 3402 2617 ieceris,
3441 2529 3544 2606 nec
3565 2550 3662 2605 des

2059 2657 2270 2712 prunas,
2301 2659 2368 2696 ne
2400 2643 2522 2698 ideo
2577 2644 2760 2712 segnis
2786 2645 2892 2707 sis;
2929 2643 3038 2697 illic
3063 2643 3205 2697 enim
3240 2651 3292 2696 te
3338 2640 3662 2712 supplicium

2059 2733 2314 2801 excipiet,
2364 2734 2464 2786 nisi
2493 2733 2720 2788 mutcris
2753 2744 2806 2787 et
2837 2732 3032 2786 melior
3062 2732 3281 2787 evadas.
3314 2732 3370 2786 Si
3399 2746 3526 2786 vero
3554 2746 3661 2786 non

2058 2822 2234 2877 credis
2282 2838 2348 2876 ex
2379 2823 2736 2893 praesentibus
2761 2825 2923 2878 rebus
2950 2825 3124 2878 futura
3151 2825 3428 2892 conjicito.
3458 2822 3590 2877 Nam
3615 2825 3661 2878 si

2059 2913 2416 2967 certaminum
2451 2925 2693 2981 tempore
2740 2914 2818 2966 sic
2851 2913 3089 2968 illustres
3125 2922 3249 2967 sunt
3295 2914 3328 2967 ii
3359 2913 3450 2980 qui
3487 2912 3664 2966 conﬁ-

2063 3009 2262 3064 tentur,
2305 3001 2579 3070 perpende
2607 3002 2794 3070 quales
2821 3015 3148 3055 coronarum
3199 3011 3441 3070 tempore
3495 3000 3657 3055 futuri

2061 3091 2186 3144 sint.
2237 3091 2292 3146 Si
2355 3092 2554 3145 inimici
2603 3092 2689 3146 hic
2724 3092 2999 3160 plaudunt,
3048 3094 3136 3160 qui
3187 3102 3241 3147 te
3299 3094 3491 3148 all’ccm
3544 3095 3662 3163 plus

2061 3198 2219 3250 quam
2249 3192 2476 3251 paterno
2515 3181 2705 3247 diligit,
2745 3183 3021 3251 quomodo
3057 3197 3167 3236 nun
3201 3193 3254 3236 te
3283 3185 3565 3237 mirabitur
3601 3195 3657 3238 et

2060 3272 2356 3328 celebrabit
2381 3272 2401 3324 ?
2433 3271 2582 3326 Tunc
2601 3274 2743 3325 enim
2774 3281 2934 3327 erunt
2962 3282 3017 3326 et
3047 3272 3308 3327 bonorqu
3335 3275 3552 3341 prietnia
3595 3285 3648 3328 et

2061 3364 2327 3418 malorum
2357 3365 2612 3434 supplicia
2642 3380 2655 3427 ;
2690 3364 2758 3418 ita
2791 3374 2844 3417 ut
2895 3364 2984 3434 qui
3013 3365 3326 3434 negaverint
3353 3406 3368 3430 ,
3397 3375 3450 3419 et
3491 3366 3576 3420 hic
3603 3375 3660 3420 et

2061 3456 2172 3511 illic
2216 3456 2538 3526 puniantur;
2571 3455 2656 3509 hic
2698 3469 2822 3509 cum
2849 3455 2986 3509 mala
3013 3455 3345 3510 conscientia
3373 3455 3620 3511 viventes
3640 3497 3657 3522 ,

2060 3549 2150 3619 qui
2205 3558 2698 3618 quantumcumque
2752 3557 2984 3602 mortem
3035 3546 3312 3616 fugerint,
3361 3547 3662 3604 morientur

2063 3641 2313 3705 tandem;
2359 3641 2469 3695 illic
2495 3655 2628 3695 vero
2658 3648 2926 3696 extremas
2952 3639 3159 3695 dabunt
3188 3655 3414 3711 prunas;
3447 3641 3537 3695 alii
3565 3657 3661 3696 auo

2061 3743 2166 3787 tem
2199 3744 2253 3787 ct
2285 3733 2370 3788 hic
2389 3742 2444 3787 et
2467 3733 2573 3786 illic
2597 3733 2910 3796 Iucrantur;
2939 3739 2994 3785 et
3013 3740 3243 3785 mortem
3273 3731 3358 3785 hic
3380 3735 3432 3786 in
3455 3732 3661 3789 lucrum

2060 3833 2330 3879 vertentes
2355 3865 2367 3884 ,
2396 3839 2499 3893 qua
2522 3824 2656 3877 vivis
2684 3822 3078 3892 splendidiores
3104 3823 3430 3890 efficiuntur,
3465 3835 3517 3878 et
3550 3826 3659 3881 illic

2060 3915 2422 3970 ineﬁ'abilibus
2449 3914 2692 3968 fruentes
2714 3914 2893 3967 bonis.
2919 3912 3036 3967 Non
3059 3915 3204 3967 enim
3228 3916 3292 3967 ad
3330 3916 3660 3983 puniendum

2063 4015 2292 4074 tantum,
2345 4006 2439 4061 sed
2486 4007 2648 4061 etiam
2699 4005 2764 4059 ad
2813 4005 2952 4058 bona
3005 4007 3276 4075 eroganda
3323 4022 3540 4076 paratus
3579 4021 3664 4064 est

2061 4099 2240 4164 Deus;
2269 4107 2322 4154 et
2351 4096 2416 4152 ad
2450 4097 2553 4152 hoc
2579 4105 2729 4151 certe
2758 4096 2928 4166 magis
2959 4111 3122 4166 quam
3151 4097 3218 4150 ad
3248 4098 3401 4153 illud.
3427 4097 3535 4153 Sed
3565 4114 3663 4154 cur

2061 4191 2166 4245 hoc
2195 4189 2386 4256 semel,
2423 4188 2554 4243 illud
2589 4189 2671 4242 bis
2699 4187 2920 4258 posuit?
2950 4187 3115 4242 Novit
3143 4197 3295 4244 certe
3328 4190 3521 4245 timore
3550 4205 3664 4246 ma-

2058 4285 2143 4354 gis
2197 4283 2446 4336 homines
2491 4281 2558 4334 ad
2593 4281 3028 4350 resipiscentiam
3058 4279 3272 4334 adduci.
3305 4281 3511 4336 Idcirco
3538 4297 3661 4337 cum

2057 4377 2303 4438 dixisset,
2351 4373 2540 4428 Timete
2571 4374 2797 4441 eumqui
2827 4381 2990 4441 potest
3022 4382 3069 4426 et
3111 4373 3341 4426 animam
3379 4383 3426 4427 et
3472 4390 3660 4444 corpus

2060 4469 2268 4536 perdere
2289 4467 2341 4519 in
2366 4467 2670 4535 gehennam,
2697 4479 2910 4518 rursum
2935 4463 3084 4530 dicit,
3112 4463 3163 4516 Ν
3170 4465 3325 4534 cgabo
3346 4481 3461 4518 eum
3481 4475 3526 4518 et
3544 4482 3655 4535 ego.

2058 4559 2146 4615 Sic
2175 4567 2231 4613 et
2251 4558 2448 4613 Paulus
2485 4557 2736 4624 faciebat,
2769 4555 3072 4628 gehennam
3110 4555 3423 4626 frequenter
3445 4573 3657 4612 memo~

2057 4667 2203 4706 rans.

2129 4744 2183 4797 4.
2217 4741 2380 4806 Non,
2411 4739 2610 4794 Christo
2634 4750 2888 4806 monente,
2915 4756 3016 4793 non
3056 4739 3346 4794 metuenda.
3387 4739 3660 4808 Corruptio

2057 4849 2324 4905 corporum
2355 4833 2512 4886 utilis.
2547 4831 2682 4899 Quot
2727 4832 2864 4884 mala
2909 4831 3181 4896 evenirent,
3225 4832 3268 4886 si
3311 4849 3529 4902 corpora
3559 4850 3660 4887 non

2057 4935 2519 4998 corrumperentur.
2550 4955 2620 4965 -~
2648 4925 2782 4979 Cum
2833 4926 2993 4994 igitur
3043 4925 3342 4980 auditorem
3388 4924 3533 4980 omni
3587 4941 3658 4980 ex

2059 5031 2209 5091 parte
2251 5019 2579 5073 stimulasset
2611 5017 2756 5089 (nam
2789 5028 2840 5072 et
2869 5017 3033 5072 cazlos
3065 5017 3163 5086 ipsi
3191 5020 3434 5087 aperuit,
3467 5028 3514 5073 et
3558 5019 3657 5073 tri-

2058 5113 2218 5169 bunal
2246 5113 2373 5170 illud
2403 5113 2639 5168 terribile
2667 5112 3002 5176 monstravit,
3029 5111 3342 5183 angelorum
3368 5114 3656 5177 theatrum,

2058 5222 2375 5261 coronarum
2425 5205 2873 5276 proclamationes
2896 5247 2911 5270 ,
2949 5220 3066 5275 qua'.
3100 5206 3198 5274 pia:
3228 5204 3488 5259 doctrinm
3519 5205 3656 5259 riam

2058 5297 2267 5351 facilem
2293 5299 2582 5366 pararent),
2612 5297 2827 5350 demum
2858 5312 2925 5351 ne
2953 5311 3047 5365 per
3076 5296 3320 5351 timorem
3350 5297 3659 5366 praedicatio

2059 5388 2425 5456 impediretur,
2458 5389 2524 5442 ad
2565 5389 2738 5443 aedes
2769 5390 2911 5457 ipsos
2953 5391 3196 5459 apparari
3238 5388 3426 5459 jubet,
3471 5398 3527 5442 ut
3573 5389 3655 5442 di-

2059 5488 2229 5544 svant,
2251 5494 2342 5533 eos
2371 5481 2459 5548 qui
2505 5480 2557 5532 in
2591 5480 2962 5534 incredulitate
2991 5478 3300 5548 persistitnt,
3334 5480 3492 5533 etiam
3523 5480 3654 5534 insi-

2049 5571 2262 5624 diarum
2281 5569 2526 5622 ﬁdelibus
2543 5576 2876 5622 stt-actarum
2900 5584 3089 5638 poenas
3109 5584 3230 5624 esse
3248 5569 3646 5625 daturos.Mor-

2052 5673 2156 5716 tem
2188 5659 2724 5730 ergodespiciamus,
2744 5661 2961 5715 etiamsi
2999 5663 3242 5715 nondum
3277 5662 3394 5731 ejus
3426 5673 3643 5733 tempus

2052 5756 2483 5810 adt'cueritznam
2507 5752 2574 5807 ad
2593 5753 2767 5807 multo
2789 5754 3068 5809 meliorem
3093 5756 3257 5810 vitam
3277 5758 3640 5815 resurrecturi
