4076 6466
428 382 529 441 ωδ

425 507 627 552 sumus.
648 491 732 553 At,
753 487 921 551 dices,
935 496 1130 553 corpus
1146 478 1538 547 corrumpitur?
1556 475 1622 530 Et
1640 472 1762 527 ideo
1778 469 2010 527 maxime

427 583 802 656 gaudendum,
847 576 989 647 quod
1018 587 1163 629 mors
1185 578 1595 638 corrumpatur,
1635 573 1699 656 et
1715 561 2011 656 mortalitas

428 651 648 748 pereat,
693 686 799 726 non
833 675 1014 724 autem
1041 660 1332 719 substantia
1366 656 1626 748 corporis.
1655 653 1839 748 bisque
1867 651 2008 748 enim

433 739 475 822 si
499 763 719 821 conflari
751 761 960 816 videres
984 764 1231 816 statuam,
1261 749 1549 821 perniciem
1579 744 1629 800 id
1659 744 1888 808 diceres,
1919 739 2010 796 sed

431 858 709 912 meliorem
740 850 976 907 mateﬁte
1013 860 1191 901 usum.
1222 843 1330 899 .Sic
1368 850 1424 897 et
1449 839 1518 895 de
1543 851 1772 907 corpore
1799 835 1969 904 cogita
1994 871 2008 896 ,

431 959 582 1007 ct-ne
611 942 936 1016 lscrymeris.
980 938 1243 994 Flendum
1287 947 1415 990 sane
1455 937 1630 996 esset,
1679 929 1722 983 si
1763 928 1818 982 in
1856 939 2010 997 pinna

428 1037 732 1092 mansisset.
763 1031 868 1088 Sed
897 1030 1242 1100 oportuisset.
1273 1023 1500 1093 inquies,
1528 1021 1645 1075 sine
1670 1017 2014 1086 corruptione

429 1141 712 1194 corporum
758 1123 812 1177 id
858 1121 1007 1186 fieri,
1051 1128 1108 1174 et
1139 1119 1253 1187 ipsa
1295 1116 1500 1183 integra
1524 1125 1762 1166 manere.
1794 1108 1869 1164 Et»
1888 1105 2014 1178 quid

429 1215 556 1270 inde
601 1213 842 1269 utilitatis
883 1219 975 1266 aut
1019 1209 1155 1262 vivis
1197 1214 1294 1261 aut
1333 1203 1597 1262 defunctis
1643 1199 2027 1272 provenisset!

430 1305 718 1375 Quousque
743 1310 1008 1358 amatores
1036 1313 1319 1368 corporum
1344 1294 1527 1352 eritis?
1554 1305 1830 1364 quousque
1860 1299 2016 1346 terrae

431 1395 630 1453 addicti
652 1393 718 1449 ad
749 1397 966 1447 umbras
988 1388 1244 1451 initiatis?
1267 1386 1406 1455 Quid
1432 1385 1556 1441 inde
1587 1383 1826 1439 utilitatis
1849 1381 2020 1436 obve-

433 1484 606 1541 niret?
636 1486 744 1538 imo
789 1482 916 1546 quid
953 1495 1068 1537 non
1107 1478 1414 1543 nocumenti
1457 1474 1774 1530 accederet?
1808 1471 1938 1526 Nam
1969 1471 2017 1525 si

433 1590 654 1645 corpora
686 1588 793 1628 non
817 1577 1286 1638 corrumperentur
1303 1607 1318 1632 ,
1346 1565 1544 1620 malum
1571 1564 1809 1618 omnium
1836 1562 2015 1617 deter-

434 1667 630 1722 rimum
655 1705 671 1730 ,
716 1663 962 1733 superbia
992 1663 1046 1715 in
1088 1659 1272 1714 multis
1297 1655 1519 1726 vigeret.
1550 1653 1756 1709 Etenim
1785 1669 1903 1708 cum
1932 1668 2017 1707 res

436 1759 509 1812 ita
540 1771 600 1812 se
637 1755 829 1810 habeat
851 1794 866 1819 ,
911 1764 1240 1822 corporeque
1279 1747 1548 1804 vermibus
1578 1754 1834 1809 scatente,
1866 1745 2015 1801 multi

436 1855 615 1902 tamen
645 1858 704 1899 se
730 1842 861 1898 deos
887 1839 1186 1898 existimari
1211 1840 1550 1908 studuerunt,
1581 1835 1708 1905 quid
1735 1851 1841 1890 non
1871 1836 2019 1890 futu-

434 1949 554 1991 rum
581 1941 731 1998 erat,
762 1935 807 1987 si
836 1945 1032 2002 corpus
1057 1928 1381 1986 mansisset?
1409 1925 1676 1988 Secundo.
1709 1941 1813 1980 non
1841 1925 2017 1979 credi-

435 2026 641 2082 dissent
667 2039 891 2094 corpora
922 2039 988 2078 ex
1015 2033 1159 2078 terra
1184 2031 1362 2077 ortum
1404 2019 1603 2074 habere
1630 2037 1643 2072 :
1673 2035 1794 2073 nam
1831 2020 1874 2072 si
1904 2019 2020 2088 ejus

437 2113 546 2170 fine
567 2115 619 2170 id
650 2115 966 2170 testiﬁcante
994 2113 1170 2174 adhuc
1210 2113 1425 2184 quidam
1465 2111 1726 2176 dubitant,
1758 2111 1884 2180 quid
1914 2128 2019 2166 non

435 2205 876 2274 suspicarentur,
922 2203 1024 2258 nisi
1072 2201 1177 2257 hoc
1219 2201 1503 2256 viderent?
1545 2201 1747 2266 Tertio,
1796 2215 2021 2270 corpora

436 2294 608 2365 magis
626 2294 990 2365 diligerentur,
1014 2291 1332 2362 plurimique
1355 2291 1524 2362 magis
1543 2292 1783 2346 carnales
1801 2301 1857 2347 et
1871 2306 2022 2347 cras-

437 2387 608 2441 siores
633 2382 758 2440 facti
782 2395 962 2440 essent
985 2401 998 2437 :
1023 2398 1146 2440 nam
1171 2383 1232 2440 ,si
1277 2397 1417 2438 nunc
1443 2382 1656 2451 quidam
1686 2382 1944 2452 sepulcris
1968 2391 2023 2438 et

437 2475 588 2543 urnis
610 2473 838 2538 harent,
861 2474 1021 2529 etiam
1045 2473 1362 2544 corporibus
1379 2473 1729 2543 consumptis,
1758 2473 1885 2544 quid
1915 2488 2022 2529 non

439 2567 695 2633 facerent,
740 2568 784 2622 si
815 2547 984 2635 ipsam
1020 2567 1300 2636 imaginem
1346 2566 1640 2622 haberent?
1669 2565 1889 2634 Quarto,
1919 2566 2023 2638 ho-

441 2658 615 2712 mines
642 2659 814 2712 futura
837 2673 942 2711 non
965 2657 1376 2712 desiderassent.
1399 2658 1613 2725 Quinto,
1638 2659 1823 2728 illiqui
1842 2659 2025 2715 dicunt

439 2748 698 2803 mundum
719 2762 838 2804 esse
858 2749 1230 2813 immortalem,
1258 2749 1381 2804 hinc
1400 2750 1453 2803 in
1476 2749 1726 2819 opinione
1746 2749 2025 2807 firmaren—

441 2849 545 2906 tur,
573 2847 632 2894 ut
659 2849 963 2895 assererem
1007 2840 1172 2896 Deum
1206 2855 1310 2895 non
1337 2856 1456 2896 esse
1485 2850 1804 2898 creatorem.
1836 2844 2021 2910 Sexto,

442 2944 547 2985 non
578 2940 992 2998 cognosceretur
1017 2933 1210 2985 anima:
1249 2932 1417 2986 virtus
1435 2974 1449 2998 ,
1479 2947 1579 2989 nec
1604 2934 1860 3003 quantum
1889 2950 2028 3004 prs:-

439 3032 565 3073 scns
603 3017 844 3084 conferat
866 3023 1054 3076 anima;
1069 3021 1303 3090 corpori.
1331 3021 1571 3092 Septimo
1590 3056 1607 3089 ,
1652 3024 1802 3079 multi
1828 3039 1898 3079 ex
1925 3025 2026 3079 de-

438 3106 739 3164 functorum
757 3097 972 3165 suorum
989 3124 1192 3178 amore,
1213 3112 1432 3166 urbibus
1455 3112 1676 3179 relictis,
1694 3113 1747 3167 in
1769 3115 2026 3184 sepulcris

446 3198 734 3254 habitaturi
772 3207 924 3254 erant
944 3240 959 3265 ,
1006 3202 1409 3257 et'insanorum
1442 3202 1609 3257 instar
1636 3213 1875 3258 mortuos
1899 3220 2026 3261 suos

440 3287 749 3360 frequenter
767 3291 1087 3361 alloquuturi
1111 3307 1272 3386 apam
1293 3294 1500 3386 slnunc
1527 3295 1740 3365 quidam
1772 3296 2028 3367 imagines

440 3381 753 3451 emngentes
775 3422 792 3447 ,
834 3383 958 3451 quia
994 3381 1217 3453 corpora
1258 3385 1490 3441 retinere
1517 3400 1623 3440 non
1655 3396 1902 3456 possunt,
1932 3389 2026 3442 sed

442 3472 622 3526 invitis
649 3473 778 3540 ipsis
806 3472 893 3526 illa
919 3472 1180 3540 deﬂuunt;
1210 3475 1395 3544 ligneis
1423 3475 1617 3530 tabulis
1645 3477 1868 3541 luerent,
1900 3478 2025 3547 quid

444 3574 551 3614 non
587 3560 806 3616 sbsurdi
851 3569 978 3617 tunc
1022 3563 1456 3632 «cogitassent?
1500 3565 1635 3620 Puto
1663 3581 1810 3622 certe
1836 3569 2028 3623 multos

445 3650 812 3720 hujuscemodi
832 3653 1147 3722 corporibus
1173 3655 1372 3723 templa
1396 3655 1752 3711 trdilicaturos
1772 3699 1787 3722 ,
1820 3667 1874 3712 et
1904 3673 2028 3725 per-

444 3756 698 3798 suasuros
722 3742 885 3798 fuisse
910 3743 1182 3799 darmtmas
1207 3747 1265 3811 ιι
1288 3746 1393 3798 tilis
1419 3746 1584 3815 loqui,
1616 3746 1660 3801 si
1688 3748 1777 3817 qui
1800 3747 1855 3802 in
1884 3747 2029 3803 hisce

441 3832 737 3902 prrestigiis
771 3832 997 3888 solertes
1040 3834 1286 3898 fuissent}
1334 3835 1762 3906 quandoquidem
1808 3837 1906 3906 illi,
1938 3839 2028 3908 qui

447 3923 859 3978 necromantiam
890 3924 1091 3977 audent
1116 3937 1390 4000 exercere,
1418 3926 1582 3979 multa
1611 3925 1692 3980 his
1721 3926 2032 3983 absurdiora

448 4022 688 4078 tentant,
739 4013 804 4068 ad
851 4013 966 4069 haec
1007 4013 1385 4083 pulverem-aet
1434 4017 1644 4072 cineres
1693 4017 2029 4076 adhibentes.

447 4104 655 4171 Quanta
684 4103 807 4159 hinc
832 4103 1146 4159 idololatria
1169 4113 1365 4175 genera
1396 4120 1501 4160 non
1529 4107 1908 4163 emersissent?
1938 4109 2031 4165 His

452 4194 612 4265 igitur
637 4193 886 4250 omnibus
905 4194 1131 4251 sublatis
1157 4195 1316 4260 Deus,
1347 4206 1529 4265 utpote
1558 4198 1824 4266 absurdis,
1855 4211 1910 4255 ut
1934 4217 2034 4256 nos

451 4285 690 4339 instituat
735 4285 801 4340 ad
846 4296 1058 4340 terrena
1102 4287 1277 4339 omnia
1309 4286 1639 4355 abjicicnda,
1688 4298 1810 4343 ante
1852 4291 2036 4345 oculos

453 4384 668 4430 nostros
690 4389 888 4445 corpus
913 4375 1161 4429 destruit.
1190 4375 1323 4430 Nam
1361 4390 1646 4444 corporum
1674 4390 1880 4434 amator
1899 4422 1914 4446 ,
1945 4382 2036 4450 qui

454 4463 744 4518 formosam
777 4464 1002 4532 puellam
1027 4465 1252 4535 deperit,
1280 4467 1323 4520 si
1353 4466 1484 4520 uelit
1511 4467 1901 4527 deformitatem
1924 4488 2037 4525 ma-

456 4553 604 4607 teriae
651 4554 859 4610 ratione
902 4555 1130 4623 discere,-
1178 4571 1296 4610 eam
1341 4557 1470 4626 ipsis
1516 4559 1684 4613 oculis
1728 4563 2030 4632 perspiciet.

461 4647 674 4705 Etenim,
698 4647 878 4700 multa:
905 4657 1030 4701 sunt
1058 4649 1200 4717 paris
1226 4650 1397 4704 aetatis
1428 4651 1637 4718 puellae,
1665 4667 1728 4706 ac
1756 4669 1898 4724 smpe
1926 4655 2038 4710 for-

456 4741 716 4794 mosiores
734 4778 749 4802 ,
795 4753 913 4808 quae
941 4736 1203 4793 defuncta:
1230 4749 1363 4810 post
1389 4756 1548 4795 unam
1578 4744 1866 4800 alteramve
1892 4745 2036 4802 diem

459 4832 699 4885 fictorem
754 4830 1077 4895 emiserunt,
1125 4832 1350 4898 saniem,
1400 4835 1755 4903 putredinem,
1805 4853 2036 4893 vermes.

458 4920 641 4992 Cogita
669 4920 879 4990 qualem
905 4936 1053 4976 ames
1075 4922 1536 4991 pulchritudinem,
1561 4935 1614 4979 et
1633 4942 1788 4996 quam
1815 4928 2040 4983 formam

461 5012 734 5081 depereas.
765 5012 821 5066 Si
848 5029 974 5067 vero
999 5027 1223 5083 corpora
1249 5031 1354 5068 non
1383 5028 1766 5084 putrescerent,
1796 5019 1909 5074 luec
1932 5035 2041 5076 non

461 5105 631 5176 probe
659 5104 896 5174 dignosci
947 5115 1163 5176 possent
1187 5124 1201 5160 :
1225 5107 1318 5161 sed
1365 5110 1502 5163 sicut
1529 5107 1801 5164 datmones
1829 5125 1923 5180 per
1950 5127 2043 5166 se-

464 5193 647 5264 pulcra
687 5204 939 5260 currunt,
989 5195 1069 5251 sic
1111 5198 1259 5252 multi
1304 5213 1370 5252 ex
1416 5199 1741 5254 amatoribus
1783 5203 2044 5270 sepulcris

461 5286 788 5351 assidentes,
831 5286 1102 5342 daemonas
1151 5290 1200 5342 in
1246 5289 1421 5344 anima
1470 5291 1804 5361 reciperent,
1853 5303 1910 5348 et
1946 5293 2045 5349 hac

469 5377 610 5433 ducti
642 5379 847 5434 inSania
873 5393 1014 5450 saepe
1041 5391 1393 5437 morerentur.
1440 5380 1587 5438 Nunc
1616 5398 1777 5454 porro
1805 5394 1914 5441 tum
1940 5387 2043 5442 alia

1162 366 1218 422 S.
1258 360 1534 421 JOANNIS
1570 349 2044 413 CHRYSOSTOMI
2083 350 2400 409 ARClllEP.
2442 347 2976 407 CONSTANTINOP.

3601 348 3705 407 MM

2116 468 2299 531 multa,
2329 475 2439 522 tum
2461 465 2564 521 hoc
2579 466 2740 520 etiam
2764 467 2997 520 animum
3019 465 3345 530 consolatur,
3366 465 3506 534 quod
3533 467 3705 538 imago

2126 559 2229 613 illa,
2248 574 2355 612 non
2384 567 2653 628 appareat,
2687 558 2868 628 sicque
2893 558 3048 612 dolor
3076 557 3345 613 oblivione
3368 556 3595 612 diffluat.

2185 649 2240 704 5.
2268 649 2463 703 Anime
2489 648 2812 718 pulchritudo
2843 657 2893 702 et
2920 649 3244 719 prmtantia.
3270 678 3338 688 —
3364 646 3518 714 Quod
3548 649 3591 703 si
3621 667 3706 707 res

2116 754 2222 794 non
2242 740 2313 793 ita
2335 753 2392 793 se
2413 739 2654 802 haberet,
2677 739 2920 807 sepulcra
2948 739 3088 794 nulla
3110 749 3319 805 essent;
3347 740 3440 795 sed
3463 741 3706 798 civitates

2115 831 2328 886 videres
2346 845 2466 900 qum
2484 839 2723 886 mortuos
2744 845 2840 900 pro
2861 832 3050 885 statuis
3072 831 3345 896 baberent,
3365 849 3485 888 cum
3511 835 3703 904 singuli

2117 921 2316 977 vellent
2357 936 2483 977 suos
2525 923 2727 977 videre.
2771 921 2906 976 Hinc
2944 922 3133 1000 ingens
3160 925 3404 980 confusio
3434 927 3704 991 oriretur,

2117 1029 2274 1069 nemo
2295 1014 2486 1069 animae
2506 1029 2688 1069 curam
2712 1015 2949 1081 haberet,
2969 1029 3069 1070 nec
3089 1015 3156 1070 de
3176 1020 3294 1084 ejus
3310 1018 3709 1076 immortalitate

2117 1107 2374 1176 cogitaret
2399 1124 2413 1158 :
2435 1108 2708 1177 multaque
2731 1108 2833 1162 alia
2854 1108 3168 1163 absurdiora
3201 1110 3324 1165 inde
3350 1126 3706 1186 emergerem,

2119 1215 2236 1269 quae
2264 1215 2332 1254 ne
2356 1199 2536 1254 dicere
2564 1200 2778 1270 quidem
2823 1199 2902 1254 fas
2947 1211 3050 1255 est.
3083 1201 3369 1272 Propterea
3401 1205 3578 1259 subito
3613 1221 3710 1274 pu-

2121 1291 2323 1356 trescit,
2347 1301 2404 1346 ut
2423 1292 2622 1347 nudam
2649 1294 2840 1347 anima;
2869 1294 3316 1362 pulchritudinem
3347 1297 3545 1351 videas.
3577 1296 3708 1352 Nam

2119 1381 2162 1436 si
2185 1383 2342 1437 talem
2366 1382 2590 1438 formam
2613 1392 2669 1440 et
2684 1383 2843 1438 talem
2863 1385 3026 1439 vitam
3050 1386 3226 1440 anima
3247 1390 3458 1456 corpori
3486 1390 3708 1459 prabet,

2120 1473 2320 1542 quan'to
2357 1473 2574 1544 majoris
2613 1475 2724 1542 ipsa
2754 1473 3165 1542 pulchritudinis
3208 1477 3352 1530 erit?
3388 1477 3433 1532 si
3483 1494 3596 1534 rem
3640 1480 3712 1535 ita

2120 1567 2410 1623 deformem
2432 1577 2715 1632 sustentat,
2737 1578 2935 1639 quanto
2956 1571 3123 1639 magis
3145 1571 3407 1640 seipsam?
3429 1571 3546 1626 Non
3567 1574 3713 1629 enim

2120 1673 2314 1729 corpus
2341 1661 2513 1726 ipsum
2558 1659 2834 1729 pulchrum
2866 1667 2982 1726 est,
3027 1660 3120 1716 sed
3154 1664 3264 1730 ipsa
3296 1663 3626 1729 elformatio,
3657 1674 3714 1720 et

2121 1749 2221 1803 ﬂos
2266 1749 2357 1803 ille
2395 1751 2482 1818 qui
2507 1764 2602 1819 per
2624 1750 2854 1804 animam
2883 1751 2934 1804 in
2959 1752 3177 1805 materia
3209 1751 3531 1821 depingitur.
3565 1754 3712 1808 Illam

2122 1838 2280 1908 igitur
2304 1853 2444 1902 ama,
2473 1853 2593 1908 quae
2614 1840 2828 1909 corpori
2861 1839 3022 1894 talem
3048 1842 3280 1909 speciem
3309 1843 3574 1898 conciliat.
3609 1844 3715 1899 Ec-

2123 1929 2246 2000 quid
2287 1930 2355 1984 de
2395 1939 2567 1986 morte
2611 1930 2836 2001 loquor?
2882 1932 3096 1988 Etenim
3140 1934 3190 1987 in
3240 1933 3337 1989 hac
3365 1949 3579 2005 quoque
3608 1937 3714 1992 vita

2125 2023 2402 2077 ostendam
2438 2023 2528 2077 tibi
2557 2063 2572 2088 ,
2622 2023 2892 2093 quomodo
2917 2025 3139 2093 pulchra
3166 2026 3343 2081 omnia
3372 2027 3439 2080 ab
3468 2027 3557 2081 illa
3586 2043 3716 2097 pro-

2126 2112 2452 2168 liciscantur.
2479 2113 2611 2168 Nam
2643 2113 2685 2168 si
2718 2115 2809 2168 illa
2838 2115 3078 2182 laetetur,
3106 2130 3266 2170 roseo
3290 2131 3454 2187 genas
3479 2118 3719 2189 depingit

2126 2203 2340 2268 colore;
2390 2204 2471 2257 sin
2507 2211 2698 2258 maesta
2722 2205 2829 2270 sit,
2877 2204 2978 2260 hac
3006 2205 3244 2261 detracta
3289 2207 3715 2276 pulchritudine,

2124 2302 2244 2346 atro
2270 2295 2448 2348 colore
2475 2295 2651 2349 omnia
2681 2297 2857 2351 vestit.
2904 2297 2960 2350 Si
3003 2297 3217 2353 assidue
3259 2299 3490 2367 ltetetur,
3521 2317 3720 2373 corpus

2124 2383 2267 2452 viget
2311 2385 2625 2454 aegritudine
2659 2401 2918 2452 vacuum;
2971 2388 3014 2441 si
3043 2399 3289 2458 angatur,
3329 2406 3526 2447 aranea
3549 2394 3719 2449 maci-

2125 2473 2321 2528 lentius
2348 2483 2402 2528 et
2429 2474 2745 2531 i'mbecillius
2790 2476 2996 2543 evadit;
3034 2480 3077 2532 si
3110 2480 3405 2548 irascatur,
3454 2483 3719 2553 ingratum

2129 2563 2258 2618 illud
2290 2573 2342 2619 et
2371 2575 2525 2634 turpe
2553 2566 2758 2631 reddit;
2791 2557 2836 2620 ei
2863 2582 3112 2623 serenum
3144 2571 3356 2626 oculum
3389 2572 3717 2638 ostenderit,

2129 2671 2374 2726 magnam
2414 2657 2624 2711 emittit-
2655 2658 3135 2726 pulchritudinem;
3185 2663 3232 2716 si
3269 2664 3522 2728 invideat,
3556 2665 3722 2735 pallo-

2126 2763 2240 2803 rem
2283 2749 2512 2803 multum
2555 2760 2610 2804 et
2655 2751 2831 2806 tabem
2880 2753 3137 2820 eifundit;
3178 2756 3223 2810 si
3249 2767 3412 2822 amet,
3444 2759 3722 2827 pulchram

2129 2837 2264 2892 indit
2312 2838 2559 2893 formam.
2613 2838 2689 2894 ita
2732 2842 2875 2896 enim
2918 2845 3120 2908 multm,
3170 2860 3288 2914 quae
3329 2845 3578 2904 formosa:
3614 2864 3723 2905 non

2131 2939 2303 2996 erant,
2360 2931 2580 2985 multam
2621 2931 2690 2986 ab
2733 2934 2910 2989 anima
2957 2937 3180 3005 gratiam
3216 2953 3504 3008 accepere;
3536 2941 3722 2997 contra

2131 3035 2259 3076 vero
2286 3021 2406 3076 aliae
2430 3022 2713 3077 admodum
2741 3024 3012 3092 formosae,
3042 3030 3164 3098 quia
3188 3030 3447 3100 ingratam
3473 3033 3722 3101 injucun-

2129 3113 2360 3184 damque
2389 3114 2621 3170 animam
2649 3114 2888 3173 habuere
2909 3160 2924 3184 ,
2972 3118 3196 3175 formam
3236 3135 3385 3176 suam
3431 3124 3722 3180 labefacta-

2130 3216 2276 3264 runt.
2321 3205 2505 3277 Cogita
2548 3209 2817 3277 quomodo
2861 3212 3086 3266 candida
3133 3214 3291 3268 facies
3331 3217 3639 3283 erubescat,
3671 3227 3726 3272 et

2132 3297 2328 3352 coloris
2371 3297 2626 3353 varietate
2657 3314 2763 3354 non
2814 3315 3029 3369 parvam
3079 3304 3406 3371 voluptatem
3439 3309 3646 3376 pariat,
3677 3311 3725 3365 si

2131 3388 2345 3456 quidem
2375 3387 2514 3441 adsit
2544 3388 2716 3458 pudor
2740 3406 2752 3441 :
2776 3404 2899 3444 nam
2949 3391 2995 3444 si
3041 3391 3320 3460 impudens
3351 3395 3436 3448 illa
3468 3397 3570 3462 sit,
3613 3397 3723 3452 fera

2132 3478 2275 3530 omni
2326 3477 2662 3545 injucuudior
2687 3479 2788 3533 erit
2827 3488 2881 3533 et
2920 3480 3203 3550 ingratior;
3249 3495 3430 3539 contra
3484 3489 3526 3541 si
3568 3489 3723 3557 pudi-

2134 3566 2312 3621 bunda
2356 3569 2445 3631 sit,
2517 3569 2661 3624 mitis
2705 3580 2759 3625 et
2804 3570 3038 3627 formosa
3083 3577 3492 3632 evaditzanima
3530 3582 3726 3652 quippe

2134 3659 2354 3729 pulchra
2386 3661 2516 3731 nihil
2546 3660 2853 3727 formosius,
2879 3663 3009 3718 nihil
3037 3665 3264 3721 dulcius.
3294 3668 3426 3724 Nam
3459 3672 3510 3724 in
3535 3687 3726 3743 corpo-

2134 3750 2280 3805 ribus
2307 3766 2458 3806 amor
2481 3751 2668 3808 dolore
2701 3768 2805 3808 non
2852 3764 3024 3819 vacat,
3072 3757 3125 3811 in
3170 3759 3363 3814 animis
3392 3776 3520 3829 pura
3548 3775 3601 3817 et
3627 3765 3724 3817 im—

2135 3842 2438 3909 perturbata
2459 3843 2724 3912 voluptas.
2742 3845 2852 3899 Cur
2866 3861 2994 3915 ergo
3014 3861 3137 3917 rege
3157 3848 3399 3915 dimisso,
3423 3868 3726 3921 przcconem

2137 3933 2383 3987 miraris?
2409 3947 2504 3988 cur
2531 3934 2850 4005 philosopho
2876 3939 3066 3993 relicto
3088 3979 3104 4003 ,
3151 3939 3218 3994 ad
3268 3942 3608 4014 interpretem
3643 3947 3725 4000 in-

2137 4022 2288 4078 hias?
2316 4024 2502 4079 Vidisti
2533 4026 2814 4094 pulchrum
2844 4029 3056 4084 oculum
3076 4071 3091 4096 ,
3125 4019 3433 4089 interiorem
3465 4033 3724 4101 observa;

2137 4126 2190 4173 et
2212 4119 2258 4172 si
2289 4117 2375 4171 hic
2401 4118 2625 4186 pulcher
2652 4134 2754 4173 non
2788 4120 2876 4184 sit,
2911 4122 3125 4192 despice
3169 4124 3338 4178 illum.
3369 4125 3555 4195 Neque
3584 4129 3726 4183 enim

2137 4209 2182 4263 si
2224 4209 2407 4262 videas
2448 4206 2743 4262 deformem
2790 4212 3070 4266 mulierem
3119 4215 3359 4283 speciosa
3391 4215 3540 4271 larva
3570 4218 3727 4273 obte-

2140 4306 2277 4351 ctam
2303 4339 2316 4360 ,
2364 4297 2540 4367 aliquo
2567 4314 2692 4369 erga
2735 4299 2880 4355 illam
2909 4302 3102 4358 affectu
3130 4307 3395 4360 movearis
3414 4349 3428 4371 ,
3460 4318 3515 4362 ut
3542 4320 3727 4364 contra

2142 4388 2287 4442 larva
2309 4389 2563 4444 occultari
2588 4389 2876 4446 formosam
2902 4409 3005 4448 non
3028 4395 3192 4459 sinas,
3217 4397 3332 4462 sed,
3357 4407 3536 4455 amota
3559 4399 3726 4465 larva,

2142 4479 2335 4533 nudam
2371 4480 2582 4534 faciem
2630 4481 2811 4535 videre
2856 4498 3101 4552 cuperes.
3157 4486 3269 4540 Hoc
3320 4502 3444 4557 erga
3495 4489 3727 4543 animam

2143 4584 2354 4640 quoque
2383 4572 2561 4638 facito,
2595 4572 2738 4627 illam
2788 4589 3016 4642 agnosce
3048 4577 3314 4644 priorem;
3349 4578 3508 4632 larvas
3536 4583 3732 4648 quippe

2143 4660 2262 4716 loco
2292 4662 2432 4716 illam
2461 4677 2657 4732 corpus
2681 4664 2878 4730 ambit,
2908 4663 3050 4733 quod
3081 4674 3137 4718 ut
3165 4670 3518 4735 compositum
3551 4679 3631 4722 est
3660 4671 3730 4723 ita

2143 4763 2359 4822 semper
2380 4763 2590 4809 manet:
2614 4755 2789 4808 anima
2810 4769 2939 4810 vero
2965 4756 3008 4810 si
3033 4755 3286 4812 deformis
3312 4759 3401 4823 sit,
3429 4761 3535 4813 cito
3557 4769 3734 4828 potest

2146 4843 2377 4900 formosa
2403 4843 2563 4901 efﬁci.
2592 4846 2651 4902 Si
2678 4847 2896 4902 oculum
2921 4847 3116 4904 habeat
3137 4848 3458 4916 deformem,
3487 4859 3698 4906 torvum
3715 4893 3729 4916 ,

2147 4945 2375 5007 turpem,
2404 4947 2578 5009 potest
2605 4938 2694 4993 ille
2719 4939 2829 4993 fieri
2858 4940 3111 5009 pulcher,
3141 4941 3338 5007 suavis,
3369 4953 3614 5007 serenus,
3639 4944 3730 5010 ju-

2146 5033 2369 5087 cundus.
2421 5032 2567 5086 lianc
2609 5047 2738 5102 ergo
2767 5033 2989 5086 formam
3018 5026 3340 5102 qumramus,
3375 5032 3514 5088 hanc
3542 5033 3731 5088 faciem

2149 5133 2429 5190 ornatam,
2477 5132 2533 5177 ut
2583 5124 2722 5178 Deus
2766 5133 3001 5178 nostram
3046 5126 3430 5193 concupiscens
3462 5123 3686 5178 formam
3715 5165 3732 5189 ,

2150 5225 2348 5270 arterna
2381 5215 2533 5270 nobis
2572 5215 2708 5269 bona
2750 5215 3003 5285 largiatur
3027 5257 3040 5280 ,
3086 5219 3253 5285 gratia
3285 5227 3337 5270 et
3369 5214 3732 5271 misericordis

2151 5307 2359 5362 Domini
2388 5309 2556 5363 nostri
2596 5308 2723 5362 Jesu
2751 5306 2946 5361 Christi
2972 5349 2987 5373 ,
3031 5309 3116 5364 cui
3144 5309 3311 5380 gloria
3339 5316 3395 5362 et
3423 5307 3732 5374 imperium,

2153 5401 2203 5456 in
2232 5401 2426 5457 saecula
2459 5401 2798 5456 saeculorum.
2828 5400 3022 5467 Amen.
