4076 6454
309 373 405 430 605

1229 367 1292 421 IN
1328 362 1740 422 ΜΑΤΤΙΙᾸΣΠΜ
1783 358 2012 417 1101111..
2056 354 2275 416 XXXV.
2316 357 2384 417 ai.
2430 351 2673 419 XXXVI.

3499 363 3612 424 τοῦ

3545 503 3592 514 σε

1367 572 1717 634 HOMILIA
1759 568 2032 631 XXXV.
2079 568 2168 631 al.
2214 567 2521 631 XXXVI.

308 722 426 779 CAP.
450 720 536 776 10.
573 736 627 774 v.
661 721 752 775 δι.
787 719 961 773 Nolite
987 727 1165 787 putare
1187 717 1308 786 quia
1335 720 1550 770 venerim
1576 731 1751 785 pacem
1775 716 1895 766 mit-

377 825 479 869 tere
505 816 560 867 in
588 824 779 867 terram
797 829 932 866 :nou
956 810 1070 865 veni
1091 825 1264 881 pacem
1289 809 1504 872 mittere,
1533 806 1622 860 sed
1646 805 1895 877 gladium.

372 906 459 960 55.
496 903 629 958 Veni
666 906 803 960 «vim
836 918 1073 974 separare
1103 901 1359 957 hominem
1396 915 1428 952 ιι
1465 908 1609 970 patre
1631 914 1744 962 suo,
1767 906 1815 950 et
1836 898 1898 963 fi-

376 995 496 1047 liam
536 1010 570 1045 a
608 1005 772 1047 matre
796 1009 912 1056 sua,
939 1004 986 1045 et
1015 1007 1201 1044 nurum
1228 1007 1261 1043 α
1285 1005 1433 1044 socru
1460 1002 1590 1043 sua:
1608 986 1697 1043 36.
1726 996 1772 1042 et
1799 986 1900 1040 iui.

373 1086 490 1138 mici
516 1085 764 1149 hominis,
797 1082 1059 1137 domestici
1086 1084 1218 1152 ejus.

375 1175 427 1230 i.
459 1175 698 1229 Rursum
725 1171 1031 1228 onerosiora
1076 1171 1322 1242 profert,
1371 1169 1532 1240 idqne
1556 1184 1676 1223 cum
1709 1184 1898 1237 magna

310 1265 626 1320 auctoritate
649 1283 664 1319 :
687 1264 936 1335 quodque
962 1265 1053 1319 alii
1082 1261 1345 1332 objecturi
1373 1269 1547 1327 erant,
1576 1260 1665 1315 ille
1696 1260 1898 1331 praidi-

310 1359 399 1412 cit.
423 1355 557 1411 Nam
605 1370 674 1410 ne
720 1355 785 1409 iis
833 1353 1030 1409 auditis
1059 1353 1303 1411 dicerent
1327 1369 1341 1406 :
1369 1351 1565 1406 ldeoue
1591 1351 1816 1417 venisti,
1845 1359 1904 1405 ιιι

316 1460 408 1500 nos
443 1445 737 1500 interlicias
763 1458 884 1497 cum
914 1443 979 1496 iis
1021 1443 1111 1512 qui
1158 1441 1314 1496 nobis
1342 1440 1624 1509 obsequuti
1663 1450 1816 1503 sunt,
1848 1449 1904 1494 et

313 1536 458 1590 bellis
484 1543 684 1589 terram
712 1532 958 1604 repleas?
995 1533 1109 1603 ipse
1149 1533 1296 1602 prior
1319 1531 1450 1586 dicit
1476 1549 1489 1585 :
1517 1529 1635 1584 Non
1665 1532 1775 1586 veni
1805 1548 1900 1600 pa-

313 1642 414 1677 rem
437 1626 635 1678 mittere
673 1625 727 1678 in
750 1614 976 1677 terram.
1013 1624 1121 1677 Cur
1163 1637 1292 1692 ergo
1338 1622 1590 1690 praecepit
1620 1623 1672 1675 in
1713 1622 1903 1676 domos

314 1717 544 1786 singulas
574 1717 844 1786 ingressos
882 1729 1066 1784 pacem
1110 1714 1329 1769 dicere?
1353 1729 1449 1768 cur
1471 1722 1527 1768 et
1550 1711 1724 1784 angeli
1752 1713 1901 1768 dice-

314 1808 456 1869 bant,
485 1806 664 1862 Gloria
688 1808 741 1860 in
770 1805 979 1861 excelsis
1019 1804 1126 1859 Deo
1146 1846 1162 1870 ,
1208 1814 1254 1858 et
1279 1805 1334 1858 in
1364 1813 1499 1858 terra
1538 1820 1640 1873 pax
1666 1803 1819 1874 (Luc.
1843 1803 1897 1857 2.

317 1898 440 1968 lt)?
482 1914 579 1952 cur
624 1897 897 1966 proiibeta:
940 1909 1129 1952 omnes
1173 1895 1401 1966 idipsum
1446 1895 1904 1966 przenuntiaruntt

315 1990 444 2054 Quia
477 1989 606 2044 illud
650 1992 884 2043 maxime
915 2003 1016 2057 pax
1045 1996 1162 2050 est,
1193 2000 1318 2042 eum
1348 1987 1398 2040 id
1421 2027 1435 2052 ,
1466 1987 1610 2057 quod
1639 1996 1860 2056 agrotat
1884 2029 1901 2052 ,

315 2079 659 2139 abscinditur,
687 2079 901 2148 quando
929 2076 1003 2136 id.
1031 2077 1174 2146 quod
1205 2076 1463 2142 dissidet,
1491 2085 1790 2144 separatur.
1817 2076 1906 2132 Sic

315 2170 455 2224 enim
487 2176 665 2239 potest
697 2170 888 2223 caalum
930 2183 1050 2222 cum
1083 2177 1222 2222 terra
1257 2167 1428 2236 jungi.
1459 2166 1904 2236 Quandoquidem

317 2264 552 2319 medicus
589 2265 667 2318 sic
715 2263 977 2333 reliquum
1022 2277 1218 2331 corpus
1261 2269 1463 2328 servat,
1512 2277 1634 2316 cum
1681 2261 1731 2316 id
1763 2261 1904 2330 quod

317 2354 606 2408 insanabile
634 2361 737 2418 est,
772 2360 1013 2418 resecat;
1048 2362 1101 2407 et
1129 2351 1258 2416 dux,
1291 2367 1414 2406 cum
1443 2367 1536 2406 eos
1563 2351 1650 2420 qui
1681 2366 1906 2406 concor-

317 2444 458 2498 diam
489 2443 844 2514 perniciosam
874 2443 1141 2506 inierant,
1173 2442 1238 2494 ad
1263 2441 1653 2497 dissensionem
1681 2440 1905 2495 inducit.

315 2534 403 2588 Sic
426 2543 480 2590 et
509 2533 560 2587 in
585 2533 672 2587 illa
697 2533 828 2588 turri
851 2530 1048 2586 factum
1071 2540 1152 2586 est
1171 2529 1322 2602 (Gen.
1339 2531 1430 2600 11)
1456 2547 1469 2584 :
1493 2530 1686 2584 malam
1711 2529 1908 2600 quippe

315 2625 656 2679 concordiam
684 2625 823 2678 bona
848 2622 1111 2678 discordia
1137 2622 1299 2676 solvit
1316 2661 1331 2686 ,
1355 2629 1410 2675 et
1444 2635 1629 2692 pacem
1653 2622 1908 2675 concilia-

317 2717 406 2769 vit.
458 2715 549 2771 Sic
586 2725 641 2769 et
681 2714 876 2768 Paulus
901 2729 995 2768 eos
1024 2714 1112 2783 qui
1140 2711 1422 2766 adversum
1464 2727 1524 2766 se
1564 2710 1907 2766 concordiam

317 2805 562 2869 inierant,
589 2805 772 2859 divisit
801 2804 936 2876 (Act.
962 2804 1056 2858 23.
1082 2803 1135 2857 6.
1165 2804 1242 2872 7).
1271 2802 1329 2856 ln
1357 2800 1601 2856 Nabuthe
1625 2816 1755 2856 vero
1783 2816 1911 2856 con-

315 2897 491 2951 cordia
528 2898 612 2951 illa
637 2896 738 2950 fuit
753 2895 897 2950 omni
921 2894 1061 2949 bello
1082 2893 1321 2951 deterior
1339 2893 1415 2962 (3.
1440 2891 1569 2964 Reg.
1591 2892 1708 2962 2|).
1729 2892 1911 2964 Neque

315 2990 454 3042 enim
485 2988 772 3042 concordia
821 3002 1034 3055 semper
1077 2984 1347 3039 laudanda
1374 3003 1386 3039 :
1413 3000 1534 3038 nam
1579 2993 1635 3038 et
1678 2985 1911 3038 latrones

318 3082 457 3132 inter
480 3093 540 3132 se
567 3075 865 3131 concordes
892 3085 1036 3130 sunt.
1063 3074 1179 3129 Non
1207 3074 1367 3143 igitur
1391 3088 1456 3128 ex
1484 3072 1683 3126 Christi
1715 3088 1908 3141 propo-

317 3169 436 3231 sito,
468 3167 563 3222 sed
589 3182 658 3222 ex
684 3166 896 3220 illorum
923 3165 1198 3218 voluntate
1224 3163 1420 3218 bellum
1442 3161 1774 3217 movebatur.
1796 3161 1913 3232 Ipse

318 3259 510 3328 quippe
535 3258 751 3312 volebat
770 3272 960 3310 omnes
984 3257 1035 3310 in
1061 3256 1142 3325 pia
1166 3256 1422 3324 religione
1443 3255 1737 3309 concordes
1756 3270 1908 3310 esse:

317 3347 412 3402 sed
437 3349 558 3418 quia
587 3347 659 3401 illi
687 3347 1036 3410 dissidebant,
1086 3344 1209 3400 hinc
1255 3347 1454 3400 bellum
1481 3346 1772 3400 oriebatur.
1807 3345 1910 3399 Sed

321 3454 424 3492 non
455 3439 533 3500 sic
559 3437 654 3491 ille
682 3437 935 3507 loquutus
959 3445 1079 3490 est:
1103 3436 1229 3505 quid
1275 3451 1404 3490 vero
1434 3437 1604 3491 dicit?
1655 3437 1776 3489 Non
1804 3439 1916 3490 veni

321 3543 494 3595 pacem
521 3527 715 3580 mittere
734 3565 750 3592 ,
797 3535 854 3579 ut
885 3526 1006 3579 illos
1035 3525 1425 3580 consolaretur.
1457 3524 1536 3580 Ne
1563 3527 1756 3593 putetis
1780 3567 1796 3591 ,
1831 3527 1913 3579 iu-

320 3619 453 3685 quit,
485 3617 697 3670 illorum
723 3630 820 3669 vos
842 3629 1057 3669 causam
1084 3628 1225 3678 esse,
1251 3628 1352 3684 ego
1379 3615 1494 3668 hac
1515 3613 1764 3683 dispono,
1793 3616 1915 3684 quia

323 3710 396 3764 illi
439 3709 519 3764 sic
558 3709 733 3763 allecti
781 3717 926 3761 sunt.
966 3707 1044 3762 Ne
1075 3707 1360 3762 turbemini
1409 3708 1591 3779 igitur,
1636 3709 1787 3778 quasi
1829 3724 1918 3765 res

324 3808 517 3868 pra>ter
540 3800 994 3868 exspectationem
1025 3799 1294 3851 eveniant.
1323 3797 1448 3851 Ideo
1470 3800 1609 3860 veni,
1639 3809 1694 3852 ut
1722 3800 1916 3853 bellum

325 3905 568 3943 moveam
595 3906 606 3942 :
634 3889 748 3942 haec
774 3889 972 3957 quippe
992 3902 1110 3940 mea
1133 3897 1214 3940 cst
1237 3887 1504 3940 voluntas.
1528 3885 1605 3940 Ne
1629 3886 1917 3941 turbemini

327 3983 488 4050 igitur
540 3993 660 4034 cuni
720 3987 860 4032 terra
916 3977 1066 4048 quasi
1120 3977 1327 4032 insidiis
1375 3980 1617 4046 appetita
1669 3978 1721 4031 in
1780 3978 1919 4033 bella

327 4079 590 4139 erumpet.
619 4067 752 4123 Cum
781 4069 926 4123 enim
972 4067 1022 4121 id
1067 4067 1210 4136 quod
1239 4069 1480 4121 deterius
1505 4078 1586 4121 est
1615 4076 1920 4137 separatum

327 4162 501 4226 fuerit,
530 4170 656 4215 tunc
681 4160 899 4214 demunt
928 4159 1134 4212 meliori
1165 4158 1302 4227 parti
1327 4157 1680 4228 conjungetur
1707 4158 1920 4211 calum.

330 4255 455 4307 llaec
480 4260 662 4306 autem
683 4250 831 4311 dicit.
861 4259 919 4303 ut
940 4259 1129 4303 contra
1150 4248 1342 4303 malam
1368 4249 1658 4302 multorum
1678 4248 1694 4279 ί
1715 4248 1925 4316 opinio-

329 4360 451 4400 nem
496 4344 618 4398 illos
663 4341 886 4397 muniat.
939 4339 1121 4410 Neque
1167 4339 1326 4404 dixit,
1373 4338 1602 4402 Bellum,
1648 4338 1741 4392 sed
1782 4339 1922 4404 quod

329 4434 499 4489 multo
520 4432 760 4487 deterius
787 4439 902 4497 est,
944 4429 1208 4483 Gladium.
1238 4429 1295 4483 Si
1325 4443 1455 4482 vero
1479 4430 1622 4482 dicta
1653 4427 1768 4482 hcce
1796 4444 1927 4482 one-

329 4539 452 4579 rosa
479 4522 588 4577 sint
607 4531 664 4576 et
681 4521 828 4576 dictu
855 4522 1082 4590 ingrata,
1104 4536 1168 4574 ne
1192 4521 1424 4574 “ureris.
1442 4517 1577 4572 Cum
1602 4520 1745 4571 enim
1769 4518 1929 4573 vellet

329 4629 425 4669 eos
453 4613 555 4667 hac
580 4613 869 4667 verborum
898 4612 1186 4681 asperitate
1230 4624 1486 4664 exercere
1505 4648 1520 4671 ,
1570 4623 1637 4662 ne
1667 4610 1719 4660 in
1749 4623 1926 4663 rerum

329 4707 701 4762 dimcultatem
735 4706 958 4775 ingressi
988 4707 1260 4763 resilirent
1280 4744 1295 4768 ,
1326 4707 1406 4760 sic
1436 4703 1596 4757 verba
1630 4703 1923 4772 disposuit:

330 4811 394 4849 ac
423 4812 489 4849 ne
515 4797 637 4866 quis
663 4797 889 4861 diceret,
919 4811 1042 4850 eum
1073 4810 1141 4849 ex
1169 4795 1457 4858 lenocinio,
1489 4803 1545 4847 et
1571 4793 1807 4847 difﬁcilia
1833 4807 1930 4847 oc-

333 4888 606 4951 cultando,
652 4904 773 4957 qua:
815 4889 1032 4942 volebat
1075 4891 1331 4950 suasisse,
1387 4886 1510 4940 ideo
1555 4885 1646 4939 illa
1675 4901 1792 4956 qua:
1824 4886 1930 4939 alio

336 4980 498 5034 modo
545 4967 769 5033 dicenda
817 4979 1154 5039 videbantur.
1204 4978 1468 5034 acerbiori
1516 4986 1572 5030 et
1624 4978 1932 5032 terribiliori

340 5069 496 5124 modo
521 5069 826 5135 explicavit.
857 5069 1046 5123 Melius
1068 5071 1210 5123 enim
1243 5081 1325 5124 est
1349 5083 1527 5123 rerum
1553 5084 1714 5136 quam
1743 5070 1935 5122 verbo-

337 5175 453 5212 rum
483 5159 757 5212 ienitatem
788 5158 989 5212 videre.
1017 5158 1247 5227 ideoque
1278 5173 1451 5225 neque
1481 5158 1597 5211 haec
1625 5157 1826 5212 dixisse
1850 5174 1936 5210 sa-

341 5250 407 5303 tis
440 5249 643 5309 liabuat,
676 5248 771 5301 sed
800 5248 923 5302 belli
953 5249 1186 5316 speciem
1214 5249 1508 5316 explicans,
1539 5247 1774 5300 ostendit
1805 5248 1934 5300 illud

339 5340 479 5393 civili
513 5339 652 5392 bello
679 5339 848 5390 multo
878 5340 1092 5406 gravius
1125 5353 1264 5398 esse,
1293 5339 1477 5407 aitque
1502 5355 1513 5389 :
1548 5336 1673 5389 Veni
1701 5353 1938 5407 separare

342 5430 593 5486 hominem
614 5446 644 5481 a
671 5439 814 5496 patre
841 5444 952 5490 suo,
984 5437 1027 5480 et
1052 5429 1215 5492 ﬁliam
1245 5444 1276 5482 (ι
1307 5438 1467 5479 matre
1487 5444 1600 5488 suo,
1630 5437 1675 5480 et
1697 5444 1880 5479 nurum
1907 5444 1937 5478 α

342 5536 488 5576 socru
513 5535 625 5570 suo.
657 5517 772 5570 Non
801 5519 943 5571 enim
974 5518 1130 5571 amici
1163 5528 1216 5571 et
1240 5517 1488 5571 concives
1518 5516 1713 5580 solum,
1746 5517 1935 5584 inquit,

341 5609 434 5663 sed
485 5617 542 5662 et
584 5607 797 5677 Cognati
845 5609 983 5661 alter
1031 5617 1219 5662 eontra
1264 5608 1490 5661 alterum
1524 5606 1836 5675 insurgenl,
1885 5613 1939 5658 et

408 5784 425 5815 ‘
461 5782 678 5844 quidam,
701 5781 928 5835 laborm.

2015 703 2348 787 natura-ipsa
2379 715 2708 773 discindetur
2737 718 2900 774 bello.
2945 713 3070 776 Veni
3098 722 3254 788 enim,
3296 722 3487 792 inquit,
3516 732 3604 780 ιπε-

2009 820 2191 877 parare
2219 805 2472 878 lgominem
2500 824 2533 860 a
2579 818 2721 875 patre
2745 825 2866 875 suo,
2898 821 2945 864 et
2974 822 3185 866 matrem
3212 831 3244 866 ιι
3270 813 3381 881 [ilia
3404 830 3533 884 sua.
3565 826 3613 871 et

2006 912 2189 950 nurum
2211 914 2244 951 a
2264 915 2412 954 socru
2433 915 2549 954 sua.
2575 900 2760 972 Neque
2775 903 2925 957 enim
2954 903 3094 959 inter
3117 905 3450 962 domesticus
3479 908 3578 962 sim
3595 940 3609 950 -

2007 987 2220 1058 pliciter
2245 989 2444 1044 bellum
2485 991 2610 1057 erit,
2660 992 2756 1048 sed
2785 994 2948 1052 etiam
2997 994 3140 1051 inter
3168 990 3529 1053 amicissimos
3555 1009 3609 1053 et

2008 1079 2199 1147 majori
2245 1081 2645 1138 necessitudine
2669 1083 2908 1153 junctus.
2950 1086 3006 1140 Id
3050 1086 3192 1157 quod
3238 1091 3472 1145 maxime
3492 1089 3615 1158 ejus

2009 1167 2260 1223 virtutem
2282 1172 2542 1234 osmndit.
2568 1173 2710 1242 quod
2736 1175 2809 1228 illi
2833 1175 2958 1229 talia
2981 1178 3263 1234 audientes
3284 1181 3613 1250 eXCipert-nt,

2010 1257 2236 1327 aliisque
2266 1259 2576 1317 suaderent.
2605 1263 2942 1334 Quamquam
2982 1271 3089 1320 nun
3120 1267 3234 1337 ipse
3266 1268 3378 1324 lucc
3408 1270 3617 1325 e'l‘ticie-

2010 1347 2119 1415 bat,
2149 1349 2244 1406 sed
2271 1349 2546 1407 hominum
2569 1356 2840 1425 nequitia;
2873 1364 3110 1414 attamen
3143 1361 3256 1430 ipse
3282 1375 3345 1416 se
3371 1361 3497 1416 dicit
3527 1362 3616 1416 illa

2011 1438 2207 1494 lacere.
2251 1439 2348 1496 llic
2397 1443 2594 1514 quippe
2633 1459 2749 1499 mos
2796 1455 2880 1501 est
2923 1448 3214 1516 Scriptura:
3255 1464 3444 1505 sacrm.
3476 1452 3615 1505 Alibi

2010 1532 2153 1585 enim
2180 1532 2312 1587 dicit
2340 1553 2351 1586 :
2383 1535 2534 1588 Dedit
2568 1537 2670 1590 illis
2703 1538 2843 1593 Deus
2875 1542 3080 1606 oculos,
3112 1552 3169 1596 nt
3218 1557 3325 1596 non
3368 1544 3615 1605 viderent

2012 1620 2166 1689 (Isat.
2202 1623 2255 1678 6.
2285 1623 2558 1690 9;Ezecli.
2608 1623 2696 1684 12.
2741 1627 3002 1694 2:10am
3047 1631 3135 1684 12.
3169 1633 3251 1686 ll.
3285 1634 3377 1704 ιθ)
3413 1652 3428 1688 :
3457 1635 3535 1690 sic
3558 1646 3616 1689 et

2012 1713 2065 1766 in
2114 1712 2217 1768 lioc
2269 1715 2387 1769 loco
2431 1716 2604 1770 dicit:
2639 1727 2696 1772 ut
2744 1719 2904 1773 verba
2947 1721 3154 1786 istliruc,
3196 1723 3339 1792 quod
3369 1725 3618 1793 superius

2011 1802 2153 1870 dixi,
2193 1818 2376 1860 secum
2405 1815 2736 1874 reputantes,
2766 1824 2834 1864 ne
2864 1810 3226 1877 turbarentur,
3258 1824 3380 1866 cum
3411 1828 3618 1886 oppro~

2012 1895 2142 1949 briis
2184 1906 2238 1950 et
2281 1899 2623 1953 contumeliis
2661 1900 3066 1968 impeterentur.
3100 1903 3250 1970 Quod
3285 1905 3335 1956 si
3373 1903 3462 1973 qui
3504 1903 3622 1959 lucc

2011 1984 2190 2053 gravia
2215 1987 2544 2053 existimant,
2566 1989 2618 2041 in
2647 1998 2882 2048 mentem
2910 2002 3164 2045 revocent
3185 2000 3426 2048 Veterem
3451 1993 3620 2049 histo-

2014 2075 2167 2128 riam.
2198 2075 2394 2131 Priscis
2417 2078 2562 2132 enim
2593 2079 2922 2147 temporibus
2961 2080 3062 2135 hoc
3090 2083 3262 2152 ipsum
3293 2085 3538 2154 contigit,
3567 2085 3620 2139 id

2012 2165 2155 2234 quod
2181 2168 2414 2223 maxime
2438 2169 2674 2225 ostendit
2698 2172 2899 2228 veteris
2933 2172 3063 2242 legis
3102 2188 3226 2228 eum
3273 2191 3406 2228 nova
3439 2176 3620 2230 allini-

2018 2266 2204 2329 tatem.
2231 2259 2588 2330 enmdcmque
2617 2275 2738 2317 esse
2765 2264 2854 2332 qui
2890 2265 3005 2319 lucc
3030 2265 3184 2330 dixit,
3214 2277 3268 2322 et
3293 2265 3381 2322 illa
3412 2283 3617 2337 pmice-

2016 2350 2114 2417 pit.
2158 2349 2290 2404 Nam
2332 2359 2391 2404 et
2432 2352 2572 2420 apud
2619 2353 2835 2410 Judaros
2881 2373 3000 2412 cum
3043 2359 3270 2427 quisque
3315 2360 3620 2428 proximum

2014 2455 2169 2494 suum
2194 2442 2389 2494 occidit
2407 2483 2421 2504 ,
2451 2451 2576 2497 tunc
2599 2445 2687 2498 ille
2712 2447 2950 2513 placatus
2973 2457 3056 2502 est
3081 2447 3274 2518 (Exod.
3303 2445 3392 2505 52.
3413 2447 3509 2519 ‘27)
3532 2469 3544 2505 :
3568 2460 3625 2506 et

2015 2529 2232 2596 quando
2262 2530 2484 2583 vitulum
2528 2532 2862 2600 conﬂarunt,
2916 2546 2972 2591 et
3013 2538 3230 2607 quando
3268 2535 3621 2609 Beelpliegori

2017 2617 2207 2672 initiati
2235 2627 2360 2673 sunt
2387 2619 2574 2686 (Num.
2607 2622 2698 2676 25.
2727 2623 2804 2694 5).
2841 2624 2938 2680 Ubi
2970 2637 3095 2680 sunt
3119 2643 3247 2696 ergo
3276 2630 3366 2697 qui
3395 2629 3582 2684 dicunt
3606 2672 3622 2696 ,

2018 2706 2168 2761 illum
2194 2707 2363 2763 Deum
2392 2710 2613 2773 malum,
2642 2711 2784 2767 [tunc
2814 2714 3010 2768 bonum
3035 2715 3195 2771 esse?
3219 2717 3363 2774 Ecce
3391 2735 3626 2788 namque

2019 2811 2371 2872 cognatorum
2400 2807 2660 2877 sanguine
2690 2807 2877 2870 orbem
2907 2810 3156 2878 replevit.
3188 2812 3440 2868 Attamen
3472 2813 3627 2868 beni-

2020 2893 2241 2961 gnitatis
2267 2895 2449 2948 multa:
2476 2895 2579 2950 hoc
2615 2911 2752 2966 opus
2791 2915 2912 2953 esse
2950 2900 3196 2957 dicimus.
3243 2902 3537 2971 Propterea
3567 2910 3629 2958 ut

2019 2982 2270 3037 ostendat
2295 2998 2355 3038 se
2383 2985 2468 3038 illa
2499 2986 2662 3040 etiam
2691 2987 3012 3057 approbare,
3043 2990 3384 3060 prophetiam
3417 3007 3621 3045 memo-

2021 3079 2126 3135 rat,
2153 3086 2272 3140 qua
2294 3087 2400 3126 non
2431 3076 2627 3128 factum
2655 3076 2784 3129 illud
2814 3079 3053 3145 respicit,
3075 3080 3170 3133 sed
3198 3080 3423 3150 idipsum
3442 3089 3623 3137 tamen

2021 3159 2280 3214 declarat.
2309 3161 2570 3229 Quantam
2609 3165 2697 3218 illa
2727 3166 2851 3219 est?
2879 3165 3087 3220 Inimici
3119 3169 3340 3223 hominis
3364 3169 3630 3224 domestici

2023 3250 2155 3317 ejus.
2183 3249 2314 3302 Nam
2354 3259 2409 3306 et
2447 3252 2586 3321 apud
2613 3251 2834 3308 Judteos
2859 3254 3135 3325 quidpiam
3179 3257 3357 3313 simile
3381 3259 3630 3328 contigit.

2025 3337 2195 3393 Erant
2218 3341 2363 3395 enim
2391 3345 2667 3412 prephetas
2693 3355 2749 3400 et
2778 3347 3288 3419 pseudoprophetae,
3311 3365 3376 3404 ac
3402 3352 3634 3422 populus

2023 3428 2321 3484 dissidebat
2346 3430 2647 3502 domusque
2672 3433 3084 3501 dividebantur;
3127 3447 3184 3492 et
3211 3440 3300 3492 alii
3330 3440 3412 3494 his
3438 3441 3633 3495 crede-

2025 3517 2156 3572 bant
2177 3558 2192 3582 ,
2236 3519 2328 3574 alii
2373 3521 2516 3577 aliis.
2547 3521 2674 3577 Ideo
2703 3534 2889 3588 mouet
2920 3526 3180 3594 propheta
3209 3528 3432 3584 dicens:
3458 3529 3634 3584 Nolite

2025 3612 2228 3665 credere
2246 3613 2442 3676 amicis,
2471 3631 2561 3667 nec
2589 3632 2794 3684 sperare
2821 3617 2873 3670 in
2903 3618 3114 3672 ducibus
3139 3635 3157 3672 :
3179 3621 3266 3672 sed
3291 3630 3335 3674 et
3364 3639 3396 3674 a
3419 3622 3636 3691 conjuge

2027 3711 2116 3755 tua
2142 3718 2280 3768 cave,
2306 3719 2464 3774 neque
2488 3704 2566 3758 illi
2585 3707 2902 3773 assentiaris,
2924 3709 3045 3780 quia
3066 3710 3256 3763 inimici
3279 3711 3499 3764 hominis
3519 3723 3641 3766 sunt

2028 3791 2127 3859 ipsi
2152 3794 2246 3845 viri
2274 3794 2328 3846 in
2353 3795 2466 3862 eius
2497 3796 2779 3849 habitantes
2815 3798 2964 3850 domo
2999 3800 3184 3869 (Nicia.
3223 3797 3284 3858 7.
3311 3803 3366 3857 5.
3399 3802 3480 3871 6).
3512 3803 3638 3858 llaec

2031 3890 2210 3937 autem
2238 3883 2488 3946 dicebat,
2532 3895 2592 3938 ut
2630 3901 2753 3940 eum
2792 3888 2880 3956 qui
2922 3888 3025 3942 hoc
3052 3889 3275 3944 verbum
3304 3901 3639 3961 excepturus

2029 3979 2208 4036 esset,
2254 3971 2506 4028 onnnibus
2554 3975 2890 4044 superiorem
2947 3977 3218 4033 redderet.
3267 3974 3455 4048 Neque
3492 3983 3641 4035 enim

2033 4061 2168 4113 mori
2196 4062 2396 4115 malum
2423 4072 2528 4128 est,
2559 4065 2655 4118 sed
2678 4066 2820 4135 male
2851 4068 3009 4121 mori.
3041 4067 3246 4124 Idcirco
3268 4071 3436 4125 dixit:
3457 4070 3638 4141 Ignem

2032 4150 2142 4203 ueni
2161 4154 2354 4204 mittere
2368 4154 2421 4204 in
2444 4161 2649 4207 terram.
2673 4153 2800 4209 Haec
2818 4171 2979 4226 porro
3002 4157 3234 4222 dicebat,
3260 4169 3319 4213 ut
3339 4160 3456 4230 ejus
3476 4176 3637 4230 quem

2033 4238 2279 4310 exigebat
2305 4244 2505 4296 amoris
2533 4241 2800 4300 fervorem
2840 4260 2904 4299 ac
2939 4249 3332 4303 vehementiam
3365 4251 3637 4321 signiﬁca-

2035 4339 2135 4384 ret.
2181 4330 2316 4396 Quia
2347 4328 2502 4387 enim
2552 4336 2621 4386 ita
2669 4351 2768 4388 nos
2816 4336 3167 4393 vehementer
3206 4341 3434 4399 amavit.
3491 4341 3570 4398 sic
3609 4357 3639 4393 a

2037 4421 2190 4478 nobis
2231 4425 2343 4476 vult
2380 4426 2570 4479 amari.
2601 4424 2728 4481 llaec
2759 4443 2921 4497 porro
2955 4431 3113 4484 verba
3155 4433 3430 4506 apostolos
3467 4434 3640 4503 erige-

2037 4513 2186 4573 bant,
2220 4515 2670 4585 sublimioresque
2696 4516 3014 4573 reddebant.
3049 4519 3181 4575 Nam
3208 4522 3251 4575 si
3279 4523 3376 4588 illi,
3403 4522 3638 4583 aiebant.

2036 4615 2323 4672 cognatos,
2376 4605 2549 4668 filios.
2606 4618 2858 4678 parentes
2906 4613 3214 4680 despecturi
3267 4622 3412 4678 sunt,
3465 4613 3638 4683 cogita

2037 4696 2223 4761 quales
2251 4705 2499 4764 oporteat
2524 4711 2624 4750 nos
2654 4713 2794 4762 esse,
2824 4701 2914 4769 qui
2943 4701 3194 4758 doctores
3221 4719 3428 4760 sumus.
3457 4703 3643 4772 Neque

2037 4785 2180 4837 enim
2211 4782 2344 4837 dura
2376 4793 2431 4839 et
2456 4785 2696 4840 difﬁcilia
2727 4788 2818 4841 illa
2851 4790 2905 4843 in
2938 4792 3088 4845 vobis
3131 4795 3289 4845 tinem
3333 4792 3642 4856 habebunt,

2039 4874 2130 4928 sed
2156 4883 2211 4926 et
2236 4873 2302 4927 ad
2330 4875 2466 4928 alios
2489 4877 2810 4932 transibunt.
2846 4879 2978 4932 Nam
3004 4881 3124 4948 quia
3156 4896 3343 4952 magna
3378 4881 3516 4934 bona
3540 4881 3647 4935 huc

2041 4965 2216 5029 attuli,
2243 4981 2488 5034 magnam
2515 4968 2669 5037 exigo
2696 4979 2752 5025 et
2779 4971 3141 5027 obedientiam
3172 4985 3228 5027 et
3252 4972 3522 5028 allectum.
3554 4975 3645 5027 37.

2045 5055 2144 5120 Qui
2173 5067 2313 5108 autat
2343 5069 2538 5124 patrem
2565 5070 2612 5110 et
2639 5071 2850 5115 matrem
2882 5062 2997 5133 plus
3023 5081 3175 5134 quam
3209 5080 3306 5126 me,
3349 5075 3544 5118 nonest
3571 5079 3650 5117 me

2043 5147 2226 5214 dignus
2248 5156 2330 5199 :et
2358 5149 2447 5215 qui
2466 5157 2606 5202 ornat
2627 5152 2791 5216 ﬁlium
2815 5163 2902 5205 aut
2923 5153 3084 5221 ﬁliam
3109 5155 3222 5220 plus
3247 5171 3398 5218 quam
3422 5170 3520 5218 me,
3548 5171 3649 5207 non

2045 5247 2114 5289 est
2142 5252 2223 5289 me
2251 5238 2455 5306 dignus.
2489 5239 2578 5294 '58.
2630 5239 2698 5293 Et
2736 5245 2823 5312 qui
2867 5260 2968 5295 non
3015 5245 3147 5297 tollit
3173 5260 3371 5297 crucem
3396 5260 3539 5297 suam
3560 5285 3576 5310 ,
3602 5251 3650 5296 et

2045 5327 2269 5394 sequitur
2309 5344 2409 5390 me,
2448 5346 2548 5382 non
2589 5341 2659 5385 est
2698 5349 2777 5386 me
2814 5333 3016 5404 dignus.
3047 5333 3236 5388 Vidisti
3279 5336 3649 5389 auctoritatem

2047 5417 2318 5471 doctoris?
2357 5419 2534 5473 vidisti
2576 5424 2848 5490 quomodo
2896 5427 3145 5479 ostendat
3197 5427 3434 5496 scipsum
3464 5427 3652 5495 genui-

2047 5521 2174 5558 num
2207 5506 2381 5560 Patris
2410 5508 2631 5574 Filium,
2668 5514 2846 5566 omnia
2873 5515 3066 5583 iubens
3099 5516 3232 5569 infra
3265 5518 3567 5587 relinquere
3595 5526 3652 5570 et

2047 5595 2322 5649 caritatem
2351 5597 2468 5665 ejus
2495 5601 2799 5656 anteferre?
2828 5601 2893 5657 Et
2914 5605 3038 5673 quid
3065 5606 3205 5672 dico,
3237 5609 3424 5677 inquit,
3450 5607 3651 5661 aniicns

2050 5696 2104 5737 et
2147 5691 2436 5756 cognatos?
2464 5690 2518 5745 Si
2547 5694 2781 5747 animam
2813 5705 2955 5749 tuam
2983 5698 3254 5753 dilectioni
3287 5716 3418 5753 mezr
3459 5700 3651 5769 praefe-

2054 5787 2163 5843 ras,
2196 5783 2378 5848 procul
2411 5796 2469 5835 cs
2499 5797 2528 5835 a
2561 5784 2694 5838 meis
2739 5783 3030 5854 discipulis.
3069 5787 3205 5855 Quid
3241 5783 3434 5858 igitur?
3469 5802 3648 5844 annon
