4076 6442
499 365 606 419 ιοτ

499 479 613 532 haec
640 475 905 530 contraria
934 473 1099 527 veteri
1142 470 1242 541 legi
1272 472 1427 524 sunt?
1467 470 1652 535 Absit;
1686 470 1792 523 imo
1818 467 1891 522 illi
1924 465 2078 520 valde

494 575 811 622 consonant.
843 564 973 620 Nam
1016 565 1123 619 illic
1167 562 1471 617 idololatras
1499 577 1605 615 non
1634 559 1791 615 modo
1814 559 1923 613 odit
1942 599 1958 622 ,
1985 558 2079 611 sed

497 659 658 712 etiam
705 656 928 726 lapidari
972 656 1143 726 jubet.
1177 652 1243 706 Et
1285 654 1336 706 in
1384 650 1796 707 Deuternnomio
1844 648 2081 711 ueritatis

498 749 732 802 cultores
757 745 1027 800 admirans
1050 744 1157 797 ait:
1190 743 1290 810 Qui
1330 742 1453 795 dicit
1493 742 1626 811 patri
1653 741 1728 794 vel
1758 739 1925 801 matri,
1958 736 2078 790 Non

497 840 600 892 ridi
630 850 695 902 te,
728 848 775 894 et
805 841 985 908 fratres
1010 851 1127 889 suos
1153 851 1253 887 non
1284 834 1530 903 cognovit,
1562 843 1605 885 et
1638 832 1773 900 ﬁlios
1799 828 2075 899 ignorauit,

498 928 763 981 custodiuit
804 927 999 995 eloquia
1042 935 1127 977 tua
1155 923 1332 995 (Deut.
1376 925 1462 978 33.
1508 922 1585 991 9).
1615 920 1764 986 Quod
1804 920 1847 973 si
1888 917 2080 977 Paulus

502 1018 665 1070 multa
703 1016 843 1068 circa
895 1024 1146 1083 parentes
1174 1013 1475 1082 praecipiat,
1515 1022 1568 1065 et
1608 1011 1711 1063 illis
1742 1010 1793 1063 in
1834 1008 2079 1062 omnibus

500 1105 720 1173 obsequi
759 1105 965 1172 iubeat,
1008 1118 1074 1158 ne
1113 1104 1363 1157 mireris:
1392 1117 1512 1155 nam
1545 1101 1596 1153 in
1628 1101 1729 1153 illis
1758 1099 1925 1154 solum
1955 1098 2082 1153 obc-

498 1199 615 1251 dire
656 1197 923 1267 praecipit,
976 1212 1093 1265 quae
1139 1194 1319 1262 pietati
1369 1208 1475 1246 non
1529 1192 2077 1246 officiuntzsanctum

496 1288 694 1373 quippe
722 1294 807 1341 est
851 1288 903 1340 in
948 1284 1159 1339 caeteris
1187 1282 1437 1337 omnibus
1474 1282 1678 1336 honore
1705 1282 1820 1334 illos
1846 1280 2077 1335 afficere.

498 1380 629 1434 Cum
671 1389 847 1432 autem
879 1379 997 1447 plus
1026 1392 1187 1446 quam
1221 1391 1316 1445 par
1353 1375 1423 1429 sit
1468 1374 1705 1442 exigunt,
1738 1388 1843 1427 non
1872 1380 2081 1441 oportet

498 1470 603 1524 illis
628 1469 1019 1538 obtemperare.
1054 1466 1256 1522 Idcirco
1282 1465 1410 1520 dicit
1458 1463 1624 1518 Lucas
1655 1481 1670 1517 :
1698 1463 1757 1517 Si
1806 1463 1916 1533 quis
1950 1465 2081 1515 venit

497 1560 567 1613 ad
591 1576 689 1624 me,
722 1569 769 1612 et
798 1576 897 1612 non
924 1560 1029 1613 odit
1055 1568 1245 1627 patrem
1274 1562 1423 1609 suum
1450 1565 1496 1609 et
1521 1564 1749 1619 matrem,
1778 1564 1824 1608 et
1852 1569 2076 1618 uxorem,

496 1660 545 1702 et
571 1649 705 1716 ﬁlios
730 1658 774 1701 et
801 1651 1012 1718 fratres,
1053 1646 1222 1699 adhuc
1248 1653 1487 1698 autem'et
1514 1644 1733 1696 animum
1758 1659 1901 1696 suam
1923 1683 1938 1707 ,
1980 1659 2079 1695 non

497 1749 658 1808 potest
683 1754 820 1792 meus
843 1754 951 1792 esse
976 1736 1255 1808 discipulus
1284 1734 1434 1804 (Luc.
1466 1735 1553 1789 Μ.
1583 1734 1677 1802 9.6)
1704 1751 1718 1787 :
1744 1749 1851 1788 non
1880 1734 2079 1801 simpli-

496 1832 630 1886 citer
652 1830 775 1884 odio
802 1830 1001 1883 habere
1024 1829 1237 1897 jubens,
1271 1826 1322 1881 id
1354 1826 1494 1880 enim
1526 1824 1810 1879 admodum
1842 1824 2076 1893 iniquum

496 1929 679 1983 esset;
726 1918 817 1972 sed
858 1919 901 1972 si
942 1918 1067 1971 velit
1099 1927 1157 1971 ttt
1180 1931 1328 1969 ames
1355 1917 1500 1970 illum
1542 1915 1661 1983 plus
1688 1930 1846 1983 quam
1874 1929 1979 1977 mc,
2013 1927 2077 1967 ea

497 2009 563 2063 de
586 2022 742 2062 causa
765 2006 889 2060 odio
912 2006 1047 2060 habe
1074 2006 1243 2059 illum.
1260 2004 1314 2059 ld
1336 2006 1477 2059 enim
1501 2014 1555 2059 ct
1575 2014 1807 2056 amatum
1830 2012 1883 2056 et
1899 2016 2076 2055 aman-

495 2110 604 2155 tem
633 2097 900 2166 perderet.

564 2190 619 2244 2.
654 2189 763 2243 Hoc
794 2201 951 2255 porro
976 2185 1183 2241 dicebat
1206 2226 1220 2249 ,
1250 2193 1307 2238 ttt
1334 2193 1388 2239 et
1418 2183 1555 2238 filios
1584 2182 1829 2236 fortiores
1851 2221 1864 2243 ,
1894 2192 1947 2235 et
1978 2196 2074 2249 pa-

495 2289 627 2344 tres,
651 2278 739 2348 qui
768 2270 1146 2344 impedimento
1168 2287 1286 2328 esse
1311 2273 1524 2337 vellent,
1550 2271 1933 2325 mansuetiores
1960 2271 2079 2325 red-

496 2372 667 2424 deret.
704 2367 911 2422 Etenim
954 2372 1130 2433 patres
1167 2364 1407 2418 videntes
1447 2362 1617 2431 ipsum
1661 2370 1857 2415 tantam
1889 2360 1994 2414 vim
2024 2369 2080 2413 et

492 2467 811 2528 potestatem
845 2456 1039 2510 habere
1064 2496 1078 2519 ,
1107 2465 1165 2507 ut
1196 2461 1371 2523 posset
1403 2452 1538 2505 filios
1570 2452 1637 2506 ab
1672 2452 1799 2519 ipsis
1826 2451 2075 2531 avellere,

497 2566 563 2604 ne
584 2564 647 2605 ea
670 2556 935 2603 tentarent
954 2561 1072 2615 qua:
1095 2544 1208 2599 fieri
1234 2558 1335 2597 non
1359 2552 1621 2613 poterant,
1640 2542 1880 2596 destituri
1906 2551 2078 2595 erant.

500 2640 621 2694 Ideo
652 2639 789 2692 lilios
816 2636 985 2704 solum
1021 2635 1325 2705 alloquitur,
1356 2633 1531 2686 missis
1561 2633 1821 2700 patribus,
1852 2646 1997 2703 quos
2014 2633 2082 2685 ab

494 2727 667 2783 inutili
696 2736 887 2781 conatu
914 2734 1144 2780 revocat.
1178 2723 1375 2779 Deinde
1403 2737 1470 2777 ne
1496 2722 1570 2776 illi
1602 2722 2000 2791 indignarentur
2027 2728 2081 2774 et

496 2832 637 2886 :rgre
665 2815 898 2879 ferrent,
928 2815 1049 2869 vide
1078 2828 1182 2883 quo
1226 2827 1525 2867 sermonem
1561 2812 1805 2867 deducat.
1834 2812 1963 2867 Cum
1994 2811 2078 2865 dio

495 2910 665 2961 sisset
686 2906 850 2966 enim.
885 2903 985 2968 Qui
1011 2920 1111 2956 non
1141 2904 1248 2957 odit
1277 2913 1469 2972 patrem
1494 2912 1541 2955 et
1566 2912 1795 2966 matrem,
1820 2902 1984 2966 addit,
2018 2901 2081 2954 Et

494 2998 719 3050 animam
761 3012 921 3049 suam.
960 2993 1092 3061 Quid
1134 2993 1265 3047 mihi
1295 2993 1523 3061 allegas,
1562 2992 1765 3060 inquit,
1801 3000 2079 3058 parentes,

493 3085 710 3150 fratres,
743 3099 974 3149 sorores,
1013 3083 1267 3137 uxorem?
1296 3081 1433 3135 Nihil
1472 3082 1718 3150 cuiquam
1750 3068 2083 3151 conjunctius

493 3184 578 3230 est
608 3176 781 3230 anima
802 3215 817 3239 ,
849 3184 901 3229 et
931 3183 1109 3228 tamen
1143 3173 1243 3226 nisi
1283 3186 1401 3225 eam
1434 3171 1557 3225 odio
1586 3169 1833 3225 habueris
1853 3211 1868 3235 ,
1899 3153 2081 3226 contra

496 3280 656 3333 qttam
696 3264 822 3339 velit
860 3277 1045 3317 amans
1080 3262 1257 3316 omnia
1299 3261 1507 3315 cedent.
1551 3259 1741 3335 Neque.
1773 3260 2084 3329 simpliciter

498 3358 642 3411 illam
670 3356 792 3411 odio
820 3355 1017 3409 habere
1039 3352 1219 3423 jussit,
1252 3352 1345 3417 sed
1375 3346 1449 3405 ita
1476 3360 1533 3405 ut
1562 3351 1625 3405 ad
1657 3351 1792 3406 bella
1824 3351 2081 3417 tradatur,

499 3449 567 3503 ad
606 3462 839 3517 pugnas,
866 3445 1041 3501 caedes
1063 3485 1078 3510 ,
1115 3444 1445 3511 sanguinem.
1486 3440 1623 3495 Nam
1651 3444 1735 3511 qui
1765 3458 1865 3497 non
1891 3441 2084 3511 btqulat

500 3552 699 3591 crucem
737 3550 882 3588 suam
902 3575 917 3599 ,
947 3543 993 3586 et
1021 3532 1153 3587 venit
1192 3541 1303 3601 post
1335 3547 1409 3583 me
1434 3572 1448 3596 ,
1479 3547 1579 3583 non
1621 3542 1777 3599 potest
1818 3547 1954 3584 meus
1982 3546 2087 3585 esse

501 3623 801 3692 discipulus.
836 3622 949 3676 Non
981 3621 1109 3676 dicit
1139 3620 1331 3681 solum.
1355 3620 1421 3673 ad
1454 3630 1677 3675 mortem
1708 3628 1946 3688 paratum
1968 3633 2088 3675 esse

500 3721 739 3782 oportet;
780 3712 875 3767 sed
916 3712 982 3765 ad
1030 3720 1255 3766 mortem
1296 3711 1619 3775 violentam;
1662 3725 1762 3765 nec
1800 3711 2085 3765 violentam

505 3802 699 3865 modo,
732 3802 825 3857 sed
856 3811 909 3856 et
939 3802 1365 3871 ignominiosam.
1393 3801 1639 3871 Nihilque
1666 3802 1838 3857 adhuc
1866 3802 1933 3856 de
1962 3816 2085 3871 pas-

508 3895 658 3949 sione
683 3907 778 3947 sna
806 3884 1066 3961 loquitur.
1096 3901 1154 3945 ut
1183 3892 1234 3945 in
1265 3892 1347 3945 bis
1378 3893 1587 3946 interim
1624 3894 1847 3946 instituti
1884 3893 2086 3951 facilius

504 3997 567 4036 ac
597 3980 768 4035 lenius
796 3980 863 4034 de
894 3981 979 4033 illa
1014 3981 1319 4048 loquentem
1347 3980 1610 4035 audirent.
1643 3982 1833 4035 Annon
1871 3991 2089 4050 stupen-

506 4074 630 4124 dum
652 4081 734 4125 est
756 4072 963 4124 illorum
990 4070 1101 4125 huic
1122 4070 1447 4124 audientium
1472 4070 1701 4125 animam
1726 4086 1828 4124 non
1851 4074 2088 4127 avolasse

508 4178 537 4212 a
565 4176 788 4231 corpore
808 4203 821 4225 ,
848 4177 968 4214 cum
1004 4160 1075 4215 de
1118 4160 1352 4213 tristibus
1382 4160 1555 4212 solum
1582 4170 1765 4229 agatur
1783 4202 1796 4223 ,
1829 4161 2088 4215 bonorum

509 4268 640 4307 vero
666 4268 788 4321 spes
815 4261 1015 4307 tantum
1048 4250 1337 4305 offeratur?
1362 4249 1639 4315 Quomodo
1666 4265 1793 4318 ergo
1827 4265 1933 4303 non
1968 4268 2093 4305 avo—

512 4343 680 4395 lavit?
710 4341 868 4395 Multa
900 4350 1013 4394 erat
1042 4340 1265 4393 dicentis
1294 4341 1477 4404 virtus,
1509 4348 1562 4393 et
1589 4339 1914 4393 audientium
1945 4355 2094 4396 amor

515 4433 731 4487 multus.
768 4432 990 4500 Ideoque
1018 4433 1171 4500 longe
1202 4430 1413 4484 duriora
1442 4438 1495 4484 et
1531 4431 1841 4484 oaerosiora
1871 4432 2092 4485 audien-

510 4532 611 4585 tes,
644 4539 796 4590 quam
827 4521 996 4590 magni
1028 4522 1097 4573 illi
1130 4521 1225 4574 κίε-ἱ
1256 4520 1463 4589 Moyses
1490 4531 1541 4574 et
1575 4520 1853 4584 leremias,
1888 4522 2095 4576 obtem-

515 4623 782 4681 perantes,
812 4626 907 4665 nec
940 4623 1291 4679 repugnantes
1322 4611 1623 4664 manebant.
1661 4614 1746 4665 59.
1780 4612 1880 4675 Qui
1910 4615 2094 4667 invenit

514 4704 737 4756 animum
779 4720 920 4755 suam
942 4745 956 4764 ,
991 4706 1160 4769 χιχ-νάει
1190 4718 1331 4766 eum,
1370 4711 1415 4753 et
1451 4703 1534 4768 qui
1571 4702 1839 4765 perdiderit
1875 4705 2092 4756 animum

513 4813 655 4848 suam
688 4806 888 4863 ςιιουρῖςη·
919 4812 1015 4855 me,
1050 4793 1258 4846 inveniet
1287 4809 1413 4844 eam.
1442 4792 1628 4845 Vidcn'
1655 4802 1899 4861 quantum
1926 4794 2093 4862 jactu-

517 4903 629 4940 mut
664 4884 854 4937 fut-iant
884 4886 973 4951 qui
1009 4886 1237 4936 animam
1268 4897 1415 4936 suam
1448 4883 1562 4949 pius
1590 4898 1747 4951 quam
1777 4894 1982 4950 oportet
2007 4886 2089 4939 di-

518 4984 678 5049 ligant
700 4982 722 5031 Ῥ
746 4990 1100 5049 quantumque
1125 4981 1323 5033 lucrum
1352 4994 1533 5032 eorum
1561 4982 1647 5047 qui
1675 4978 1936 5033 oderunt?
1963 4982 2089 5047 Quia

519 5073 659 5124 enim
690 5080 947 5138 praecepta
974 5084 1197 5123 onerosa
1226 5076 1409 5124 erant:
1444 5084 1563 5121 nam
1592 5078 1772 5123 contra
1809 5081 2053 5136 parentes
2074 5112 2089 5139 ,

518 5164 676 5225 lilios,
709 5172 971 5223 naturam,
1005 5161 1392 5228 cognationem,
1432 5159 1636 5221 orbem,
1679 5160 1947 5229 ipsamque
1977 5162 2091 5214 ani-

520 5269 659 5306 mam
701 5254 866 5306 aciem
910 5254 1170 5305 instruere
1208 5250 1525 5318 Oportebat:
1560 5250 1836 5303 utilitatem
1878 5249 2090 5319 adjicit,

520 5360 637 5410 qua:
670 5346 897 5396 maxima
922 5351 1067 5403 certe
1093 5353 1225 5396 erat.
1256 5342 1377 5396 Haec
1396 5382 1410 5407 ,
1440 5343 1640 5410 inquit,
1669 5356 1773 5395 non
1801 5341 1959 5396 modo
1988 5358 2092 5395 non

522 5434 815 5496 nocebunt,
848 5432 942 5486 sed
974 5442 1025 5487 et
1059 5434 1289 5487 maxime
1320 5432 1611 5501 juvabunt;
1646 5433 1727 5487 bis
1754 5442 1930 5486 autem
1962 5447 2091 5486 con-

521 5525 679 5575 traria
708 5523 988 5576 nocebunt.
1022 5524 1074 5575 Id
1107 5524 1295 5593 ultique
1323 5523 1481 5588 facit,
1511 5524 1575 5577 ab
1609 5525 1668 5577 iis
1694 5538 1810 5591 qurc
1839 5521 2093 5590 concupi-

523 5622 696 5679 scunt,
728 5614 1079 5667 inductionem
1114 5626 1277 5682 parat.
1312 5614 1418 5669 Cur
1454 5632 1557 5668 non
1590 5616 1663 5668 vis
1691 5618 1918 5669 animam
1951 5623 2092 5668 tuam

522 5704 792 5772 deSpiccre
808 5706 830 5743 9
854 5704 985 5772 Quia
1008 5719 1151 5759 amas
1175 5706 1313 5760 illam
1332 5706 1353 5760 ἲ
1375 5706 1452 5760 0b
1478 5706 1576 5760 ltoc
1602 5707 1769 5776 ipsum
1796 5720 1922 5776 ergo
1949 5706 2088 5759 illam

1245 358 1297 414 S.
1328 355 1602 415 JOANNIS
1631 351 2102 413 CHRYSOSTOM!
2136 351 2453 410 ARCHIEP.
2481 352 3010 414 CONSTANTINOP.

3670 348 3780 411 ιοκ

2188 466 2431 535 despice,
2464 478 2518 524 et
2561 478 2687 524 tunc
2734 471 2873 524 illam
2919 470 3147 525 maxime
3177 468 3420 541 juvabis,
3458 477 3614 541 teque
3649 487 3775 541 vere

2183 570 2450 612 amantem
2480 562 2879 613 monstraveris.
2913 560 2979 614 Et
3008 559 3132 613 vide
3161 560 3288 613 mibi
3321 560 3653 628 prudentiam
3686 560 3772 613 in-

2183 644 2470 702 effabilem.
2526 648 2641 703 Non
2681 649 2821 703 enim
2863 650 2914 702 in
2957 650 3267 719 parentibus
3302 659 3358 705 et
3400 649 3525 703 filiis
3565 658 3773 704 tantum

2184 749 2437 803 moratur,
2464 740 2557 795 sed
2584 742 2635 795 in
2661 742 2836 795 anima
2866 742 3103 796 omnium
3129 741 3427 808 carissima,
3454 749 3511 795 ut
3535 740 3674 810 quod
3699 740 3771 792 de

2184 827 2274 881 illa
2304 828 2465 893 dicit,
2499 829 2848 885 indubitatum
2876 839 3116 897 maneat,
3146 840 3201 884 et
3227 831 3385 885 simul
3412 830 3622 887 discant
3646 831 3771 884 illos

2184 919 2345 972 etiam
2374 918 2593 972 multum
2622 920 2750 974 lucri
2782 930 2832 974 et
2865 920 3106 973 utilitatis
3136 918 3260 975 hinc
3285 930 3598 989 accepturos
3623 934 3766 983 esse,

2184 1008 2610 1078 quandoquidem
2668 1012 2795 1065 illud
2844 1012 2897 1065 in
2950 1015 3188 1066 omnium
3242 1012 3626 1081 pretiosissima
3670 1010 3775 1064 sibi

2184 1102 2359 1154 anima
2384 1100 2625 1169 contigit.
2914 1156 2917 1159 ,
3676 1154 3679 1155 ν

2258 1191 2357 1257 Qui
2379 1193 2636 1261 apostolos
2656 1193 2948 1259 reciperent,
2972 1203 3162 1261 quanta
3182 1201 3598 1261 consequerentur
3617 1192 3773 1245 bona.

2182 1310 2252 1320 ——
2279 1280 2404 1335 litae
2433 1296 2560 1335 vero
2589 1292 2833 1350 poterant
2862 1282 3105 1337 homines
3139 1281 3391 1335 inducere
3420 1282 3485 1336 ad
3523 1281 3643 1337 illos
3685 1297 3775 1337 re—

2182 1370 2457 1441 cipiendos
2483 1373 2569 1440 qui
2600 1372 2700 1425 sibi
2730 1372 2885 1426 saluti
2914 1386 3033 1427 esse
3068 1370 3333 1426 valebant.
3364 1373 3494 1439 Quis
3523 1373 3668 1428 enim
3698 1373 3773 1426 ita

2183 1461 2353 1529 fortes
2374 1472 2726 1531 strenuosque
2752 1462 2914 1528 viros,
2937 1464 3026 1531 qui
3048 1463 3199 1531 quasi
3230 1463 3411 1518 leones
3435 1463 3622 1519 orbem
3644 1478 3773 1533 per-

2181 1550 2498 1614 currebant,
2530 1551 2617 1619 qui
2649 1560 2705 1603 ut
2736 1550 2869 1604 alios
2912 1558 3192 1604 servarent
3228 1566 3321 1604 sua
3365 1552 3540 1605 omnia
3579 1561 3774 1606 conte-

2184 1639 2472 1704 mnebant,
2520 1656 2626 1693 non
2670 1639 2851 1693 libenti
2896 1640 3075 1694 animo
3119 1640 3479 1710 suscepisset?
3520 1643 3775 1697 Attamen

2181 1728 2340 1783 aliam
2367 1730 2512 1798 ponit
2541 1729 2841 1784 mercedem
2865 1768 2881 1794 ,
2914 1728 3204 1784 ostendens
3230 1771 3245 1795 ,
3271 1745 3330 1784 se
3369 1730 3600 1799 hospitio
3630 1731 3781 1785 reci...

2185 1820 2415 1887 pientem
2438 1859 2453 1885 ,
2482 1834 2639 1888 quam
2666 1828 2937 1887 receptum
2971 1819 3069 1874 hac
3096 1821 3147 1873 in
3174 1836 3233 1874 re
3264 1821 3431 1890 magis
3463 1835 3673 1875 curare.
3707 1821 3778 1875 Et

2182 1910 2411 1979 primum
2442 1911 2655 1980 quidem
2683 1910 2774 1963 dat
2813 1910 3087 1978 praemium
3112 1952 3127 1976 ,
3159 1911 3345 1966 dicens
3374 1928 3387 1964 :
3435 1912 3525 1966 40.
3558 1913 3659 1979 Qui
3684 1928 3770 1966 re-

2180 2000 2304 2069 cipit
2331 2016 2437 2064 vos,
2468 2017 2545 2054 me
2568 2001 2743 2070 recipit
2766 2018 2784 2065 ;
2812 2010 2860 2054 et
2883 2000 2970 2069 qui
3006 2017 3085 2054 me
3112 2002 3310 2068 recipit,
3339 2002 3516 2069 recipit
3546 2018 3662 2055 eum
3687 2004 3777 2071 qui

2184 2106 2262 2143 me
2287 2091 2438 2143 misit.
2469 2089 2567 2144 Cui
2609 2091 2685 2144 rei
2729 2090 2853 2159 quid
2901 2104 2997 2158 par
3034 2103 3282 2159 umquam
3328 2089 3518 2156 fuerit,
3558 2090 3777 2145 Patrem

2183 2196 2375 2251 nempe
2398 2190 2452 2234 et
2484 2181 2674 2234 Filium
2715 2181 2997 2250 recipere?
3029 2181 3198 2235 Aliam
3238 2190 3356 2250 post
3391 2182 3529 2238 banc
3558 2199 3769 2237 merce-

2182 2272 2303 2326 dem
2342 2272 2651 2340 pollicetur;
2686 2287 2807 2325 nam
2837 2273 2911 2324 ait
2941 2289 2952 2324 :
2983 2271 3072 2325 41.
3119 2270 3219 2336 Qui
3254 2272 3431 2343 recipit
3475 2274 3775 2341 prophetam

2180 2364 2233 2416 in
2258 2364 2459 2416 nomine
2482 2364 2759 2431 prophetae,
2784 2364 3058 2417 mercedem
3083 2364 3346 2431 prophetae
3368 2365 3599 2433 accipiet,
3622 2376 3667 2417 et
3687 2369 3777 2434 qui

2182 2454 2358 2519 recipit
2380 2454 2575 2521 justum
2604 2453 2657 2504 in
2684 2454 2884 2506 nomine
2912 2453 3062 2521 justi,
3090 2455 3366 2507 mercedem
3385 2455 3515 2523 justi
3537 2456 3771 2523 accipiet.

2184 2541 2355 2613 Supra
2403 2558 2615 2612 pansam
2660 2544 3032 2598 interminatur
3067 2544 3131 2598 iis
3169 2546 3257 2613 qui
3297 2560 3401 2599 non
3433 2546 3773 2614 receperint;

2184 2632 2273 2686 ltic
2293 2646 2420 2689 vero
2442 2634 2703 2687 bonorum
2727 2633 3052 2703 largitionem
3074 2633 3278 2687 definit.
3306 2634 3373 2691 Ut
3400 2642 3577 2689 autem
3598 2635 3777 2690 discas

2184 2721 2329 2775 illum
2359 2721 2457 2776 hos
2486 2722 2716 2778 maxime
2743 2737 2931 2777 curare
2951 2763 2967 2789 ,
2997 2739 3102 2778 non
3133 2723 3269 2778 dixit
3296 2734 3496 2779 tantum
3517 2766 3533 2789 ,
3568 2726 3668 2792 Qui
3696 2744 3780 2780 re-

2182 2813 2303 2883 cipit
2329 2813 2653 2882 propltetam,
2683 2813 2766 2868 vel
2786 2853 2800 2876 ,
2836 2813 2935 2878 Qui
2974 2815 3151 2883 recipit
3169 2816 3370 2883 justum
3390 2856 3406 2880 ,
3435 2816 3527 2871 sed
3555 2815 3735 2884 adjicit
3755 2856 3772 2881 ,

2184 2902 2251 2956 In
2282 2904 2481 2957 nomine
2517 2906 2808 2973 propheta“,
2838 2912 2921 2969 et,
2953 2903 3018 2958 In
3047 2906 3249 2960 nomine
3280 2908 3451 2977 justi;
3491 2907 3541 2961 id
3579 2916 3695 2975 est,
3726 2912 3772 2962 si

2188 3010 2292 3051 non
2339 3005 2556 3065 propter
2598 2996 2852 3051 swculare
2897 2997 3283 3066 patrocinium,
3325 2997 3408 3051 vel
3450 2998 3773 3053 caducarutn

2188 3101 2366 3140 rerum
2391 3100 2571 3151 causa,
2604 3087 2929 3155 susceperit;
2960 3087 3052 3142 sed
3079 3088 3199 3157 quia
3230 3086 3507 3157 praphcta,
3539 3088 3622 3142 vel
3652 3091 3774 3157 quia

2183 3176 2360 3245 justus
2389 3184 2491 3243 est,
2521 3178 2822 3232 mercedem
2853 3180 3123 3249 prophetae
3149 3179 3235 3232 vel
3261 3180 3388 3248 justi
3418 3181 3662 3250 accipiet,
3691 3182 3777 3237 vel

2188 3270 2343 3335 quam
2371 3283 2468 3338 par
2488 3278 2570 3323 est
2596 3269 2840 3337 accipere
2865 3285 2984 3324 eum
3010 3271 3097 3339 qui
3126 3269 3209 3325 vel
3244 3271 3553 3339 prophetam
3582 3273 3663 3327 vel
3686 3274 3776 3341 ju-

2187 3369 2325 3411 sttun
2351 3359 2632 3428 receperit,
2660 3359 2744 3413 vel
2768 3360 2976 3428 qualem
3004 3360 3257 3427 propheta
3279 3361 3362 3413 vel
3386 3361 3566 3429 justus
3587 3375 3779 3415 conse-

2188 3450 2386 3518 quitur.
2411 3450 2562 3515 Quod
2593 3457 2647 3504 et
2673 3450 2866 3504 Paulus
2892 3449 3137 3505 dicebat:
3177 3449 3351 3505 Vestra
3375 3451 3686 3504 abundantia
3710 3452 3779 3503 ad

2189 3540 2394 3591 illarum
2418 3540 2644 3605 inopiam
2664 3578 2677 3599 ,
2708 3548 2763 3590 ut
2800 3540 3007 3591 illorum
3044 3540 3353 3593 abundantia
3378 3544 3441 3594 sit
3470 3541 3539 3593 ad
3562 3551 3778 3594 vestram

2191 3629 2414 3698 inopiam
2442 3627 2517 3700 (2.
2555 3626 2673 3683 Cor.
2703 3629 2757 3684 8.
2790 3630 2901 3697 14).
2934 3629 3133 3685 Deinde
3159 3646 3226 3685 ne
3253 3632 3374 3701 quis
3412 3640 3779 3702 paupertatem

2191 3719 2535 3783 obtenderet,
2565 3718 2639 3772 ait
2665 3734 2678 3771 :
2708 3718 2797 3772 42.
2830 3719 3141 3790 Quicumque
3173 3732 3347 3790 potum
3376 3721 3570 3777 dederit
3597 3724 3687 3777 uni
3716 3740 3780 3777 es

2191 3810 2409 3863 minimis
2448 3810 2556 3863 istis
2592 3810 2795 3863 calicem
2835 3826 2981 3878 aqua:
3019 3812 3221 3882 frigidae
3260 3822 3455 3866 tantum
3492 3814 3545 3866 in
3579 3815 3782 3868 nomine

2193 3900 2452 3969 discipuli,
2484 3912 2629 3953 amen
2658 3899 2770 3952 dico
2797 3900 2953 3963 vobis,
2986 3916 3085 3952 non
3114 3903 3282 3968 perdet
3310 3903 3585 3957 mercedem
3609 3920 3776 3959 suam

2195 3989 2414 4043 Etiamsi
2437 3987 2516 4042 vel
2543 3997 2724 4057 potum
2751 4002 2901 4055 aquai
2930 3985 3135 4055 frigidae
3164 3988 3397 4057 dederis,
3426 3992 3478 4046 in
3504 4006 3611 4061 quo
3636 3992 3779 4046 nulla

2196 4080 2432 4148 impensa
2472 4087 2549 4131 est
2572 4117 2587 4141 ,
2629 4077 2728 4130 erit
2769 4076 2861 4130 tibi
2904 4077 3135 4144 reposita
3174 4093 3399 4133 merces.
3434 4080 3658 4151 Propter
3683 4096 3780 4137 vos

2195 4172 2359 4235 enim,
2383 4169 2473 4237 qui
2500 4168 2751 4237 recipitis,
2774 4170 2949 4223 omnia
2978 4168 3138 4224 facio.

2267 4261 2322 4314 5.
2369 4258 2610 4313 Vidistin’
2657 4259 2969 4327 quibusnam
3016 4260 3083 4314 ad
3138 4258 3567 4328 persuadendum
3612 4275 3779 4325 usus,

2199 4348 2473 4402 universas
2522 4349 2625 4402 illis
2673 4348 2820 4402 orbis
2864 4348 3053 4403 domos
3099 4353 3408 4419 aperuerit?
3454 4352 3556 4408 Per
3600 4354 3780 4407 omnia

2198 4438 2391 4507 quippe
2420 4438 2650 4493 ostendit
2679 4452 2861 4493 omnes
2902 4438 3032 4508 ipsis
3069 4452 3188 4492 esse
3224 4440 3494 4495 debitores
3527 4458 3540 4494 :
3571 4442 3777 4511 primo,

2201 4543 2319 4581 cum
2348 4527 2478 4597 dixit
2506 4547 2519 4581 :
2554 4527 2747 4597 Dignus
2781 4538 2848 4581 est
2886 4530 3147 4598 operarius
3186 4531 3411 4583 mercede
3434 4548 3529 4584 sua
3556 4531 3776 4599 (Matth.

2203 4617 2287 4671 10.
2320 4617 2425 4686 lO);
2459 4620 2689 4671 secundo
2710 4660 2722 4683 ,
2750 4620 2884 4686 quod
2916 4618 3041 4671 nihil
3066 4618 3323 4673 habentes
3353 4629 3406 4673 et
3433 4635 3630 4674 vacuos
3656 4623 3779 4674 mit-

2202 4718 2274 4761 tat
2300 4725 2311 4771 ;
2345 4710 2519 4773 tertio,
2545 4709 2681 4774 quod
2711 4709 2773 4761 ad
2798 4710 2928 4762 bella
2954 4718 3003 4762 et
3028 4724 3226 4777 pugnas
3252 4726 3345 4777 pro
3367 4711 3782 4779 suscipientibus

2200 4799 2403 4858 :nittat;
2432 4808 2639 4867 quarto,
2670 4800 2806 4865 quod
2835 4799 2982 4866 signa
3014 4799 3265 4867 θρεττηῶ
3298 4798 3388 4853 det
3423 4808 3778 4867 potestatem;

2200 4888 2413 4955 quinto,
2438 4888 2574 4957 quor!
2606 4904 2818 4957 pacein,
2854 4889 3111 4941 bonorum
3146 4890 3377 4941 omnium
3408 4903 3652 4953 causam,
3688 4904 3781 4957 per

2200 4994 2260 5032 os
2296 4996 2482 5034 eorum
2530 4980 2581 5031 in
2626 4980 2813 5032 domos
2857 4979 3257 5047 suscipientium
3303 4981 3554 5044 inducat;
3597 4990 3780 5047 sexto,

2199 5072 2341 5141 quod
2379 5076 2617 5141 graviora
2664 5070 3002 5125 Sodomiticis
3040 5069 3413 5125 inter-minetur
3454 5074 3518 5126 iis
3550 5071 3639 5140 qui
3677 5086 3781 5124 neu

2202 5164 2343 5229 ipsos
2371 5162 2699 5230 susceperint
2725 5178 2738 5224 ;
2772 5164 3018 5228 septimo,
3050 5161 3191 5231 quod
3222 5162 3485 5222 ostendat.
3516 5162 3606 5232 qui
3638 5162 3785 5231 ipsus

2199 5253 2527 5319 suscipiunt,
2559 5262 2611 5305 ct
2636 5266 2696 5307 se
2732 5261 2783 5303 et
2821 5251 3025 5304 Patrem
3056 5252 3359 5319 susdpere;
3390 5261 3575 5305 octavo
3596 5292 3609 5317 ,
3640 5252 3783 5320 quod

2200 5342 2472 5412 propheta:
2501 5352 2553 5397 et
2585 5343 2709 5411 justi
2748 5343 3045 5397 mercedem
3086 5344 3395 5411 promittat;
3427 5356 3569 5395 nono
3592 5384 3607 5406 ,
3639 5344 3785 5411 quod

2198 5433 2351 5491 calici
2378 5448 2525 5502 aqua:
2554 5432 2753 5501 frigidte
2783 5448 3026 5503 magnam
3057 5434 3291 5501 assignet
3323 5431 3646 5485 mercedem.
3676 5431 3785 5485 llo-

2203 5537 2318 5575 ruut
2347 5522 2754 5589 unumquodque
2786 5531 2990 5587 poterat
3013 5522 3129 5575 illos
3154 5520 3438 5575 attrahere.
3467 5522 3594 5587 Quis
3616 5520 3779 5581 enim,

2202 5628 2417 5681 quzcso,
2449 5612 2635 5667 ducem
2672 5612 2857 5665 videns
2894 5614 3039 5667 mille
3064 5612 3367 5665 vulneribus
3396 5613 3699 5665 confossum
3725 5621 3780 5666 ct

2204 5710 2554 5766 cruentatum,
2586 5716 2646 5754 ac
2674 5714 2787 5770 post
2815 5702 2975 5756 multa
3005 5711 3200 5771 tropaza
3222 5717 3284 5756 es
3312 5701 3448 5757 bello
3472 5702 3785 5755 redeuutem
