4076 6436
271 345 369 407 ιω

265 461 437 531 ianuis
464 458 668 515 domus
694 456 949 513 omnibus
974 452 1173 524 apertis
1205 466 1308 505 non
1340 448 1641 517 receperit?
1670 447 1734 500 Et
1759 444 1879 513 quis

268 554 351 607 ille
382 551 551 607 talis?
588 549 825 621 inquies.
854 546 980 601 Ideo
1003 544 1198 613 adjecit
1217 583 1233 607 ,
1263 543 1329 595 In
1352 542 1553 595 nomine
1580 541 1840 609 propheta:
1860 577 1874 599 ,

270 644 349 699 vel
378 644 652 712 discipuli,
684 641 770 696 vel
800 636 955 709 justi,
985 648 1041 692 ut
1068 636 1246 690 discas
1276 637 1449 704 ipsum
1483 647 1588 687 non
1616 647 1682 686 ex
1708 630 1882 699 digni-

271 745 374 789 tate
402 734 755 797 accedentia,
788 730 883 787 sed
913 746 979 785 ex
1005 728 1279 783 voluntate
1308 722 1651 794 suscipientis
1690 722 1875 789 hospi-

270 826 361 891 tio,
386 823 704 879 mercedem
733 831 990 877 statuere.
1020 819 1153 874 Nam
1180 818 1265 871 hic
1289 816 1357 871 de
1386 813 1683 884 prophetis,
1713 811 1781 865 de
1807 810 1876 862 di.

267 916 483 984 scipulis
521 922 580 969 et
617 914 689 969 de
721 913 883 982 justis
908 912 1047 981 agit;
1078 908 1205 963 alibi
1232 921 1361 961 vero
1389 906 1551 960 etiam
1583 901 1871 956 admodum

268 1006 507 1074 abjectos
548 1004 834 1072 suscipere
869 1001 1051 1071 jubet,
1083 1012 1285 1066 eosque
1320 995 1409 1063 qui
1442 1008 1549 1047 non
1579 992 1877 1060 suscipiunt

266 1094 485 1165 castigat
511 1112 528 1149 :
563 1108 693 1147 nam
721 1091 787 1145 1η
808 1100 1052 1162 quantum
1078 1104 1180 1141 non
1205 1086 1395 1153 fecistis
1419 1085 1507 1136 uni
1533 1098 1597 1137 es
1621 1082 1701 1133 Itis
1726 1080 1877 1133 mini-

268 1185 381 1250 mis,
409 1200 575 1252 neque
600 1182 729 1236 mihi
754 1181 942 1250 fecistis
963 1178 1176 1249 (Uouit.
1204 1176 1297 1231 25.
1321 1175 1451 1244 45);
1480 1182 1535 1229 et
1554 1188 1585 1228 e
1604 1171 1874 1226 contrario

268 1289 499 1328 rursum.
537 1272 768 1327 Etiamsi
796 1274 938 1326 enim
966 1270 1057 1323 ille
1085 1267 1218 1322 nihil
1246 1266 1449 1337 grande
1472 1264 1675 1326 fecerit,
1711 1262 1875 1317 homo

270 1376 443 1421 tamen
474 1375 564 1421 est
593 1375 651 1420 et
681 1364 936 1419 mundum
960 1360 1208 1417 eumdem
1236 1358 1458 1422 habitat,
1485 1356 1733 1411 eumdem
1782 1369 1871 1409 so-

269 1454 369 1510 lem
395 1456 644 1525 respicit,
666 1454 911 1510 eamdem
942 1452 1098 1507 habet
1128 1450 1386 1514 animam,
1410 1446 1659 1502 eumdem
1689 1444 1872 1499 Domi-

268 1562 413 1613 num,
444 1547 766 1603 eorumdem
808 1555 980 1599 tecum
1008 1543 1391 1614 mysteriorum
1423 1553 1645 1593 consors
1670 1546 1775 1600 est,
1802 1535 1869 1589 ad

267 1638 406 1695 idem
437 1638 634 1693 czclum
663 1646 911 1701 vocatur,
948 1636 1037 1703 jus
1072 1632 1275 1703 grande
1315 1629 1517 1685 habens
1538 1670 1551 1692 ,
1583 1636 1870 1698 pauperta-

268 1741 370 1785 tem
395 1772 411 1799 ,
442 1740 499 1785 et
529 1728 673 1799 quod
707 1726 1012 1783 necessario
1039 1726 1161 1780 cibo
1185 1731 1361 1793 egeat.
1391 1720 1541 1775 Nunc
1568 1728 1745 1774 autem
1776 1718 1867 1788 qui

268 1828 317 1873 te
341 1834 462 1873 cum
492 1819 642 1873 tibiis
671 1825 727 1872 et
765 1817 956 1870 ﬁstulis
988 1814 1196 1886 hyemis
1236 1824 1480 1880 tempore
1513 1811 1785 1873 excitant,
1813 1817 1870 1863 et

266 1909 463 1964 frustra
500 1920 813 1977 temereque
852 1907 944 1962 tibi
984 1906 1284 1961 molestiam
1312 1910 1535 1965 creant,
1568 1900 1750 1955 multis
1788 1909 1867 1952 ta-

266 2016 385 2053 men
413 2015 445 2053 a
474 2010 529 2054 te
554 1999 729 2053 ornati
756 1998 1067 2053 muneribus
1104 1995 1399 2059 recedunt;
1426 2002 1482 2048 et
1506 1993 1595 2063 qui
1625 1989 1867 2045 hirundi-

267 2104 361 2142 nes
385 2090 807 2153 eircumlerunt,
836 2086 1059 2157 {uligine
1087 2085 1300 2141 obducti
1325 2125 1341 2151 ,
1370 2084 1460 2153 qui
1487 2089 1780 2137 scommata
1810 2090 1868 2135 et

266 2179 548 2234 maledicta
588 2182 642 2234 in
681 2192 873 2234 omnes
911 2176 1236 2245 conjiciunt,
1284 2184 1607 2246 portentosa:
1636 2188 1866 2229 consue-

266 2272 463 2327 tudinis
501 2269 806 2326 mercedem
849 2270 1134 2336 accipiunt.
1183 2268 1239 2322 Si
1283 2282 1413 2321 vero
1456 2281 1659 2336 pauper
1697 2279 1863 2334 egens

267 2377 399 2431 pane
426 2363 669 2426 accedat,
701 2361 846 2416 mille
876 2360 1023 2413 illum
1054 2358 1374 2423 maledictis,
1406 2358 1729 2427 cpprobriis,
1757 2357 1863 2409 cri-

264 2453 498 2507 minibus
536 2466 766 2517 oneras,
802 2451 1124 2505 otiositatem
1170 2450 1498 2519 exprobras,
1531 2462 1631 2501 nec
1658 2448 1861 2516 cogitas

264 2552 315 2597 te
339 2557 556 2612 quoque
584 2543 818 2597 Otiosum
844 2555 985 2606 esse,
1017 2549 1073 2595 et
1109 2551 1285 2594 tamen
1316 2541 1482 2594 Deum
1514 2541 1606 2593 tibi
1637 2553 1858 2592 munera

261 2642 316 2688 et
351 2633 494 2689 dona
536 2633 800 2705 praebere.
842 2632 919 2687 Ne
954 2632 1088 2686 mihi
1126 2632 1269 2686 enim
1309 2632 1542 2695 dixeris,
1579 2640 1631 2685 te
1658 2631 1859 2698 aliquid

260 2725 508 2792 operari;
540 2724 633 2779 sed
664 2724 794 2777 mihi
821 2722 1149 2786 demonstra,
1183 2730 1235 2775 te
1266 2721 1463 2789 aliquid
1496 2723 1859 2774 necessarium

263 2814 439 2869 facere
467 2825 521 2869 et
549 2823 799 2869 tractare.
834 2813 928 2867 Sin
969 2813 1099 2867 mihi
1129 2812 1331 2867 dixeris
1364 2822 1414 2866 te
1444 2815 1658 2880 negotia
1694 2826 1858 2881 pecu.

261 2905 428 2959 niaria
453 2914 509 2960 et
536 2904 914 2973 caupouariam
942 2918 1217 2965 exercere,
1246 2916 1453 2955 necnon
1495 2901 1729 2955 studium
1760 2894 1858 2955 cu-

261 2996 443 3051 randze
465 3006 519 3049 et
544 2996 801 3065 augendae
826 2996 901 3049 rei
931 2993 1228 3059 familiaris,
1262 2993 1596 3063 respondebo
1624 2994 1717 3048 tibi
1745 2994 1859 3048 haec

260 3100 368 3140 non
397 3100 517 3140 esse
544 3100 707 3153 Opera
727 3126 741 3149 ,
770 3084 863 3139 sed
892 3099 1017 3139 vere
1051 3100 1215 3153 opera
1252 3099 1373 3137 esse
1418 3084 1817 3155 eleemosynam
1840 3125 1855 3149 ,

258 3179 556 3231 orationem
581 3219 596 3242 ,
629 3177 878 3231 ltesorum
910 3176 1263 3244 patrocinium
1292 3183 1345 3229 et
1374 3174 1564 3229 similia
1586 3215 1600 3239 ,
1632 3174 1683 3227 in
1711 3190 1861 3243 quo-

259 3286 378 3324 rum
417 3269 619 3322 incuria
650 3269 809 3322 vitam
854 3277 1115 3337 perpetuo
1149 3267 1377 3335 agimus.
1414 3268 1667 3320 Attamen
1700 3282 1859 3320 num-

256 3374 417 3426 quam
442 3357 757 3411 dixitnobis
786 3358 941 3421 Deus,
968 3358 1099 3424 Quia
1128 3358 1179 3409 in
1204 3357 1312 3409 otio
1338 3356 1509 3425 degis,
1540 3370 1645 3409 non
1668 3370 1860 3409 accen-

256 3452 381 3503 dam
411 3448 503 3502 tibi
530 3449 730 3511 solem;
762 3448 886 3517 quia
916 3462 986 3501 ex
1020 3446 1339 3501 necessariis
1366 3446 1497 3499 nihil
1524 3446 1853 3515 exsequeris,

258 3542 439 3595 lunam
485 3541 579 3593 tibi
624 3541 993 3609 exstinguam,
1022 3548 1179 3593 terra:
1217 3546 1427 3591 uterum
1467 3537 1701 3592 sterilem
1732 3537 1860 3591 red-

257 3633 405 3698 dam,
435 3630 679 3686 retinebo
707 3642 913 3701 stagna,
940 3630 1137 3696 fontes,
1167 3630 1404 3694 ﬂumina,
1435 3629 1627 3683 delebo
1654 3646 1853 3693 aerem,

259 3724 469 3793 pluvias
512 3736 715 3775 annuas
762 3721 1015 3774 detinebo
1058 3738 1071 3771 :
1114 3736 1297 3771 verum
1344 3719 1522 3773 omnia
1569 3720 1657 3774 ille
1706 3720 1860 3773 nobis

256 3813 596 3867 abundanter
633 3811 955 3879 suppeditat.
990 3810 1318 3876 Quibusdam
1359 3824 1489 3863 vero
1532 3824 1637 3862 non
1685 3811 1857 3864 solum

259 3904 312 3957 in
340 3904 452 3955 otio
476 3901 817 3970 degentibus,
845 3900 939 3954 sed
976 3900 1134 3953 etiam
1176 3900 1316 3953 male
1345 3898 1712 3967 Operantibus,
1746 3900 1860 3954 itth

257 3994 459 4047 aﬂ‘atim
491 3993 735 4063 largitur.
771 3992 906 4047 Cum
952 3992 1112 4061 igitur
1155 4006 1443 4061 pauperem
1474 3992 1671 4047 videris
1706 3993 1858 4047 dixe-

260 4087 441 4154 risque
463 4124 479 4148 ,
513 4083 817 4147 Pralocor,
854 4098 976 4136 cum
1016 4082 1174 4137 video
1215 4082 1357 4135 hunc
1389 4082 1642 4150 juvenem
1669 4122 1683 4146 ,
1726 4082 1861 4137 bene

260 4177 558 4239 valentem,
592 4174 722 4228 nihil
764 4172 1085 4238 habentem,
1115 4173 1251 4227 velle
1280 4173 1453 4227 otioso
1478 4173 1578 4227 sibi
1606 4174 1860 4228 alimenta

258 4265 622 4336 suppeditari;
650 4264 784 4318 forte
804 4278 993 4318 servus
1015 4263 1265 4333 fugitivus
1284 4274 1365 4317 est
1384 4265 1470 4333 qui
1492 4263 1679 4318 herum
1706 4278 1859 4317 suum

261 4356 477 4424 reliquit
506 4373 519 4407 :
550 4355 664 4408 haec
695 4356 806 4423 ipsa
836 4354 927 4407 tibi
951 4355 1113 4407 dicito
1138 4395 1153 4418 ,
1180 4354 1287 4407 into
1314 4353 1380 4406 da
1410 4354 1482 4407 illi
1511 4352 1625 4407 inec
1650 4354 1745 4407 tibi
1775 4355 1860 4407 di-

260 4448 415 4502 cendi
443 4448 763 4511 libertatem,
783 4446 1087 4515 justiusque
1109 4446 1249 4499 dicet
1272 4446 1362 4499 tibi
1391 4445 1709 4507 :Prael‘ocor,
1738 4461 1859 4499 cum

261 4542 416 4595 video
438 4550 510 4605 te,
533 4554 695 4595 sanus
720 4556 840 4593 cum
866 4541 962 4602 sis,
987 4540 1039 4591 in
1067 4540 1175 4590 otio
1199 4539 1417 4607 degere,
1446 4552 1544 4590 nec
1572 4538 1859 4607 quidquam

260 4650 447 4688 eorum
477 4648 597 4701 qua:
625 4632 717 4686 tibi
754 4632 891 4685 Deus
924 4632 1175 4700 praecepit
1201 4630 1441 4697 exsequi,
1474 4629 1566 4683 sed
1593 4646 1621 4683 a
1654 4630 1859 4684 Domini

264 4724 546 4793 praeceptis
583 4724 858 4791 fugitivum
898 4721 1181 4775 circumire
1220 4722 1271 4773 in
1315 4721 1579 4788 nequitia,
1613 4722 1761 4788 quasi
1807 4722 1858 4774 in

264 4816 435 4867 aliena
466 4824 605 4867 terra
632 4815 793 4866 vitam
825 4822 1091 4880 agentem,
1121 4812 1415 4874 ebriosum,
1449 4812 1682 4881 crapulae
1709 4812 1863 4866 dedi-

265 4914 399 4965 tutn,
433 4906 621 4964 iurem,
654 4914 942 4973 raptorem,
975 4905 1175 4957 alienas
1214 4903 1613 4957 subvertentem
1647 4905 1856 4958 domos.

264 4994 344 5050 Tu
382 5010 470 5050 me
496 4996 564 5049 de
588 4996 698 5049 otio
726 5009 981 5058 accusas,
1024 5009 1123 5064 rgo
1163 5005 1213 5047 te
1252 4994 1319 5048 de
1356 4995 1531 5062 pravis
1570 4996 1855 5063 operibus,

264 5085 477 5156 quando
501 5084 790 5151 insidiaris,
810 5088 979 5154 juras,
1005 5086 1266 5149 mentiris,
1287 5086 1447 5153 rapis,
1474 5086 1861 5156 innumeraque

267 5178 632 5249 hujuscemodi
668 5181 929 5245 cperaris.

334 5273 389 5324 4.
432 5270 768 5336 Eleemosyna
802 5270 1083 5339 eroganda.
1124 5269 1282 5322 Vana:
1309 5271 1627 5323 causationes
1678 5272 1857 5323 redar-

266 5362 716 5433 φωτινὴ-Παῖς
740 5378 917 5415 autem
940 5362 1061 5415 dico
1081 5377 1185 5415 non
1204 5362 1346 5430 quod
1366 5363 1566 5415 otiosos
1592 5364 1707 5432 lege
1732 5378 1861 5417 con-

270 5459 478 5509 lirmem
506 5471 517 5507 :
546 5454 717 5518 absit;
750 5470 940 5509 omnes
972 5456 1167 5523 quippe
1198 5456 1411 5523 operari
1438 5456 1627 5523 cupio:
1657 5456 1859 5508 desidia

268 5548 414 5602 enim
456 5562 619 5600 omne
659 5546 842 5600 vitium
875 5546 1097 5610 edocet;
1132 5546 1226 5599 sed
1259 5561 1389 5615 rogo
1420 5562 1483 5599 ne
1516 5546 1634 5599 duri
1668 5547 1750 5601 vel
1784 5547 1864 5600 in-

266 5638 485 5693 humani
524 5640 659 5693 sitis.
692 5638 1131 5706 Quandoquidem
1182 5638 1375 5691 Paulus
1420 5638 1585 5691 multa
1631 5652 1866 5706 conque-

266 5741 413 5792 slus.
455 5745 576 5784 cum
636 5730 897 5797 dixisset,
948 5730 1005 5784 Si
1046 5728 1156 5799 quis
1199 5746 1297 5783 non
1345 5730 1442 5783 t‘ttll
1488 5730 1726 5799 aperari,
1770 5747 1858 5785 nec

1216 335 1279 391 lN
1319 329 1728 390 MAT'I'IIEUM
1770 328 2001 385 HOMIL.
2047 327 2267 385 χχιν.
2310 334 2381 387 al.
2426 330 2668 389 XXXVI.

3496 340 3602 394 4ῒο

1996 444 2266 498 manducet
2316 444 2391 516 (2.
2445 444 2625 500 Thess.
2669 446 2721 500 5.
2768 445 2889 512 l0):
2917 458 3021 499 non
3068 445 3154 500 hic
3197 446 3355 502 uitem
3385 448 3594 503 dicendi

1992 538 2151 600 iecit,
2202 537 2296 591 Sed
2342 537 2577 605 adjecit:
2624 536 2721 589 l’os
2764 546 2934 590 autent
2972 553 3073 591 non
3115 538 3365 604 deﬁciatis
3406 538 3591 593 bonum

1989 627 2233 696 facientes
2266 625 2428 696 (Ibid.
2458 644 2508 680 υ.
2548 626 2661 695 is).
2712 628 2871 698 Atqui
2906 627 3021 681 haec
3048 628 3320 682 contraria
3346 640 3492 685 sunt.
3532 628 3591 685 Si

1988 717 2131 770 enim
2164 718 2466 787 praecepisti
2494 732 2559 771 ne
2586 719 2872 771 comedam
2894 717 3077 781 otiosi,
3106 733 3201 772 cur
3229 732 3330 773 nos
3358 719 3425 773 ad
3450 723 3589 775 dau—

1985 809 2113 863 dum
2161 808 2433 863 hortaris?
2474 810 2687 876 Etiam,
2720 810 2924 880 inquit,
2968 810 3104 878 jussi
3152 811 3273 866 illos
3312 814 3587 877 aversari,

1986 914 2087 955 nec
2114 916 2174 955 se
2202 902 2429 956 miscere
2468 917 2591 957 cum
2637 902 2767 966 illis,
2815 918 3137 972 rursumque
3166 904 3314 967 dixi,
3347 901 3429 957 Ne
3473 905 3588 959 illos

1982 993 2215 1046 inimicos
2235 994 2423 1062 putetis
2440 1034 2457 1060 ,
2483 992 2573 1046 sed
2596 993 2861 1047 admonete
2890 990 2940 1061 (1
2947 993 3124 1047 bid..o.
3150 995 3237 1063 15)
3274 1012 3285 1047 :
3324 1010 3431 1048 non
3458 1009 3587 1053 cun-

1984 1082 2146 1136 traria
2176 1082 2529 1153 praecipiens,
2556 1080 2653 1136 sed
2679 1080 2969 1137 admodum
2998 1096 3256 1137 consona.
3288 1082 3422 1138 Nam
3456 1084 3499 1137 si
3530 1090 3587 1137 tu

1983 1175 2050 1229 ad
2094 1176 2496 1245 eleemosynam
2542 1176 2872 1245 erogandam
2913 1177 2988 1229 sis
3018 1176 3275 1245 par'atus,
3311 1177 3420 1231 cito
3450 1191 3584 1245 pau-

1981 1283 2079 1337 per
2107 1268 2197 1321 ille
2221 1268 2289 1321 ab
2315 1268 2427 1323 etio
2453 1268 2723 1333 discedet,
2754 1276 2813 1323 et
2850 1277 2904 1322 tu
2941 1269 3011 1321 ab
3053 1268 3464 1322 inhumanitate.
3514 1270 3587 1321 At

1979 1358 2257 1423 mentitur,
2282 1358 2512 1428 inquies,
2539 1368 2595 1413 et
2619 1359 2784 1412 multa
2806 1358 3085 1427 contingit.
3105 1358 3211 1413 Sed
3238 1357 3362 1413 hinc
3382 1358 3579 1428 dignus

1979 1448 2349 1503 misericordia
2392 1456 2505 1514 est,
2554 1446 2698 1517 quod
2723 1446 2790 1501 ad
2824 1455 3024 1501 tantam
3056 1446 3306 1501 redactus
3346 1448 3415 1501 sit
3454 1462 3583 1518 ege-

1977 1547 2203 1601 statem,
2232 1547 2289 1592 ut
2318 1538 2660 1607 impudenter
2698 1552 2857 1608 agere
2900 1544 3143 1607 cogatur.
3178 1535 3287 1591 Nos
3312 1552 3442 1590 vero
3470 1552 3579 1591 non

1975 1627 2139 1683 modo
2169 1644 2276 1683 non
2310 1629 2680 1683 misericordia
2714 1643 3012 1693 movemur,
3057 1628 3155 1682 sed
3191 1636 3246 1683 et
3287 1628 3581 1684 inhumana

1977 1721 2061 1774 illa
2089 1720 2251 1776 verba
2280 1721 2623 1790 proferimus,
2652 1721 2894 1776 dicentes
2920 1738 2933 1774 :
2966 1722 3163 1777 Annon
3210 1720 3377 1775 semel
3409 1732 3464 1776 et
3494 1722 3611 1787 his],

1972 1812 2269 1880 accepisti?
2311 1813 2449 1879 Quid
2475 1813 2669 1883 igitur?
2710 1827 2889 1867 annon
2930 1822 3054 1884 eget
3095 1813 3220 1868 cibo
3263 1814 3457 1868 iterum
3485 1815 3577 1884 qui

1972 1905 2141 1958 semel
2189 1904 2367 1959 cibum
2411 1905 2660 1975 accepit?
2708 1903 2820 1960 Cur
2864 1920 2987 1983 non.
3013 1905 3186 1959 ventri
3235 1919 3450 1974 quoque
3480 1914 3576 1958 tuo

1972 1994 2135 2049 hasce
2162 1996 2317 2063 ponis
2342 1997 2487 2065 leges
2508 2036 2524 2062 ,
2558 2011 2658 2051 nec
2687 1996 2860 2051 dicis:
2888 1996 3146 2066 Bepletus
3178 1995 3319 2051 fuisti
3362 1997 3475 2051 beri
3520 2006 3576 2052 et

1971 2089 2168 2143 nudius
2193 2090 2403 2154 tertius,
2436 2107 2505 2144 ne
2530 2105 2742 2160 qumras
2770 2090 3037 2159 amplius?
3079 2088 3192 2144 lmo
3226 2090 3375 2144 illum
3409 2104 3573 2159 supra

1970 2194 2277 2233 mensuram
2328 2180 2589 2248 replenda
2636 2180 2930 2249 dirumpis,
2986 2180 3129 2235 hunc
3182 2195 3311 2235 vero
3360 2180 3571 2235 modica

1971 2278 2241 2339 petentem
2278 2272 2568 2338 aversaris,
2606 2287 2730 2327 cum
2764 2288 2859 2342 par
2886 2282 3031 2328 esset
3058 2272 3177 2341 ejus
3206 2272 3291 2326 vel
3321 2270 3424 2325 hoc
3454 2272 3573 2339 ipsa

1967 2364 2246 2427 misereri,
2296 2363 2438 2432 quod
2464 2363 2704 2432 quotidie
2745 2372 2799 2419 te
2846 2372 3069 2432 cogatur
3122 2363 3292 2417 adire.
3347 2363 3572 2418 Etiamsi

1968 2470 2075 2506 non
2112 2453 2329 2506 aliunde
2363 2452 2626 2517 llectaris,
2663 2452 2788 2507 ideo
2820 2453 2964 2507 illius
2991 2462 3043 2506 te
3074 2453 3317 2507 misereri
3348 2462 3570 2520 oporte-

1967 2554 2068 2599 ret.
2112 2544 2451 2613 Paupertatis
2494 2545 2638 2598 enim
2684 2542 2985 2597 necessitas
3026 2542 3078 2595 vi
3119 2542 3183 2596 ad
3214 2542 3330 2595 hzec
3360 2541 3568 2611 agenda

1968 2634 2212 2702 impellit.
2261 2633 2447 2702 Neque
2492 2633 2769 2687 miseraris
2818 2634 2992 2701 ipsum
3037 2633 3159 2703 quia
3193 2632 3315 2686 talia
3344 2632 3570 2685 audiens

1966 2738 2074 2775 non
2103 2723 2411 2785 erubescit;
2463 2724 2761 2776 necessitas
2801 2724 2947 2776 enim
2997 2722 3273 2791 pra-valet.
3324 2721 3405 2775 Tu
3440 2738 3571 2775 vero

1966 2825 2071 2864 non
2114 2810 2277 2865 modo
2312 2826 2418 2864 non
2457 2811 2763 2875 misereris;
2793 2810 2887 2866 sed
2915 2812 3079 2865 etiam
3109 2811 3342 2865 traducis
3374 2811 3522 2864 illum
3552 2828 3565 2862 :

1965 2901 2185 2970 Deoque
2208 2900 2432 2971 iubente
2460 2901 2599 2955 clam
2630 2900 2858 2972 eroga're
2900 2901 3117 2972 (Matth.
3145 2902 3198 2957 6.
3229 2903 3305 2968 4),
3338 2912 3451 2955 stas
3477 2916 3567 2955 ac-

1962 2990 2246 3046 cedentem
2299 2991 2514 3060 probris
2562 2992 2777 3060 publice
2829 2994 3124 3061 impetens,
3164 3009 3287 3048 cum
3318 2994 3566 3047 miserari

1964 3082 2115 3135 illum
2147 3090 2442 3149 oporteret.
2470 3080 2603 3134 Nam
2631 3082 2674 3134 si
2703 3082 2835 3138 dare
2867 3097 2972 3136 non
3005 3084 3084 3137 vis
3104 3124 3119 3147 ,
3166 3097 3264 3137 cur
3291 3084 3569 3137 calamito-

1964 3190 2078 3228 sam
2122 3182 2177 3227 et
2216 3173 2473 3226 miseram
2516 3174 2750 3227 animam
2796 3188 3020 3227 accusas
3067 3183 3123 3228 et
3156 3175 3382 3229 atteris?
3415 3174 3571 3229 Venit

1963 3266 2116 3337 quasi
2148 3266 2213 3320 ad
2243 3276 2455 3336 portum
2489 3266 2556 3320 ad
2588 3280 2783 3320 manus
2812 3275 2961 3329 tuas;
2995 3281 3093 3321 cur
3122 3266 3316 3321 fluetus
3338 3268 3567 3325 excitas,

1964 3370 2018 3415 et
2039 3360 2344 3430 graviorem
2376 3366 2751 3427 tempestatem
2781 3357 2991 3413 ellicis?
3022 3372 3119 3411 cur
3148 3358 3567 3412 illiberalitatem

1963 3451 2223 3505 damnas?
2259 3448 2398 3503 Num
2428 3450 2663 3504 venisset
2702 3450 2747 3502 si
2789 3450 2913 3503 talia
2944 3463 3003 3503 se
3029 3450 3338 3504 auditurum
3368 3464 3567 3519 exspe-

1963 3542 2204 3595 ctasset?
2236 3540 2387 3608 Quod
2419 3540 2464 3593 si
2497 3539 2549 3593 id
2578 3538 2880 3609 praevidens
2909 3541 3170 3603 accessit,
3207 3540 3329 3594 ideo
3362 3555 3456 3608 par
3484 3548 3570 3596 est

1963 3641 2019 3687 et
2052 3631 2204 3685 illum
2245 3630 2525 3697 miserari,
2558 3638 2613 3685 et
2642 3638 2787 3683 tuam
2819 3629 3043 3684 horrere
3083 3630 3531 3684 inbumanitatem
3554 3671 3569 3693 ,

1964 3723 2216 3793 quoniam
2249 3738 2317 3776 ne
2342 3722 2559 3791 quidem
2582 3762 2598 3785 ,
2630 3736 2752 3775 cum
2784 3730 3067 3791 urgentem
3098 3721 3247 3775 vides
3277 3722 3575 3777 necessita-

1966 3825 2109 3877 tem,
2142 3814 2475 3867 mansuetior
2503 3812 2710 3866 evadis.
2757 3812 2941 3881 Neque
2981 3814 3124 3865 enim
3168 3813 3418 3868 suﬂicere
3469 3812 3573 3881 ipsi

1964 3914 2156 3973 putas,
2205 3904 2273 3956 ad
2324 3903 2729 3957 excusationem
2779 3902 3157 3971 impudentiae,
3211 3904 3367 3959 laniis
3416 3906 3571 3957 timo-

1967 4012 2079 4051 rem
2102 4035 2117 4061 ,
2151 3994 2245 4049 sed
2275 3993 2667 4063 impudentiam
2704 3996 2920 4065 arguis,
2972 3997 3061 4064 qui
3108 3996 3244 4050 forte
3288 4011 3431 4066 saepe
3476 3996 3574 4048 im-

1968 4087 2259 4156 pudentius
2287 4088 2442 4156 egisti
2471 4087 2523 4139 in
2554 4087 2718 4140 rebus
2747 4088 3106 4156 gravioribus.
3141 4088 3273 4141 Nam
3305 4089 3391 4141 hic
3421 4097 3572 4142 certe

1968 4179 2296 4249 impudentia
2326 4178 2539 4232 veniam
2582 4176 2737 4232 affert
2766 4196 2779 4230 :
2810 4192 2909 4231 uos
2950 4194 3077 4232 vero
3119 4193 3263 4248 sarpe
3309 4178 3575 4246 supplicio

1966 4270 2123 4339 digna
2156 4267 2413 4324 facientes
2445 4265 2787 4337 impudenter
2811 4268 3051 4335 agimus;
3084 4276 3137 4321 et
3165 4283 3309 4331 cum,
3342 4270 3455 4320 bmc
3477 4281 3573 4320 co-

1967 4345 2219 4429 gitantes,
2268 4358 2499 4411 humiles
2539 4370 2661 4411 esse
2701 4365 3017 4425 oporteret,
3070 4358 3122 4410 in
3172 4358 3402 4411 miseros
3448 4356 3573 4411 illos

1967 4451 2323 4520 insurgimus,
2368 4464 2431 4502 ac
2468 4448 2707 4503 remedia
2753 4448 3060 4517 petentibus
3105 4448 3330 4502 vulnera
3376 4449 3570 4517 adjici-

1967 4559 2104 4597 tuus.
2130 4542 2262 4597 Nam
2293 4542 2335 4596 si
2367 4542 2496 4595 dare
2527 4556 2632 4594 non
2664 4542 2745 4594 vis
2772 4584 2785 4602 ,
2819 4556 2914 4593 cur
2943 4539 3147 4594 exedis?
3183 4541 3227 4593 si
3256 4540 3435 4609 largiri
3463 4557 3571 4596 non

1967 4634 2047 4687 vis
2067 4675 2081 4698 ,
2120 4648 2218 4687 cur
2262 4632 2462 4702 probro
2506 4630 2715 4684 allicis?
2743 4630 2848 4685 Sed
2880 4631 2971 4684 ille
2998 4645 3105 4683 non
3131 4631 3249 4683 vult
3278 4630 3382 4684 alio
3410 4631 3571 4684 modo

1966 4723 2266 4780 discedere.
2296 4722 2387 4777 Sic
2407 4737 2536 4792 ergo
2561 4721 2641 4776 lac
2665 4732 2721 4775 ut
2740 4722 2831 4776 ille
2853 4722 3069 4791 sapiens
3088 4721 3275 4790 jussit:
3299 4722 3569 4789 Responde

1964 4819 2042 4871 illi
2092 4816 2303 4885 paciﬁca
2348 4830 2464 4868 cum
2510 4814 2900 4867 mansuetudine
2945 4812 3133 4883 (Eccli.
3169 4824 3221 4867 4.
3258 4812 3335 4884 8).
3386 4814 3572 4881 Neque

1965 4908 2108 4962 enim
2137 4906 2328 4961 lubens
2352 4906 2432 4961 sic
2465 4904 2810 4974 impudenter
2838 4905 2969 4974 agit.
3005 4904 3195 4959 Nullus
3225 4907 3422 4974 quippe
3450 4916 3565 4969 est,

1967 5001 2145 5054 nullus
2171 5009 2252 5053 est
2282 4997 2473 5063 homo,
2518 4998 2613 5065 qui
2638 4999 2755 5051 sine
2787 5013 2947 5051 causa
2977 4998 3105 5052 velit
3131 4999 3358 5067 turpiter
3385 5013 3565 5067 agere.

1970 5091 2187 5145 Etiamsi
2215 5091 2358 5144 enim
2383 5090 2600 5159 quidam
2627 5090 2825 5143 millies
2846 5090 3213 5143 contradicaut
3231 5130 3245 5154 ,
3277 5103 3567 5157 numquam

1966 5183 2203 5236 adducar
2229 5192 2285 5235 ut
2315 5182 2532 5235 credam
2566 5180 2840 5235 hominem
2887 5182 2937 5234 in
2980 5181 3135 5247 capia
3176 5196 3355 5233 rerum
3388 5182 3568 5233 viven-

1968 5284 2073 5327 tem
2105 5273 2469 5326 emendicare.
2512 5271 2682 5325 Nemo
2724 5274 2905 5339 itaque
2948 5286 3046 5324 nos
3086 5271 3232 5325 falsis
3273 5271 3569 5325 rationibus

1968 5364 2220 5431 decipiat.
2253 5362 2359 5418 Sed
2386 5363 2596 5416 etiamsi
2626 5362 2770 5415 dicat
2811 5362 3047 5415 Paulus:
3080 5360 3142 5415 St
3187 5363 3297 5426 quis
3339 5360 3570 5414 laborare

1970 5471 2070 5507 non
2100 5454 2215 5506 velit
2236 5493 2249 5513 ,
2284 5469 2374 5505 nec
2402 5453 2669 5505 manducet
2697 5451 2771 5523 (2.
2809 5451 2990 5505 Thess.
3018 5452 3072 5505 5.
3107 5451 3234 5521 i0);
3269 5451 3392 5505 illos
3421 5459 3568 5503 certe

1971 5545 2165 5599 Paulus
2208 5544 2512 5611 alloquitur,
2546 5558 2651 5596 non
2685 5558 2819 5607 nos;
2853 5545 2960 5595 imo
2992 5552 3178 5595 contra
3218 5542 3453 5596 :Bonum
3480 5541 3565 5608 [ac

1969 5645 2152 5688 cientes
2190 5651 2291 5686 non
2319 5634 2607 5703 despiciatis
2632 5632 2794 5704 (Ibid.
2832 5650 2881 5687 υ.
2920 5633 3033 5701 15).
3060 5632 3150 5686 Sic
3178 5630 3323 5686 domi
3348 5645 3447 5685 nos
3478 5630 3559 5685 fa-

1973 5730 2183 5783 cimus:
2212 5742 2333 5782 cum
2389 5725 2523 5781 duos
2561 5725 2808 5782 videmus
2850 5726 3154 5795 litigantes,
3192 5720 3415 5777 scorsim
3448 5719 3564 5775 sin-
