4076 6510
530 385 623 440 HI

527 500 675 566 gulos
704 497 1025 566 accipientes
1064 497 1329 551 contraria
1372 496 1734 551 cohortamur.
1765 493 1854 549 Sic
1882 500 1938 548 et
1962 493 2102 547 Deus

528 587 653 642 fecit
677 597 732 641 et
759 587 969 658 Moyses
1009 602 1260 656 quoque:
1291 601 1409 639 nam
1459 585 1566 639 Deo
1610 584 1857 639 dicebat:
1890 583 1951 637 Si
1990 583 2104 651 qui-

526 678 640 729 dens
665 677 874 730 dimittis
904 687 1162 746 peccatum
1183 675 1326 742 ipsis,
1349 674 1579 738 dimitte;
1606 675 1686 728 sin
1718 672 1905 737 minus,
1939 681 1986 724 et
2023 686 2105 725 ms

525 763 856 833 dele(Ea:od.
887 764 976 819 32.
1004 766 1090 820 51.
1122 763 1250 832 32);
1285 763 1392 816 illis
1419 777 1549 819 vero
1578 762 1867 833 praecepit,
1897 771 1955 815 ut
1982 775 2102 816 sese

530 865 721 908 mutuo
741 856 1080 919 occiderent,
1104 863 1263 923 atque
1288 866 1543 924 cognatos
1571 869 1776 909 omnes.
1823 855 1982 924 Atqui
2014 854 2100 907 illa

526 946 794 999 contraria
837 953 1023 1008 erant,
1054 953 1108 998 et
1134 954 1308 998 tamen
1349 946 1416 1000 ad
1458 945 1702 1000 eumdem
1743 947 1900 999 linem
1940 945 2100 998 ambo

530 1033 903 1103 respiciebant.
949 1034 1180 1089 Rursum
1220 1035 1359 1089 Deus
1384 1034 1582 1103 Moysi,
1613 1033 1811 1088 Judaais
1834 1035 2098 1089 audienti-

527 1124 625 1177 bus
644 1125 883 1186 dicebat:
908 1123 1120 1178 Dimitte
1139 1142 1234 1191 me,
1259 1136 1304 1178 et
1329 1135 1580 1179 conteram
1604 1128 1870 1194 populum.
1893 1126 2097 1180 Etiam-

525 1213 570 1266 si
600 1213 741 1266 enim
783 1227 891 1267 non
930 1213 1214 1278 adessent,
1260 1227 1381 1267 cum
1431 1214 1570 1268 Deus
1601 1205 1727 1267 haec
1773 1215 2006 1278 diceret,
2046 1223 2098 1267 at

527 1302 642 1358 haec
668 1313 849 1372 postea
887 1305 1116 1357 audituri
1146 1313 1296 1358 erant
1320 1321 1334 1368 ;
1377 1308 1598 1358 seorsim
1625 1320 1751 1359 vero
1778 1305 1859 1359 his
1881 1314 2095 1358 contra-

528 1390 603 1444 ria
644 1391 872 1446 mandat.
915 1392 983 1446 Et
1024 1394 1136 1447 hate
1167 1395 1376 1464 Moyses
1398 1403 1579 1463 postea
1612 1405 1826 1450 coactus
1851 1395 1988 1448 dixit
2015 1394 2097 1448 his

527 1482 704 1536 verbis
733 1499 746 1535 :
776 1481 1040 1552 Numquid
1061 1500 1150 1553 ego
1177 1484 1292 1537 illos
1311 1486 1363 1536 in
1393 1495 1532 1537 utero
1561 1486 1800 1555 concepi,
1829 1486 1947 1553 quia
1969 1485 2096 1538 dicis

528 1572 651 1623 mihi
670 1611 687 1636 ,
721 1571 870 1626 Gesta
911 1589 993 1626 eos
1032 1575 1162 1627 sicut
1189 1583 1349 1642 gestat
1377 1575 1548 1626 nutris:
1589 1574 1851 1628 lactentem
1892 1575 1946 1627 in
1981 1575 2092 1629 sinu

525 1677 618 1714 suo
649 1658 833 1730 (Nunt.
873 1662 960 1714 11.
988 1661 1121 1730 £2)?
1161 1661 1284 1715 Haec
1332 1663 1384 1716 in
1431 1660 1676 1717 domibus
1724 1678 1936 1733 quoque
1979 1663 2094 1718 fieri

526 1751 721 1804 solent.
767 1751 974 1804 Etenim
1016 1766 1157 1820 stepe
1185 1765 1331 1820 pater
1364 1754 1702 1822 paedagOgum
1730 1796 1746 1817 ,
1791 1755 1879 1823 qui
1926 1755 2091 1808 ﬁlium

522 1840 814 1906 corripuit,
843 1853 1082 1894 seorsum
1111 1843 1352 1911 increpat
1376 1843 1456 1897 his
1485 1844 1659 1897 verbis
1679 1886 1694 1910 ,
1725 1844 1798 1897 Ne
1827 1845 1902 1897 sis
1929 1845 2094 1900 durus

523 1939 576 1981 et
606 1942 788 1994 asper;
823 1945 982 1995 puero
1005 1940 1180 1984 autem
1209 1934 1472 1986 contraria
1494 1933 1660 1987 dicit:
1685 1934 1905 1986 Etiamsi
1933 1945 1982 1989 te
2007 1936 2091 1988 in-

519 2016 661 2083 juste
695 2021 949 2086 corrigat,
984 2019 1032 2071 id
1064 2020 1262 2084 tolera;
1292 2036 1357 2074 ex
1387 2023 1672 2075 contrariis
1699 2019 1863 2076 unum
1895 2032 1948 2076 et
1978 2026 2094 2093 qui-

529 2106 649 2159 dem
679 2108 808 2160 utile
840 2123 1049 2175 parans.
1107 2110 1181 2163 lta
1234 2126 1444 2180 quoque
1487 2112 1681 2167 Paulus
1724 2113 1862 2168 bene
1910 2116 2094 2168 valen-

520 2195 660 2248 tibus
713 2197 968 2251 mendicis
1021 2198 1229 2253 dicebat
1278 2219 1290 2250 :
1341 2200 1402 2253 Si
1462 2202 1574 2269 quis
1626 2218 1725 2254 non
1785 2204 1887 2254 vult
1945 2204 2091 2258 labo-

519 2301 668 2350 rare,
718 2302 806 2339 nec
851 2289 1115 2342 manducet
1167 2291 1242 2357 (2.
1285 2289 1463 2344 Thess.
1489 2292 1539 2345 5.
1574 2292 1696 2360 10);
1749 2303 1804 2347 ut
1847 2293 1912 2347 ad
1958 2309 2090 2361 opus

523 2376 645 2429 illos
688 2380 968 2443 excitaret;
1015 2379 1080 2433 iis
1125 2395 1254 2434 vero
1298 2382 1387 2450 qui
1434 2382 1822 2451 eleemosynam
1869 2397 2090 2452 erogare

519 2477 775 2535 possent:
841 2469 938 2522 Vos
988 2480 1152 2523 autem
1199 2471 1560 2539 benefacientes
1608 2491 1669 2525 ne
1712 2475 1992 2540 deﬁciatis;
2035 2485 2092 2529 ut

520 2557 641 2610 illos
665 2558 734 2611 ad
762 2558 1154 2629 elcemosynam
1187 2561 1503 2627 impelleret.
1533 2561 1620 2615 Sic
1644 2577 1762 2616 cum
1793 2579 1884 2617 eos
1909 2565 1996 2632 qui
2025 2581 2089 2618 ex

516 2645 800 2713 gentilibus
830 2647 894 2699 ad
927 2648 1081 2702 ﬁdem
1108 2659 1478 2712 accesserant,
1525 2653 1575 2704 in
1616 2652 1849 2718 Epistola
1882 2654 1946 2705 ad
1977 2654 2086 2706 Ro-

521 2750 704 2789 manos
733 2736 879 2805 (Cap.
907 2740 991 2791 11.
1018 2754 1065 2790 υ.
1090 2740 1180 2814 1ῖ)
1204 2739 1536 2805 hortabatur,
1571 2757 1638 2795 ne
1661 2751 1845 2796 contra
1874 2743 2086 2798 Judaeos

514 2826 678 2878 altum
706 2839 972 2894 saperent,
1005 2830 1291 2884 oleastrum
1337 2832 1390 2884 in
1440 2831 1670 2885 medium
1697 2835 1952 2900 adducit,
1984 2836 2082 2888 alia

516 2914 619 2978 his,
651 2915 750 2968 alia
789 2917 892 2970 iiiis
920 2918 1099 2972 dicere
1127 2920 1354 2973 videtur.
1400 2919 1476 2973 Ne
1516 2921 1690 2988 itaque
1719 2926 1769 2976 in
1799 2923 2084 2976 crudelita-

513 3012 620 3056 tem
671 3004 1003 3071 incidamus;
1034 3007 1128 3062 sed
1175 3009 1454 3062 audiamus
1502 3011 1721 3063 Paulum
1780 3011 2082 3067 dicentem:

508 3091 707 3144 Bonum
733 3097 970 3162 facientes
1008 3113 1069 3149 ne
1113 3099 1380 3164 deﬁciatis.
1427 3099 1716 3154 Audiamus
1744 3101 2081 3155 Servatorem

509 3182 773 3238 dicentem
802 3203 814 3238 :
848 3186 999 3238 Omni
1045 3190 1230 3254 petenti
1285 3199 1331 3242 te
1373 3190 1440 3241 da
1484 3191 1696 3258 (Matth.
1729 3192 1780 3244 5.
1819 3192 1914 3259 42)
1944 3210 1956 3256 ;
1988 3201 2079 3259 et,

508 3272 682 3326 Estote
723 3276 1100 3342 misericordes,
1148 3278 1278 3330 sicut
1324 3277 1478 3331 Pater
1505 3291 1661 3332 uester
1702 3280 1849 3351 (Luc.
1877 3281 1929 3335 6.
1963 3283 2075 3351 56).

508 3360 623 3414 Etsi
654 3364 815 3416 multa
844 3364 1070 3426 dixerit,
1103 3379 1363 3434 nusquam
1392 3377 1564 3421 tamen
1604 3369 1705 3422 hoc
1736 3371 1941 3436 posuit,
1977 3371 2077 3425 nisi

506 3465 627 3502 cum
673 3451 738 3506 de
787 3453 1222 3508 misericordibus
1261 3455 1479 3510 diceret.
1530 3457 1668 3511 Nihil
1709 3460 1852 3513 enim
1881 3461 1949 3514 ita
1980 3477 2077 3515 nos

505 3540 736 3607 aequales
769 3541 875 3595 Deo
907 3543 1063 3609 facit,
1095 3553 1150 3596 ut
1181 3544 1223 3597 si
1256 3544 1510 3599 beneficia
1540 3558 1870 3613 praestemus.

571 3629 624 3681 5.
661 3628 918 3698 Pauperes
939 3647 971 3683 a
991 3633 1198 3684 crimine
1222 3633 1547 3700 impudentia:
1567 3636 1902 3692 vindicantur.
1937 3638 2074 3704 Quo-

501 3717 651 3769 modo
676 3717 775 3770 sint
799 3719 1183 3785 excipiendi.—
1204 3723 1272 3773 At
1294 3720 1420 3774 nihil
1446 3722 1820 3789 impudentius,
1845 3724 2068 3793 inquies,

501 3820 751 3873 paupere.
805 3806 944 3860 Cur?
988 3823 1301 3876 qumsozan
1352 3810 1472 3878 quia
1522 3825 1810 3865 accurrens
1839 3814 2070 3866 clamat?

504 3895 592 3945 Vis
619 3897 892 3948 ostendam
923 3913 1019 3950 nos
1052 3899 1154 3949 illis
1183 3900 1349 3951 multo
1375 3900 1492 3954 esse
1524 3901 1979 3968 impudentiores?
2011 3905 2065 3959 lu

499 3995 728 4038 mentem
784 4003 1005 4053 revoca,
1056 3991 1264 4056 quoties
1309 3974 1493 4057 jejunii
1548 3999 1785 4058 tempore
1816 4034 1829 4055 ,
1885 4009 2066 4047 mensa

497 4090 718 4142 vespere
746 4079 985 4143 apposita
1004 4119 1018 4140 ,
1045 4088 1337 4146 vocatoque
1367 4079 1643 4143 ministro,
1687 4081 1730 4133 si
1761 4082 1959 4135 tardius
1988 4085 2066 4135 in-

493 4165 740 4228 cederet,
770 4166 946 4218 omnia
975 4169 1207 4220 evertisti
1227 4210 1241 4231 ,
1285 4169 1520 4221 calcibus
1546 4169 1858 4239 obstrepens
1880 4212 1895 4235 ,
1933 4187 2063 4226 con-

494 4258 626 4311 vicia
653 4267 704 4310 et
730 4258 922 4325 probra
947 4258 1172 4312 efferens
1202 4274 1301 4325 pro
1326 4273 1484 4325 parva
1511 4274 1652 4311 mora
1675 4277 1689 4322 ;
1723 4263 1821 4313 etsi
1845 4264 1992 4315 noris
2014 4275 2064 4316 te

492 4349 734 4414 quamvis
764 4364 870 4401 non
901 4351 1079 4402 statim
1101 4391 1117 4411 .
1151 4360 1268 4417 post
1298 4349 1559 4402 tantillum
1590 4359 1765 4404 tamen
1809 4355 2063 4419 temporis

487 4439 629 4506 large
656 4448 1012 4492 comesturum
1061 4453 1201 4494 esse.
1245 4441 1404 4506 Atqui
1454 4448 1505 4494 te
1545 4440 1737 4506 ipsum,
1769 4441 1856 4509 qui
1887 4457 1981 4510 pro
2002 4457 2060 4496 re

487 4527 703 4579 minima
750 4529 976 4590 ferocis,
1009 4545 1113 4581 non
1146 4530 1505 4596 impudentem
1536 4544 1696 4582 vocas
1718 4571 1730 4592 ,
1771 4546 2056 4598 pauperem

487 4631 615 4670 vero
636 4657 650 4680 ,
678 4617 766 4683 qui
789 4617 856 4669 de
889 4631 947 4670 re
978 4618 1168 4684 majori
1217 4621 1405 4671 metuit
1451 4629 1505 4671 et
1551 4620 1730 4671 tremit
1756 4619 1884 4688 (non
1909 4622 2053 4675 enim

485 4724 682 4763 moram
707 4750 723 4771 ,
770 4709 863 4763 sed
896 4708 1087 4762 famem
1118 4709 1306 4778 timet),
1338 4724 1495 4762 vocas
1524 4711 1845 4777 petulantem
1874 4721 1927 4765 et
1956 4713 2054 4765 im-

480 4796 764 4865 pudentem
786 4839 801 4863 ,
850 4812 912 4852 ac
955 4798 1257 4866 turpissima
1301 4798 1360 4850 in.
1391 4799 1537 4850 illum
1566 4800 1741 4852 omnia
1768 4803 2052 4870 congeris?

477 4891 669 4941 Annon
698 4888 750 4942 id
776 4898 1028 4943 extremae
1058 4898 1140 4942 est
1165 4889 1549 4956 impudentiae?
1579 4888 1772 4944 Verum
1799 4891 1911 4945 haec
1941 4908 2045 4946 non

474 4977 529 5030 in
558 4986 735 5031 mente
765 4992 1038 5031 versamus
1057 5019 1071 5044 ,
1102 4977 1330 5048 ideoque
1355 4977 1476 5033 illos
1501 4979 1757 5034 molestos
1781 4981 2004 5036 dicimus
2029 5001 2042 5038 :

473 5067 614 5135 quod
642 5069 684 5121 si
708 5084 824 5137 qua:
847 5079 1026 5123 nostra
1053 5079 1176 5123 sunt
1197 5070 1597 5138 exploraremus
1617 5111 1630 5135 ,
1658 5070 2044 5127 conferremus-

472 5173 574 5227 que
602 5173 722 5211 cum
746 5159 897 5212 factis
921 5174 1104 5213 eorum
1129 5200 1142 5221 ,
1175 5175 1277 5212 non
1316 5159 1436 5214 illos
1465 5162 1724 5214 molestos
1761 5162 2042 5219 arbitrare-

471 5262 591 5300 mur
615 5247 896 5301 esseaNoli
924 5250 1080 5318 igitur
1103 5265 1222 5303 esse
1239 5249 1397 5316 judex
1420 5252 1662 5305 acerbus.
1691 5251 1820 5304 Nam
1844 5253 2035 5307 etiam-

468 5337 512 5389 si
541 5338 785 5391 omnibus
808 5341 1039 5405 peccatis
1064 5354 1261 5394 vacuus
1290 5354 1435 5394 esses
1460 5382 1476 5406 ,
1508 5344 1592 5394 lex
1622 5350 1797 5395 tamen
1824 5343 1912 5396 Dei
1939 5360 2038 5398 non

472 5423 564 5475 tibi
604 5425 837 5490 permisit
875 5428 1097 5481 aliorum
1132 5429 1266 5482 facta
1297 5430 1373 5483 sic
1401 5441 1646 5484 accurate
1677 5433 1875 5486 rimari.
1909 5432 2038 5487 Nam

475 5514 519 5564 si
566 5505 866 5567 Pharisasus
910 5516 996 5569 ille
1052 5517 1170 5571 ideo
1215 5519 1369 5587 periit
1392 5518 1536 5588 (Luc.
1590 5520 1699 5588 18),
1731 5537 1887 5590 quam
1941 5538 2038 5576 nos

472 5601 874 5654 excusationem
936 5605 1284 5662 habebimus?
1332 5606 1388 5661 Si
1428 5609 1491 5662 iis
1543 5610 1632 5677 qui
1673 5611 1833 5678 probe
1874 5613 2035 5679 gestis

471 5699 725 5745 ornantur
751 5704 856 5747 non
887 5696 1138 5764 permittit
1180 5698 1404 5755 aliorum
1449 5698 1583 5754 facta
1626 5702 1814 5757 acerbe
1841 5701 2027 5772 οιῃιο-

1269 384 1326 440 S.
1349 379 1625 440 JOANNIS
1663 375 2132 438 CllRYSOSTOMl
2168 375 2482 433 ARCﬂlEP.
2513 377 3044 436 CONSTANTINOP.

3687 378 3794 436 “2

2215 503 2365 556 rare,
2394 490 2564 544 multo
2595 493 2769 545 minus
2795 489 3186 560 peccatoribus.
3214 487 3293 544 Ne
3311 488 3494 559 itaque
3519 485 3792 546 inhumani

2210 580 2412 642 simus,
2442 594 2510 634 ne
2533 567 2921 645 inexorabiles,
2970 595 3038 634 ne
3082 580 3347 647 immites,
3394 595 3462 635 ne
3487 580 3618 635 feris
3646 581 3793 651 pejo-

2210 682 2314 722 res.
2344 668 2534 724 Multos
2561 669 2756 739 quippe
2785 669 2906 721 novi
2941 669 2992 722 in
3027 677 3226 722 tantam
3257 670 3586 738 processisse
3613 668 3790 724 ferita-

2213 767 2354 824 tem,
2386 770 2443 812 ut
2471 776 2535 814 ex
2573 759 2776 814 desidia
2820 759 3095 813 famelicos
3123 769 3380 827 spernant
3407 799 3423 823 ,
3471 760 3587 814 bare
3619 760 3791 826 profe~

2211 860 2392 902 rentes
2423 849 2581 902 verba
2601 888 2614 912 ,
2645 848 2762 902 Non
2789 848 2944 901 adest
2963 863 3148 902 servus
3167 888 3183 913 ,
3220 850 3401 917 procul
3450 849 3656 903 aedibus
3694 863 3790 902 su-

2208 954 2328 993 mus
2352 957 2364 992 :
2395 940 2569 994 nullus
2593 940 2846 1008 trapezita
2869 939 2999 992 mihi
3022 948 3178 992 notus
3198 948 3298 993 est.
3320 939 3364 993 Ο
3388 939 3788 993 crudelitatem!

2207 1028 2357 1094 Quod
2404 1029 2576 1097 majus
2613 1038 2730 1083 erat
2771 1028 3030 1092 effecisti,
3077 1038 3130 1082 et
3172 1028 3312 1098 quod
3359 1029 3537 1082 minus
3563 1037 3648 1082 est
3682 1041 3791 1081 non

2206 1117 2450 1188 perﬁcis?
2478 1132 2543 1171 ne
2570 1127 2621 1170 tu
2651 1117 2947 1185 plusculum
2979 1118 3195 1172 incedas
3215 1156 3228 1180 ,
3261 1117 3349 1171 ille
3375 1115 3515 1171 fame
3547 1117 3719 1186 perit?
3745 1114 3792 1170 0

2202 1208 2614 1263 contumeliam!
2663 1223 2696 1261 ο
2724 1209 3065 1276 superbiam!
3113 1207 3244 1260 Nam
3291 1207 3336 1261 si
3377 1206 3560 1261 decem
3605 1206 3790 1260 stadiis

2203 1299 2467 1364 eundum,
2517 1313 2582 1352 an
2619 1299 2826 1367 pigrum
2873 1313 2992 1353 esse
3031 1298 3300 1366 oportuit?
3331 1313 3433 1350 non
3463 1299 3664 1366 cogitas
3706 1298 3778 1350 ita

2205 1389 2458 1455 majorem
2488 1389 2580 1441 tibi
2613 1389 2912 1442 mercedem
2955 1388 3167 1455 parari?
3207 1388 3337 1442 Nam
3381 1403 3500 1441 cum
3542 1387 3789 1454 largiris,

2204 1479 2329 1532 doni
2362 1487 2563 1530 tantum
2597 1477 2896 1531 mercedem
2923 1478 3154 1545 accipis;
3186 1489 3238 1532 et
3265 1493 3385 1532 cum
3409 1479 3510 1530 iter
3537 1476 3787 1544 suscipis.

2203 1568 2358 1637 hujus
2385 1583 2600 1637 quoque
2627 1571 2700 1621 rei
2728 1568 3004 1636 praemium
3036 1569 3326 1636 repositum
3356 1578 3455 1622 est.
3500 1567 3631 1621 Nam
3664 1566 3788 1619 ideo

2201 1661 2552 1729 patriarcham
2596 1662 2871 1726 miramur,
2915 1660 3035 1726 quia
3066 1675 3186 1713 cum
3219 1669 3483 1713 trecentos
3508 1659 3691 1714 decem
3718 1665 3776 1710 et

2199 1759 2322 1803 octo
2354 1765 2542 1803 vernas
2569 1749 2822 1813 haberet,
2854 1750 2918 1802 ad
2951 1752 3112 1802 boves
3142 1749 3433 1813 contendit,
3467 1763 3529 1801 ac
3556 1748 3783 1800 vitulum

2198 1839 2430 1907 abripuit
2466 1839 2619 1907 (Gen.
2647 1840 2733 1892 18.
2759 1837 2834 1909 7).
2863 1839 3014 1892 Nunc
3044 1853 3172 1891 vero
3212 1839 3428 1906 quidam
3474 1846 3622 1892 tanto
3660 1847 3789 1891 sunt

2200 1927 2336 1980 fastu
2359 1927 2544 1995 repleti
2566 1967 2580 1992 ,
2609 1935 2667 1980 ut
2695 1941 2800 1979 non
2827 1935 3114 1980 vereantur
3140 1925 3254 1980 haec
3277 1925 3593 1979 famulorum
3620 1939 3786 1992 opera

2198 2015 2393 2070 facere.
2424 2003 2507 2070 An
2537 2030 2654 2069 mea
2686 2017 2797 2084 ipsa
2829 2031 2992 2084 opera
3021 2015 3073 2069 id
3105 2016 3276 2070 facere
3312 2016 3503 2084 jubes,
3535 2016 3786 2084 inquies,

2199 2122 2374 2162 annon
2404 2107 2624 2161 videbor
2647 2109 2854 2160 inanem
2881 2109 3102 2176 gloriam
3135 2108 3425 2175 aucupari?
3453 2109 3612 2176 Atqui
3641 2123 3784 2161 nunc

2200 2214 2294 2266 per
2323 2197 2465 2251 aliud
2497 2213 2646 2250 vanas
2672 2199 2854 2266 gloria:
2882 2213 3051 2267 genus
3077 2198 3129 2251 id
3159 2198 3288 2251 facis
3308 2238 3323 2264 ,
3369 2201 3490 2267 quia
3533 2209 3583 2252 te
3621 2201 3784 2268 pudet

2197 2303 2316 2340 cum
2351 2302 2580 2354 paupere
2613 2289 2915 2354 loquentem
2945 2289 3133 2340 videri.
3190 2287 3380 2342 Verum
3423 2288 3555 2341 nihil
3586 2290 3687 2341 hac
3711 2289 3783 2342 de

2196 2390 2255 2428 re
2279 2376 2584 2444 diligentius
2613 2376 2951 2442 perquiram;
2984 2376 3046 2428 da
3078 2374 3297 2438 saltem,
3334 2378 3414 2430 vel
3445 2392 3537 2445 per
3566 2386 3652 2442 te,
3693 2378 3779 2431 vel

2196 2481 2292 2532 per
2310 2468 2471 2519 alium
2493 2506 2506 2526 ,
2539 2482 2604 2518 ne
2632 2481 2851 2520 accuses
2880 2481 3166 2533 pauperem
3188 2508 3202 2530 .
3231 2483 3298 2521 ne
3325 2469 3532 2534 caedas,
3562 2485 3629 2523 ne
3649 2484 3780 2523 con-

2197 2554 2440 2618 vicieris;
2468 2555 2718 2607 remediis
2745 2556 2910 2619 extim,
2943 2571 3046 2609 non
3074 2556 3416 2621 vulneribus,
3459 2573 3590 2625 opus
3615 2559 3775 2612 habet

2195 2643 2239 2696 is
2272 2644 2361 2710 qui
2393 2644 2636 2705 accedit;
2679 2646 3081 2710 misericordia,
3127 2662 3232 2699 non
3280 2646 3477 2715 gladio.
3521 2647 3578 2702 Si
3617 2649 3771 2716 quis.

2190 2745 2391 2798 quaeso,
2409 2731 2592 2811 lapide
2615 2747 2896 2799 percussus
2919 2734 3044 2787 etin
3070 2737 3242 2802 capite
3267 2734 3596 2801 vulneratus,
3619 2746 3774 2789 caste-

2197 2824 2270 2874 ris
2297 2823 2499 2876 relictis
2528 2823 2594 2876 ad
2624 2834 2674 2878 te
2701 2835 3004 2880 occurreret
3043 2829 3295 2896 sanguine
3326 2831 3569 2894 perfusus
3589 2871 3603 2894 ,
3634 2844 3769 2884 num

2191 2912 2360 2964 altero
2388 2913 2532 2965 illum
2565 2914 2738 2980 lapide
2761 2917 3021 2983 impetens
3052 2918 3192 2970 aliud
3227 2918 3338 2988 ipse
3364 2919 3622 2986 adjiceres
3649 2923 3768 2974 vul-

2191 3003 2329 3054 nus?
2368 3002 2479 3055 Non
2522 3006 2680 3058 credo
2725 3006 2938 3072 utique,
2983 3005 3077 3059 sed
3110 3015 3342 3061 tentares
3369 3009 3443 3061 illi
3473 3010 3768 3065 remedium

2188 3093 2402 3146 afferre.
2447 3092 2554 3146 Cur
2592 3109 2720 3162 ergo
2756 3095 2896 3152 circa
2939 3110 3201 3164 pauperes
3227 3100 3550 3151 contrarium
3595 3098 3768 3152 facis?

2187 3183 2266 3235 An
2297 3185 2471 3236 neseis
2497 3193 2751 3252 quantum
2785 3187 2951 3252 possit
2978 3188 3148 3239 oratio
3191 3189 3270 3240 vel
3312 3188 3488 3242 levare
3515 3189 3597 3244 vel
3626 3190 3764 3257 deji-

2185 3273 2341 3325 cere?
2388 3272 2574 3325 Melior
2601 3275 2743 3326 enim
2777 3285 2880 3339 est,
2933 3277 3139 3343 inquit,
3185 3293 3348 3330 sermo
3388 3296 3537 3346 quant
3577 3282 3766 3337 donum

2187 3362 2374 3431 (Eccli.
2407 3363 2494 3417 l8.
2526 3363 2638 3430 16).
2669 3363 2784 3417 Νοη
2828 3373 3000 3417 tecum
3037 3375 3285 3432 reputas,
3315 3378 3367 3420 te
3397 3368 3486 3421 tibi
3528 3369 3627 3436 ipsi
3655 3369 3766 3437 gla-

2181 3452 2325 3505 dium
2351 3453 2657 3521 admovere,
2689 3465 2846 3522 teque
2872 3455 3065 3508 vulnus
3093 3455 3462 3512 vehementins
3483 3460 3724 3530 accipere
3745 3501 3760 3524 ,

2181 3555 2300 3593 cum
2329 3541 2416 3597 ille
2445 3543 2685 3595 convicio
2716 3542 2939 3596 affectus
2965 3545 3282 3608 recesserit,
3311 3545 3437 3598 dum
3475 3548 3639 3601 silens
3673 3548 3760 3603 in-

2181 3628 2374 3694 gemit,
2425 3637 2479 3681 et
2521 3630 2742 3682 multum
2789 3629 3153 3700 lacrymatur?
3196 3631 3330 3686 Nam
3369 3648 3398 3686 a
3445 3634 3558 3689 Deo
3599 3636 3664 3689 ad
3709 3645 3761 3691 te

2179 3719 2425 3770 mittitur.
2451 3718 2633 3786 Cogita
2665 3733 2793 3786 ergo
2814 3759 2828 3782 ,
2874 3721 3000 3772 dum
3032 3721 3104 3773 illi
3131 3721 3468 3789 conviciaris,
3501 3725 3566 3777 ad
3597 3739 3756 3795 quem

2178 3807 2466 3861 transferas
2510 3809 2842 3872 convicium,
2893 3826 3015 3864 cum
3063 3810 3200 3867 Deus
3247 3813 3314 3867 ad
3362 3822 3414 3867 te
3457 3816 3661 3882 mittat,
3703 3829 3758 3871 et

2173 3913 2394 3966 erogare
2431 3898 2651 3966 jnbeat,
2684 3910 2734 3952 tu
2765 3916 2890 3953 vero
2917 3917 3023 3953 non
3052 3901 3210 3956 modo
3255 3918 3359 3956 non
3398 3904 3516 3968 des,
3556 3906 3648 3959 sed
3698 3917 3754 3961 et

2173 3989 2512 4042 accedentem
2546 3991 2802 4043 conviciis
2834 3992 3095 4058 impetas?
3122 3989 3176 4046 Si
3217 4007 3376 4060 porro
3406 3995 3750 4051 absurditatis

2172 4078 2588 4145 magnitudinem
2639 4080 2852 4147 ignoras
2873 4121 2888 4142 ,
2936 4081 2987 4131 in
3017 4079 3322 4135 hominibus
3351 4083 3400 4135 id
3432 4085 3743 4149 considera,

2167 4178 2220 4222 et
2246 4179 2370 4223 tunc
2398 4172 2598 4236 peccati
2628 4173 2943 4238 gravitatem
2984 4185 3260 4239 agnosces.
3302 4173 3358 4230 Si
3384 4176 3526 4229 enim
3557 4190 3748 4231 servus

2169 4265 2291 4307 tuus
2319 4265 2428 4307 ate
2458 4256 2522 4307 ad
2554 4257 2715 4310 alium
2755 4272 2967 4312 servum
3007 4261 3236 4326 missus,
3288 4260 3356 4316 de
3397 4279 3555 4317 manu
3601 4265 3745 4318 illius

2167 4354 2440 4412 argentum
2470 4354 2616 4398 tuum
2648 4358 2991 4415 accepturus,
3033 4365 3138 4403 non
3171 4351 3328 4406 modo
3353 4355 3535 4409 vacuis
3566 4356 3740 4411 mani-

2166 4433 2262 4485 bus
2289 4433 2512 4499 rediret,
2557 4435 2651 4488 sed
2689 4439 2846 4490 etiam
2881 4438 3090 4504 injuriis
3124 4440 3439 4505 lacessitus,
3471 4444 3597 4512 quid
3632 4459 3738 4500 non

2161 4534 2344 4578 contra
2375 4528 2753 4582 conviciantem
2786 4529 3018 4584 laceres?
3059 4547 3192 4597 quas
3221 4547 3326 4586 non
3354 4535 3596 4602 exigeres
3624 4554 3735 4604 pte-

2159 4629 2274 4674 nas,
2303 4629 2423 4668 cum
2453 4625 2502 4669 tu
2533 4619 2646 4686 ipse
2689 4619 3004 4672 contumelia
3047 4618 3272 4676 allectus
3314 4624 3502 4677 esses?
3546 4625 3637 4679 Sic
3665 4626 3734 4681 de

2159 4703 2268 4758 Deo
2287 4707 2456 4774 cogita
2483 4724 2496 4759 :
2522 4707 2633 4776 ipse
2658 4723 2885 4776 namque
2911 4718 2992 4763 est
3020 4711 3109 4777 qui
3141 4710 3209 4763 ad
3249 4707 3347 4765 nos
3391 4713 3555 4766 mittit
3597 4729 3730 4782 pau-

2155 4809 2344 4863 peres,
2371 4804 2425 4849 et
2448 4812 2561 4865 qua:
2595 4798 2760 4867 ipsius
2790 4807 2915 4852 sunt
2950 4800 3223 4868 largimur,
3259 4801 3304 4855 si
3333 4801 3544 4858 damus.
3577 4804 3728 4877 Quod

2151 4885 2197 4938 si
2227 4895 2420 4953 negato
2439 4886 2576 4941 dono
2594 4889 2752 4942 etiam
2780 4891 3099 4944 contumelia
3127 4891 3346 4948 allectos
3369 4895 3728 4962 remittamus,

2150 4979 2323 5044 cogita
2365 4977 2553 5044 quibus
2579 4979 2888 5032 fulminibus
2914 4979 3130 5049 dignum
3169 4996 3301 5049 Opus
3325 4982 3561 5040 edimus.
3595 4984 3723 5040 Haec

2150 5065 2327 5133 itaque
2347 5068 2520 5120 omnia
2543 5069 2859 5136 cogitantes,
2891 5077 2944 5122 et
2970 5069 3201 5138 linguam
3233 5069 3526 5138 frenemus,
3558 5083 3612 5127 et
3639 5075 3725 5129 in-

2149 5155 2529 5211 humanitatem
2577 5160 2868 5227 pellamus,
2901 5168 2956 5212 et
2984 5174 3174 5214 manus
3212 5160 3278 5215 ad
3325 5162 3721 5232 eleemosynam

2146 5249 2494 5302 extendamus
2518 5267 2530 5302 :
2561 5265 2730 5320 neque
2757 5252 2994 5319 pecuniis
3015 5252 3208 5318 solum,
3233 5252 3329 5307 sed
3355 5253 3518 5309 etiam
3544 5254 3721 5309 verbis

2145 5356 2341 5408 egenos
2368 5341 2704 5396 consolemur
2725 5383 2739 5407 ,
2763 5353 2819 5395 ut
2850 5352 2902 5396 et
2930 5345 3377 5397 contumeliarum
3405 5359 3615 5412 poenam
3645 5344 3720 5397 fu-

2143 5431 2381 5511 giamus,
2423 5441 2477 5486 et
2511 5449 2576 5486 ex
2623 5434 2992 5490 benedictione
3033 5445 3089 5489 et
3128 5436 3466 5506 cleemosyna
3494 5451 3717 5505 regnum

2143 5522 2498 5588 obtineamus,
2521 5524 2689 5590 gratia
2718 5534 2771 5579 et
2791 5525 3118 5594 benignitate
3142 5525 3352 5581 Domini
3386 5527 3556 5582 nostri
3589 5524 3717 5581 Iesu

2140 5610 2361 5676 Christi,
2389 5613 2472 5666 cui
2501 5613 2666 5683 gloria
2697 5624 2751 5671 et
2773 5618 3126 5686 imperiumin
3157 5617 3349 5673 saecula
3371 5619 3716 5674 saeculorum.

2143 5705 2332 5757 Amen.
