4076 6474
319 513 561 586 ἀφεῖς-Ρ
595 508 809 575 αὐτοῖς
849 505 966 573 τὴν
991 500 1305 574 ἁμαρτίαν,
1332 502 1484 570 ἄφες
1505 517 1520 532 ·
1558 501 1688 555 ἐπεὶ
1714 501 1868 569 κάμὲ
1913 499 2012 565 ἐξ·

314 603 575 668 ἁζσιψον
598 613 614 627 ⁸
649 597 837 658 αὐτοῖς
866 593 921 645 δέ
945 589 1163 644 ἐκέλευε
1185 587 1591 668 κατασφάττειν
1623 586 1888 656 ἀλλήλους
1914 586 2009 640 καὶ

315 689 443 750 τοὺς
458 667 854 754 προσήκοντας
884 679 1151 737 ἅπαντας.
1173 675 1367 728 Καίτοι
1393 673 1565 726 ταῦτα
1581 667 1807 725 ’ἐναντία
1834 671 2004 736 ἐστὶν,

313 773 432 826 ἀλλ’
461 772 624 840 ὅμως
651 770 733 831 εἰς
763 766 822 818 ἐν
850 762 1139 834 ἀμφότερα
1177 760 1370 812 ἐϐλεπε
1409 759 1582 821 τέλος.
1618 759 1788 812 Πάλιν
1815 759 1845 809 6
1875 757 2008 820 Θεὸς

315 858 392 929 τῷ
428 859 529 928 μὲν
585 855 835 917 Μωῡσεῖ,
887 849 1156 904 Ἰουδαίων
1202 847 1533 929 ἀκουόντων,
1565 845 1786 915 ἔλεγεν·
1831 846 2010 913 Ἄφες

311 927 406 1013 με,
432 927 541 1000 καὶ
571 940 837 1007 ἐκτρίψω
869 935 977 989 τὸν
1014 935 1168 988 λαὸν
1219 934 1287 1004 (εἰ
1319 927 1428 1003 γὰρ
1458 933 1552 984 καὶ
1597 931 1672 1002 μὴ
1724 929 2006 1001 παρῆσαν,

314 1029 489 1081 ταῦτα
514 1015 778 1094 ’λέγοντος
802 1022 897 1076 τοῦ
920 1020 1079 1083 Θεοῦ,
1113 1019 1228 1073 ἀλλ’
1257 1017 1482 1089 ἔμελλον
1508 1019 1650 1071 αὐτά
1676 1015 2007 1071 ἀκούσεσθαι

315 1113 586 1184 ὕστερον)·
623 1111 744 1164 κατ’
771 1109 908 1164 ἰδίαν
934 1108 992 1160 δέ
1023 1105 1283 1160 τάναντία
1308 1103 1516 1158 τούτων
1546 1103 1699 1174 αὐτῷ
1729 1103 2006 1174 παραινεῖ.

315 1202 424 1256 Καὶ
466 1199 646 1254 ταῦτα
689 1197 933 1267 Μωῦσῆς
977 1193 1345 1264 ἀναγκασθεὶς
1392 1194 1620 1265 ὕστερον
1655 1192 2008 1260 ’ἐξελάλησεν,

315 1287 454 1341 οὑτω
476 1287 656 1354 λέγων
675 1301 688 1316 ·
736 1284 835 1351 Μὴ
862 1283 972 1352 γὰρ
1005 1280 1121 1350 ἐγὼ
1152 1281 1377 1347 αὐτοὺς
1412 1281 1481 1333 ἐν
1520 1281 1734 1350 γαστρί
1761 1279 2006 1342 ἔλαϐον,

317 1375 402 1426 ὅτι
426 1373 631 1440 λέγεις
655 1367 1021 1440 μοι,Ἆρον¹⁹
1041 1366 1286 1432 αὐτοὺς,
1307 1368 1387 1432 ὡς
1405 1365 1484 1420 ἂν
1504 1366 1620 1433 ἄρῃ
1642 1365 1882 1431 τιθηνὸς
1901 1365 2010 1417 τὸν

317 1457 652 1527 θηλάζοντα
700 1459 786 1522 είς
837 1455 947 1508 τὸν
971 1455 1207 1508 κόλπον
1235 1453 1460 1520 αὐτῆς-ς
1492 1450 1679 1503 Ταῦτα
1713 1450 1808 1503 καί
1846 1452 1905 1502 ἐν
1932 1452 2009 1503 οί-

317 1545 458 1609 κίαις
490 1545 740 1612 γίνεται·
777 1542 873 1596 καὶ
911 1541 1172 1604 πολλάκις
1209 1540 1391 1612 πατὴρ
1425 1538 1503 1608 τῷ
1541 1538 1640 1608 μὲν
1673 1537 2008 1607 παιδαγωγῷ

314 1631 402 1684 τὸν
437 1631 611 1684 παῖδα
638 1629 921 1699 ὑϐρίσαντι
947 1628 1067 1680 κατ’
1099 1626 1234 1679 ἰδίαν
1265 1627 1496 1695 ἐπιτιμᾷ
1531 1624 1739 1690 λέγων’
1775 1625 1865 1693 Μὴ
1915 1623 2007 1676 ἔσο

313 1719 545 1786 τραχὺς,
575 1715 710 1785 μηδὲ
730 1713 964 1783 σκληρός
983 1730 996 1744 ο
1026 1712 1105 1782 τῷ
1126 1713 1184 1764 δὲ
1207 1712 1312 1780 νέῳ
1339 1713 1409 1762 τά
1435 1711 1651 1762 ἐναντία
1670 1709 1853 1774 λέγει’
1883 1709 2003 1761 Κᾶν

315 1803 516 1865 ἀδίκως
538 1801 754 1873 ὑϐρίζῃ,
780 1802 913 1870 φέρε
930 1816 944 1829 ο
965 1799 1077 1851 ἀπὸ
1100 1797 1209 1851 τῶν
1228 1797 1486 1850 ἐναντίων
1516 1798 1574 1849 ἐν
1596 1813 1649 1849 τι
1665 1797 1709 1827 ³⁸
1732 1798 2003 1865 χρήσιμον

317 1890 587 1955 συνάγων.
607 1886 761 1939 Οῦτω
777 1887 872 1939 καὶ
891 1885 1121 1948 Παῦλος,
1135 1886 1244 1946 τοῖς
1270 1885 1368 1954 μέν
1390 1884 1696 1952 ὑγιαίνουσι
1718 1885 1808 1935 καὶ
1834 1899 2004 1953 προσ-

315 1975 556 2029 αιτοῦσιν
580 1973 762 2042 έλεγεν
782 1990 795 2004 ’
812 1971 887 2026 El
901 1989 991 2036 τις
1005 1974 1076 2026 οὺ
1094 1972 1253 2025 θέλει
1273 1969 1637 2040 ἐργάζεσθαι,
1648 1969 1802 2038 μηδὲ
1819 1967 2006 2022 ἐσθιέ-

316 2079 416 2125 τω,
443 2062 534 2114 ἵνα
562 2061 758 2121 αὐτοὺς
786 2060 867 2119 εἰς
890 2057 1050 2128 ἔργον
1071 2057 1282 2127 ἐμϐάλῃ
1304 2073 1320 2088 ο
1355 2059 1467 2118 τοῖς
1489 2057 1546 2108 δέ
1576 2055 1744 2108 ἐλεεῖν
1771 2056 2003 2124 δυναμέ-

316 2153 452 2215 νοιςπ
471 2148 484 2166 ⁸
499 2145 674 2214 Υμεῖς
693 2145 762 2197 δὲ
780 2145 846 2198 τὸ
871 2145 1070 2198 καλὸν
1083 2144 1399 2210 ποιοῦντες
1415 2144 1503 2213 μὴ
1527 2143 1916 2211 ἐκκακήσητε
1931 2143 1997 2208 ιι,

319 2234 403 2286 ἵνα
428 2233 629 2294 αὐτοὺς
659 2232 739 2292 εἰς
766 2229 1138 2301 ἐλεημοσύνην
1169 2231 1373 2302 ἀγάγῃ.
1399 2230 1556 2291 Οῦτω
1587 2229 1679 2282 καὶ
1703 2231 1864 2300 ἡνίκα
1889 2232 2001 2294 τοῖς

315 2319 373 2384 ἐξ
397 2317 565 2371 ἐθνῶν
600 2318 830 2388 παρῄνει
868 2319 924 2369 ἐν
956 2319 1023 2387 τῇ
1058 2316 1194 2386 πρὸς
1244 2311 1552 2386 Ῥωμαίους
1585 2316 1874 2387 Ἐπιστολῇ
1924 2315 1998 2386 μὴ

315 2405 702 2476 ὑψηλοφρονεῖν
744 2404 886 2458 κατά
927 2404 1037 2456 τῶν
1080 2403 1376 2467 Ἰουδαίων,
1411 2403 1507 2455 καὶ
1553 2404 1652 2473 τὴν
1679 2404 1999 2474 ἀγριελαίαν

315 2495 637 2564 παρήγαγεν
678 2493 758 2555 εἰς
805 2490 992 2561 μέσον,
1040 2491 1136 2543 καὶ
1181 2490 1315 2543 ἀλλα
1367 2489 1466 2559 μὲν
1504 2489 1738 2554 τούτοις,
1771 2491 1907 2545 ἀλλα
1942 2492 1998 2545 δέ

313 2579 543 2642 ἐκείνοις
575 2577 823 2647 φαίνεται
849 2577 1042 2645 λέγων.
1080 2577 1172 2647 Μὴ
1219 2576 1399 2629 τοίνυν
1427 2579 1508 2638 εἰς
1545 2575 1806 2647 ὡμότητα
1833 2577 1999 2630 ἐκπέ-

314 2683 520 2737 σωμεν,
566 2667 683 2718 ἀλλ’
709 2663 1033 2734 ἀκούσωμεν
1080 2663 1295 2717 Παύλου
1350 2663 1628 2729 λέγοντος·
1682 2664 1750 2716 T6
1805 2664 1999 2717 καλὸν

313 2754 629 2818 ,ποιοῦντες
649 2751 736 2821 μὴ
777 2751 1083 2804 ἐκκακεῖτε
1113 2751 1158 2780 ³⁸
1180 2766 1194 2779 ’
1229 2749 1552 2819 ἀκούσωμεν
1579 2749 1673 2802 τοῦ
1721 2752 1994 2803 Δεσπότου

312 2840 592 2908 λέγοντοςο
629 2839 817 2892 Παντί
848 2836 930 2902 τῷ
950 2837 1219 2890 αίτοῦντί
1239 2852 1314 2889 σε
1335 2834 1507 2889 δίδου
1526 2852 1539 2867 ·
1584 2836 1698 2899 καὶ,
1735 2839 1996 2892 Γίνεσθε

314 2928 691 2993 οἰκτίρμονες
723 2924 804 2989 ὼς
832 2926 866 2975 ό
894 2922 1098 2990 Πατὴρ
1127 2921 1314 2990 ὑμῶν.
1361 2921 1550 2973 Καίτοι
1595 2922 1767 2974 πολλά
1798 2921 1990 2987 εἰπὼν,

312 3012 551 3081 οὐδαμοῦ
577 3011 736 3064 τοῦτο
763 3009 1024 3074 τέθεικεν,
1060 3008 1176 3061 ἀλλ’
1202 3009 1296 3059 ἐπὶ
1332 3007 1440 3060 τῶν
1470 3009 1773 3078 οίκτιρμῶν
1810 3009 1990 3077 μόνον.

313 3097 476 3150 Οὐδὲν
505 3096 610 3167 γὰρ
639 3098 787 3167 ἡμᾶς
823 3097 973 3156 ίσους
1001 3094 1122 3165 Θεῷ
1147 3097 1310 3160 ποιεῖ,
1337 3094 1414 3155 ὡς
1443 3093 1504 3146 τὸ
1533 3094 1865 3164 εὐεργετεῖν.

383 3185 446 3238 ε’.
488 3184 627 3236 Ἀλλ’
653 3183 808 3235 οὐδὲν
830 3181 1210 3251 ἀναιδέστερον
1227 3219 1242 3242 ,
1268 3181 1422 3250 φησὶ,
1445 3181 1696 3250 πένητος.
1729 3179 1882 3233 Διατί
1910 3180 1990 3245 ³³;

315 3267 619 3339 παρακαλῶ
643 3286 656 3298 ·
691 3267 772 3319 ὅτι
807 3267 1108 3335 ἐπιτρέχων
1134 3265 1409 3335 καταϐοᾷ;
1463 3265 1654 3317 Βούλει
1686 3262 1778 3318 οὖν
1812 3265 1990 3330 δείξω,

312 3353 395 3406 δτι
441 3353 668 3407 ἐκείνων
709 3353 871 3421 ἡμεῖς
914 3354 1081 3421 ἐσμεν
1109 3351 1606 3422 ἀναισχυντότεροι,
1652 3351 1746 3403 καὶ
1783 3352 1992 3421 σφόδρα

314 3440 585 3505 ἀναιδεῖς;
625 3437 1028 3509 Ἀναμνήσθητί
1054 3453 1146 3506 μοι
1174 3437 1270 3489 νῦν
1299 3439 1358 3488 ἐν
1379 3438 1557 3507 καιρῷ
1579 3437 1677 3505 τῆς
1706 3439 1987 3506 νηστείας,

315 3526 547 3587 ποσάκις
602 3525 882 3594 τραπέζης
933 3523 1350 3594 παρακειμένης
1403 3526 1462 3575 ἐν
1523 3524 1760 3594 ἑσπέρᾳ,
1814 3525 1906 3577 τὸν
1942 3527 1990 3562 ⁸⁸

317 3611 693 3682 ὑπηρετοῦντα
713 3611 933 3681 οἰκέτην
955 3611 1212 3673 καλέσας,
1242 3610 1329 3662 ῖνα
1361 3610 1740 3681 σχολαιότερον
1773 3612 1986 3683 βαδίσῃ,

317 3701 497 3754 πάντα
542 3698 867 3770 ἀνέτρεψας,
918 3697 1208 3761 λακτίζων,
1245 3696 1504 3766 ὑϐρίζων,
1563 3697 1990 3769 λοιδορούμενος,

315 3785 456 3856 ὑπὲρ
475 3784 739 3854 ἀναϐολῆς
762 3784 921 3854 μόνον
945 3785 1168 3853 μικρᾶς·
1193 3781 1345 3853 [405]
1370 3784 1544 3834 καίτοι
1577 3784 1782 3853 σφόδρα
1811 3784 1990 3849 εἰδὼς,

314 3872 398 3927 ὃτι
431 3872 537 3925 κάν
566 3871 640 3940 μὴ
672 3869 896 3932 εὐθέως,
923 3869 1058 3922 ἀλλά
1091 3869 1286 3937 μικρὸν
1318 3865 1545 3936 ὕστερον
1579 3868 1862 3940 ἀπολαύσῃ
1891 3871 1991 3939 τῆς

314 3956 538 4026 ἐδωδῆς.
577 3949 710 4006 Εἶτα
754 3953 947 4007 σαυτὸν
981 3954 1078 4023 μέν
1107 3954 1248 4023 ὑπὲρ
1276 3954 1370 4007 τοῦ
1418 3954 1647 4024 μηδενὸς
1695 3955 1989 4025 ἐκθηριούο

318 4043 560 4113 μενονού
604 4042 788 4103 καλεῖς
825 4043 1200 4110 ἀναίσχυντον,
1230 4041 1321 4094 τὸν
1364 4041 1420 4093 δέ
1459 4041 1670 4112 πένητα
1701 4042 1794 4094 τὸν
1846 4043 1990 4113 ὑπὲρ

310 4127 424 4182 τῶν
454 4126 715 4198 μειζόνων
759 4127 1036 4182 δεδοικότα
1073 4127 1168 4180 καὶ
1196 4127 1465 4197 τρέμοντα
1522 4128 1662 4196 (οὐδέ
1710 4128 1819 4197 γὰρ
1860 4129 1989 4198 περὶ

317 4216 646 4285 μελλήσεως,
684 4215 821 4267 ἀλλά
842 4215 972 4283 περὶ
995 4213 1152 4284 λιμοῦ
1182 4216 1289 4276 πᾶς
1323 4218 1350 4266 6
1383 4213 1546 4283 φόϐος
1575 4213 1767 4284 αὐτῷ),
1796 4215 1986 4267 τοῦτον

311 4305 409 4357 καὶ
438 4304 650 4372 ἰταμὸν,
693 4303 786 4354 καὶ
828 4300 1043 4369 ἀναιδῆ.
1095 4302 1189 4354 καὶ
1224 4301 1604 4369 ἀναίσχυντον,
1656 4303 1753 4354 καὶ
1810 4304 1989 4355 πάντα

312 4393 602 4462 προσερεῖς
645 4389 715 4442 τά
751 4388 1036 4457 αἴσχιστας
1089 4388 1198 4440 Καὶ
1245 4387 1363 4450 πῶς
1413 4389 1513 4440 οὐκ
1558 4387 1792 4456 ἐσχάτης
1832 4389 1990 4441 τοῦτο

312 4480 726 4551 ἀναισχυντίαςς
794 4479 931 4531 Ἀλλ’
968 4479 1069 4531 οὐκ
1121 4477 1409 4547 ἐννοοῦμεν
1451 4477 1657 4529 ταῦτα·
1700 4478 1786 4530 διά
1833 4479 1990 4531 τοῦτο

312 4569 552 4630 ἐκείνους
576 4561 997 4636 ἐπαχθεῖς-εἷναι
1021 4564 1344 4634 νομίζομενο
1377 4564 1454 4626 ὡς
1473 4564 1528 4616 εῐ
1558 4581 1620 4631 γε
1651 4563 1718 4616 τὰ
1750 4564 1991 4635 ἡμέτερα

312 4653 648 4725 ἐξητάζομεν
688 4656 783 4708 καὶ
808 4652 1223 4724 παρεϐάλλομεν
1246 4655 1359 4714 τοῖς
1387 4651 1634 4717 ἐκείνων,
1657 4651 1758 4704 οὐκ
1788 4651 1854 4704 ἂν
1885 4653 1986 4705 αὐ-

308 4741 436 4802 τοὺς
469 4740 797 4810 ἐνομίσαμεν
847 4736 988 4793 εἶναι
1035 4737 1344 4808 φορτικούς.
1381 4737 1473 4806 Μὴ
1515 4737 1582 4807 δὴ
1626 4738 1779 4805 γίνου
1819 4738 1865 4769 ³⁸
1892 4756 1985 4791 πιο

312 4826 442 4896 πρὸς
479 4825 756 4895 δικαστής.
797 4827 910 4880 καὶ
936 4826 1045 4895 γὰρ
1081 4828 1130 4878 εί
1185 4825 1405 4878 πάντων
1449 4825 1865 4895 ἁμαρτημάτων
1914 4822 1983 4897 ἦς

309 4911 749 4980 ἀπηλλαγμένος,
804 4913 928 4966 οὐδέ
969 4912 1112 4965 οὑτω
1162 4928 1245 4964 σοι
1292 4912 1594 4981 ἐπέτρεπεν
1638 4913 1666 4964 6
1695 4911 1788 4965 τοῦ
1845 4912 1980 4966 Θεοῦ

309 4999 470 5070 νόμος
509 4998 713 5069 ἀκριϐῆ
767 4998 1017 5066 γενέσθαι
1068 4998 1361 5070 ἐξεταστὴν
1411 4997 1519 5051 τῶν
1562 4998 1877 5070 ἀλλοτρίων.
1917 5002 1980 5053 Εἰ

307 5084 420 5152 γὰρ
457 5084 485 5135 6
525 5084 816 5153 Φαρισαῖος
850 5083 938 5137 διά
964 5082 1124 5137 τοῦτο
1165 5083 1434 5150 ἀπώλετο,
1482 5083 1639 5148 ποίας
1677 5084 1982 5155 τευξόμεθα

308 5168 606 5238 ἀπολογίας
634 5171 827 5239 ὴμεῖςς
863 5171 925 5222 Εἰ
951 5173 1064 5235 τοῖς
1095 5171 1140 5202 ³⁸
1173 5169 1598 5241 κατωρθωκόσιν
1637 5170 1737 5223 οὐκ
1757 5173 1981 5242 ἐπιτρέ-

305 5246 399 5307 πει
447 5256 658 5324 πικρῶς
694 5255 966 5319 ἐξετάζειν
1007 5258 1074 5309 τά
1111 5257 1336 5327 ἐτέρων,
1395 5255 1576 5326 πολλῷ
1631 5258 1832 5327 μᾶλλον
1870 5264 1983 5322 τοῖς

309 5341 617 5395 ἐπταικόσι.
635 5343 738 5412 ’Μὴ
761 5342 940 5394 τοίνυν
967 5343 1129 5411 ὠμοὶ,
1167 5342 1303 5411 μηδέ
1327 5345 1576 5410 ἀπηνεῖς,
1608 5345 1683 5414 μὴ
1715 5346 1757 5375 ³⁷
1789 5345 1984 5415 ἀστορ-

307 5443 418 5495 γοι,
447 5428 523 5498 μὴ
553 5428 828 5491 ἀσπονδοι,
851 5427 927 5499 μὴ
942 5428 1146 5500 θηρίων
1167 5429 1385 5499 χείρους
1402 5424 1572 5498 ὦμεν.
1606 5432 1716 5482 Καὶ
1731 5432 1838 5501 γὰρ
1864 5433 1986 5484 πολι

375 5598 423 5674 ξ·
447 5600 606 5674 ἀφεῖς
628 5572 788 5674 οοάἀ.
805 5601 961 5674 3cm;
984 5599 1120 5674 Edd.
1198 5600 1244 5674 ι·
1266 5601 1347 5654 ὅτι
1378 5597 1509 5674 ᾇρον
1532 5600 1665 5674 Eua.
1691 5603 1760 5673 ἀρ

306 5668 663 5740 ςᾉέκκακῆτε
698 5670 762 5722 Δ.
805 5667 878 5721 Ε.
905 5667 975 5722 Ἐ.
1007 5672 1350 5740 ἐκκακήσητε
1387 5667 1449 5725 U.

305 5735 440 5792 Edd.
478 5735 764 5793 καῖ’ἀεθει
807 5739 861 5793 in
906 5740 1066 5794 codd.
1111 5751 1162 5794 el

1251 5743 1350 5794 lor.
1400 5757 1451 5795 ι).
1487 5742 1612 5795 557.

1413 387 1481 442 IN
1518 382 1940 444 MATTHEUH
1967 383 2214 442 HOMIL.
2247 383 2471 442 XXXV.
2496 387 2569 441 al.
2611 383 2858 442 XXXVI.

305 5743 440 5839 ΞΜ.
478 5743 570 5793 καί
611 5743 764 5793 deest
807 5743 861 5822 il‘l
906 5743 1066 5794 codd.
1111 5751 1162 5794 el
1206 5743 1350 5794 Flor.
1395 5757 1451 5863 ἓ.
1487 5743 1612 5795 557.
1721 5744 1763 5774 ³⁵
1792 5743 1914 5813 γίνῃ
1948 5743 1989 5795 D

307 5873 341 5882 _
370 5806 551 5882 ὄκνον]
573 5809 697 5882 πόᾳ.
726 5807 784 5882 δέ
806 5809 958 5882 Ιιίιίιί.Δ
1005 5810 1077 5882 ζ’,
1104 5809 1370 5882 ὑπέσχου]
1438 5827 1484 5864 lC
1508 5811 1662 5882 arm.
1682 5881 1685 5882 ν
1705 5823 1756 5866 ει
1792 5816 1948 5866 codd.
1978 5815 1989 5864 1

2098 5743 2190 5815 ένῂ
2235 5746 2292 5798 F.
2390 5747 2434 5777 ³⁸
2460 5750 2571 5809 τοῖς

2098 5833 2182 5877 τας
2215 5815 2350 5869 Edd.
2386 5827 2438 5869 el
2473 5816 2571 5870 Ge.

3695 394 3806 452 612

2113 499 2240 564 λοὺς
2265 501 2347 564 εἰς
2373 499 2533 554 τοῦτο
2556 497 2675 555 οῖδα
2705 499 3002 573 θηριωδίας
3030 499 3288 564 ἐλθόντας
3307 540 3323 566 ,
3348 507 3425 568 ὤς
3452 503 3522 558 δι’
3559 503 3718 562 δκνον
3755 511 3802 543 ³⁸

2115 588 2317 658 μικρὸν
2351 587 2723 658 λιμώττοντας
2764 589 3047 659 περιορᾷν,
3104 589 3200 642 καὶ
3235 587 3410 644 ταῦτα
3444 593 3704 661 λέγοντας
3728 597 3802 650 τά

2114 673 2336 744 ῥήματα
2354 689 2370 707 ο
2405 675 2481 727 Οὐ
2514 675 2783 745 πάρεστιν
2812 675 3032 744 οἰκέτης
3058 673 3185 744 ἐμοὶ
3213 674 3332 738 νῦν,
3375 676 3565 747 πόρρω
3589 679 3691 750 τῆς
3721 682 3801 735 οι-

2113 760 2239 823 κίας
2267 759 2456 829 ἐσμὲν,
2504 760 2842 830 τραπεζίτης
2876 759 3053 824 οὐδείς
3097 761 3215 814 ἐστί
3262 778 3352 829 μοι
3397 761 3696 836 γνώριμος.
3731 771 3798 822 Ὠ

2110 845 2210 915 τῆς
2236 845 2551 917 ὠμότητοςῑ
2579 847 2653 898 Τὸ
2677 847 2861 915 μεῖζον
2884 847 3126 916 ὑπέσχου
3150 848 3215 912 ³³,
3243 848 3422 902 καὶτὸ
3451 849 3672 905 ἔλαττον
3691 854 3793 908 οὑκ

2110 932 2336 998 ἀνύεις;
2367 933 2451 986 ῖνα
2488 934 2554 986 σὺ
2592 933 2668 1003 μὴ
2711 933 2938 1004 βαδίσῃς
2984 935 3206 1004 μικρὸν,
3245 934 3455 1000 ἐκεῖνος
3494 936 3639 1008 λιμῷ
3675 940 3798 993 δια-

2111 1019 2430 1090 φθείρεταις
2469 1020 2533 1072 Ὠ
2573 1020 2674 1089 τῆς
2698 1019 2943 1091 ὑϐρεωςί
2977 1018 3023 1073 ὣ
3054 1019 3150 1074 τοῦ
3175 1021 3385 1090 τύφουι
3420 1023 3484 1076 Εἰ
3517 1024 3628 1093 γάρ
3664 1025 3798 1079 δέκα

2112 1106 2309 1160 στάδια
2339 1104 2552 1176 βαδίσαι
2597 1106 2797 1176 ἐχρῆν,
2833 1108 3064 1178 ὀκνῆσαι
3115 1107 3263 1172 εδει;
3300 1109 3438 1163 Οὐδέ
3467 1111 3672 1174 ἐννοεῖς
3714 1112 3796 1164 δτι

2113 1190 2314 1262 μείζων
2354 1195 2380 1245 6
2412 1192 2604 1261 μισθός
2641 1209 2723 1245 σοι
2747 1192 2892 1246 οὑτω
2914 1193 3162 1261 γίνεται;
3197 1195 3370 1265 Ὅταν
3396 1195 3494 1264 μὲν
3522 1196 3634 1265 γάρ
3666 1197 3795 1266 δῷς,

2111 1279 2252 1350 ὑπὲρ
2281 1279 2372 1331 τοῦ
2421 1279 2700 1348 διδομένου
2747 1279 3046 1349 λαμϐάνεις
3085 1280 3279 1351 μισθὸν
3327 1281 3526 1351 μόνον’
3565 1284 3694 1337 ὅταν
3738 1285 3796 1338 δὲ

2110 1367 2203 1417 καὶ
2229 1365 2391 1427 αὐτὸς
2423 1365 2667 1436 βαδίσῃς,
2701 1367 2794 1418 καὶ
2824 1367 3017 1420 τούτου
3053 1383 3137 1420 σοι
3164 1371 3343 1421 κεῖται
3367 1368 3534 1422 πάλιν
3561 1371 3788 1442 ἀμοιϐή.

2123 1450 2278 1503 Ἐπεὶ
2323 1452 2420 1504 καὶ
2458 1452 2501 1483 ⁸⁸³
2549 1454 2642 1505 τὸν
2693 1452 3042 1525 πατριάρχην
3090 1454 3182 1507 διά
3211 1454 3374 1507 τοῦτο
3411 1454 3790 1525 θαυμάζομεν,

2108 1537 2191 1590 δτι
2232 1539 2394 1601 αὐτὸς
2432 1540 2526 1592 ἐπὶ
2559 1543 2658 1601 τὰς
2685 1538 2814 1608 βοῦς
2857 1541 3061 1610 έδραμε
3084 1579 3100 1604 ,
3132 1542 3225 1594 καὶ
3271 1541 3334 1592 τὸ
3365 1541 3662 1613 μοσχάριον
3690 1544 3794 1612 ἠρ-

2109 1641 2286 1689 πασε,
2322 1627 2416 1677 καὶ
2448 1625 2621 1679 ταῦτα
2668 1627 3015 1696 τριακοσίους
3057 1627 3191 1680 δέκα
3234 1626 3381 1681 όκτὼ
3415 1628 3460 1660 ⁸⁸
3493 1631 3792 1697 οἰκογενεῖς

2107 1711 2266 1780 ἔχων.
2299 1711 2412 1764 Νῦν
2441 1711 2499 1765 δὲ
2533 1711 2789 1765 τοσούτου
2821 1713 2966 1776 τινές
2999 1714 3107 1764 εἰσι
3140 1712 3310 1782 τύφου
3341 1714 3790 1786 πεπληρωμένοι,

2104 1798 2180 1860 ὡς
2205 1799 2292 1851 διὰ
2315 1799 2524 1852 παίδων
2553 1797 2726 1852 ταῦτα
2761 1801 2957 1865 ποιεῖν,
2993 1800 3089 1852 καὶ
3115 1801 3191 1870 μὴ
3223 1801 3594 1870 αἰσχύνεσθαι.
3629 1802 3790 1855 Ἀλλά

2102 1885 2170 1939 δι’
2205 1886 2446 1955 ἐμαυτοῦ
2493 1887 2539 1919 ⁸¹
2586 1885 2762 1939 ταῦτα
2792 1885 3037 1950 κελεύεις
3077 1887 3296 1953 ἀνύειν;
3334 1889 3506 1957 φησί·
3539 1890 3632 1942 καὶ
3669 1888 3789 1952 πῶς

2102 1973 2164 2025 οὐ
2193 1972 2331 2038 δόξω
2359 1972 2658 2037 κενοδοξεῖν
2687 1989 2701 2038 ;
2735 1975 2845 2026 Καὶ
2875 1974 2984 2043 μὴν
3017 1973 3112 2025 καὶ
3142 1972 3238 2027 νῦν
3259 1974 3326 2027 δι’
3349 1976 3544 2044 ἐτέραν
3568 1975 3786 2029 κενοδο-

2103 2059 2221 2126 ξίαν
2254 2059 2411 2112 τοῦτο
2456 2063 2633 2122 ποιεῖς
2656 2100 2670 2119 .
2699 2062 3088 2130 αἰσχυνόμενος
3128 2061 3357 2130 ὀφθῆναι
3387 2063 3580 2131 πένητι
3607 2061 3789 2116 διαλε-

2101 2149 2350 2217 γόμενος.
2402 2149 2542 2201 Ἀλλ’
2575 2149 2726 2202 οὐδὲν
2758 2149 2902 2220 ὑπὲρ
2927 2149 3135 2202 τούτων
3159 2149 3662 2220 ἀκριϐολογοῦμαι·
3693 2153 3788 2220 μόν-

2101 2253 2189 2287 νον
2222 2236 2387 2300 δίδου,
2417 2235 2527 2288 εἴτε
2557 2236 2645 2289 διά
2683 2235 2906 2299 σαυτοῦ,
2938 2235 3049 2289 εἴτε
3089 2236 3158 2288 δι’
3189 2237 3378 2307 ἐτέρου
3402 2237 3446 2268 ⁸³
3479 2237 3640 2290 τοῦτο
3663 2238 3787 2307 βού-

2101 2322 2178 2375 λει
2211 2325 2420 2375 ποιεῖν’
2465 2324 2559 2376 καί⁵
2605 2322 2680 2394 μὴ
2724 2322 2984 2391 ἐγκάλει,
3019 2323 3094 2392 μὴ
3126 2323 3366 2392 πλῆττε,
3413 2324 3489 2393 μὴ
3530 2325 3784 2395 λοιδόρει.

2098 2412 2411 2481 Φαρμάκων
2436 2413 2566 2480 γὰρ,
2587 2411 2647 2463 οὐ
2670 2411 3024 2481 τραυμάτων,
3054 2412 3226 2464 δεῖται
3246 2413 3275 2464 6
3300 2411 3540 2484 προσιών
3568 2431 3582 2447 ο
3607 2414 3785 2479 ἐλέου,

2098 2497 2159 2549 οὐ
2196 2495 2398 2564 ξίφους.
2419 2497 2553 2548 Εἰπέ
2581 2496 2690 2565 γάρ
2725 2514 2834 2565 μοι,
2860 2497 2912 2548 et
2937 2515 3023 2559 τις
3047 2497 3179 2570 λίθῳ
3210 2496 3428 2568 βληθεὶς
3450 2497 3544 2551 καὶ
3561 2497 3789 2570 τραῦμα

2098 2581 2277 2635 λαϐὼν
2305 2584 2447 2636 κατά
2474 2584 2573 2653 τῆς
2612 2584 2859 2654 κεφαλῆς
2882 2625 2898 2646 ,
2926 2585 3056 2647 τοὺς
3095 2583 3289 2647 ἀλλους
3317 2583 3568 2648 ἅπαντας
3601 2587 3786 2653 ἀφεὶς,

2099 2668 2447 2741 προσέδραμέ
2481 2686 2574 2722 σου
2609 2673 2723 2732 τοῖς
2763 2671 2953 2737 γόνασι
2988 2662 3431 2741 καταρῤεόμενος
3457 2670 3535 2740 τῷ
3566 2671 3786 2741 αἵματι,

2097 2751 2207 2825 ἆρα
2251 2757 2424 2827 ἐτέρῳ
2464 2757 2597 2826 λίθῳ
2645 2757 2894 2822 πατάξας
2939 2758 3291 2828 προσέθηκας
3322 2759 3389 2812 ἂν
3422 2760 3570 2829 αὐτῷ
3599 2759 3787 2829 ἕτερον

2095 2841 2349 2910 τραῦμα;
2379 2844 2491 2895 Οὐκ
2521 2844 2698 2910 ἔγωγε
2739 2840 2927 2914 οἶμαι,
2965 2843 3101 2897 ἀλλά
3136 2846 3232 2897 καὶ
3263 2845 3396 2897 αὐτὸ
3418 2845 3788 2914 ἐπεχείρησας

2097 2922 2164 2975 ἂν
2195 2923 2507 2993 διορθῶσαι.
2549 2926 2616 2976 Τί
2645 2921 2738 2978 οῦν
2769 2927 2861 2978 ἐπὶ⁵
2900 2925 3009 2998 τῶν
3042 2927 3292 2997 πενήτων
3321 2930 3496 2989 ποιεῖς
3524 2927 3594 2978 τὰ
3628 2929 3786 2980 ἐνανο

2096 3009 2215 3075 τία;
2253 3012 2367 3064 οὐκ
2397 3008 2545 3075 οἶδας
2566 3013 2689 3064 ὅσον
2718 3013 2941 3066 δύναται
2965 3013 3059 3066 καὶ
3085 3013 3506 3082 ἀναστῆσαικαί
3534 3014 3786 3068 καθελεῖν

2095 3089 2281 3158 λόγος;
2310 3093 2594 3160 Κρεῖττον
2613 3094 2744 3161 γὰρ,
2767 3095 2922 3162 φησὶ,
2944 3095 3132 3162 λόγος
3163 3095 3200 3162 ἢ
3234 3094 3429 3160 δόσις.
3463 3098 3538 3148 Οὐ
3569 3097 3782 3166 λογίζῃ,

2093 3170 2174 3223 δτι
2203 3174 2343 3224 κατά
2377 3174 2574 3226 σαυτοῦ
2599 3175 2663 3225 τὸ
2679 3175 2838 3240 ξίφος
2867 3175 3061 3238 ὠθεῖς,
3096 3176 3191 3229 καὶ
3219 3176 3604 3248 χαλεπώτερον
3629 3177 3782 3249 [406]

2093 3258 2312 3327 τραῦμα
2335 3258 2653 3327 λαμϐάνεις,
2681 3261 2809 3310 ὅταν
2837 3258 3171 3330 λοιδορηθεὶς
3199 3263 3406 3324 ἐκεῖνος
3441 3265 3780 3335 ἀναχωρήσῃ

2097 3347 2243 3413 σιγῇ,
2288 3345 2489 3397 στένων
2523 3345 2619 3398 καὶ¹
2652 3345 2825 3398 πολλά
2857 3347 3152 3415 δακρύων;
3201 3348 3313 3400 Καὶ
3351 3349 3462 3419 γὰρ
3502 3351 3653 3420 παρά
3685 3351 3782 3403 τοῦ

2093 3430 2229 3483 Θεοῦ
2258 3431 2538 3499 πέμπεται
2571 3432 2707 3501 πρὸς
2737 3432 2815 3484 σέ.
2863 3432 3148 3502 Ἐννόησον
3172 3429 3286 3496 οὖν,
3322 3435 3564 3505 ὑϐρίζων
3594 3436 3780 3501 αὐτὸν,

2094 3516 2197 3570 ποῦ
2239 3517 2574 3580 διαϐιϐάζεις
2603 3520 2703 3586 τὴν
2750 3517 2930 3588 ὓϐριν,
2977 3519 3106 3572 ὅταν
3155 3519 3360 3583 ἐκεῖνος
3403 3521 3503 3590 μὲν
3538 3522 3676 3592 πρὸς
3721 3524 3782 3575 σὲ

2094 3605 2290 3676 πέμπῃ
2313 3646 2328 3669 ,
2355 3606 2450 3658 καὶ
2482 3606 2566 3659 σοὶ
2593 3605 2778 3659 δοῦναι
2808 3604 3025 3676 κελεύῃ,
3053 3607 3116 3659 σύ
3151 3606 3206 3658 δε
3243 3605 3318 3676 μὴ
3348 3607 3509 3677 μόνον
3547 3609 3622 3677 μὴ
3651 3608 3782 3678 δῷς,

2093 3691 2230 3744 ἀλλὰ
2259 3693 2352 3744 καὶ
2385 3692 2613 3763 ὑϐρίσῃς
2638 3691 2882 3744 ἐλθόντα.
2919 3692 2985 3744 El
3012 3692 3071 3744 δὲ
3101 3694 3317 3759 ἀγνοεῖς
3339 3693 3438 3763 τὴν
3469 3693 3781 3765 ὑπερϐολὴν

2091 3777 2194 3847 τῆς
2243 3777 2476 3840 ἀτοπίας
2499 3818 2514 3841 ,
2562 3780 2649 3830 ἐπ’
2684 3776 2992 3847 ἀνθρώπων
3026 3779 3158 3831 αὐτὸ
3196 3779 3494 3847 σκόπησον,
3534 3782 3629 3833 καὶ
3658 3781 3781 3834 τότε

2092 3864 2216 3933 εῖσῃ
2248 3864 2429 3927 καλῶς
2467 3865 2526 3916 τὸ
2557 3864 2783 3933 μέγεθος
2816 3865 2916 3933 τῆς
2945 3864 3240 3933 ἁμαρτίας.
3276 3865 3337 3917 Εἰ
3367 3864 3477 3935 γὰρ
3508 3866 3598 3928 σὸς
3630 3867 3779 3919 οἰκέ-

2091 3967 2190 4019 της
2221 3951 2371 4019 παρὰ
2403 3950 2497 4003 σοῦ
2525 3951 2838 4013 κελευσθεὶς
2868 3950 3006 4020 πρὸς
3030 3951 3217 4021 ἕτερον
3249 3951 3505 4004 ἀπελθεῖν
3535 3953 3777 4025 οίκέτην,

2091 4037 2356 4107 ἀργύριον
2387 4038 2578 4107 έχοντα
2605 4038 2697 4089 σὺν
2731 4037 2937 4100 λαϐεῖν,
2984 4039 3044 4090 οὐ
3092 4038 3252 4106 μόνον
3281 4041 3468 4102 κεναῖς
3503 4041 3776 4110 ἐπανῆλθε

2092 4125 2299 4192 χερσὶν,
2326 4123 2463 4174 ἀλλά
2494 4124 2586 4175 καὶ
2613 4122 2910 4193 ὑϐρισθεὶς,
2940 4123 2993 4174 τί
3017 4123 3118 4175 οὐκ
3144 4123 3210 4176 ἀν
3234 4124 3478 4194 εἰργάσω
3509 4125 3599 4178 τὸν
3626 4127 3778 4198 ὑϐρι-

2093 4209 2259 4273 κότα;
2295 4211 2468 4278 πόσην
2499 4209 2599 4261 οὐκ
2628 4210 2693 4260 ἂν
2725 4209 2881 4278 δίκην
2909 4209 3230 4280 ἁπῄτησας,
3264 4210 3358 4263 ἅτε
3397 4211 3586 4264 λοιπὸν
3616 4213 3778 4278 αὐτὸς

2087 4293 2164 4346 ὢν
2191 4296 2220 4346 6
2260 4294 2585 4364 ὑϐρισμένος
2615 4312 2629 4357 ;
2663 4293 2834 4347 Τοῦτο
2862 4296 2957 4348 καὶ⁵
2983 4295 3078 4346 ἐπὶ
3105 4295 3198 4347 τοῦ
3229 4295 3360 4348 Θεοῦ
3392 4296 3608 4364 λογίζου
3642 4314 3657 4328 ο
3683 4303 3776 4352 καὶ

2087 4381 2197 4452 γὰρ
2236 4380 2397 4450 αὐτὸς
2435 4383 2641 4450 πέμπει
2697 4382 2833 4450 πρὸς
2874 4383 3023 4451 ἡμᾶς
3070 4384 3196 4444 τοὺς
3244 4383 3486 4452 πένητας
3512 4421 3528 4446 ,
3586 4385 3679 4437 καὶ
3701 4382 3772 4438 τὰ

2086 4467 2296 4521 ἐκείνου
2321 4468 2367 4498 ⁸⁸
2409 4467 2656 4536 δίδομεν,
2693 4468 2758 4520 ἂν
2788 4467 2897 4537 ἀρα
2919 4467 3230 4538 δῶμεν.“¹Αν
3280 4470 3337 4522 δέ
3378 4471 3515 4540 πρὸς
3563 4470 3641 4540 τῷ
3695 4473 3773 4546 μὴ

2086 4553 2270 4606 δοῦναι
2309 4553 2402 4606 καὶ
2451 4554 2808 4621 ὑϐρισθέντας
2858 4546 3252 4624 ἐκπέμψωμεν,
3296 4556 3552 4627 ἐννόησον
3587 4559 3770 4614 πόσων

2093 4641 2389 4712 σκηπτῶν,
2443 4641 2625 4693 πόσων
2674 4641 2955 4710 κεραυνῶν
3003 4640 3152 4705 ἀξιον
3199 4644 3434 4712 πρᾶγμα
3485 4643 3768 4716 ποιοῦμεν.

2089 4729 2253 4782 Ταῦτ’
2283 4724 2377 4781 οῦν
2407 4727 2623 4782 ἃπαντα
2657 4726 3031 4798 λογιζόμενοι,
3066 4730 3161 4782 καὶ
3199 4730 3300 4799 τὴν
3339 4731 3585 4797 γλῶτταν
3615 4732 3769 4802 χαλι-

2086 4815 2371 4887 νὼσωμεν,
2406 4818 2501 4869 καὶ
2529 4817 2630 4887 τὴν
2664 4818 3067 4888 ἀπανθρωπίαν
3101 4819 3147 4848 ⁸⁸
3173 4819 3514 4888 ἐκϐάλωμεν,
3548 4821 3642 4872 καὶ
3668 4822 3772 4892 τὴν

2083 4907 2242 4975 χεῖρα
2293 4904 2430 4973 πρὸς
2469 4903 2841 4974 ἐλεημοσύνην
2867 4905 3224 4974 ἐκτείνωμεν,
3273 4907 3367 4958 καὶ
3398 4907 3473 4977 μὴ
3522 4907 3769 4977 χρήμασι

2087 4993 2271 5061 μόνον,
2305 4990 2441 5044 ἀλλά
2469 4991 2563 5044 καὶ
2583 4991 2804 5060 ⁴βήμασι
2827 4990 2872 5023 ⁸⁸
2905 4992 3366 5063 παραμυθώμεθα
3409 4995 3536 5054 τοὺς
3580 4992 3770 5063 δεομέ-

2085 5097 2254 5142 νους·-
2286 5081 2372 5133 ἵνα
2403 5081 2501 5139 καὶ
2543 5080 2644 5150 τὴν
2688 5081 2796 5134 ἀπὸ
2837 5081 2939 5151 τῆς
2997 5081 3265 5153 λοιδορίας
3312 5083 3532 5135 κόλασιν
3592 5082 3766 5152 ἐκφύει

2086 5184 2272 5238 γωμεν
2289 5168 2356 5232 ⁸⁷,
2375 5169 2467 5221 καί
2486 5167 2584 5238 τὴν
2613 5169 2721 5222 ἀπὸ
2745 5168 2846 5238 τῆς
2868 5169 3117 5237 εὐλογίας
3146 5171 3241 5222 καὶ
3266 5170 3389 5239 ἐλεη
3399 5168 3635 5240 μοσύνης
3665 5171 3767 5240 βα-

2089 5259 2295 5312 σιλείαν
2322 5258 2846 5329 κληρονομήσωμεν,
2893 5258 3078 5328 χάριτι
3135 5260 3231 5311 καὶ
3260 5257 3641 5328 φιλανθρωπίᾳ
3671 5259 3767 5312 τοῦ

2087 5347 2291 5417 Κυρίου
2345 5345 2502 5416 ἡμῶν
2541 5345 2716 5415 Ἰησοῦ
2741 5346 2999 5418 Χριστοῦ,
3031 5340 3075 5413 ᾧ
3104 5349 3136 5416 ὴ
3177 5346 3305 5412 δόξα
3343 5347 3437 5399 καὶ
3468 5345 3530 5398 τὸ
3565 5346 3769 5417 κράτος

2098 5434 2175 5496 εἰς
2210 5435 2335 5496 τοὺς
2365 5432 2566 5496 αἰῶνας
2599 5433 2708 5486 τῶν
2744 5432 2977 5487 αἰώνων.
2998 5433 3190 5503 Ἀμήν.

1771 5601 1822 5680 η]
1849 5605 1906 5680 εἰ-

2098 5606 2212 5680 θ-τι]
2244 5607 2367 5680 add.
2386 5607 2550 5680 τδρ.
2673 5610 2944 5680 χρήσιμον
2972 5625 3083 5663 om.
3114 5609 3175 5664 F.
3253 5611 3296 5642 ⁸¹
3322 5610 3597 5680 ἐκκακῆτε
3624 5608 3763 5680 Edd.

1601 5671 1820 5750 Διατ-ἔ-ξῖ
1837 5675 1982 5750 ,εειόᾷ

2101 5677 2126 5750 έ
2158 5671 2345 5750 μοεΑ.
2472 5671 3125 5750 Επμοιῖἶεὶιρίεεεοιῖιιηι
3159 5680 3392 5750 Ιιιιρνρν.
3472 5671 3653 5750 ³⁸Ἀκαξ-
3675 5678 3768 5750 τόν

2390 5747 2434 5777 ³⁸
2460 5747 2594 5824 τοῖς]
2626 5749 2751 5824 αιιξιι.
2793 5747 2972 5824 καλῶς
2999 5749 3135 5824 ΕΜ.

3235 5750 3277 5782 ⁸⁷
3445 5748 3595 5827 μηδέη
3615 5747 3675 5800 Ε.
3703 5746 3764 5803 ιδ.

3267 5822 3359 5872 καὶ
3425 5823 3478 5872 ιὰ
3505 5834 3664 5870 τουτο
3698 5819 3762 5872 Λ.

2650 5818 2694 5848 ⁴⁰
2727 5819 2818 5872 καί
2848 5835 2960 5873 om.
2997 5821 3055 5872 Ε.
3091 5835 3143 5887 p.

3178 5836 3229 5889 p.
3267 5817 3478 5873 καῖ’διᾶ
3505 5817 3668 5889 τοῦτο
3698 5819 3762 5872 Λ.

306 5873 363 5931 Β.
393 5875 454 5928 D.
483 5873 551 5932 Εξ
577 5916 598 5935 ο
621 5876 665 5908 ⁸⁸
694 5878 788 5930 καὶ
827 5877 971 5930 ὀκτώ
1005 5877 1139 5932 Edd.
1217 5873 1558 5950 ⁸ί”ἐμαυτοῦ]
1589 5881 1714 5933 add.
1754 5883 1852 5950 μέν
1895 5883 1988 5934 ΙῦιΙι

306 5959 404 6009 μεν
427 5945 490 6001 Δ.
570 5947 615 5981 ⁵⁸
655 5947 1178 6009 παραμυθησώμεθα
1213 5948 1347 6004 Edd.
1425 5951 1470 5982 ⁸⁷
1506 5950 1764 6009 φύγωμεν
1795 5951 1856 6006 1).
1885 5952 1989 6007 διας

2107 5873 2395 6009 “hiem
2435 5886 2570 5940 Edd.
2649 5889 2693 5918 ιι
2724 5889 2958 5960 ἐκείνου]
3003 5873 3332 5942 αὐτοῦ-[ὕψι.
3409 5890 3454 5921 ιο
3489 5888 3765 5942 ἐκϐάλλως

2098 5971 2234 6009 ωηεν
2316 5996 2326 6007 .
2377 5972 2426 6009 n.
2471 5971 2522 6009 n.
2570 5958 2662 6009 καί
2695 5958 2794 6009 τῆς
2833 5957 3201 6009 ἐλεημοσύνη(
3235 5958 3369 6009 Edd.

303 5959 404 6014 μεν
427 5945 490 6001 Δ.
570 5947 615 5981 ⁵⁸
655 5947 1178 6016 παραμυθησώμεθα
1213 5945 1347 6004 ΕΜ.
1425 5951 1470 5982 ⁸⁷
1506 5945 1765 6020 φύγωμεν
1795 5951 1856 6006 1).
1885 5952 2234 6022 διαφύγωμεν

2377 5972 2426 6022 ῃ.
2471 5971 2522 6023 p.
2570 5958 2662 6012 καί
2695 5958 2794 6023 τῆς
2833 5957 3201 6031 ἐλεημοσύνης
3235 5958 3369 6014 Ειίιί.
