4076 6436
326 325 428 382 415

334 466 367 481 Ὅ

1228 341 1294 397 IN
1333 343 1715 404 nmmum
1756 347 1983 407 nonut.
2017 341 2259 413 mw.
2299 360 2369 415 al.
2414 361 2677 424 xxxvu.

1735 484 1984 500 Ἢ

3511 392 3613 450 614

2067 490 3608 545 —..______________,______

1350 546 1676 611 HOMILIA
1733 551 2035 619 XXXVI.
2083 562 2171 623 al.
2217 564 2555 632 XXXVII.-

318 674 447 730 CAP.
479 678 571 733 ll.
608 694 665 734 v.
696 680 749 736 l.
783 680 851 735 Et
874 682 1066 751 factum
1094 692 1185 749 est,
1216 702 1332 739 cum
1360 700 1730 744 consummasset
1756 690 1909 745 Iesus
2013 708 2182 765 certe,
2211 704 2301 771 qui
2351 707 2722 778 propheticum
2771 730 2991 787 semper

3030 721 3255 783 fundere
3292 733 3611 804 sanguinem

2230 769 2242 771 “
2351 769 2370 775 “
2453 769 2467 778 '
2811 769 2909 787 ""I
2935 769 2979 774 "
3030 769 3255 783 """“'“"V
3292 769 3387 786 "II
3430 769 3611 795 ιιηιςιιι

388 769 697 838 pracipim
725 771 989 825 duodecim
1016 773 1282 843 discipulis
1307 778 1411 831 suis
1430 818 1447 845 ,
1472 780 1658 834 transiit
1678 781 1788 835 inde
1810 822 1824 847 ,
1847 791 1904 834 ut
2009 790 2390 862 meditabatur,
2416 808 2617 856 tantam
2647 805 2811 862 animi
2854 812 3104 869 virtutem
3148 769 3613 893 denuntiat-asset;

388 858 594 893 (lan
618 870 666 893 Δ
694 862 989 893 "allia-nu.)
1018 864 1070 893 1..-
1099 866 1377 893 -ἇ..ἶι..ιὲ1...-
1413 885 1562 893 --ψη
2008 891 2019 893 μ
2265 884 2287 893 ι»
2317 886 2327 893 .
2446 889 2497 893 ---

384 858 594 911 doceret
615 870 666 913 et
692 862 989 929 pradicant
1018 864 1070 917 in
1094 866 1377 922 civitatibus
1404 885 1585 923 eorum.

383 949 437 1000 l.
479 948 624 1011 Quia
654 951 797 1005 enim
830 952 950 1008 illos
977 954 1231 1021 miserat,
1263 970 1384 1011 sese
1414 959 1699 1028 subtraxit,
1728 962 1900 1016 locum

312 1038 448 1091 dans
489 1044 604 1094 Illis
632 1050 688 1095 ct
731 1030 941 1113 tempus
976 1052 1206 1100 lactendl
1246 1062 1367 1117 qua:
1414 1057 1521 1119 ipse
1559 1064 1899 1123 praceperat.

312 1124 499 1196 Neque
530 1130 680 1185 enim
713 1132 804 1186 illo
828 1146 1096 1203 prasente
1114 1145 1171 1191 et
1194 1152 1370 1208 aegros
1392 1151 1622 1205 curante.
1654 1144 1900 1198 voluisset

312 1218 585 1287 quispiam
624 1220 692 1276 ad
735 1223 857 1279 illos
906 1226 1185 1282 accedere.
1227 1228 1281 1282 2.
1329 1228 1455 1284 Cum
1491 1234 1703 1288 audisset
1738 1245 1899 1288 autem

308 1310 541 1367 Joannes
571 1314 627 1366 in
649 1329 852 1370 carcere
879 1333 1034 1387 opera
1060 1318 1269 1386 Christi,
1298 1324 1497 1379 mittetu
1520 1327 1643 1381 duos
1670 1344 1733 1381 ea;
1753 1328 1899 1382 disci-

308 1400 447 1465 pulis
477 1403 611 1471 suis,
634 1402 689 1459 5.
719 1405 1062 1478 interr-agant
1086 1425 1201 1464 eum
1229 1413 1403 1469 dicens
1433 1430 1454 1470 :
1482 1415 1559 1470 Tu
1591 1434 1642 1473 es
1666 1420 1752 1488 qui
1779 1435 1895 1473 aen-

309 1499 455 1545 turus
474 1510 555 1559 es,
584 1511 651 1549 an
679 1496 839 1557 alium
863 1503 1245 1569 exspectamus?
1267 1503 1438 1560 Lucas
1460 1507 1478 1576 (
1503 1505 1627 1579 Cap.
1656 1510 1710 1565 7.
1732 1525 1780 1563 υ.
1808 1509 1892 1565 18.

310 1582 413 1651 19)
477 1600 611 1640 vero
651 1587 785 1643 dicit
824 1589 971 1658 ipsos
1014 1590 1209 1647 Joanni
1252 1595 1401 1665 signa
1443 1598 1556 1667 ejus
1599 1602 1890 1665 nuntiasse,

264 1660 287 1677 ”
307 1675 820 1743 tuncqueJoannem
846 1679 965 1735 illos
988 1682 1219 1739 misisse.
1249 1660 1443 1742 verum
1466 1660 1517 1743 id
1541 1706 1607 1745 ue
1628 1660 1893 1746 minimam

310 1764 532 1832 quidem
563 1768 703 1836 parit
726 1767 1127 1839 difﬁcultatem,
1159 1773 1253 1828 sed
1300 1774 1401 1832 hoc
1439 1780 1608 1834 solum
1650 1781 1893 1836 «inside-

303 1854 535 1909 randum
565 1858 743 1922 tradit,
778 1875 972 1930 nempe
1000 1863 1146 1933 ipsos
1179 1864 1374 1923 invidia
1404 1879 1591 1925 contra
1621 1872 1768 1925 illum
1795 1863 1891 1926 lla-

301 1959 511 2014 grasse.
532 1949 683 2013 Quod
704 1953 1131 2021 sequiturautent
1148 1972 1487 2029 summopere
1502 1964 1890 2033 inquirendum.

301 2033 568 2101 Quidnam
600 2039 729 2093 illud
756 2042 877 2123 est}
922 2041 1034 2098 Hoc
1075 2044 1298 2113 dictum,
1328 2047 1404 2103 Tu
1445 2067 1499 2106 es
1533 2054 1621 2121 qui
1658 2063 1892 2111 venturus

299 2140 373 2190 es,
397 2141 467 2180 an
496 2130 656 2182 alium
692 2138 1084 2201 exspectamus?
1127 2137 1261 2193 Nam
1306 2143 1395 2211 qui
1442 2145 1524 2199 vel
1575 2156 1701 2202 ante
1744 2150 1889 2219 signa

299 2214 451 2270 illum
482 2229 732 2287 noverat,
777 2224 867 2292 qui
905 2238 937 2278 a
970 2224 1173 2295 Spiritu
1206 2230 1481 2298 didicerat,
1533 2239 1624 2306 qui
1664 2253 1693 2292 a
1738 2214 1890 2311 Patre

297 2306 562 2373 audierat,
614 2312 704 2380 qui
759 2327 941 2368 coram
990 2317 1239 2374 omnibus
1272 2322 1419 2385 illum.
1461 2308 1884 2396 prtedicaverat:

297 2410 441 2451 nunc
484 2398 646 2453 mittit
685 2400 753 2455 ad
785 2402 933 2457 illum
984 2416 1039 2459 ut
1065 2407 1236 2463 discat
1282 2412 1323 2464 si
1374 2413 1488 2483 ipse
1520 2418 1625 2481 sit,
1676 2423 1887 2474 necne?

293 2486 453 2556 Atqui
480 2489 526 2543 si
542 2491 689 2545 clare
734 2509 841 2547 non
870 2498 1012 2551 nosti
1061 2502 1309 2556 eumdem
1346 2504 1517 2574 ipsum
1562 2524 1684 2565 esse
1708 2552 1722 2576 ,
1754 2528 1889 2581 quo-

293 2578 459 2631 modo
486 2580 719 2648 teipsum
749 2584 854 2639 llde
894 2586 1114 2657 dignum
1145 2603 1302 2661 putas
1322 2636 1336 2661 ,
1365 2598 1454 2666 qui
1489 2599 1557 2654 de
1601 2578 1883 2659 rebus—tibi

291 2667 488 2735 ignotis
536 2672 648 2729 fers
675 2679 1041 2734 sententiam?
1079 2681 1212 2737 Nam
1244 2688 1332 2755 qui
1375 2690 1494 2743 aliis
1544 2695 1879 2761 testiﬁcatur,

290 2750 438 2828 prior
457 2763 574 2832 ipse
599 2766 767 2821 debet
800 2769 904 2825 lide
928 2773 1120 2841 dignus
1149 2750 1291 2830 esse.
1330 2774 1518 2837 Nonne
1549 2793 1602 2837 tu
1630 2750 1881 2853 dicebas,

289 2848 414 2905 Non
452 2871 567 2907 sum
612 2856 799 2926 dignus
837 2861 1029 2917 solvere
1076 2867 1345 2938 corrigiam
1397 2873 1724 2928 calceamenti
1772 2879 1884 2947 ejus

288 2940 307 3009 (
337 2940 463 2996 Lac.
497 2945 550 2999 5.
585 2947 651 3000 16
682 2949 741 3015 )?
768 2948 954 3005 Nonne
978 2952 1216 3023 dicebas,
1250 2957 1369 3014 Non
1409 2979 1647 3017 noveram
1690 2940 1881 3034 ipsum,

286 3032 376 3085 sed
398 3034 485 3101 qui
514 3036 651 3089 misit
708 3055 789 3091 me
830 3041 1086 3109 baptizare
1128 3046 1182 3098 in
1220 3065 1373 3116 aqua,
1415 3052 1503 3105 ille
1540 3055 1665 3107 mihi

284 3122 459 3193 Super
482 3143 632 3192 quem
660 3131 845 3184 videris
874 3134 1127 3203 Spiritum
1156 3140 1537 3197 descendentem
1554 3185 1570 3210 ,
1599 3157 1645 3199 et
1672 3164 1881 3202 manen-

284 3223 382 3268 tem
406 3232 562 3286 super
588 3235 723 3285 eum,
773 3221 863 3276 ille
887 3235 961 3277 est
992 3229 1083 3294 qui
1123 3228 1347 3298 baptizat
1384 3235 1437 3285 in
1480 3236 1680 3303 Spiritu
1706 3251 1882 3292 sancto

283 3303 492 3372 (Joan.
536 3309 588 3361 l.
622 3310 691 3364 55
719 3310 783 3380 )ἳ
829 3318 1024 3369 Annon
1067 3318 1243 3373 vidisti
1287 3320 1543 3391 Spiritum
1602 3327 1655 3380 in
1704 3332 1882 3399 specie

281 3396 798 3454 columbazlAnnon
827 3403 1021 3459 audisti
1067 3410 1296 3463 vocem?
1321 3412 1511 3471 Nonne
1542 3426 1596 3471 tu
1625 3396 1881 3487 prohibe-

271 3485 379 3541 ‘has
408 3488 557 3543 illum
584 3490 791 3557 dicens,
820 3492 930 3566 Ego
957 3514 1087 3567 opus
1112 3501 1272 3557 habeo
1297 3521 1330 3558 a
1369 3516 1416 3561 te
1442 3485 1691 3577 baptizari
1710 3554 1723 3575 ,
1754 3524 1800 3567 et
1827 3529 1880 3568 tu

281 3583 418 3637 vertis
442 3584 511 3636 ad
534 3601 613 3639 me
645 3585 859 3657 (Matth.
878 3589 933 3644 5.
968 3594 1100 3664 M}?
1125 3594 1317 3652 Nonne
1343 3598 1619 3670 discipulis
1639 3605 1877 3671 dicebas,

282 3672 444 3728 Illum
472 3687 670 3742 oportet
694 3694 935 3748 crescere,
963 3700 1041 3737 me
1060 3696 1228 3739 autem
1258 3689 1419 3743 minui
1446 3690 1637 3762 (Joan.
1663 3695 1714 3749 5.
1747 3696 1879 3766 30)?

280 3763 471 3821 Nonne
491 3770 744 3838 populum
775 3786 987 3828 omnem
1015 3774 1268 3846 docebas,
1300 3780 1473 3849 ipsum
1494 3763 1877 3853 baptizaturum

280 3856 403 3910 illos
430 3871 552 3913 esse
593 3859 647 3913 in
690 3859 895 3930 Spiritu
947 3874 1135 3920 sancto
1170 3876 1225 3922 et
1269 3870 1393 3939 igne
1421 3870 1575 3941 (Luc.
1598 3876 1651 3930 5.
1678 3878 1793 3946 16),
1825 3888 1877 3933 et

282 3944 457 4015 ipsum
500 3964 622 4004 esse
668 3966 866 4021 agnum
910 3954 1004 4011 Dei
1048 3958 1138 4027 qui
1181 3960 1321 4015 tollit
1368 3976 1645 4033 peccatum
1693 3944 1877 4026 mundi

282 4037 465 4106 (Joan.
495 4040 701 4111 1.29)?
728 4042 918 4099 Nonne
954 4059 1078 4101 ante
1113 4048 1230 4104 haec
1255 4055 1435 4107 omnia
1458 4057 1607 4125 signa
1638 4069 1693 4112 et
1716 4062 1880 4114 mira-

279 4128 398 4181 cula
445 4128 594 4185 illum
645 4133 990 4202 prmdiCasti?
1040 4138 1321 4205 Quomodo
1367 4158 1496 4213 ergo
1537 4163 1710 4215 nunc,
1754 4166 1877 4206 cum

280 4228 441 4274 notus
480 4231 563 4277 est
610 4225 882 4290 omnibus,
913 4228 1138 4298 ejusque
1178 4232 1319 4288 fama
1374 4238 1611 4307 undique
1653 4244 1874 4311 volavit,

279 4318 561 4379 postquam
594 4316 791 4369 mortui
820 4332 1203 4389 surrexerunt,
1232 4325 1506 4384 daemones
1530 4331 1690 4402 fugati
1712 4346 1837 4389 sunt
1858 4378 1872 4400 ,

277 4411 334 4457 et
366 4411 511 4471 tanta
536 4405 810 4475 signorum
840 4410 918 4464 vis
943 4412 1163 4482 ell'ulsit,
1187 4418 1354 4474 mittis
1384 4430 1441 4475 ut
1472 4422 1520 4477 id
1550 4424 1732 4480 abillo
1759 4427 1878 4481 edi—

278 4494 438 4548 scas?
467 4494 605 4563 Quid
641 4513 803 4567 porro
830 4500 1027 4558 factum
1052 4508 1179 4561 est?
1210 4524 1337 4564 num
1370 4513 1551 4577 omnia
1599 4517 1761 4570 verba
1787 4518 1876 4573 illa

279 4583 427 4641 lrans
456 4598 631 4654 erant,
656 4604 815 4646 scena
852 4603 907 4649 et
944 4594 1161 4651 fabula?
1184 4599 1253 4653 Et
1281 4602 1402 4671 quis
1432 4607 1627 4660 mentis
1654 4623 1877 4680 compos

280 4667 396 4731 haec
427 4677 668 4736 diceret?
697 4698 804 4738 non
850 4685 971 4740 dico
995 4689 1064 4743 de
1110 4667 1351 4760 Joanne,
1392 4697 1481 4765 qui
1524 4699 1576 4752 in
1604 4711 1757 4755 utero
1781 4667 1877 4757 ex-

277 4768 492 4822 sultavit
515 4770 666 4841 (Luc.
687 4775 739 4828 1.
767 4776 879 4846 tl),
916 4780 1003 4848 qui
1033 4782 1387 4853 antepartum
1416 4788 1589 4857 ipsum
1620 4795 1877 4861 pradica-

277 4857 355 4912 vit
374 4899 391 4921 .
417 4859 614 4917 deserti
660 4866 855 4935 incola,
883 4870 975 4938 qui
1019 4875 1317 4943 angelicam
1364 4879 1517 4936 duxit
1544 4857 1704 4939 vitam
1730 4903 1747 4953 ;
1778 4889 1875 4944 sed

276 4950 487 5006 etiamsi
508 4954 629 5021 quis
657 4968 801 5014 esset
816 4976 888 5015 ex
914 4963 1183 5022 vilissimis
1212 4974 1452 5027 omnium
1475 5016 1490 5039 ,
1532 4988 1653 5045 post
1695 4989 1771 5035 tot
1798 4991 1878 5037 te-

276 5043 552 5111 atltnonia,
590 5056 645 5101 et
673 5063 767 5103 sua
796 5063 850 5106 et
896 5055 1123 5112 aliorum
1150 5101 1166 5127 ,
1210 5078 1543 5136 nequaquam
1585 5070 1869 5129 dubitaret.

280 5132 434 5191 Unde
456 5138 629 5205 palam
656 5150 738 5195 est
765 5157 887 5198 eum
920 5162 1026 5201 non
1054 5132 1634 5216 dubitantem—misisse
1652 5204 1669 5227 ,
1700 5179 1876 5234 neque

276 5228 612 5295 ignorantem
640 5233 1017 5305 interrogasse.
1052 5240 1235 5312 Neque
1258 5262 1387 5302 vero
1404 5252 1665 5321 quispiam
1693 5254 1875 5312 dicere

274 5316 483 5387 possit,
516 5319 688 5389 ipsum
721 5323 773 5378 id
804 5326 949 5383 clare
976 5334 1295 5399 cognovisse
1319 5376 1337 5403 ,
1383 5316 1477 5395 sed
1503 5316 1572 5397 ob
1597 5358 1873 5402 carcerem

276 5409 601 5467 timidiorem
628 5417 865 5473 evasisse
894 5438 909 5476 ;
945 5435 1117 5493 neque
1136 5426 1278 5481 enim
1302 5442 1361 5483 se
1383 5444 1449 5485 ex
1478 5447 1694 5491 carcere
1734 5439 1873 5493 libe-

272 5503 501 5558 randum
528 5510 891 5578 exapectabat,
925 5530 1099 5585 neque
1127 5518 1171 5573 si
1200 5532 1585 5595 exspectasset,
1610 5532 1872 5598 prodidis-

273 5602 356 5648 set
377 5595 683 5663 veritatem,
707 5602 797 5668 qui
827 5603 894 5658 ad
935 5618 1137 5662 mortes
1169 5611 1424 5679 plurimas
1475 5595 1693 5687 paratus
1733 5633 1867 5677 erat.

278 5683 390 5740 Nisi
423 5686 567 5743 enim
606 5687 673 5743 ad
727 5705 913 5748 necem
946 5706 1162 5765 paratus
1213 5699 1421 5771 luisset,
1463 5683 1586 5767 ante
1617 5714 1869 5783 populum

2008 891 2114 931 non
2145 884 2418 941 crudelem
2443 889 2592 945 illum
2624 904 2910 963 tyrannum
2936 916 3059 956 cum
3100 914 3243 963 tanta
3274 914 3524 972 libertate
3556 884 3612 975 in

2005 968 2181 1024 media
2211 972 2343 1028 urbe
2363 985 2420 1031 et
2468 978 2589 1034 l'oro
2644 986 3040 1060 redarguisset,
3086 983 3208 1051 cum
3257 968 3600 1064 audientibus

2002 1064 2254 1117 omnibus
2297 1066 2448 1124 illum
2496 1075 2647 1141 quasi
2689 1083 2971 1146 puerulum
3019 1082 3362 1158 increparet.
3389 1096 3451 1152 Si
3476 1114 3610 1155 vero

2006 1151 2242 1211 timidior
2290 1158 2515 1218 effectus
2554 1178 2673 1221 erat
2696 1209 2711 1234 ,
2743 1185 2840 1226 cur
2879 1151 3184 1247 discipulos
3221 1197 3350 1240 suos
3392 1191 3608 1249 mittere

2005 1258 2110 1297 non
2141 1247 2375 1316 erubuit,
2403 1252 2458 1308 in
2483 1270 2708 1325 quorum
2734 1261 3024 1330 praesentia
3056 1278 3135 1325 tot
3164 1280 3422 1346 tantaque
3451 1247 3608 1338 testi;

2002 1332 2195 1391 licatus
2217 1350 2360 1408 erat,
2410 1345 2507 1399 sed
2533 1360 2631 1416 per
2658 1350 2780 1407 illos
2830 1354 3128 1430 interrogat
3172 1378 3293 1419 cum
3335 1332 3606 1437 per—alios

2002 1431 2321 1495 oporteret?
2346 1431 2681 1508 Quamquam
2730 1442 2878 1500 clare
2925 1462 3151 1506 noverat
3172 1495 3188 1520 ,
3222 1431 3369 1525 ipsos
3408 1462 3603 1521 invidia

2003 1517 2055 1570 in
2084 1517 2359 1577 Christum
2400 1540 2523 1583 esse
2573 1542 2866 1601 permotos,
2914 1546 2971 1593 et
2997 1517 3310 1602 occasiones
3360 1561 3601 1620 captare.

1999 1608 2284 1675 Quomodo
2312 1631 2418 1671 non
2444 1619 2515 1675 ob
2558 1621 2834 1681 Judaicam
2875 1630 3088 1700 plebem
3134 1639 3337 1705 pudore
3376 1608 3603 1703 alii-ctus

1998 1698 2210 1770 luisset,
2239 1709 2331 1776 qui
2372 1718 2518 1766 tanta
2565 1698 2991 1785 pra-dicaverat?
3016 1698 3154 1794 Quid
3193 1745 3323 1786 vero
3346 1698 3623 1812 hinc

1997 1791 2308 1851 adminiculi
2354 1798 2590 1858 futurum
2628 1817 2749 1863 erat
2794 1820 2852 1865 ut
2888 1827 2921 1867 a
2968 1791 3193 1872 vinculis
3242 1791 3603 1883 liberareturr?

1996 1883 2183 1954 Neque
2209 1890 2352 1942 enim
2382 1904 2603 1963 propter
2626 1895 2899 1957 Christum
2943 1905 3034 1959 illo
3076 1910 3354 1979 conjectus
3383 1915 3550 1972 fuerat
3578 1960 3595 1985 ,

1997 1989 2174 2044 neque
2219 1980 2359 2045 quod
2385 1981 2504 2052 ejus
2526 1986 2775 2043 virtutem
2820 1993 3198 2064 prmdicasset,
3230 2003 3324 2055 sed
3366 2007 3509 2073 quod
3530 1980 3600 2064 de

1996 2065 2181 2136 iniquo
2209 2072 2461 2143 eonjugio
2494 2077 2875 2149 redarguisset.
2926 2087 3121 2143 Annon
3162 2065 3419 2149 iusensaii
3461 2114 3597 2166 puc-

1995 2158 2214 2221 ruli,vel
2248 2166 2479 2219 amentis
2505 2168 2801 2239 eujuspiam
2836 2174 3067 2232 hominis
3107 2181 3207 2235 sibi
3238 2182 3432 2240 famam
3461 2158 3598 2243 con-

1992 2248 2268 2304 ciliasset?
2296 2252 2435 2318 Quid
2460 2270 2590 2327 ergo
2606 2258 2693 2314 hic
2715 2263 2930 2331 agitur?
2954 2265 3109 2333 Quod
3125 2272 3267 2325 enim
3287 2273 3594 2344 hujusmodi

1992 2336 2252 2395 dubitatio
2280 2358 2385 2398 non
2426 2346 2495 2400 sit
2534 2347 2792 2415 Joannis,
2831 2354 2940 2408 imo
2967 2372 3035 2411 ne
3073 2360 3309 2429 cujusvis
3357 2336 3597 2426 hominis

1991 2430 2151 2483 etiam
2171 2433 2362 2499 insani,
2390 2452 2460 2491 ex
2492 2439 2650 2495 dictis
2669 2436 2780 2511 jam
2804 2445 2987 2516 liquet.
3010 2448 3129 2504 Jam
3162 2465 3330 2508 restat
3356 2466 3417 2511 ut
3443 2462 3595 2517 solu-

1993 2522 2193 2577 tionem
2218 2525 2525 2585 all'eramus.
2556 2531 2665 2587 Cur
2684 2550 2814 2605 ergo
2840 2539 3225 2611 interrogatum
3240 2548 3384 2603 misit
3411 2549 3435 2602 Τ
3461 2551 3594 2608 Jesu

1990 2610 2206 2667 Christo
2236 2616 2659 2677 adversabantur
2688 2610 3194 2696 discipuliJOannis.
3225 2636 3384 2705 idque
3410 2640 3591 2695 omni-

1990 2700 2091 2756 bus
2122 2705 2336 2772 planum
2364 2720 2465 2775 est,
2492 2726 2557 2766 ac
2582 2724 2765 2767 contra
2797 2718 2944 2773 illum
2976 2720 3171 2776 invidia
3198 2740 3414 2796 semper
3439 2745 3594 2785 com-

1990 2795 2119 2846 moti
2148 2806 2323 2861 eraut,
2359 2801 2500 2868 quod
2532 2805 2870 2861 manifestum
2893 2819 2978 2863 est
3004 2828 3070 2866 ex
3104 2814 3169 2867 iis
3187 2795 3590 2889 quietuagistro

1989 2896 2088 2935 Suo
2116 2884 2363 2941 dicebant
2392 2908 2405 2943 :
2438 2908 2650 2962 nempe.
2673 2898 2773 2961 Qui
2799 2908 2958 2961 tecum
2983 2913 3092 2954 erat
3114 2913 3257 2959 trans
3280 2905 3589 2978 Iordanem,

1988 2975 2072 3026 cui
2098 2985 2151 3028 tu
2174 2980 2470 3046 testificatus
2493 3000 2566 3049 es,
2598 3002 2711 3040 ecce
2734 2988 2816 3041 hic
2837 2990 3083 3060 baptisat,
3118 3007 3163 3049 et
3191 3015 3364 3053 omnes
3384 3004 3593 3059 veniunt

1986 3066 2054 3117 ad
2080 3066 2227 3121 illum
2256 3070 2433 3139 (Joan.
2466 3075 2518 3127 5.
2548 3075 2659 3145 26).
2691 3081 2768 3131 Ac.
2794 3097 3004 3135 rursum
3030 3090 3254 3153 quaestio
3285 3091 3419 3144 facta
3452 3104 3535 3148 est
3562 3112 3592 3151 a

1985 3152 2187 3210 Judzeis
2208 3169 2261 3211 et
2292 3176 2393 3213 una
2437 3178 2466 3215 a
2506 3163 2727 3221 Joannis
2752 3152 3219 3240 discipulisicirca
3264 3182 3593 3247 puriﬁcatio-

1988 3260 2133 3312 nem,
2152 3244 2324 3318 ‘atque
2351 3254 2416 3305 ad
2442 3254 2585 3307 illum
2612 3272 2796 3311 rursus
2826 3264 3142 3319 accedentes
3163 3244 3413 3327 dicebant
3441 3293 3454 3328 :
3489 3276 3595 3332 Cur

1988 3352 2080 3388 nos
2109 3348 2154 3390 et
2182 3338 2436 3395 Pharisa'i
2458 3346 2757 3414 jejunamtss
2804 3353 3123 3425 frequenter,
3151 3360 3395 3431 discipuli
3422 3378 3592 3423 autem

1987 3430 2060 3478 tui
2087 3444 2188 3483 non
2211 3432 2448 3501 jejuuaut
2484 3435 2698 3505 (Matth.
2730 3440 2783 3495 9.
2812 3443 2943 3513 ΜΗ

2058 3518 2110 3570 2.
2154 3520 2401 3576 Nondum
2434 3527 2576 3580 enim
2601 3529 2861 3597 sciebant,
2893 3535 3012 3603 quis
3039 3548 3185 3593 esset
3204 3540 3467 3610 Christus,
3495 3549 3594 3603 sed

1984 3609 2167 3663 Jcsum
2195 3629 2401 3667 merum
2439 3616 2712 3673 hominem
2744 3624 3085 3692 suspicantes
3132 3645 3251 3685 esse
3275 3672 3290 3697 ,
3324 3634 3587 3693 Joannem

1986 3714 2113 3755 vero
2142 3703 2259 3769 plus
2281 3720 2441 3773 quam
2472 3707 2743 3764 hominem
2768 3753 2783 3777 ,
2831 3729 2974 3783 a-gre
3022 3715 3267 3774 ferebant
3314 3727 3586 3783 celebrem

1987 3790 2136 3843 illum
2169 3792 2413 3848 videntes
2465 3812 2605 3862 esse,
2636 3800 2898 3857 Joannem
2932 3821 3059 3860 vero
3085 3811 3275 3878 minui,
3309 3816 3446 3871 sicut
3474 3820 3589 3888 ipse

1986 3879 2327 3945 praedixerat.
2358 3884 2426 3937 Et
2450 3886 2553 3940 hoc
2580 3889 2905 3956 impedit-bat
2927 3899 3215 3963 quominus
3243 3879 3587 3978 accederent,

1984 3970 2181 4025 invidia
2208 3973 2412 4029 aditum
2439 3978 2746 4035 dirimente.
2791 3983 2970 4041 Donec
2996 3999 3177 4045 autem
3202 3993 3438 4053 Joannes
3464 4016 3587 4058 cum

1985 4060 2089 4114 illis
2140 4072 2294 4129 erat,
2347 4065 2661 4122 hortabatur
2709 4070 2829 4125 illos
2874 4076 3181 4146 frequenter
3221 4096 3276 4137 et
3323 4089 3587 4160 docebat,

1985 4166 2159 4220 neque
2190 4154 2241 4207 id
2274 4156 2380 4208 illis
2403 4158 2729 4225 persuadere
2755 4173 2966 4231 poterat
2999 4186 3014 4221 :
3045 4184 3165 4223 cum
3201 4189 3328 4228 vero
3361 4185 3587 4240 moritu-

1988 4256 2080 4295 rus
2101 4253 2267 4309 esset,
2297 4248 2469 4315 majus
2526 4249 2595 4303 ad
2636 4250 2768 4305 illud
2796 4255 3016 4311 adhibet
3044 4262 3281 4318 studium
3316 4283 3330 4319 :
3364 4270 3591 4332 timebat

1985 4334 2129 4386 enim
2152 4339 2391 4408 ne‘pravi
2423 4338 2690 4406 dogmatis
2715 4350 3051 4402 occasionem
3092 4353 3419 4425 relinqueret
3439 4402 3455 4426 ,
3480 4363 3587 4420 illi-

1985 4439 2089 4492 que
2116 4438 2397 4484 manerent
2423 4444 2453 4481 a
2478 4428 2697 4486 Christo
2726 4434 2997 4502 disjuncti.
3028 4439 3083 4494 ld
3127 4442 3215 4498 ille
3259 4450 3502 4518 curabat,
3534 4464 3589 4510 et

1985 4515 2137 4570 initio
2166 4518 2267 4585 ipsi
2289 4534 2417 4573 suos
2445 4536 2634 4576 omnes
2658 4525 2973 4583 adducebat.
3004 4530 3137 4587 Cum
3164 4544 3342 4592 autem
3372 4540 3451 4597 illi
3478 4515 3586 4598 non

1985 4607 2447 4677 obtemperarent,
2478 4614 2774 4670 moriturus
2795 4618 3013 4675 demum
3061 4627 3251 4693 majori
3295 4640 3378 4684 est
3404 4635 3584 4693 studio

1985 4698 2273 4753 usus.Nam
2302 4701 2348 4755 si
2371 4702 2614 4769 dixisset,
2642 4705 2793 4760 Illum
2819 4711 2987 4777 adite,
3006 4716 3096 4782 qui
3124 4718 3315 4773 melior
3341 4737 3427 4777 me
3458 4735 3542 4779 est
3566 4741 3581 4781 :

1984 4804 2090 4842 non
2122 4792 2626 4862 obtemperassent,
2677 4799 2819 4868 quod
2874 4804 2951 4856 sic
3002 4805 3075 4858 illi
3123 4819 3305 4863 essent
3342 4811 3584 4873 addicti:

1985 4890 2264 4950 putassent
2290 4884 2434 4939 enim
2487 4887 2636 4942 illum
2688 4904 2787 4960 per
2826 4893 3150 4951 modestiam
3189 4899 3260 4953 ita
3304 4902 3488 4972 loqui.
3532 4919 3589 4963 et

1986 4976 2155 5043 magis
2182 4975 2255 5029 illi
2280 4976 2565 5033 haesissent
2594 4996 2609 5031 :
2642 4980 2687 5033 si
2724 4998 2849 5037 vero
2879 4987 3153 5053 tacuisset,
3188 5006 3273 5045 res
3300 4995 3493 5054 eodem
3533 4999 3587 5059 in

1982 5076 2124 5121 statu
2144 5083 2393 5123 mansura
2425 5079 2559 5125 erat.
2581 5069 2719 5138 Quid
2750 5074 3079 5144 igiturl'acit?
3098 5080 3387 5151 Exsyectat
3412 5088 3588 5145 donec

1980 5158 2051 5211 ab
2081 5158 2185 5213 illis
2228 5160 2399 5213 audiat
2462 5162 2638 5230 ipsum
2695 5166 2948 5220 miracula
2998 5169 3191 5236 edere;
3243 5191 3417 5246 neque
3460 5191 3587 5238 Iuno

1984 5249 2104 5303 illos
2134 5250 2406 5314 hortatur.
2439 5268 2618 5323 neque
2647 5269 2839 5310 omnes
2892 5258 3073 5324 mittit,
3117 5264 3212 5317 sed
3262 5264 3401 5323 duos
3447 5287 3587 5342 quos

1983 5340 2119 5395 forte
2139 5342 2392 5398 credebat
2418 5359 2538 5399 esse
2568 5345 2633 5399 ad
2658 5348 2985 5403 credendum
3016 5357 3393 5425 promptiores,
3418 5340 3479 5416 ut
3506 5364 3590 5419 in-

1984 5438 2274 5506 terrogatio
2319 5439 2445 5491 nulli
2500 5447 2643 5493 esset
2687 5441 2977 5510 suspicioni
3025 5444 3276 5515 obnoxia,
3317 5460 3480 5523 atque
3518 5472 3587 5513 ex

1984 5527 2112 5595 ipsis
2135 5529 2295 5583 rebus
2322 5530 2643 5597 ediscerent,
2678 5544 2933 5601 quantum
2955 5534 3238 5591 interesset
3256 5540 3583 5601 discriminis

1981 5618 2166 5674 Jesum
2209 5621 2347 5675 inter
2389 5631 2442 5675 et
2489 5621 2750 5677 Joatmcm
2782 5640 2795 5676 :
2824 5624 3005 5696 aitque
3042 5644 3057 5680 :
3098 5629 3256 5686 Abite
3296 5643 3352 5688 et
3384 5635 3581 5691 dicite:

1984 5715 2062 5771 Tu
2092 5734 2141 5771 es
2184 5716 2272 5784 qui
2308 5728 2546 5777 venturus
2579 5735 2628 5773 es
2648 5757 2663 5785 ,
2693 5735 2758 5775 an
2800 5720 2955 5775 alium
3002 5729 3401 5797 exspectamus?
3427 5726 3586 5787 Citri-
