4076 6492
493 513 609 562 stus
637 516 765 558 vero
781 497 1002 557 Joannis
1021 500 1250 550 mentem
1273 487 1576 556 intelligens
1592 521 1610 549 ,
1637 495 1743 536 non
1770 477 1934 541 dixit,
1959 474 2068 562 Ego

493 561 804 650 summam
856 587 910 642 id
958 584 1230 640 auditores
1273 575 1604 636 oﬂ'endisset,
1654 579 1972 638 quamquam
2017 561 2067 616 id

493 685 886 750 consequenter
913 674 1016 730 dici
1037 676 1241 742 poterat
1263 683 1280 732 ;
1306 665 1399 721 sed
1419 663 1470 718 id
1505 676 1570 717 ex
1597 659 1725 750 ipsis
1765 657 1924 750 rebus

496 784 650 826 scere
670 743 816 824 sinit.
845 764 1041 820 Dicitur
1058 758 1201 813 enim
1230 755 1322 820 ihi,
1362 755 1532 824 ipsum
1552 746 1934 804 accedentibus
1958 743 2062 797 illis

501 857 699 912 multos
723 864 954 910 errasse.
1000 850 1070 903 At
1111 845 1255 901 enim
1293 857 1410 909 qua:
1435 838 1622 892 fuisset
1663 832 2066 902 consequentia,

501 949 881 1014 interrogatum
899 954 1026 995 num
1050 938 1165 1007 ipse
1187 941 1343 997 esset,
1365 929 1493 985 nihil
1514 927 1582 982 ad
1597 927 1699 982 hoc
1722 921 2066 1014 respondere,

458 1097 465 1104 _
497 1037 592 1094 sed
621 1011 800 1090 statim
826 1043 999 1100 aegros
1025 1038 1242 1089 curare,
1279 1020 1382 1078 nisi
1419 1019 1521 1073 hcc
1558 1017 1734 1104 facere
1777 1011 2064 1104 voluisset,

495 1123 639 1195 quod
656 1121 806 1178 dixi?
825 1099 903 1175 si
929 1116 1087 1172 rebus
1113 1111 1266 1168 enim
1286 1109 1414 1178 ipsis
1446 1103 1807 1195 testimonium
1834 1099 2068 1156 credibi-

498 1193 624 1281 lius,
679 1214 956 1279 minusque
1006 1201 1292 1272 suspicioni
1342 1197 1626 1254 obnoxium
1670 1193 1886 1264 putabat
1924 1205 2065 1255 esse,

497 1320 654 1375 quam
674 1303 855 1357 verba.
884 1296 1016 1354 Cum
1041 1297 1202 1350 sciret
1222 1306 1368 1362 ergo,
1399 1296 1579 1356 utpote
1594 1288 1752 1350 Deus,
1772 1299 1871 1375 qua
1891 1289 2070 1375 mente

497 1371 620 1449 illos
647 1391 881 1446 misisset
904 1388 1156 1450 Joannes,
1184 1382 1363 1438 statim
1389 1377 1796 1441 sanavitcmcos,
1828 1371 2065 1436 claudos,

499 1485 741 1552 aliosque
772 1480 982 1542 multos,
1032 1489 1137 1529 non
1184 1479 1241 1526 ut
1281 1470 1428 1524 illum
1467 1467 1714 1528 docerel.
1758 1463 1897 1533 (cur
1923 1461 2066 1552 θηίφ

497 1549 771 1626 docuisset
797 1582 939 1630 eum,
967 1563 1056 1634 qui
1070 1562 1180 1632 jam
1205 1558 1456 1614 credebat
1495 1565 1549 1611 et
1590 1549 2062 1622 obtemperabat?)

497 1661 594 1717 sed
637 1667 695 1714 ut
738 1655 1023 1724 discipulos
1059 1653 1176 1719 ejus
1229 1649 1531 1704 dubitantes
1581 1645 1878 1699 institueret
1909 1658 1921 1694 :
1947 1640 2067 1695 ideo

498 1761 618 1822 post
659 1746 940 1804 multorum
969 1742 1294 1828 curationem
1333 1739 1407 1793 ait
1437 1737 1527 1792 ει.
1569 1735 1756 1788 Euam
1790 1730 2069 1828 renuntiate

495 1819 685 1894 Joanni
722 1851 836 1906 qua:
872 1834 1061 1887 auditis
1090 1840 1139 1885 et
1168 1819 1368 1884 vidicit.
1411 1827 1465 1881 δ.
1501 1823 1630 1878 0(τοὶ
1666 1822 1849 1885 vident,
1897 1819 2070 1873 claudi

497 1926 776 1989 ambulant,
823 1924 1009 1991 leproei
1047 1920 1371 1978 mundantur,
1412 1913 1552 1968 surdi
1600 1910 1830 1977 audiunt,
1885 1909 2068 1961 mortui

498 2018 800 2071 suscitantur
817 2055 834 2080 ,
865 2028 1108 2082 pauperes
1128 2008 1530 2077 euangelizantur
1555 2021 1573 2058 :
1597 2012 1652 2060 et
1681 2002 1858 2071 adjicit
1887 2017 1900 2054 :
1924 1999 1975 2054 6.
2000 1997 2067 2053 Et

497 2110 672 2162 beatus
695 2108 781 2176 qui
803 2122 902 2159 non
922 2103 1073 2172 fuerit
1093 2099 1461 2155 scandalizatus
1484 2096 1537 2149 in
1567 2111 1644 2148 me
1666 2109 1684 2148 :
1704 2092 1990 2147 ostendens
2009 2104 2067 2144 se

498 2199 675 2252 cordis
702 2210 884 2250 eorum
923 2197 1124 2247 secreta
1160 2201 1334 2243 nosse.
1371 2185 1426 2239 Si
1465 2185 1608 2240 enim
1652 2183 1910 2244 dixisset,
1956 2180 2066 2248 Ego

498 2301 635 2348 sum,
653 2284 704 2338 id
730 2282 868 2346 illos,
899 2288 958 2334 ut
977 2278 1085 2348 jam
1101 2277 1230 2342 dixi,
1247 2273 1574 2336 offendisset,
1617 2270 2063 2338 cogitassentque,

497 2378 598 2431 etsi
624 2391 728 2431 non
757 2374 1045 2434 dixissent,
1077 2370 1126 2424 id
1153 2367 1293 2437 quod
1338 2364 1505 2419 Judmi
1552 2363 1623 2416 illi
1671 2361 1917 2414 dicebant
1944 2377 1958 2414 :
1989 2357 2064 2411 Tu

497 2468 561 2520 de
589 2478 634 2520 te
662 2467 772 2534 ipso
799 2462 1132 2516 testimonium
1167 2461 1257 2510 das
1284 2446 1303 2524 ζ
1329 2454 1484 2508 Joan.
1511 2453 1564 2508 8.
1595 2452 1665 2504 15
1688 2449 1730 2520 ).
1764 2450 1986 2516 Ideoque
2014 2449 2064 2534 id

500 2555 589 2610 ille
619 2531 720 2607 non
751 2552 914 2615 dicit,
944 2548 1038 2604 sed
1083 2563 1151 2601 ex
1191 2543 1458 2598 miraculis
1493 2548 1642 2595 curat
1680 2547 1735 2591 ut
1779 2537 1852 2591 illi
1889 2531 2063 2591 omnia

499 2645 756 2707 ediscant,
803 2638 1098 2695 doctrinam
1144 2633 1355 2688 tradens
1410 2639 1466 2686 et
1515 2629 1793 2683 clariorem
1831 2634 1886 2680 et
1936 2625 2063 2678 nulli

496 2733 786 2804 suspicioni
829 2728 1132 2786 obnoxiam.
1164 2724 1363 2780 Idcirco
1401 2723 1539 2777 clam
1579 2720 1699 2774 illos
1737 2718 2062 2787 redargucns

498 2827 626 2881 illud
676 2823 884 2891 adjecit.
933 2821 1063 2887 Quia
1111 2821 1255 2872 enim
1294 2815 1346 2867 in
1389 2814 1506 2880 ipso
1548 2808 2059 2867 scandalizabantnr,

496 2916 704 2972 illorum
731 2911 970 2966 morbum
1000 2908 1219 2972 detexit,
1247 2911 1303 2960 et
1337 2902 1464 2957 illud
1490 2899 1825 2956 conscientiae
1859 2899 2061 2952 tantum

497 3008 730 3076 ipsorum
761 3003 990 3072 reliquit,
1021 2999 1232 3055 nemine
1270 2997 1528 3051 advocato
1569 2991 1873 3047 maledicti'
1905 2998 2058 3052 teste,

495 3100 730 3167 ipsisque
775 3095 902 3149 solis
945 3092 996 3147 id
1036 3090 1367 3146 scientibus:
1402 3088 1588 3156 sicque
1632 3085 1818 3138 melius
1848 3081 2062 3136 attraxit

496 3188 637 3251 illos,
684 3185 900 3238 dicens:
933 3181 1119 3234 Beatus
1156 3179 1240 3244 qui
1277 3194 1374 3229 non
1415 3179 1562 3244 fuerit
1599 3173 1968 3228 scandalizatus
2008 3171 2062 3226 in

496 3293 588 3330 me.
620 3274 884 3338 Namvhtec
907 3270 1057 3334 dixit,
1087 3269 1204 3322 illos
1230 3269 1373 3335 ipsos
1397 3265 1752 3320 subindicans.
1777 3261 1856 3318 Ne
1886 3273 2058 3316 autem

497 3375 677 3420 nostra
709 3369 906 3415 tantum
931 3358 1244 3420 referamus,
1269 3354 1362 3410 sed
1389 3363 1448 3409 ut
1473 3355 1548 3409 rei
1574 3354 1844 3408 [irritandae
1870 3352 1935 3407 iis
1959 3351 2053 3406 ad-

495 3455 690 3516 ductis,
721 3465 838 3519 quin
862 3450 929 3502 ah
964 3447 1082 3500 aliis
1123 3445 1264 3500 dicta
1302 3454 1459 3510 sunt,
1485 3445 1764 3500 clariorem
1808 3443 1960 3498 vobis
1994 3457 2057 3497 ex

497 3543 758 3598 dictorum
810 3537 1206 3604 comparatione
1275 3535 1552 3588 veritatem
1613 3533 1918 3596 tradamus,
1972 3532 2057 3585 illa

497 3634 658 3686 etiam
689 3629 775 3682 hic
815 3626 1050 3697 proferre
1105 3637 1324 3679 necesse
1369 3631 1470 3676 est.
1521 3621 1657 3689 Quid
1707 3635 1834 3689 ergo
1881 3621 2062 3674 dicunt

498 3716 782 3774 nonnulli?
813 3716 938 3770 Eam
967 3727 1121 3783 quam
1148 3712 1445 3774 retulimus,
1464 3725 1569 3765 non
1597 3724 1774 3764 veram
1797 3723 1915 3764 esse
1935 3723 2060 3763 cau-

494 3824 606 3864 sam
641 3807 769 3860 :sed
793 3819 915 3858 vere
942 3805 1210 3871 ignorasse
1240 3799 1521 3865 Joannem,
1551 3813 1648 3854 nec
1683 3808 1849 3852 totum
1879 3807 2053 3852 tamen

495 3898 770 3964 ignorasse
800 3911 814 3944 :
842 3903 894 3946 et
920 3890 1068 3943 illum
1116 3888 1328 3956 quidem
1371 3900 1490 3940 esse
1527 3884 1795 3940 Christum
1822 3888 2054 3954 novisse,

492 3986 632 4055 quod
653 3993 838 4040 autem,
854 3995 948 4050 pro
978 3978 1277 4033 hominibus
1296 3977 1584 4034 moriturus
1602 3985 1743 4031 esset
1757 3977 2055 4045 ignorasse:

494 4077 691 4130 idcirco
716 4073 933 4134 dixisse,
962 4068 1041 4123 Tu
1068 4083 1119 4122 es
1145 4068 1228 4128 qui
1255 4076 1490 4120 uenturus
1528 4067 1620 4121 et?
1648 4067 1698 4122 id
1727 4077 1808 4122 est
1826 4109 1841 4133 ,
1872 4067 1970 4133 Qui
2001 4068 2053 4124 in

492 4164 751 4220 infernum
782 4176 841 4215 es
867 4160 1240 4213 descensurus.
1261 4154 1452 4209 Verum
1477 4155 1528 4208 id
1544 4171 1662 4209 cum
1683 4166 1828 4210 recta
1850 4158 2055 4211 ratione

496 4262 750 4324 pugnaret
783 4271 794 4306 :
822 4251 1053 4305 Joannes
1093 4244 1286 4316 quippe
1324 4260 1428 4300 nou
1472 4246 1569 4299 hoc
1607 4247 1899 4315 ignorabat.
1945 4248 2057 4301 Hoc

489 4346 631 4399 enim
658 4355 779 4396 ante
807 4343 908 4395 alia
941 4337 1258 4408 prmdicabat
1281 4351 1404 4392 cum
1449 4337 1681 4401 dicaret,
1715 4335 1847 4390 Ecce
1896 4354 2058 4407 agnus

491 4436 605 4498 Dei,
637 4435 719 4503 qui
749 4432 878 4485 tollit
919 4438 1120 4499 peccata
1156 4427 1332 4481 mundi
1369 4425 1568 4495 (Joan.
1599 4427 1650 4481 1.
1681 4426 1753 4481 29
1779 4426 1817 4496 ).
1851 4429 2056 4497 Agnum

490 4541 619 4580 vero
645 4523 886 4582 vocavit,
916 4533 1127 4574 crucem
1158 4518 1485 4587 praedicans;
1515 4532 1576 4570 ac
1603 4531 1724 4571 cum
1772 4519 1920 4582 dicit,
1955 4520 2053 4584 Qui

492 4616 623 4669 tollit
671 4619 871 4681 peccata
910 4611 1085 4663 mundi
1108 4649 1121 4672 ,
1157 4608 1382 4676 idipsum
1409 4608 1737 4675 signiﬁcavit.
1794 4608 1908 4662 Non
1949 4611 2054 4665 alio

489 4705 631 4758 enim
658 4716 813 4770 quam
840 4713 932 4767 per
957 4711 1166 4751 crucem
1205 4695 1366 4748 modo
1393 4694 1441 4748 id
1469 4707 1716 4763 operatus
1754 4707 1837 4751 est
1865 4713 1878 4749 :
1909 4698 2052 4766 quod

488 4797 648 4849 etiam
677 4790 868 4844 Paulus
895 4786 1137 4842 dicebat:
1171 4781 1235 4836 Et
1262 4783 1680 4853 chirographum,
1707 4788 1840 4855 quod
1879 4788 2058 4841 αάυεν.

482 4901 597 4939 sum
624 4899 715 4936 nos
761 4888 887 4944 erat,
932 4881 992 4932 de
1041 4876 1205 4930 medio
1248 4878 1467 4942 sustulit,
1497 4879 1695 4949 afﬁge'ns
1742 4881 1869 4933 illud
1917 4882 2056 4935 cruci

486 4973 700 5041 (Colore.
729 4969 785 5024 2.
815 4969 923 5037 l4).
945 4969 1075 5022 Cum
1102 4979 1278 5022 autem
1305 4968 1512 5024 dicebat
1536 5008 1550 5033 ,
1583 4968 1646 5022 In
1669 4970 1865 5038 Spiritu
1891 4973 2052 5043 baptio

484 5062 616 5112 subit
644 5076 727 5112 nos
755 5061 775 5090 ³
806 5058 954 5127 (Luc.
987 5060 1040 5113 ὅ.
1077 5059 1184 5127 16),
1215 5073 1275 5112 ea
1303 5073 1421 5126 quin
1454 5067 1572 5127 post
1611 5064 2049 5118 resurrectionem

493 5153 664 5202 l'utura
695 5157 846 5202 erant
881 5149 1288 5217 praenuntiabat.
1329 5150 1395 5202 At
1425 5160 1687 5218 reponunt
1727 5151 1799 5205 illi
1829 5170 1842 5204 :
1876 5153 2047 5222 Ipsum

487 5247 928 5300 resurrecturum,
978 5247 1031 5290 et
1073 5236 1324 5305 Spiritum
1369 5251 1606 5292 sanctum
1645 5241 1892 5296 daturum
1933 5260 2050 5299 esse

483 5329 682 5382 sciebat
711 5344 725 5380 :
758 5328 895 5397 quod
923 5338 1094 5381 autem
1118 5329 1259 5381 cruci
1289 5329 1581 5399 affigendus
1605 5344 1741 5386 esset
1758 5336 2048 5403 ignorabat.

484 5417 586 5473 Sed
613 5417 876 5487 quomodo
901 5431 1298 5474 resurrecturus
1326 5432 1460 5487 erat,
1493 5423 1578 5489 qui
1610 5439 1708 5478 nec
1735 5441 1923 5495 passus
1953 5441 2050 5482 nec

548 5573 565 5639 ξ
601 5573 736 5619 savd.
757 5577 815 5639 _ct
834 5571 929 5629 alii,
963 5572 1275 5624 accusationis
1302 5582 1596 5639 :utrumque
1617 5579 1830 5639 quadrat.

548 5636 567 5662 ι
601 5642 728 5705 ριιῷ
757 5634 803 5678 in
825 5639 1156 5705 iniungi-amo,
1193 5635 1489 5705 respondent
1511 5629 1582 5705 [iis
1604 5629 1814 5705 vocibus,
1839 5641 2049 5705 baptiza-

483 5691 547 5742 btt
575 5705 663 5750 vos,
689 5691 821 5753 lapsu
842 5693 1081 5754 graphice,
1106 5691 1384 5744 exciderant.
1406 5696 1528 5756 apud
1548 5699 1710 5747 Morel.

1266 378 1322 437 8.
1363 370 1644 434 JOANNIS
1679 361 2148 425 CIlRYSOSTOMl
2185 359 2493 418 ARCHIEP.
2524 355 3043 415 CONS‘I'AN'I’INOP.

3617 345 3724 404 ηε

2176 471 2460 527 cruciﬁxus
2506 468 2717 525 luisset?
2759 469 3037 538 Quomodo
3075 468 3200 524 item
3263 469 3433 537 major
3454 466 3740 537 prophetis

2174 570 2309 628 erat,
2338 561 2426 631 qui
2452 575 2507 617 ea
2533 575 2644 631 qua:
2671 560 2942 629 prophetae
2971 559 3214 613 sciebant
3241 555 3559 626 ignorabat?

2243 653 2296 708 ὅ.
2316 651 2574 721 Propheta
2591 652 2821 717 sciebant,
2841 651 3096 704 Christum
3115 665 3221 704 esse
3238 649 3728 718 cruciﬁgendum.-—

2172 741 2322 809 Quod
2343 744 2474 796 enim
2503 742 2612 811 plus
2630 755 2784 811 quam
2813 738 3066 809 propheta
3096 748 3272 807 esset,
3310 738 3551 793 Christus
3573 739 3730 795 testi-

2173 835 2356 887 ticatus
2380 842 2456 887 est
2480 837 2496 897 (
2523 832 2640 886 Luc.
2661 832 2714 886 7.
2739 830 2879 901 28);
2912 829 3053 899 quod
3081 840 3257 885 autem
3289 831 3561 900 propheta:
3601 841 3726 897 pas-

2172 923 2375 976 sionem
2403 921 2588 978 Christi
2612 921 2850 976 noverint
2873 961 2890 986 ,
2922 919 3050 974 nulli
3076 935 3183 976 non
3223 930 3406 974 notum
3437 929 3540 974 est.
3591 921 3726 975 Nam

2173 1010 2334 1066 Isaias
2358 1012 2476 1066 dicit
2503 1027 2519 1065 :
2549 1010 2684 1065 Sicut
2726 1009 2831 1064 ovis
2878 1009 2946 1062 ad
2973 1008 3271 1062 occisionem
3313 1009 3495 1062 ductus
3539 1017 3612 1061 est
3632 1048 3649 1075 ,
3671 1018 3724 1066 et

2170 1101 2297 1154 sicut
2317 1116 2473 1171 agnus
2495 1116 2653 1154 coram
2693 1098 3015 1153 tondente‘se
3049 1098 3158 1153 sine
3183 1113 3301 1151 voce
3323 1096 3483 1168 (Ieci.
3515 1098 3604 1153 55.
3634 1098 3724 1165 7).

2173 1191 2445 1261 Etiamque
2471 1202 2594 1248 ante
2615 1191 2714 1245 hoc
2744 1190 3101 1246 testimonium
3132 1189 3272 1244 dixit
3299 1206 3314 1242 :
3356 1189 3424 1242 Et
3461 1191 3551 1244 erit
3575 1189 3727 1242 radix

2170 1282 2343 1347 leue,
2391 1291 2433 1336 et
2469 1282 2556 1351 qui
2605 1289 2831 1349 ἀπεαπ-ρει
2893 1280 3145 1349 imperare
3205 1279 3467 1349 gentibus,
3515 1278 3570 1331 in
3611 1279 3725 1348 ipso

2170 1383 2332 1444 gentes
2356 1373 2618 1443 sperabunt
2653 1371 2674 1444 (
2689 1371 2815 1424 Isai.
2847 1371 2931 1426 ll.
2975 1369 3101 1440 1ο).
3131 1369 3333 1425 Deinde
3384 1370 3682 1438 passionem
3703 1409 3721 1435 ,

2170 1475 2225 1518 et
2245 1481 2398 1536 quam
2423 1467 2538 1520 inde
2558 1465 2778 1535 gloriam
2805 1471 3164 1532 consequutus
3191 1461 3262 1514 sit
3289 1475 3591 1529 experiens,
3625 1460 3724 1514 ad-
3753 1490 3758 1495 -

2165 1554 2310 1624 jicit,
2341 1554 2407 1608 Et
2444 1556 2534 1609 erit
2561 1554 2749 1620 requies
2796 1553 2903 1623 ejus
2941 1553 3101 1605 honor
3124 1536 3298 1623 (Ibid.
3322 1551 3362 1620 ).
3415 1550 3526 1605 Nec
3551 1550 3724 1605 solum

2169 1645 2304 1714 quod
2329 1645 2468 1699 cruci
2498 1643 2787 1714 afﬁgendus
2833 1651 3012 1706 esset,
3053 1641 3147 1696 sed
3188 1641 3499 1710 quibuscum
3534 1654 3723 1709 passu-

2169 1751 2260 1790 rus
2283 1743 2418 1790 esset
2445 1735 2574 1789 dixit
2606 1751 2620 1788 :
2648 1732 2715 1786 Et
2751 1748 2863 1785 cum
2889 1731 3143 1784 sceleratis
3167 1741 3426 1798 reputatur
3453 1739 3520 1785 est
3548 1730 3720 1798 (Isai.

2169 1825 2257 1880 53.
2275 1825 2338 1880 l2
2415 1823 2594 1892 Neque
2621 1823 2719 1875 hoc
2740 1829 2959 1884 tantum,
2988 1820 3081 1874 sed
3109 1835 3214 1873 non
3237 1833 3357 1874 sese
3381 1819 3725 1874 defensurum

2168 1929 2283 1969 esse
2311 1913 2546 1983 praedixit
2581 1931 2593 1968 :
2627 1909 2725 1965 Hic
2769 1912 2896 1964 enim
2923 1925 3027 1962 non
3069 1909 3256 1978 aperiet
3295 1925 3349 1962 οε
3376 1925 3524 1962 suum
3548 1909 3724 1978 (Ibid.

2167 2020 2218 2058 v.
2249 2005 2354 2074 7);
2410 2019 2632 2075 esseque
2676 2003 2866 2071 injuste
2907 2001 3261 2055 damnandum
3292 2019 3305 2053 :
3336 1999 3403 2054 In
3446 2002 3732 2057 humilitate

2161 2095 2406 2166 judicium
2449 2096 2560 2163 ejus
2603 2093 2852 2148 sublatum
2887 2100 2958 2143 est
2989 2089 3162 2160 (Ibid.
3191 2091 3354 2157 v.8).
3401 2091 3538 2142 Ante
3579 2090 3729 2145 illum

2167 2200 2372 2254 quoque
2400 2184 2626 2252 idipsum
2649 2183 2778 2238 dicit
2807 2181 3000 2245 David,
3031 2190 3086 2237 et
3124 2180 3384 2249 judicium
3424 2182 3678 2235 describit
3710 2195 3725 2234 :

2170 2275 2359 2340 Quen,
2398 2275 2593 2342 inquit,
2642 2278 2941 2342 fremuerunt
2983 2281 3150 2342 gentes
3172 2313 3187 2338 ,
3214 2282 3262 2326 et
3303 2274 3475 2343 populi
3504 2273 3730 2326 meditati

2164 2373 2278 2417 sunt
2306 2363 2517 2417 inania?
2540 2364 2844 2416 Adstiterunt
2866 2378 3004 2433 reges
3033 2371 3196 2426 terre,
3228 2371 3276 2415 et
3317 2363 3566 2431 principes
3610 2378 3730 2416 con-

2165 2465 2401 2508 venerunt
2450 2456 2501 2508 in
2560 2471 2715 2508 unum
2774 2453 3006 2507 adversus
3053 2453 3328 2507 Dominum
3386 2465 3436 2508 et
3491 2456 3732 2528 adversus

2166 2542 2417 2601 Christum
2454 2548 2562 2618 ejus
2611 2544 2791 2615 (Psat.
2819 2544 2872 2598 2.
2906 2545 2957 2599 1.
2997 2543 3088 2615 2).
3121 2544 3257 2599 Alibi
3301 2560 3510 2614 quoque
3557 2545 3733 2614 ipsum

2166 2636 2337 2688 crucis
2363 2636 2574 2688 modum
2601 2636 2732 2689 dixit
2762 2652 2774 2688 :
2803 2632 3066 2688 Foderunt
3114 2651 3294 2688 manus
3329 2651 3463 2688 meas
3487 2643 3532 2686 et
3580 2635 3733 2703 pedes

2165 2741 2298 2778 meos
2325 2725 2508 2794 (Ρεαι.
2538 2725 2626 2779 2i.
2659 2727 2756 2795 17)
2786 2741 2800 2790 ;
2831 2734 2885 2780 et
2911 2734 3155 2780 accurate
3197 2726 3413 2802 om_niuo
3439 2740 3556 2794 qua:
3584 2724 3727 2779 mili-

2165 2824 2245 2868 tes
2285 2817 2399 2869 ausi
2445 2827 2566 2870 sunt
2593 2817 2770 2886 adjicit
2795 2834 2808 2870 :
2836 2816 3122 2879 Diviserunt
3146 2817 3239 2870 sibi
3265 2816 3551 2870 vestimenta
3578 2831 3688 2868 mea
3710 2856 3727 2882 ,

2165 2917 2211 2958 et
2230 2922 2380 2974 super
2426 2918 2606 2963 vestem
2637 2926 2795 2963 meam
2822 2909 3063 2963 miserunt
3089 2920 3271 2963 sortem
3309 2906 3481 2978 (Ibid.
3515 2922 3566 2961 v.
3596 2908 3662 2963 l9
3685 2908 3728 2977 ).

2165 2999 2303 3052 Alibi
2330 3010 2504 3054 autem
2541 3000 2771 3056 oblatum
2801 3009 3010 3062 acetum
3037 3001 3113 3054 sic
3131 3009 3390 3055 meruerat
3423 3017 3435 3052 :
3467 2997 3736 3065 Dederunt

2162 3090 2216 3141 in
2253 3106 2418 3143 escam
2442 3106 2600 3143 meam
2624 3092 2692 3161 fel
2708 3133 2724 3155 ,
2752 3099 2797 3144 et
2825 3093 2878 3144 in
2910 3092 2993 3143 siti
3020 3107 3129 3144 mea
3156 3100 3452 3160 potaverunt
3489 3105 3568 3145 me
3590 3098 3731 3144 aceto

2165 3178 2351 3249 (Prol.
2381 3181 2468 3236 68.
2501 3182 2628 3249 22).
2659 3179 2933 3250 Propheta
2963 3181 3122 3249 igitur
3149 3189 3271 3234 ante
3299 3190 3374 3234 tot
3399 3195 3568 3234 annos
3591 3180 3732 3248 judi-

2161 3270 2299 3321 cium
2327 3311 2341 3332 ,
2373 3269 2902 3332 condemnationem,
2934 3272 3109 3324 crucis
3147 3273 3346 3333 socios,
3380 3271 3731 3326 vestimento-

2161 3375 2276 3413 rum
2309 3360 2620 3416 divisionem
2640 3402 2655 3427 ,
2688 3361 2903 3415 missam
2929 3370 3159 3424 sortem,
3190 3369 3246 3415 et
3265 3360 3419 3430 longe
3447 3361 3593 3430 plura
3626 3361 3730 3415 alia

2163 3462 2497 3506 memorant:
2531 3467 2702 3520 neque
2748 3458 2888 3506 enim
2934 3465 3152 3505 necesse
3177 3460 3260 3505 est
3282 3451 3459 3504 omnia
3499 3450 3726 3511 ell‘erre.

2165 3557 2232 3594 ne
2259 3543 2463 3608 longius
2499 3550 2751 3596 excurrat
2794 3541 3004 3606 oratio;
3053 3542 3138 3595 hic
3189 3557 3315 3597 vero
3342 3541 3446 3595 illis
3485 3543 3732 3597 omnibus

2162 3632 2365 3699 major,
2411 3631 2522 3684 haec
2541 3632 2726 3686 omnia
2771 3631 3084 3700 ignorabat?
3133 3633 3244 3698 Qua
3277 3633 3479 3686 ratione
3506 3632 3556 3686 id
3584 3642 3730 3688 stare

2160 3721 2370 3789 possit?
2396 3721 2504 3774 Cur
2531 3735 2656 3774 vero
2678 3735 2781 3774 non
2808 3720 2978 3786 dixit,
3009 3720 3085 3775 Tu
3107 3736 3166 3776 es
3203 3723 3290 3790 qui
3317 3732 3569 3777 venturus
3588 3737 3649 3776 es
3677 3725 3728 3776 in

2161 3810 2468 3865 infernum?
2514 3810 2606 3864 sed
2660 3810 3008 3878 simpliciter,
3064 3811 3164 3876 Qui
3206 3822 3439 3866 venturus
3483 3813 3583 3866 es?
3622 3811 3727 3867 Sed

2159 3900 2300 3970 quod
2325 3901 2488 3969 magis
2509 3901 2620 3955 risu
2643 3900 2859 3970 dignum
2883 3912 3046 3966 esset,
3068 3902 3252 3956 dicunt
3269 3902 3370 3956 hoc
3393 3903 3512 3956 ideo
3532 3904 3729 3960 dixisse

2159 3989 2452 4057 Joannem,
2482 3999 2538 4043 ut
2585 3993 2635 4044 in
2681 3991 2879 4046 inferos
2909 3991 3124 4046 veniens
3169 3992 3498 4060 praedicaret.
3529 3993 3732 4059 Quibus

2158 4093 2452 4151 opportune
2480 4083 2686 4136 dicatur
2716 4099 2728 4134 :
2759 4081 2967 4136 Fratres
2986 4124 3001 4146 ,
3033 4086 3184 4139 nolite
3211 4087 3351 4153 pueri
3379 4085 3502 4155 ιιωεὶ
3528 4097 3690 4139 mente
3710 4126 3726 4150 ,

2159 4175 2244 4225 sed
2273 4176 2464 4226 malitia
2491 4177 2687 4244 parvuli
2713 4177 2906 4246 estate(
2934 4179 2983 4232 l.
3012 4177 3128 4231 Cor.
3155 4179 3238 4233 M.
3266 4177 3396 4250 20).
3425 4179 3556 4234 Nam
3586 4195 3726 4248 pra:-

2161 4274 2283 4316 sens
2313 4265 2415 4317 vita
2446 4265 2577 4318 bene
2606 4265 2793 4334 agendi
2824 4277 3031 4336 tempus
3056 4279 3168 4330 est;
3202 4277 3323 4336 post
3343 4280 3568 4324 mortem
3600 4285 3731 4324 vero

2159 4355 2329 4409 aderit
2374 4355 2627 4424 judicium
2657 4366 2711 4411 et
2735 4359 3069 4426 supplicium.
3103 4358 3232 4412 Nam
3274 4360 3349 4412 ait
3395 4377 3408 4413 :
3441 4358 3506 4413 In
3530 4360 3730 4414 inferna

2158 4445 2267 4513 quis
2312 4446 2623 4513 conﬁtebitur
2670 4448 2755 4500 tibi
2798 4447 2981 4513 (Psal.
3015 4450 3069 4503 6.
3103 4449 3205 4517 6)?
3239 4450 3516 4516 Quomodo
3569 4452 3730 4520 igitur

2159 4535 2400 4588 contrita:
2439 4546 2564 4589 sunt
2593 4547 2757 4604 porta:
2787 4553 2962 4602 aerem,
2993 4548 3046 4591 et
3076 4547 3252 4591 vectes
3283 4537 3441 4592 ferrei
3469 4541 3727 4594 contracti

2159 4625 2318 4678 sunt?
2347 4625 2443 4680 Per
2481 4641 2674 4694 corpus
2719 4626 2853 4695 ejus.
2887 4627 3034 4680 Tunc
3075 4627 3215 4680 enim
3265 4627 3436 4696 primo
3486 4631 3730 4697 apparuit

2158 4730 2350 4783 corpus
2383 4717 2697 4782 immortale,
2729 4716 2866 4784 quod
2894 4717 3081 4771 mortis
3111 4717 3441 4786 tyrannidem
3471 4719 3723 4774 solveret.

2159 4808 2407 4876 Alioquin
2438 4823 2563 4863 vero
2589 4810 2640 4862 id
2671 4808 2902 4862 ostendit
2931 4810 3115 4862 mortis
3140 4809 3243 4862 vim
3270 4824 3390 4864 esse
3425 4809 3685 4877 sublatam
3706 4851 3720 4875 ,

2157 4913 2262 4952 non
2293 4907 2464 4952 autem
2484 4913 2670 4953 eorum
2687 4899 2773 4967 qui
2800 4907 2922 4951 ante
2942 4898 3223 4953 adventum
3247 4901 3362 4968 ejus
3391 4903 3582 4956 mortui
3609 4900 3727 4954 fue-

2158 5000 2313 5052 rant,
2339 4988 2503 5042 soluta
2548 4998 2761 5058 peccata
2783 4990 2801 5019 ί
2845 4988 3030 5044 fuisse.
3061 4989 3210 5055 Quod
3237 4989 3279 5043 si
3299 4972 3401 5044 res
3429 5006 3533 5045 non
3565 4992 3632 5045 ita
3662 5006 3727 5048 se

2155 5079 2346 5135 habeat
2367 5122 2380 5146 ,
2412 5089 2464 5133 et
2513 5082 2557 5134 si
2602 5095 2786 5135 omnes
2809 5091 2962 5135 antea
2992 5091 3229 5135 mortuos
3255 5097 3284 5134 a
3313 5084 3554 5151 gehenna
3585 5082 3720 5138 lihe-

2156 5173 2289 5224 ravit
2307 5210 2322 5234 ,
2350 5172 2613 5236 quomodo
2641 5172 2712 5222 ait
2743 5189 2756 5224 :
2785 5170 3115 5225 Tolerabilius
3161 5173 3252 5226 erit
3296 5182 3444 5226 terr-te
3471 5174 3724 5229 Sodomo-

2154 5270 2357 5312 rum-et
2390 5259 2678 5314 Gomorrlue
2733 5261 2899 5331 (Luc.
2955 5263 3037 5318 10.
3069 5261 3213 5333 t2)?
3255 5264 3385 5319 illud
3439 5266 3578 5318 enim
3626 5281 3722 5321 eos

2156 5354 2446 5420 puniendos
2478 5369 2592 5407 esse
2611 5353 2875 5419 declarat,
2905 5355 3172 5408 remissius
3203 5355 3446 5422 quidem,
3475 5358 3566 5410 sed
3617 5373 3718 5424 pu-

2156 5441 2375 5494 niendos
2407 5451 2600 5494 tamen.
2653 5443 2867 5496 Etiamsi
2913 5443 2996 5497 hic
3042 5455 3306 5497 extremas
3329 5444 3574 5499 dederint
3603 5461 3720 5512 pte-

2155 5547 2251 5586 nas
2280 5548 2292 5584 :
2321 5540 2551 5586 attamen
2576 5547 2679 5587 non
2708 5533 2807 5586 hoc
2845 5532 2963 5588 illos
3005 5531 3267 5589 liberabit.
3316 5534 3373 5590 Si
3398 5545 3577 5590 autem
3620 5538 3726 5595 hos.

2219 5710 2233 5741 ³
2272 5707 2455 5766 κιαι-ει..
2476 5708 2626 5758 soluta
2647 5721 2862 5770 corpora.
