4076 6438
71 144 632 564 Ρ

111 423 124 443 i
159 445 186 472 ἡ
319 457 322 460 _

217 491 238 524 ’τ
323 489 352 500 ”
383 508 567 563 eruet,
601 514 636 551 n

323 489 354 556 it
383 508 567 563 eruet,
601 499 777 552 multo
806 497 978 549 minus
1008 508 1104 548 eos
1130 494 1222 562 qui
1252 493 1383 547 nihil
1427 493 1512 545 hic
1545 490 1686 551 passi
1717 497 1860 542 sunt.

245 592 384 660 Quid
431 605 608 660 ergo,
654 589 932 658 inquiunt,
992 585 1258 652 injustene
1302 583 1477 653 agitur
1525 597 1644 635 cum
1691 581 1755 633 iis
1779 581 1867 650 qui

256 696 375 738 ante
405 683 705 737 adventum
731 682 850 748 ejus
872 676 1162 730 vixerunt?
1191 676 1536 744 Nequaquam
1572 691 1584 726 :
1619 681 1888 741 poterant-

251 773 390 828 enim
428 787 532 827 nec
578 772 857 825 Christum
894 766 1127 822 confessi
1172 765 1399 819 salutem
1431 762 1711 830 consequi.
1751 758 1868 814 Non

251 866 392 919 enim
427 866 536 918 hoc
562 863 632 915 ab
663 861 768 914 illis
809 859 1153 928 exigebatur,
1183 854 1278 910 sed
1308 870 1375 909 ne
1401 854 1540 908 idola
1581 853 1867 915 colerent,

253 966 306 1008 et
346 964 405 1008 ut
438 967 633 1006 verum
667 952 832 1004 Deum
865 957 1104 1002 nossent.
1156 945 1405 998 Dominus
1447 943 1581 997 enim
1611 984 1626 1009 ,
1659 941 1867 1010 inquit,

256 1043 395 1096 Deus
444 1053 567 1095 tuus
593 1083 608 1106 ,
642 1039 897 1093 Dominus
928 1054 1058 1090 unus
1085 1047 1156 1090 est
1187 1035 1381 1106 (Deut.
1425 1035 1477 1088 6.
1500 1036 1596 1103 4).
1639 1033 1870 1100 Ideoque

253 1133 543 1188 Μαραιὺωὶ
586 1129 931 1185 admirationi
962 1129 1208 1191 fuerunt,
1243 1127 1365 1194 quia
1399 1140 1497 1194 pro
1525 1123 1658 1192 legis
1683 1121 1870 1175 obser-

254 1227 473 1278 vatione
505 1223 651 1292 passi
691 1227 838 1283 sunt,
871 1234 934 1272 ac
963 1199 1071 1272 tres
1118 1218 1266 1288 pueri
1286 1259 1300 1279 ,
1331 1217 1589 1284 multique
1615 1214 1704 1268 alii
1731 1213 1870 1282 apud

262 1313 478 1372 Iudzeos
499 1355 513 1375 ,
545 1312 634 1381 qui
659 1314 824 1364 vitam
853 1307 1054 1378 optime
1080 1315 1384 1376 gesserunt,
1415 1315 1467 1358 et
1496 1305 1650 1373 hujus
1678 1304 1869 1371 cogni-

260 1407 422 1460 tionis
454 1405 678 1458 niodmn
710 1410 1024 1464 servarunt,
1057 1399 1189 1452 nihil
1239 1396 1384 1452 aliud
1428 1397 1721 1450 observare
1777 1395 1872 1447 de-

261 1496 517 1550 buerunt.
543 1493 698 1546 Tunc
737 1492 880 1545 enim
906 1490 973 1543 ad
1007 1490 1235 1542 salutem
1268 1485 1599 1549 sufﬁciebat,
1631 1493 1687 1536 ut
1711 1484 1827 1537 dixi
1853 1523 1869 1547 ,

263 1587 429 1642 Deum
457 1596 666 1639 tantum
698 1597 1064 1653 cognoscere;
1113 1595 1255 1634 nunc
1295 1594 1422 1632 vero
1472 1577 1520 1630 id
1575 1579 1704 1630 satis
1761 1593 1870 1628 non

263 1688 345 1732 est
369 1719 384 1740 ,
413 1677 512 1732 sed
539 1677 813 1732 Christum
843 1688 1001 1726 nosse
1031 1681 1264 1742 oportet.
1298 1671 1501 1725 Idcirco
1527 1671 1742 1722 dicebat
1768 1686 1778 1720 :
1812 1669 1872 1722 Si

263 1786 364 1822 non
418 1773 670 1822 venissem
720 1777 768 1818 et
818 1767 1054 1832 loquutus
1082 1765 1291 1833 fuissem
1341 1763 1409 1815 eis
1434 1802 1448 1824 ,
1479 1772 1742 1830 peccatum
1773 1776 1874 1811 non

266 1861 547 1922 haberent;
599 1875 733 1911 nunc
788 1866 959 1910 autem
1009 1857 1381 1910 excusationem
1434 1870 1537 1906 non
1591 1851 1772 1904 habent
1812 1851 1876 1904 de

267 1961 477 2020 peccato
518 1966 610 2002 suo
637 1947 826 2017 (Joan.
857 1947 945 2002 15.
977 1945 1100 2015 22).
1148 1944 1238 1999 Sic
1285 1953 1340 1998 et
1381 1944 1448 1998 de
1478 1943 1601 1996 vita:
1632 1944 1876 1996 instituto

268 2041 587 2109 putandum.
627 2040 778 2092 Tunc
807 2039 982 2092 czedes
1035 2037 1360 2090 homicidam
1394 2037 1686 2105 perdebat,
1736 2050 1877 2089 nunc

269 2132 350 2185 vel
375 2131 533 2184 irasci
565 2130 786 2182 vetitum
839 2135 942 2181 est.
974 2126 1123 2180 Tunc
1169 2127 1425 2180 mtecbari
1472 2136 1526 2179 et
1554 2141 1674 2180 cum
1701 2126 1875 2179 aliena

270 2221 495 2274 muliere
539 2216 876 2272 commisceri
922 2217 1238 2286 supplicium
1281 2214 1579 2280 aﬂerebat;
1613 2232 1755 2270 nunc
1785 2232 1876 2269 au-

269 2319 374 2362 tem
406 2309 692 2377 impudicis
735 2307 904 2359 oculis
951 2308 1252 2375 respicere,
1309 2307 1447 2358 idem
1492 2305 1667 2359 aﬂ'ert.
1727 2306 1878 2359 Sicut

269 2402 505 2470 cognitio
527 2442 540 2463 ,
575 2399 654 2454 sic
683 2407 738 2452 et
764 2398 868 2450 vita
916 2413 1058 2451 nunc
1111 2397 1394 2450 sublimior
1433 2397 1744 2465 requiritur.
1776 2395 1879 2448 lta-

269 2508 372 2560 que
401 2491 532 2544 nilnil
565 2489 860 2543 Prodromo
883 2504 1018 2558 opus
1045 2499 1180 2541 erat.
1205 2489 1480 2555 Alioquin,
1509 2488 1551 2540 si
1579 2488 1610 2540 ii
1633 2488 1722 2556 qui
1757 2497 1877 2555 post

271 2593 498 2636 mortem
545 2582 801 2644 credent,
835 2580 1061 2632 salutem
1108 2579 1492 2646 consequuturi
1518 2589 1672 2642 sunt,
1702 2578 1880 2631 nullus

270 2689 522 2742 umquam
544 2672 760 2740 peribit.
777 2670 976 2726 Omnes
991 2671 1136 2724 enim
1158 2679 1282 2722 tunc
1302 2670 1671 2738 paenitentiam
1697 2679 1878 2739 agent,

269 2774 322 2818 et
345 2763 619 2816 Christum
648 2762 968 2814 adorabunt.
994 2759 1148 2827 Quod
1180 2770 1356 2813 autem
1386 2761 1512 2813 illud
1541 2763 1609 2813 sit
1642 2777 1829 2813 verum
1861 2801 1877 2823 ,

271 2854 394 2906 audi
421 2854 644 2906 Paulum
675 2852 946 2905 dicentem
981 2868 993 2903 :
1029 2850 1210 2902 Omnis
1239 2852 1412 2918 lingua
1442 2850 1764 2915 conﬁtebitur
1784 2891 1797 2913 ,
1835 2861 1881 2902 et

271 2961 419 2997 omne
465 2961 596 3014 genu
625 2944 853 3011 [lectetur
885 2942 1160 2995 caelestium
1181 2981 1195 3004 ,
1228 2929 1540 2994 terrestrium
1568 2952 1614 2994 et
1657 2928 1882 3007 inferno-

269 3053 382 3089 rum
415 3036 694 3104 (Philipp.
737 3035 792 3087 2.
827 3034 885 3087 Η
915 3036 966 3100 );
1017 3043 1092 3095 et,
1129 3032 1321 3086 Ultima
1359 3035 1567 3085 inimica
1598 3035 1882 3086 destruetur

270 3145 407 3180 mors
436 3125 524 3197 (ι.
559 3125 680 3179 Cor.
715 3126 803 3177 I5.
827 3125 899 3178 26
988 3122 1095 3177 Sed
1140 3124 1338 3176 nullam
1378 3124 1658 3177 utilitatem
1687 3139 1749 3176 ex
1783 3126 1883 3177 hac

271 3217 602 3286 subiectione
630 3222 1054 3283 consequentur;
1108 3228 1214 3266 non
1267 3215 1411 3266 enim
1448 3226 1519 3267 ex
1553 3215 1692 3266 bona
1734 3214 1885 3264 volu-

274 3321 419 3378 ptate
452 3308 830 3376 proficiscitur,
867 3305 962 3360 sed
987 3322 1051 3360 ex
1101 3306 1212 3374 ipsa
1263 3320 1465 3368 rerum,
1497 3313 1553 3359 ut
1577 3307 1648 3360 ita
1688 3306 1883 3368 dicam,

276 3401 535 3455 necessita
545 3413 619 3471 te.

342 3492 395 3544 4.
439 3491 515 3543 Ne
549 3491 658 3549 illa,
695 3503 909 3556 qumso,
942 3486 1260 3541 inducamus
1301 3487 1460 3540 anilia
1490 3486 1739 3556 dogmata
1768 3528 1781 3550 ,
1831 3495 1884 3539 et.

271 3581 520 3635 Iudaicas
563 3580 790 3632 fabulas.
825 3577 961 3631 Audi
993 3579 1136 3631 enim
1163 3578 1291 3645 quid
1322 3577 1389 3631 de
1424 3578 1508 3630 his
1556 3579 1700 3631 dicat
1749 3579 1884 3630 l’au-

275 3671 399 3724 lus:
445 3669 760 3737 Quicumque
785 3670 918 3720 enim
958 3669 1066 3720 sine
1116 3670 1222 3737 lege
1269 3679 1576 3736 peccarunt,
1625 3670 1734 3720 sine
1777 3670 1886 3737 lege

274 3763 506 3832 peribunt
529 3779 544 3823 ;
570 3762 796 3828 loquens
818 3759 887 3813 de
909 3760 973 3812 iis
997 3759 1085 3828 qui
1119 3769 1242 3812 ante
1269 3760 1436 3827 legem
1456 3769 1608 3810 erant
1632 3776 1644 3820 ;
1681 3759 1742 3810 Et
1768 3762 1880 3825 qni-

272 3867 488 3918 cumque
511 3850 564 3902 in
587 3850 695 3918 lege
716 3858 1006 3915 peccaram,
1030 3864 1118 3916 per
1137 3849 1294 3916 legem
1312 3848 1684 3916 judicabuntur
1701 3846 1880 3915 (llam.

274 3941 327 3994 ἱ.
365 3940 510 4008 l2);
558 3939 626 3992 de
672 3939 735 3992 iis
787 3938 1035 3990 omnibus
1093 3938 1316 4006 loquens
1365 3938 1454 4006 qui
1497 3949 1616 4004 post
1644 3938 1881 4006 Moyscm

275 4036 520 4094 luerunt;
557 4042 632 4096 et,
665 4031 919 4096 Quoniam
945 4031 1195 4082 ret-elatur
1221 4031 1299 4081 ira
1330 4029 1424 4082 Dei
1462 4030 1525 4082 de
1549 4030 1671 4082 cwlo
1702 4031 1751 4081 in
1777 4048 1883 4082 om-

274 4140 385 4179 nem
411 4126 719 4193 impietatem
740 4133 787 4176 et
811 4123 1116 4192 injustitium
1143 4122 1404 4174 hominum
1426 4122 1444 4192 (
1470 4121 1620 4173 Rom.
1651 4122 1700 4176 I.
1735 4122 1800 4176 18
1823 4123 1840 4191 )
1866 4137 1880 4185 ;

274 4229 348 4283 et,
383 4218 577 4281 Furor,
606 4218 705 4280 ira,
737 4215 992 4268 tribulatio
1016 4254 1032 4280 ,
1072 4215 1307 4284 angustia
1348 4214 1401 4266 in
1432 4229 1631 4265 onmem
1659 4213 1884 4265 animam

275 4308 495 4360 hominis
547 4307 804 4375 operantis
847 4305 1079 4367 malum,
1134 4303 1307 4356 λωίωὲ
1355 4304 1575 4370 primum
1630 4315 1672 4356 et
1717 4304 1884 4356 (ἐνανεὲ

275 4399 467 4462 (llam.
501 4399 553 4450 ‘2.
603 4399 658 4451 8.
690 4397 780 4467 9).
830 4397 890 4451 Et
922 4408 1069 4450 certe
1096 4397 1234 4450 mala
1265 4399 1545 4448 innumera
1574 4396 1712 4463 passi
1761 4406 1884 4451 sunt

275 4489 532 4560 gentiles;
585 4487 726 4556 quod
773 4496 829 4542 et
871 4496 1190 4542 esterorum
1249 4486 1488 4539 historia:
1535 4487 1837 4555 signiﬁcant
1867 4530 1879 4548 .

277 4593 488 4634 necnon
535 4576 827 4646 Scriptura:
874 4587 1094 4630 nostrze.
1126 4579 1254 4643 Quis
1283 4577 1426 4629 enim
1468 4576 1881 4646 Babyloniorum

276 4685 328 4729 et
356 4671 488 4742 113g)
503 4676 736 4742 ptiorum
771 4673 1060 4742 tragmdias
1099 4671 1429 4724 enarravcrit
1451 4669 1473 4720 ?
1499 4669 1650 4736 Quod
1683 4674 1823 4723 enim
1850 4674 1881 4724 ii

276 4767 363 4833 qui
391 4764 670 4820 Christum
702 4780 810 4817 non
838 4773 1103 4818 noverunt
1132 4773 1256 4816 ante
1277 4763 1546 4816 carnalem
1569 4765 1879 4826 adventum,

275 4870 325 4912 et.
369 4859 459 4925 qui
491 4857 560 4908 ab
609 4857 920 4926 idololatria_
942 4857 1246 4910 resilientes
1289 4856 1455 4909 Deum
1498 4871 1661 4907 unum
1693 4859 1883 4909 adora-

277 4961 421 5011 runt,
449 4959 503 5003 et
535 4949 755 5018 probam
802 4949 1006 5004 duxere
1035 4950 1238 5013 vitam,
1279 4949 1463 5000 onuua
1509 4948 1644 5000 bona
1692 4964 1886 5003 censeo

275 5040 496 5112 quuturi
548 5041 693 5102 sint,
744 5040 869 5094 audi
903 5039 1172 5108 quomodo
1225 5039 1368 5092 dicat
1462 5036 1640 5091 Gloria
1667 5051 1879 5104 autem,

276 5133 439 5185 honor
464 5140 512 5182 et
539 5145 642 5198 pax
668 5131 805 5182 enini
843 5129 1075 5197 aperanti
1123 5129 1306 5181 bonum
1331 5169 1346 5192 ,
1373 5126 1560 5181 Judteo
1590 5129 1809 5198 ptimum
1836 5141 1882 5182 et

275 5221 450 5292 gentili
481 5219 672 5290 (Rom.
701 5219 755 5271 2.
785 5219 907 5288 10).
947 5219 1136 5273 Viden'
1163 5219 1425 5272 bonorum
1470 5221 1685 5286 prarmia
1715 5221 1879 5272 multa

277 5312 381 5365 illis
407 5324 531 5364 esse
553 5350 567 5373 ,
599 5319 650 5363 et
681 5319 865 5363 contra
899 5308 1218 5362 facientibus
1268 5308 1528 5376 supplicia
1564 5318 1618 5362 et
1648 5323 1833 5378 paruas
1858 5309 1883 5357 ἲ

277 5401 378 5456 Ubi
404 5417 549 5454 nunc
580 5410 702 5454 sunt
736 5399 768 5453 ii
801 5399 889 5467 qui
912 5399 1214 5464 gehennam
1246 5415 1350 5450 non
1381 5400 1650 5455 credunt?
1678 5399 1807 5452 Nam
1837 5415 1882 5454 st

273 5499 310 5546 it
341 5494 431 5561 qui
463 5499 586 5546 ante
617 5493 811 5546 Christi
844 5493 1130 5545 adventum
1183 5491 1441 5554 fuerunt,
1472 5493 1560 5559 qui
1591 5506 1657 5543 ne
1684 5507 1881 5545 nomen

279 5585 491 5653 quidem
541 5583 800 5652 gehenua:
849 5583 1168 5648 audierunt,
1199 5597 1374 5651 neque
1430 5583 1880 5650 resurrectionis,

280 5688 560 5748 postquam
590 5676 676 5729 hic
702 5689 886 5745 pmnas
915 5674 1215 5740 dederunt,
1250 5675 1355 5729 illic
1384 5689 1597 5744 quoque
1653 5678 1879 5745 puuicn~

1159 379 1222 434 IN
1265 377 1671 435 ΜΑττιιΑῐωι
1715 373 1942 431 “(BNL

1978 379 2219 436 XXXVI.
2263 381 2338 434 al.
2373 378 2641 435 XXXVII.
3459 387 3569 444 418

1987 496 2076 539 tur
2093 500 2298 556 quanto
2313 493 2486 560 magis
2503 507 2604 545 uos
2616 493 2778 558 quiin
2803 501 2953 546 tanta
2969 493 3328 562 philosophiae
3344 499 3359 529 ¹
3377 503 3576 553 doctri-

1978 595 2044 634 na
2076 581 2286 636 educati
2318 584 2548 638 sumus?
2603 583 2671 638 Et
2696 597 2800 653 qua
2822 583 3036 639 ratione
3060 626 3075 648 ,
3099 585 3348 654 inquies,
3387 589 3465 644 illi
3491 590 3584 661 qui

1976 671 2109 725 nihil
2136 687 2392 741 umquam
2419 673 2485 728 de
2511 673 2757 742 gehenna
2799 675 3125 738 audierunt,
3179 677 3233 729 iu
3278 677 3581 745 gehennam

1978 763 2258 817 incident?
2284 764 2471 818 Dicent
2495 765 2659 829 enim,
2690 764 2744 819 Si
2771 765 3072 834 gehennam
3102 769 3459 822 comminatus
3496 786 3586 827 es-

1980 862 2108 912 ses,
2141 863 2252 919 pra}
2287 857 2432 903 metu
2463 859 2830 919 temperanter
2856 852 3207 912 vixissemus.
3251 854 3417 910 Plane
3442 858 3573 927 qui-

1980 937 2104 992 dem
2156 939 2435 1008 (nonne?)
2457 940 2727 995 visissent
2767 951 2826 993 ut
2855 957 2958 997 nos
3011 946 3178 998 vitam
3219 949 3432 1014 agimus
3475 947 3572 1016 qui

1977 1034 2218 1103 quotidie
2241 1049 2522 1089 sermones
2544 1035 2612 1090 de
2635 1035 2878 1105 gehenna
2905 1036 3175 1099 audimus,
3205 1053 3376 1103 neque
3407 1050 3585 1092 tamen

1979 1123 2045 1178 iis
2064 1126 2302 1178 animum
2336 1125 2676 1195 adhibemus.
2702 1125 2904 1180 Praater
2929 1126 3044 1180 hzec
3074 1136 3251 1180 autem
3283 1127 3410 1180 illud
3451 1147 3589 1197 quo-

1977 1230 2082 1284 que
2115 1214 2404 1270 dicendum
2433 1227 2553 1280 est,
2596 1233 2721 1271 eum
2767 1218 2856 1286 qui
2915 1212 3270 1286 praise'ntibus
3308 1222 3588 1288 suppliciis

1979 1324 2084 1362 non
2119 1311 2399 1370 retinetur,
2430 1311 2600 1363 multo
2623 1310 2801 1363 minus
2837 1310 2938 1362 illis
2977 1312 3331 1366 coercebitur.
3385 1313 3588 1368 Rodio—

1980 1413 2066 1452 res
2092 1399 2235 1452 enim
2291 1400 2696 1468 crassioresque
2726 1399 2972 1454 homines
3019 1403 3372 1468 praesentibus
3421 1405 3590 1472 magis

1979 1501 2031 1543 et
2056 1489 2383 1543 instantibus
2409 1491 2586 1544 solent
2607 1491 2672 1542 ad
2707 1489 3138 1558 resipiscentiam
3173 1493 3374 1554 vocari,
3427 1509 3588 1561 quam

1982 1582 2043 1634 iis
2075 1597 2197 1650 quin
2229 1582 2398 1634 multo
2426 1593 2545 1650 post
2585 1590 2827 1648 tempore
2875 1590 3001 1634 sunt
3047 1592 3332 1636 eventura.
3369 1582 3588 1644 Verum,

1982 1673 2216 1742 inquies.
2248 1673 2404 1726 nobis
2453 1675 2627 1741 major
2679 1673 2922 1726 imminet
2971 1682 3167 1738 terror,
3198 1674 3424 1742 ideoque
3467 1690 3590 1728 cum

1981 1763 2086 1816 illis
2114 1779 2218 1817 non
2270 1764 2466 1831 injuste
2509 1774 2686 1817 actum
2725 1763 2854 1816 est?
2907 1763 3254 1831 Nequaquam
3298 1778 3356 1818 se.
3405 1779 3491 1820 res
3521 1767 3588 1818 ita

1984 1856 2164 1910 habet.
2196 1856 2379 1910 Primo
2431 1858 2576 1909 enim
2622 1870 2728 1908 non
2763 1853 2921 1909 iidem
2961 1856 3171 1908 labores
3212 1856 3367 1908 nobis
3395 1864 3449 1909 et
3488 1856 3590 1909 illis

1983 1948 2241 2016 propositi
2271 1955 2434 2009 sunt;
2465 1949 2559 2001 sed
2592 1947 2762 2001 multo
2791 1946 3028 2014 majores
3056 1947 3231 2000 nobis.
3265 1947 3386 2000 Illos
3411 1959 3590 2002 autem

1983 2038 2072 2104 qui
2104 2038 2336 2105 majores
2367 2038 2669 2105 suscipiunt
2695 2037 2940 2099 labores,
2975 2037 3163 2102 majori
3204 2047 3416 2105 opm-tet
3438 2039 3589 2092 ausi-

1986 2129 2060 2180 lio
2102 2128 2225 2181 frui.
2276 2129 2549 2182 Auxilium
2599 2138 2778 2182 autem
2831 2143 2938 2181 non
2990 2129 3260 2182 modicum
3313 2129 3442 2183 illud
3471 2141 3592 2197 est,

1984 2233 2106 2271 cum
2135 2219 2294 2272 timor
2320 2229 2562 2288 augetur.
2584 2219 2638 2274 Si
2669 2231 2848 2273 autem
2879 2221 2929 2272 id
2957 2220 3077 2289 plus
3101 2235 3264 2289 quam
3298 2221 3366 2273 illi
3399 2223 3595 2275 habea-

1987 2323 2124 2370 mus,
2156 2309 2296 2376 quod
2323 2309 2497 2362 futura
2527 2324 2835 2374 noscamus,
2866 2311 2938 2363 illi
2969 2326 3182 2380 quoque
3214 2311 3262 2364 id
3289 2311 3406 2379 plus
3434 2327 3595 2380 quam

1987 2413 2086 2452 nos
2130 2399 2349 2463 habent,
2385 2400 2526 2469 quod
2557 2415 2731 2469 pinna:
2777 2401 3022 2471 ingentes
3052 2401 3155 2454 illis
3191 2403 3472 2456 confestim
3508 2403 3594 2456 in-

1987 2490 2248 2544 ferantur.

2057 2581 2270 2634 Iustitia
2296 2579 2409 2645 Dei,
2435 2591 2482 2632 et
2509 2581 2757 2649 puniendi
2787 2582 3016 2634 ratio.—
3048 2580 3243 2636 Verum
3270 2582 3411 2635 aliud
3442 2583 3598 2652 quid-

1991 2675 2129 2742 piam
2162 2676 2350 2727 dicunt
2381 2673 2615 2741 plurimi.
2647 2672 2746 2725 Ubi
2771 2681 2850 2726 est
2872 2714 2886 2736 ,
2914 2673 3198 2742 inquiunt,
3225 2673 3428 2739 justitla
3464 2673 3595 2740 Dei,

1989 2763 2234 2829 quando,
2263 2765 2306 2816 si
2336 2765 2454 2830 quis
2487 2762 2573 2814 hic
2601 2772 2818 2829 peccet,
2848 2774 2901 2815 et
2934 2763 3018 2816 hic
3045 2772 3098 2817 et
3125 2764 3232 2818 illic
3256 2779 3441 2832 poenas
3467 2765 3599 2820 dei?

1991 2853 2166 2906 Vultis
2200 2854 2358 2922 igitur
2399 2862 2454 2904 ut
2481 2853 2620 2905 dicta
2658 2863 2834 2905 vestra
2866 2855 2915 2905 in
2951 2855 3269 2907 memoriam
3314 2855 3464 2910 vobis
3507 2871 3598 2910 re-

1990 2961 2197 3008 vocem,
2233 2961 2299 2997 ne
2330 2945 2467 2997 ultra
2502 2945 2738 2997 laborem
2770 2944 2922 2996 n'ohis
2950 2943 3209 3008 afl'eratis,
3237 2944 3331 2998 sed
3354 2959 3418 2999 es
3444 2946 3600 3001 vobis

1991 3038 2122 3106 ipsis
2163 3038 2483 3089 solutionem
2533 3037 2713 3090 detis?
2740 3035 2932 3089 Multos
2963 3051 3026 3088 ex
3059 3035 3258 3090 nostris
3285 3035 3498 3101 audivi,
3528 3037 3601 3091 si-

1990 3127 2203 3196 quando
2232 3126 2537 3180 edisccrcnt
2564 3126 2887 3179 homicidam
2916 3127 3149 3192 aliquem
3183 3127 3235 3180 in
3257 3127 3460 3196 judicio
3483 3131 3602 3198 ple-

1991 3234 2119 3271 xum
2150 3219 2348 3281 fuisse,
2372 3232 2492 3269 cum
2526 3216 2890 3284 indignatione
2922 3215 3163 3268 dicentes
3197 3234 3209 3268 :
3243 3217 3480 3286 Triginta
3514 3221 3596 3273 vel

1995 3309 2235 3376 pluribus
2260 3307 2497 3359 caedibus
2521 3346 2534 3368 ,
2566 3309 2862 3358 sceleratus
2891 3306 2982 3359 ille
3002 3345 3016 3370 ,
3047 3307 3270 3373 patratis
3289 3347 3306 3372 ,
3338 3323 3441 3361 una
3480 3318 3602 3362 tan-

1994 3411 2104 3454 tum
2137 3400 2253 3452 vice
2285 3408 2512 3452 mortem
2542 3397 2705 3450 subit.
2740 3397 2804 3450 Et
2845 3397 3061 3451 ubinam
3098 3397 3304 3464 justitia
3338 3399 3464 3453 est?
3496 3399 3602 3454 Vos

1991 3511 2119 3561 ergo
2147 3491 2385 3544 fatemini
2415 3500 2642 3542 mortem
2674 3504 2833 3541 unam
2864 3504 2972 3542 non
2995 3489 3126 3543 satis
3149 3504 3363 3558 semper
3387 3506 3509 3546 esse
3535 3493 3604 3547 ad

1991 3583 2309 3651 supplicium
2356 3580 2700 3649 condignum.
2732 3580 2841 3633 (Zur
2869 3595 2999 3648 ergo
3034 3596 3172 3634 nunc
3209 3583 3474 3635 Contraria
3505 3582 3604 3635 de-

1991 3672 2254 3727 cernitis?
2283 3672 2415 3737 Quia
2448 3687 2555 3725 non
2588 3671 2654 3724 de
2696 3669 2817 3724 aliis
2837 3711 2851 3734 ,
2894 3667 2988 3722 sed
3015 3668 3084 3723 de
3112 3669 3262 3722 vobis
3290 3670 3421 3738 ipsis
3457 3670 3604 3738 judi-

1990 3766 2133 3817 cium
2162 3763 2330 3817 fertis.
2383 3762 2472 3816 Sic
2513 3762 2734 3830 proprio
2773 3773 2959 3812 amore
2987 3757 3309 3827 impedimur
3333 3799 3347 3822 ,
3381 3776 3448 3814 ne
3478 3760 3603 3828 quid

1987 3855 2192 3922 justmn
2220 3854 2291 3906 sit
2319 3852 2615 3905 videamus.
2652 3850 2856 3902 Idcirco
2885 3863 3006 3901 cum
3037 3848 3105 3900 de
3132 3847 3252 3902 aliis
3277 3848 3603 3916 judicamus.

1991 3947 2396 3999 accuratissime
2448 3959 2562 3996 rem
2608 3941 2966 4008 indagamus;
3017 3953 3139 3992 cum
3180 3954 3310 3992 vero
3340 3939 3406 3994 de
3450 3941 3607 3994 nobis

1994 4036 2124 4104 ipsis
2151 4077 2164 4100 ,
2199 4033 2438 4089 tenebris
2467 4031 2792 4085 iuvolvimur
2819 4048 2832 4082 τ
2865 4030 2955 4098 qui
2987 4031 3029 4082 si
3070 4044 3286 4082 causam
3319 4039 3554 4084 nostram
3583 4071 3602 4094 ,

1994 4139 2049 4178 nt
2074 4129 2303 4179 alienam
2331 4126 2742 4191 exploraremus
2764 4162 2779 4186 ,
2812 4122 3022 4172 sincere
3063 4129 3119 4172 et
3156 4121 3271 4173 sine
3312 4121 3417 4173 ulla
3449 4136 3606 4175 acce-

1992 4217 2175 4284 ptione
2197 4215 2461 4268 calculum
2488 4212 2771 4265 ferremus.
2800 4211 3021 4263 Peccata
3051 4213 3246 4276 quippe
3281 4221 3460 4263 nostra
3497 4227 3606 4264 non

1990 4309 2197 4361 duabus
2224 4306 2305 4358 vel
2325 4305 2514 4364 tribus,
2539 4301 2632 4355 sed
2658 4301 2803 4354 mille
2826 4299 3088 4352 mortibus
3114 4297 3271 4366 digna
3293 4308 3435 4350 sunt.
3461 4299 3526 4351 Et
3548 4309 3606 4352 ut

1993 4400 2095 4453 alia
2126 4399 2390 4458 omittam,
2423 4392 2774 4447 recordemur
2792 4400 2920 4457 quot
2950 4398 3003 4443 et
3030 4388 3214 4457 quanti
3241 4389 3492 4455 mysteria
3525 4390 3606 4441 iu-

1991 4493 2151 4560 dignc
2175 4489 2559 4558 participamus
2594 4499 2620 4549 :_
2642 4483 2717 4536 illi
2751 4497 2879 4535 vero
2908 4483 2997 4550 qui
3027 4481 3104 4533 sic
3139 4481 3494 4548 participant.
3524 4482 3601 4533 rei

1993 4595 2119 4638 sunt
2148 4579 2393 4649 corporis
2423 4589 2476 4631 et
2498 4576 2777 4643 sanguinis
2799 4572 3021 4627 Christi.
3049 4573 3232 4641 Itaque
3260 4586 3380 4624 cum
3409 4575 3476 4625 de
3506 4573 3588 4623 Im-

1991 4673 2184 4728 micida
2204 4670 2441 4740 loqueris
2463 4707 2476 4728 ,
2509 4666 2682 4735 cogita
2711 4665 2938 4731 teipsqu
2972 4661 3296 4714 homicidam
3327 4675 3470 4714 esse.
3508 4661 3600 4716 Ille

1993 4779 2225 4827 namque
2272 4763 2544 4813 hominem
2575 4757 2818 4821 occidit,
2876 4764 2931 4809 tu
2980 4768 3108 4808 vero
3155 4755 3342 4807 mortis
3389 4755 3602 4810 Domini

1992 4871 2114 4909 reus
2135 4869 2194 4909 es
2220 4871 2231 4906 :
2263 4852 2350 4905 ille
2379 4867 2484 4904 nun
2516 4849 2898 4920 mysteriorum
2925 4844 3190 4914 particeps
3214 4844 3324 4905 fuit,
3351 4859 3450 4898 nos
3470 4859 3602 4899 vi-ro

1990 4961 2141 5002 Stcra
2171 4958 2352 4998 mensa
2391 4941 2637 4994 fruimur.
2669 4937 2806 5002 Quid
2850 4937 2918 4990 de
2946 4935 3009 4988 iis
3046 4935 3218 4988 dicam
3241 4977 3254 5000 ,
3283 4937 3370 5003 qui
3406 4935 3602 4989 fratres

1990 5052 2118 5091 suos
2158 5034 2440 5092 mordent,
2473 5030 2769 5091 devorant,
2819 5026 3151 5093 multumque
3199 5025 3386 5077 veneni
3430 5027 3601 5078 -'tiiutt-

1991 5129 2162 5183 dttut?
2189 5123 2315 5196 quid
2340 5123 2405 5176 de
2427 5122 2517 5175 illo
2545 5123 2633 5188 qui
2661 5119 2840 5172 cibum
2868 5115 3191 5184 pauperibus
3216 5113 3444 5181 abripit?
3469 5116 3598 5168 Nam

1989 5224 2032 5274 si
2063 5222 2108 5274 is
2132 5260 2147 5284 ,
2181 5220 2270 5288 qui
2313 5218 2713 5285 eleemosynam
2745 5226 2852 5264 non
2894 5218 3104 5279 erogat,
3151 5210 3199 5262 id
3233 5210 3353 5262 facit
3382 5250 3394 5272 ,
3428 5211 3597 5263 multo

1990 5312 2161 5379 magis
2194 5311 2281 5362 ille
2310 5308 2400 5377 qui
2432 5308 2604 5360 aliena
2632 5302 2846 5370 abripit.
2881 5301 3022 5365 Quot
3071 5299 3275 5350 furibus
3305 5298 3602 5353 deteriores

1990 5411 2114 5455 sunt
2143 5401 2332 5454 avari?
2363 5405 2493 5467 quot
2526 5393 2809 5449 homicidis
2839 5401 2894 5445 et
2921 5390 3293 5458 sepulcrorum
3328 5389 3603 5444 eliossor'i-

1992 5495 2092 5547 bus
2121 5493 2333 5561 pejores
2379 5501 2502 5544 sunt
2556 5487 2846 5556 raptores?
2894 5494 3025 5552 quot
3073 5485 3418 5550 reperiuntur
3467 5483 3600 5550 qui,

1991 5594 2272 5654 postquam
2301 5582 2618 5649 spoliarunt,
2639 5578 2705 5631 ad
2730 5577 3079 5645 spoliatorum
3103 5579 3262 5627 etiam
3286 5576 3601 5646 sanguinem

1994 5676 2248 5731 inhiant?
2276 5675 2455 5737 Absit,
2491 5672 2720 5741 inquies.
2753 5668 2905 5723 Nunc
2934 5669 3087 5730 dicis,
3125 5667 3277 5721 Absit
3303 5685 3318 5734 ;
3349 5681 3470 5721 cum
3499 5666 3602 5718 ini-

2060 5791 2076 5818 ι
2115 5784 2220 5843 Alii,
2265 5781 2528 5848 sapimtia'.
