4076 6522
544 537 738 591 micem
759 527 983 586 habebis
1001 567 1019 592 ,
1047 536 1158 581 tum
1177 523 1283 587 die,
1317 522 1471 577 Absit
1489 560 1503 584 .
1545 535 1609 575 ac
1639 520 1901 574 dictorum
1932 528 2116 571 recor-

541 628 672 680 dare
694 663 711 686 ,
741 629 798 677 et
815 619 976 685 vitam
1003 626 1144 672 tuam
1171 630 1291 670 cum
1331 626 1521 688 magna
1550 611 1765 665 institue
1806 606 2077 675 diligentia
2100 644 2114 669 ,

538 730 609 771 ne
656 712 1011 769 Sodomorum
1055 707 1189 762 mala
1240 718 1339 758 nos
1377 703 1679 770 excipiant,
1710 715 1779 752 ne
1804 695 2118 767 Gomorriuu

545 803 685 858 mala
712 803 1006 872 patiamur,
1036 812 1103 853 ne
1130 795 1414 866 Tyriorum
1449 801 1505 847 et
1544 789 1881 846 Sidoniorum
1933 800 2117 857 pmnas

538 893 769 956 demus;
818 894 925 946 imo
965 888 1139 958 potius
1183 901 1252 941 ne
1275 885 1544 940 Christum
1567 880 1903 937 offendamus
1928 919 1941 941 ,
1973 875 2113 945 quod

541 982 780 1039 omnium
807 991 888 1036 est
926 978 1296 1049 gravissimum
1324 983 1377 1028 et
1406 970 1879 1026 terribilissimum.
1907 966 2041 1021 Nam
2069 966 2113 1018 si

543 1072 725 1126 multis
743 1070 982 1139 gehenna
1020 1067 1229 1121 videtur
1254 1063 1506 1118 terribilis
1529 1075 1679 1126 esse,
1723 1074 1829 1112 non
1865 1058 2022 1111 linem
2054 1057 2133 1106 la-

1280 408 1337 465 S.
1368 403 1647 465 IOANNIS
1680 395 2153 462 CHRYSOS'I'OMI
2206 398 2523 459 ARCHIEP.
2564 401 3107 459 CONSTANTINOP.

3694 398 3788 457 4ἳο

2222 517 2362 571 ciam
2390 517 2652 572 clamandi
2685 516 2786 570 hoc
2820 530 2941 571 esse
2968 516 3210 586 gehenna
3252 516 3467 586 gravius
3503 531 3567 574 ac
3588 518 3793 575 terribi-

2222 607 2345 662 lius.
2378 609 2444 663 Et
2481 623 2575 663 vos
2616 610 2685 662 ita
2716 608 2935 663 affectos
2965 624 3086 663 esse
3110 623 3239 677 rogo
3265 627 3277 661 :
3305 608 3385 664 sic
3406 611 3552 664 enim
3579 622 3633 665 et
3658 628 3685 663 a
3711 627 3795 680 ge-

2222 701 2396 753 ltenna
2424 699 2802 763 liberabimur,
2838 709 2892 752 et
2914 698 3112 754 Christi
3140 699 3309 768 gloria
3337 699 3577 755 fruemur
3604 721 3619 755 :
3642 718 3792 772 quam

2220 804 2321 843 nos
2347 803 2537 844 omnes
2561 790 2770 856 assequi
2801 790 3106 859 contingat,
3138 793 3309 859 gratia
3354 802 3409 846 et
3440 794 3793 849 misericordia

2222 879 2430 934 Domini
2468 880 2635 933 nostri
2670 879 2795 934 Iesu
2824 879 3058 944 Christi,
3087 881 3173 935 cui
3204 883 3372 950 gloria
3404 891 3459 938 et
3484 884 3791 955 imperium,

2219 970 2272 1024 in
2301 971 2493 1025 saecula
2520 968 2854 1024 saeculorum.
2879 971 3068 1024 Amen.

1524 1260 1872 1325 HOMILIA
1938 1254 2269 1318 XXXVII.
2316 1254 2402 1315 al.
2450 1254 2809 1317 XXXVIII.

535 1412 665 1469 Cn.
694 1412 751 1469 ll
768 1450 782 1466 .
808 1428 862 1468 v.
889 1412 945 1466 7.
984 1408 1102 1463 Illis
1131 1418 1298 1462 autem
1326 1406 1649 1466 abeuntibus,
1680 1403 1826 1472 carpit
1853 1401 2003 1454 Iesus
2031 1398 2115 1450 di-

608 1520 718 1556 cere
744 1484 823 1554 "ad
868 1503 1037 1555 turbas
1074 1501 1137 1553 de
1160 1497 1361 1551 Joanne
1382 1516 1399 1550 ,ν
1433 1496 1570 1563 Quid
1598 1495 1768 1548 existis
1787 1494 1838 1545 in
1854 1492 2115 1557 “desertum

604 1588 813 1644 uidere?
852 1588 1149 1642 arundinem
1195 1603 1226 1638 a
1263 1574 1406 1638 vento
1444 1585 1684 1651 agitatam
1706 1582 1732 1635 ἵ
1775 1580 1826 1634 4.
1862 1578 1966 1634 Sed
1992 1576 2115 1641 quid

607 1681 780 1743 existis
828 1680 1036 1733 videre?
1075 1678 1329 1730 hominem
1375 1675 1612 1728 mollibus
1651 1674 1881 1727 vestitum
1915 1672 1938 1724 ?
1987 1670 2116 1724 Ecce

605 1771 692 1837 qui
744 1769 975 1822 mollibus
1026 1769 1321 1830 vestiuntur,
1374 1767 1427 1819 in
1474 1764 1704 1819 domibus
1753 1779 1923 1839 regum
1975 1771 2110 1815 sunt.

606 1860 663 1915 9.
693 1859 799 1915 Sed
818 1859 941 1928 quid
969 1858 1138 1913 existis
1168 1858 1332 1910 uidere
1352 1857 1377 1907 ?
1404 1854 1749 1925 prophetam?
1774 1851 1968 1918 Etiam,
2002 1851 2114 1907 dico

605 1948 760 2012 nobis,
791 1958 837 2001 et
860 1948 973 2015 plus
1001 1940 1150 2016 quam
1180 1945 1500 2015 prophetam.

606 2041 657 2094 I.
681 2038 909 2093 Christus
924 2038 1173 2107 quomodo
1192 2038 1383 2106 [omam
1400 2034 1618 2089 Joannis
1645 2034 1889 2104 Baptista
1912 2032 2115 2087 adstru-

534 2130 664 2183 xerit
682 2138 728 2181 et
750 2128 1247 2199 defenderit.——.Qum
1263 2127 1328 2180 ad
1345 2127 1635 2197 discipulos
1660 2126 1879 2180 Ioannis
1906 2134 2118 2193 specta-

538 2218 666 2275 bant
690 2229 834 2275 recte
854 2220 1093 2273 ordinata
1116 2227 1237 2272 sunt
1260 2234 1275 2283 ;
1297 2219 1479 2286 illique
1498 2219 1875 2278 discesserunt,
1892 2230 1923 2269 a
1949 2216 2114 2285 signis

532 2325 651 2382 qua:
676 2309 852 2364 statim
884 2310 1017 2363 facta
1048 2321 1174 2363 sunt
1211 2308 1507 2362 conﬁrmati
1543 2323 1556 2359 :
1587 2305 1821 2360 restabat
1850 2306 2065 2359 demum
2090 2344 2108 2370 ,

534 2409 595 2455 ut
624 2415 741 2470 quas
769 2400 834 2453 ad
865 2399 1042 2469 populi
1068 2400 1372 2469 opinionem
1405 2399 1739 2467 pertinebant
1766 2404 2104 2450 curarentur.

537 2491 615 2546 Illi
639 2492 832 2560 quippe
857 2491 925 2544 de
953 2490 1207 2558 magistro
1237 2504 1333 2543 suo
1359 2489 1487 2542 nihil
1518 2502 1675 2554 supra
1714 2486 1976 2540 dictorum
2016 2501 2109 2538 sn-

530 2579 908 2648 Ipicabantur;
942 2578 1091 2631 turba
1117 2592 1242 2632 vero
1272 2578 1469 2646 populi,
1498 2590 1564 2631 ex
1596 2576 2007 2644 interrogatione
2033 2573 2114 2627 di-

538 2670 865 2738 scipulorum
909 2668 1163 2732 Joannis,
1193 2668 1420 2722 absurda
1470 2667 1632 2720 multa
1676 2668 1940 2735 suspicata
1992 2675 2108 2731 est,

530 2758 673 2829 quod
725 2757 954 2812 nesciret
1002 2772 1102 2827 qua
1155 2765 1335 2811 mente
1381 2755 1470 2810 ille
1513 2754 1802 2823 discipulos
1834 2755 2106 2809 misisset:

530 2847 923 2916 verisimileque
952 2856 1035 2900 est
1073 2846 1194 2899 illos
1219 2846 1298 2899 sic
1324 2844 1461 2898 intra
1490 2859 1551 2898 se
1576 2844 1918 2899 ratiocinatos
1944 2857 2065 2898 esse
2091 2860 2107 2898 :

528 2940 632 3007 Qui
679 2947 757 2992 tot
804 2947 1054 3005 tantaque
1084 2935 1393 2990 testificatus
1418 2945 1553 2999 erat,
1582 2949 1723 2988 nunc
1750 2944 1982 2989 mutatus
2008 2935 2111 2987 du—

530 3029 682 3089 bitat,
710 3028 970 3090 numltie,
1004 3042 1127 3078 num
1155 3027 1289 3079 alius
1322 3036 1576 3079 venturus
1602 3024 1702 3077 sit?
1727 3024 1857 3077 Num
1886 3026 1973 3093 qui
1995 3024 2107 3077 haec

526 3118 657 3171 dicit
683 3115 898 3170 dissidia
921 3131 1041 3169 cum
1076 3114 1200 3169 Iesu
1228 3114 1444 3168 movet?
1471 3129 1597 3167 num
1628 3114 1860 3168 timidior
1888 3131 1949 3168 ex
1984 3129 2104 3167 car-

527 3220 650 3259 cere
682 3200 884 3258 faetus?
918 3220 1041 3257 num
1070 3214 1269 3257 temere
1294 3204 1475 3271 priora
1503 3204 1750 3256 dixerat?
1781 3204 1913 3269 Quia
1945 3204 2104 3274 igitur

529 3296 823 3350 verisimile
844 3304 954 3350 erat
985 3296 1124 3362 ipsos
1148 3295 1267 3346 talia
1310 3294 1474 3347 multa
1501 3294 1756 3362 suspicari
1782 3335 1796 3358 ,
1826 3294 1945 3348 vide
1968 3310 2104 3363 quo-

528 3386 687 3440 modo
729 3385 939 3438 illorum
986 3383 1345 3437 infirmitatem
1377 3385 1629 3452 corrigat,
1663 3393 1716 3437 et
1742 3383 1835 3439 has
1862 3392 2105 3437 amoveat

525 3474 880 3542 suSpicioues.
926 3471 1170 3523 Euntibus
1216 3473 1347 3523 enim
1392 3472 1524 3535 illis,
1559 3471 1893 3540 cmpitdicere
1922 3471 2098 3525 turbis.

524 3561 632 3615 Cur
664 3561 909 3614 Euntibus
939 3561 1039 3614 illis
1058 3561 1083 3613 Ρ
1108 3560 1185 3615 Ne
1211 3560 1483 3614 videretur
1516 3561 1719 3613 adulari
1744 3561 1938 3613 virum.
1968 3561 2101 3613 Dum

526 3659 703 3705 autem
735 3651 910 3719 populi
941 3650 1246 3719 Opinionem
1275 3648 1543 3713 emendat,
1574 3649 1716 3702 illius
1742 3649 2100 3718 suspicionem

525 3754 630 3794 non
656 3740 873 3794 adducit
904 3744 955 3794 in
984 3738 1236 3801 medium,
1259 3737 1353 3793 sed
1379 3739 1694 3791 solutionem
1722 3747 1921 3791 tantum
1948 3737 2101 3792 affert

522 3830 942 3892 ratiociniorum,
968 3843 1086 3895 qua:
1107 3828 1317 3881 illorum
1334 3836 1567 3882 mentem
1590 3827 1890 3891 turbabant,
1921 3836 2101 3882 osten-

525 3919 657 3972 deus
706 3934 765 3971 se
809 3918 1047 3971 nuntium
1096 3927 1304 3971 secreta
1352 3932 1697 3983 cognoscere.
1746 3918 1929 3986 Neque
1956 3920 2097 3973 enim

520 4008 648 4061 dicit
665 4008 803 4060 sicut
822 4005 1021 4060 Iudicis
1035 4004 1244 4059 dicebat
1270 4020 1284 4057 :
1317 4004 1454 4069 Quid
1473 4006 1700 4074 cogitatis
1725 4007 1858 4058 mala
1883 4006 2095 4073 (Matth.

521 4094 573 4149 9.
604 4095 659 4163 ι)
686 4095 708 4147 ?
754 4094 970 4147 Etiamsi
1007 4093 1148 4146 enim
1191 4091 1513 4161 cogitarent,
1545 4108 1649 4147 non
1678 4110 1743 4148 ex
1771 4096 2097 4166 malignitate

519 4184 848 4252 cogitabant.
884 4182 978 4236 sed
1008 4181 1148 4250 quod
1179 4197 1240 4236 ea
1271 4196 1391 4249 quat
1428 4182 1741 4237 dicebantur
1768 4186 2093 4255 ignorarent.

521 4272 645 4327 Ideo
666 4287 770 4326 non
803 4274 995 4327 acriter
1020 4272 1310 4340 alloquitur
1335 4268 1475 4334 illos,
1506 4271 1599 4324 sed
1628 4273 1838 4326 illorum
1863 4286 2095 4329 mentem

518 4372 721 4418 tantum
763 4364 1019 4430 corrigit,
1068 4360 1439 4430 Ioannomque
1481 4360 1756 4427 defendit,
1808 4364 2098 4434 probatque

518 4453 663 4506 illum
692 4468 796 4505 nou
832 4468 859 4503 a
887 4454 1064 4518 priore
1088 4451 1348 4505 sententia
1376 4448 1681 4515 deﬂexisse,
1715 4466 1813 4507 nec
1839 4462 2095 4509 mutatum

518 4540 699 4594 fuisse.
734 4538 916 4606 Neque
940 4540 1080 4592 enim
1108 4548 1209 4604 est,
1240 4538 1431 4607 inquit,
1461 4539 1620 4593 homo
1644 4540 1777 4595 levis
1820 4543 1902 4597 vel
1944 4545 2096 4598 volu-

518 4627 661 4683 bilis.
708 4630 800 4680 sed
842 4632 1041 4688 lit-inus,
1075 4639 1364 4691 COItSlanS;
1394 4643 1492 4681 nec
1521 4630 1660 4692 talis,
1689 4633 1775 4695 qui
1812 4633 2003 4700 prodat
2035 4650 2095 4689 ea

515 4731 634 4783 qur
661 4716 762 4769 sibi
792 4716 1095 4768 conrredata
1129 4726 1271 4769 sunt.
1310 4717 1430 4770 time
1457 4725 1631 4772 autem
1663 4720 1731 4773 ita
1774 4726 2057 4777 concinnat
2079 4766 2092 4789 ,

516 4816 570 4857 et
621 4821 725 4859 non
772 4809 948 4860 statim
998 4822 1061 4859 ex
1114 4808 1325 4875 propria
1356 4812 1642 4873 sententia,
1671 4812 1763 4866 sed
1790 4831 1854 4868 ex
1883 4816 2094 4870 illorum

514 4896 820 4948 tesimouin
850 4895 1099 4964 procedat
1127 4914 1139 4948 :
1168 4911 1270 4949 non
1299 4912 1365 4951 ex
1395 4896 1552 4952 dictis
1582 4911 1781 4955 tantum
1818 4906 2050 4971 ipsorum
2076 4948 2091 4971 ,

514 4983 609 5037 sed
643 4993 693 5037 et
721 5001 784 5037 ex
821 4985 1072 5047 operibus
1101 4985 1388 5039 ostendens
1417 4987 1560 5056 ipsos
1588 4994 1705 5055 ejus
1743 4998 2091 5051 constantiam

514 5077 827 5129 testiﬁcatus
846 5091 982 5130 esse.
1016 5078 1301 5146 Propterea
1322 5078 1471 5144 dicit,
1502 5081 1636 5147 Quid
1658 5087 1831 5138 existis
1855 5089 1905 5141 in
1933 5091 2094 5143 deser-

517 5176 620 5215 twn
647 5165 810 5217 videre
830 5166 855 5215 ἰ)
883 5180 945 5218 ac
975 5166 1019 5218 si
1047 5167 1286 5231 diceret,
1318 5169 1426 5221 Cur
1454 5172 1652 5225 relictis
1682 5176 1930 5242 urbibus,
1962 5181 2091 5235 :cdi-

516 5255 741 5323 basque,
772 5256 821 5308 in
849 5256 1120 5310 desertum
1147 5261 1471 5314 convenistis
1496 5266 1723 5318 omnes?
1764 5276 1819 5319 ut
1843 5270 2090 5326 miserum

516 5345 798 5411 quemdam
828 5357 880 5399 et
905 5346 1071 5401 levem
1099 5348 1367 5403 hominem
1393 5352 1642 5409 videretis
1663 5357 1685 5407 ἲ
1705 5354 1808 5411 Sed
1832 5359 1882 5412 id
1909 5372 2091 5417 contra

516 5439 713 5488 rectam
750 5436 1004 5490 rationem
1048 5450 1209 5492 esset.
1261 5438 1437 5508 Neque
1468 5446 1607 5496 enim
1650 5445 1717 5498 ita
1758 5451 1993 5519 arguitur
2028 5469 2089 5507 ex

515 5527 603 5580 ilio
630 5535 775 5581 tanto
829 5526 1000 5578 studio
1026 5570 1039 5589 ,
1084 5541 1190 5594 quo
1236 5528 1285 5579 in
1316 5528 1585 5586 desertum
1608 5540 1914 5591 accurtistis
1954 5558 1963 5591 :
1996 5558 2093 5596 nec

515 5625 691 5669 tantus
722 5615 979 5683 populus,
1012 5625 1086 5667 tot
1114 5618 1355 5671 civitates
1394 5635 1512 5673 cum
1546 5632 1695 5678 tanto
1721 5628 1899 5681 studio
1924 5627 1971 5682 iu
1999 5632 2089 5684 de.

513 5715 714 5757 sertum
740 5713 794 5757 et
827 5705 891 5757 ad
920 5703 1205 5760 Iordanem
1237 5707 1440 5763 uillosa:
1464 5721 1677 5779 essent,
1720 5717 1818 5772 nisi
1848 5732 2095 5789 magnum

2226 1396 2539 1463 quemdam,
2585 1398 2955 1456 admirandum
2993 1413 3047 1458 et
3090 1408 3577 1460 constantissimum
3628 1409 3793 1461 viruut

2222 1501 2318 1539 vos
2346 1488 2555 1542 visuros
2584 1492 2920 1557 sperassetis.
2951 1494 3131 1565 Neque
3161 1482 3309 1551 enim
3334 1499 3595 1551 calamum
3616 1500 3796 1552 existis

2223 1578 2393 1630 visum
2421 1619 2436 1642 ,
2468 1596 2497 1631 a
2526 1590 2685 1634 vento
2720 1585 3003 1650 agitatum;
3044 1602 3165 1640 nam
3215 1587 3359 1642 leves
3388 1587 3629 1643 homines
3652 1629 3666 1654 ,
3712 1592 3796 1658 qui

2222 1666 2325 1721 huc
2351 1669 2475 1723 illuc
2515 1670 3002 1738 circumferuntur,
3035 1686 3089 1729 et
3117 1676 3276 1730 modo
3321 1675 3469 1738 hzec,
3514 1677 3670 1732 modo
3713 1680 3794 1732 illa

2221 1756 2427 1823 dicunt,
2479 1761 2531 1813 in
2579 1761 2828 1831 nullaque
2878 1779 2933 1817 re
2975 1766 3295 1831 consistunt,
3327 1768 3532 1821 calamo
3560 1778 3685 1822 sunt
3722 1768 3797 1822 si-

2220 1848 2392 1902 miles.
2424 1849 2503 1902 Ac
2529 1851 2797 1931 perpende
2829 1854 3098 1921 quomodo
3126 1857 3271 1910 omni
3315 1856 3530 1911 dimissa
3578 1859 3797 1922 malitia,

2218 1936 2287 1992 de
2316 1936 2417 1992 hac
2442 1938 2553 1992 sola
2584 1954 2725 1994 nunc
2745 1951 2884 2010 agat,
2904 1958 3024 2012 quae
3075 1946 3222 2014 ipsos
3252 1943 3515 2012 subierat,
3570 1947 3800 2002 levitatis

2218 2027 2558 2096 suspicione,
2588 2044 2746 2099 quam
2776 2046 3025 2087 amovere
3053 2045 3291 2088 conatur.
3331 2036 3437 2089 Sed
3475 2037 3597 2103 quid
3631 2038 3802 2091 existis

2220 2119 2425 2172 videre?
2454 2120 2703 2174 hominem
2728 2122 2961 2176 mollibus
2990 2127 3216 2178 vestitum
3237 2128 3263 2179 ?
3291 2126 3420 2181 Ecce
3458 2130 3542 2196 qui
3571 2130 3802 2187 mollibus

2220 2211 2495 2263 vestiuntur
2518 2252 2531 2274 ,
2580 2213 2629 2264 in
2655 2213 2885 2267 domibus
2929 2231 3102 2284 regum
3124 2226 3260 2269 sunt.
3290 2218 3442 2282 Quod
3474 2236 3600 2273 veto
3630 2220 3798 2283 dicit,

2218 2307 2302 2353 est
2330 2299 2631 2366 ltnjnsmodi
2665 2318 2678 2353 :
2707 2304 2749 2354 A
2775 2304 2951 2371 seipse
2974 2306 3059 2359 ille
3088 2320 3192 2359 non
3228 2309 3477 2363 volubilis
3497 2320 3579 2363 est
3603 2328 3615 2362 :
3640 2310 3800 2380 idque

2218 2401 2311 2440 vos
2353 2387 2666 2443 declarastis
2709 2407 2775 2445 ex
2822 2403 2999 2448 vestro
3026 2410 3151 2464 erga
3198 2396 3347 2451 illum
3388 2400 3586 2452 studio.
3617 2399 3802 2470 Neque

2216 2476 2343 2530 illud
2366 2478 2470 2531 dici
2491 2480 2677 2546 possit,
2703 2481 2847 2534 illum
2867 2484 2990 2535 olim
3014 2497 3345 2541 constantem
3366 2494 3589 2557 primum
3616 2490 3797 2556 fuisse.

2218 2564 2314 2619 sed
2360 2582 2422 2620 ex
2470 2567 2676 2621 deliciis
2726 2580 2909 2637 postea
2958 2573 3171 2627 mollem
3218 2574 3463 2630 effectum
3495 2592 3631 2632 csse.
3664 2580 3799 2635 Nam

2214 2655 2357 2724 apud
2385 2656 2630 2711 homines
2654 2658 2868 2726 quidam
2899 2661 2975 2715 sic
3000 2673 3311 2729 nascuntur,
3340 2667 3428 2720 alii
3462 2669 3591 2722 tales
3613 2680 3799 2737 postea

2216 2746 2349 2798 liunt
2373 2762 2387 2798 :
2420 2747 2653 2815 exempli
2681 2762 2861 2815 causa,
2884 2751 3019 2804 alius
3046 2762 3234 2809 natura
3262 2769 3355 2809 sua
3387 2759 3670 2813 iracundus
3690 2768 3796 2828 est,

2213 2834 2351 2889 alios
2395 2850 2461 2889 ex
2513 2836 2668 2907 longa
2714 2841 3027 2909 {egritudine
3073 2844 3125 2897 in
3171 2846 3310 2899 hunc
3357 2852 3519 2902 animi
3549 2851 3798 2907 morbum

2216 2925 2421 2983 incidit.
2445 2928 2530 2981 Sic
2558 2929 2644 2981 alii
2674 2930 3040 2989 inconstantes
3068 2946 3120 2989 et
3145 2936 3287 2991 leves
3318 2952 3504 2994 natura
3531 2958 3624 2997 sua
3649 2956 3797 3009 sunt,

2212 3016 2299 3067 alii
2338 3018 2478 3083 quod
2519 3017 2723 3073 deliciis
2762 3032 2816 3075 et
2856 3022 3110 3091 voluptati
3138 3026 3480 3092 indulserint,
3514 3033 3648 3086 tales
3672 3044 3800 3089 sunt

2210 3105 2402 3161 ell'ecti.
2431 3111 2497 3161 At
2522 3110 2775 3173 Ioannes,
2808 3112 2997 3181 inquit,
3028 3131 3134 3169 non
3169 3129 3357 3173 natura
3387 3123 3504 3174 talis
3542 3132 3625 3177 est
3654 3144 3666 3177 :
3701 3142 3800 3187 ne-

2213 3210 2319 3264 que
2360 3198 2500 3249 enim
2545 3190 2805 3252 calamum
2856 3203 3040 3257 existis
3070 3206 3272 3281 videre,
3314 3226 3486 3279 neque
3536 3215 3797 3283 voluptati

2209 3283 2421 3339 deditus
2451 3302 2568 3339 eam
2598 3303 2754 3354 quam
2788 3290 3190 3348 habebatanimi
3209 3296 3389 3350 dotem
3412 3302 3611 3356 amisit.
3638 3304 3796 3368 Quod

2208 3374 2350 3426 enim
2376 3375 2631 3443 voluptati
2664 3391 2768 3431 nun
2796 3381 3014 3440 serviat.
3050 3381 3100 3435 id
3130 3397 3357 3452 arguunt
3385 3389 3607 3444 vestitus
3631 3392 3747 3460 ejus
3777 3435 3792 3457 ,

2206 3463 2476 3519 desertum
2502 3506 2516 3531 ,
2544 3482 2750 3523 carcer.
2778 3469 2911 3524 Nam
2937 3470 2982 3524 si
3011 3474 3260 3530 mollibus
3289 3481 3470 3533 vestiri
3496 3482 3748 3539 voluisset
3774 3526 3793 3550 ,

2208 3568 2313 3605 non
2341 3556 2606 3608 desertum
2638 3558 2929 3622 coluisset,
2961 3576 3066 3615 non
3103 3576 3370 3619 carcerem
3399 3609 3411 3631 ,
3444 3572 3537 3623 sed
3566 3574 3791 3642 regiam.

2205 3639 2421 3695 Licebat
2450 3644 2591 3696 enim
2620 3644 2693 3697 illi
2720 3686 2733 3709 ,
2766 3648 2808 3699 si
2843 3652 3132 3715 tacuisset,
3164 3654 3360 3723 ingenti
3412 3657 3508 3711 {rut
3561 3639 3793 3724 honore.

2206 3729 2413 3783 Etenim
2463 3744 2627 3801 quem
2671 3733 2909 3790 Herodes
2941 3739 3023 3792 vel
3054 3744 3458 3811 redargueutem
3503 3764 3561 3802 se
3591 3761 3643 3804 et
3672 3754 3795 3808 vin-

2204 3829 2348 3873 ctum
2370 3822 2441 3874 ita
2474 3827 3001 3890 reverebatur,certe
3025 3831 3069 3884 si
3098 3834 3353 3887 tacuisset
3386 3846 3501 3890 erat
3521 3837 3782 3895 adulatu-

2204 3923 2319 3963 rus.
2352 3910 2486 3965 Cum
2526 3932 2657 3984 ergo
2690 3920 2858 3985 gestis
2889 3921 3003 3975 suis
3027 3922 3301 3977 lirutitatis
3345 3931 3778 4000 constantiaeque

2202 4016 2312 4054 sua:
2340 4004 2761 4070 experimentum
2798 4007 3001 4062 dederit
3021 4051 3036 4075 ,
3070 4012 3334 4078 quomodo
3362 4016 3414 4069 iu
3450 4020 3580 4073 tales
3606 4026 3793 4091 suspi-

2200 4092 2382 4147 ciones
2401 4094 2522 4162 jure
2552 4096 2749 4150 cadat?

2348 4182 2574 4235 Joannes
2598 4182 2825 4250 Baptista
2849 4187 2962 4255 plus
2980 4206 3127 4258 quam
3151 4195 3395 4263 prapheta
3418 4213 3447 4248 a
3464 4196 3665 4256 Christo
3685 4220 3789 4274 ap-

2202 4271 2439 4337 pellatus,
2456 4274 2508 4325 in
2529 4290 2625 4343 quo
2648 4278 2837 4331 cwteris
2860 4290 3055 4346 prwstet
3082 4286 3357 4350 prophetis.
3374 4287 3603 4346 Christus
3629 4271 3795 4365 neque

2200 4377 2314 4414 cum
2345 4361 2548 4418 Joanne
2588 4382 2745 4431 neque
2791 4385 2904 4421 cum
2929 4371 3030 4424 alio
3065 4373 3264 4441 homine
3293 4385 3579 4449 coneparari
3600 4361 3789 4456 potest.

2198 4480 2270 4492 -
2296 4452 2578 4521 Postquam
2600 4472 2728 4525 ergo
2749 4468 2802 4511 et
2827 4475 2855 4511 a
2890 4460 3007 4526 loco
3026 4504 3040 4525 ,
3070 4476 3119 4519 et
3153 4482 3182 4518 a
3213 4472 3450 4525 vesnbus
3472 4516 3487 4537 ,
3515 4488 3563 4529 et
3592 4452 3620 4528 a
3649 4495 3792 4533 eun-

2201 4556 2365 4599 cttrsn
2408 4548 2589 4616 populi
2636 4565 2814 4604 meres
2853 4554 2971 4621 ejus
3004 4555 3317 4627 descripsit,
3356 4562 3567 4617 induxit
3603 4577 3800 4633 postea

2206 4636 2538 4704 prophetam.
2568 4640 2704 4693 Cum
2736 4642 2966 4696 dixisset.
2988 4647 3156 4712 enim,
3184 4650 3327 4713 Quid
3354 4654 3540 4707 existis
3573 4655 3749 4711 videre
3770 4661 3802 4712 Ρ

2208 4720 2506 4790 Prop/Ictum
2522 4725 2727 4779 .9Etiam
2752 4728 2862 4780 diro
2887 4730 3039 4795 vobis,
3066 4747 3111 4783 et
3137 4736 3251 4801 plus
3276 4753 3423 4803 quam
3447 4744 3744 4809 prt'tpltetaut
3766 4762 3795 4804 :

2200 4815 2346 4867 addit
2378 4856 2381 4859 .
2422 4817 2506 4870 19.
2554 4816 2652 4870 Hic
2680 4829 2750 4872 est
2780 4824 2908 4871 enim
2934 4860 2949 4883 ,
2992 4823 3053 4874 de
3092 4842 3190 4893 quo
3234 4831 3479 4897 scriptum
3502 4844 3573 4887 est
3604 4851 3622 4887 :
3653 4837 3796 4895 Erae

2199 4907 2339 4959 mitto
2367 4910 2597 4977 angelum
2622 4926 2785 4963 meum
2813 4923 2927 4964 ante
2956 4915 3135 4982 facient
3162 4926 3298 4971 tuom
3322 4960 3335 4983 ,
3365 4924 3447 4990 qui
3478 4930 3795 4995 pratpurobil

2199 4997 2330 5047 vium
2351 5007 2484 5047 tuam
2500 5009 2619 5050 ante
2642 5008 2689 5050 te
2710 4999 2724 5063 (
2738 4998 2961 5052 Maiach.
2985 5002 3035 5056 5.
3060 5006 3132 5075 1).
3156 5004 3287 5059 Cum
3308 5011 3451 5077 prius
3471 5012 3793 5072 Iudaeorum

2204 5086 2560 5141 testimonium
2584 5088 2916 5156 adduxisset,
2945 5101 3068 5149 tunc
3092 5098 3400 5169 prophetam
3423 5104 3595 5159 all‘ert.
3619 5107 3794 5174 Quin-

2200 5177 2305 5231 imo
2330 5177 2607 5233 Iudaicum
2636 5180 2898 5235 calculum
2929 5184 3097 5249 primo
3128 5188 3289 5255 ponit,
3318 5193 3459 5259 quod
3491 5200 3795 5257 maximum

2198 5280 2280 5323 est
2321 5283 2724 5339 argumentum,
2770 5275 2983 5343 quando
3023 5278 3360 5337 inimicorum
3416 5288 3795 5346 testimonium

2198 5361 2416 5417 affertur
2443 5381 2455 5416 :
2502 5366 2735 5419 secando
2758 5408 2772 5429 ,
2813 5366 3035 5424 Ioannis
3067 5370 3262 5439 vitam;
3294 5379 3448 5431 tertio
3468 5420 3482 5443 ,
3522 5380 3799 5449 judicium

2198 5469 2382 5515 suout;
2434 5467 2645 5523 quarto,
2718 5458 3072 5525 prophetam,
3123 5465 3355 5535 undique
3414 5471 3623 5528 illmum
3692 5493 3797 5531 ora

2198 5544 2470 5597 claudens.
2506 5546 2703 5599 Deinde
2728 5564 2792 5601 ne
2812 5549 3051 5604 dicerent
3082 5569 3094 5605 :
3126 5553 3260 5621 Quid
3285 5574 3411 5629 ergo
3442 5565 3484 5615 si
3519 5565 3638 5617 talis
3666 5581 3800 5623 cum

2199 5644 2341 5687 esset
2377 5635 2485 5702 jam
2517 5645 2751 5689 mutatus
2786 5638 2887 5691 sit?
2916 5650 3107 5696 uetera
3159 5644 3393 5715 adjecit,
3424 5654 3743 5711 vestimenta
3782 5701 3801 5723 ,

2200 5739 2492 5794 carcerem,
2513 5736 2567 5781 et
2591 5738 2771 5798 postea
2800 5729 3153 5798 prophetiam.
3171 5735 3361 5792 Postea
3394 5755 3521 5794 vero
3546 5759 3671 5799 eum
3704 5748 3801 5801 di-
