4076 6436
179 405 261 461 εει
1073 402 1136 459 IN
1173 401 1586 461 MATTHEUM
1628 401 1862 456 IIOMIL.
1898 400 2160 458 XXXVII.
2205 407 2274 459 al.
2321 406 2607 462 XXXVIII.

177 523 322 575 sisset
346 520 494 574 iilnm
526 519 794 590 propheta
825 519 1081 589 majorem
1108 537 1229 578 esse
1249 565 1263 589 ,
1292 522 1528 577 ostendit
1567 523 1616 576 in
1665 537 1772 591 quo

171 611 233 664 sit
276 609 462 680 major.
522 611 583 664 In
638 626 750 680 quo
787 625 916 680 ergo
959 611 1132 682 major
1160 622 1240 668 est
1267 613 1290 666 ἲ
1316 610 1470 678 Quod
1503 612 1574 666 sit
1606 627 1773 682 prope

170 717 278 756 cum
319 702 406 771 qui
452 701 702 757 advenit.
759 700 894 756 Nam
940 703 1013 757 ait
1049 719 1061 754 :
1097 705 1296 758 Mittam
1336 704 1575 773 angelum
1607 704 1773 756 meum

168 803 272 847 ante
313 793 498 863 faciem
547 805 736 857 tuam;
768 795 816 848 id
851 804 928 848 est
953 836 968 860 ,
1003 808 1169 864 prope
1205 804 1276 849 te.
1306 794 1771 863 Quemadmodum

167 888 296 944 enim
337 887 481 957 apud
525 901 721 965 reges,
755 889 843 958 qui
877 903 1042 958 prope
1073 901 1290 942 currqu
1333 889 1617 956 incedunt,
1651 889 1770 944 aliis

167 982 410 1052 dignHate
451 986 697 1057 majores
727 996 857 1043 sunt
884 1005 898 1041 :
931 989 1008 1043 sic
1036 985 1274 1043 Joannes
1301 1002 1469 1058 prope
1494 984 1767 1041 Christum

165 1073 528 1131 advenientem
571 1078 831 1135 incedere
875 1078 1138 1148 cernitur.
1164 1077 1301 1134 Vide
1331 1077 1601 1148 quomodo
1646 1076 1771 1133 hinc

167 1163 269 1232 ejus
296 1167 687 1223 excellentiam
713 1167 984 1234 declarat;
1013 1183 1187 1239 neque
1216 1167 1306 1222 hic
1333 1167 1559 1238 gradum
1588 1167 1730 1222 sistit
1748 1207 1765 1228 ,

165 1253 248 1310 sed
276 1271 426 1311 suam
457 1270 657 1329 postea
685 1258 840 1314 eﬂ‘ert
872 1260 1192 1315 sententiam
1231 1259 1416 1314 dicens
1445 1277 1458 1313 :
1489 1259 1576 1314 II.
1606 1257 1768 1312 Amen

165 1348 265 1402 dico
307 1351 447 1404 vobis
474 1393 489 1415 ,
547 1369 652 1406 non
692 1353 912 1407 surrexit
952 1354 1082 1407 inter
1126 1361 1272 1406 natos
1299 1352 1572 1407 mulierum
1601 1353 1769 1422 major

163 1439 351 1498 Joanne
377 1443 643 1515 Baptista.
675 1445 734 1500 Id
756 1456 858 1510 est,
889 1460 993 1500 non
1023 1446 1232 1518 peperit
1259 1445 1451 1500 mulier
1479 1445 1570 1499 illo
1601 1444 1768 1514 majo-

164 1547 287 1588 rem.
319 1534 536 1591 Sullicit
564 1536 683 1592 ba-c
722 1538 1015 1602 sententia;
1052 1536 1150 1592 scd
1184 1537 1228 1591 si
1253 1536 1331 1590 vis
1361 1550 1425 1591 ex
1455 1535 1614 1591 rebus
1635 1535 1767 1605 ipsis

162 1625 392 1683 ediscere
415 1671 431 1694 ,
478 1629 768 1685 considera
800 1629 940 1684 illius
969 1645 1208 1685 mensam
1231 1671 1245 1694 ,
1288 1630 1486 1684 victum
1512 1670 1527 1696 ,
1571 1627 1767 1684 mentis

161 1718 564 1774 sublimitatem.
600 1720 733 1775 Nam
762 1721 842 1776 sic
868 1721 1102 1786 vivebat,
1133 1736 1195 1775 ac
1221 1722 1265 1774 si
1298 1721 1350 1774 in
1381 1721 1514 1775 cado
1542 1719 1761 1785 luisset,

161 1819 308 1878 atque
337 1813 682 1866 naturalibus
709 1811 957 1881 superior
984 1811 1392 1866 necessitatibus
1413 1852 1428 1877 ,
1459 1809 1762 1865 mirabilem

113 1930 118 1933 ι
160 1904 436 1969 quamdam
494 1905 752 1975 carpebat
790 1906 933 1960 viam
960 1947 975 1971 ,
1023 1905 1076 1960 in
1107 1903 1320 1975 hymnis
1350 1914 1404 1958 et
1428 1902 1764 1958 orationibus

161 2001 318 2050 totum
357 2005 577 2068 tempus
623 1996 922 2068 transigens
950 2039 966 2064 ,
998 2011 1120 2052 cum
1160 1996 1465 2052 mortalium
1507 1997 1759 2062 nemine,

158 2087 244 2142 sed
269 2101 390 2144 cum
422 2089 548 2145 solo
571 2089 682 2145 Deo
701 2088 965 2158 colloquia
986 2087 1239 2142 miscens.
1265 2086 1542 2142 Neminem
1565 2087 1764 2156 quippe

157 2195 537 2238 conservorum
558 2190 798 2247 noverat,
818 2194 922 2234 non
936 2193 994 2234 se
1010 2179 1445 2249 conSpiciendum
1465 2179 1757 2250 prwbebat,

159 2288 254 2325 non
284 2272 424 2328 lacte
454 2271 737 2337 alebatur,
772 2285 879 2325 non
909 2271 1049 2326 lecto
1069 2313 1084 2338 ,
1117 2286 1223 2325 non
1258 2280 1397 2326 tecto
1418 2312 1432 2336 ,
1469 2285 1574 2325 non
1613 2269 1758 2332 loro,

157 2377 256 2418 non
301 2364 406 2416 alia
456 2364 709 2433 quapiam
759 2360 992 2416 humana
1036 2377 1094 2416 re
1132 2361 1438 2426 fruebatur;
1481 2369 1536 2415 ct
1580 2369 1757 2414 tamen

157 2469 464 2510 mansuetus
506 2465 621 2510 erat
666 2454 826 2509 simul
866 2463 1027 2524 atque
1066 2453 1378 2509 vehemens.
1420 2452 1560 2506 Audi
1602 2453 1759 2523 igitur

154 2564 266 2602 cum
308 2558 513 2620 quanta
547 2548 917 2603 moderatione
961 2545 1250 2615 discipulos
1279 2546 1605 2615 alloquatur,
1634 2559 1754 2598 cum

155 2652 338 2708 quanta
366 2642 418 2695 vi
449 2640 686 2703 .ludacos,
721 2654 841 2694 cum
869 2646 1068 2709 quanta
1099 2637 1343 2692 libertate
1372 2651 1574 2706 regem.
1603 2635 1756 2689 Ideo-

153 2746 247 2801 que
272 2733 488 2787 dicebat
519 2731 768 2787 Christus
789 2773 802 2796 ,
836 2730 956 2784 Non
983 2731 1201 2785 surrexit
1242 2732 1370 2783 inter
1397 2737 1540 2782 natos
1569 2728 1749 2780 mulie-

151 2839 255 2878 rum
283 2825 471 2895 major
492 2822 698 2878 Joanne
717 2821 972 2892 Baptista.
1004 2821 1109 2876 Sed
1137 2836 1205 2877 ne
1235 2821 1452 2876 laudum
1487 2819 1750 2889 magnitu-

151 2918 213 2973 do
241 2917 442 2989 aliquid
478 2917 678 2972 erroris
712 2903 958 2986 pareret,
991 2929 1124 2970 neve
1154 2913 1324 2968 Judaei
1365 2913 1513 2968 illum
1541 2912 1754 2968 Christo

148 3010 499 3080 proferrent,
549 3009 670 3064 Vide
713 3007 983 3078 quomodo
1031 3008 1132 3062 hoc
1179 3006 1572 3062 accommodet.
1621 3006 1752 3059 Nam

147 3103 280 3160 sicut
309 3119 374 3158 ex
419 3103 613 3173 quibus
642 3101 890 3170 discipuli
921 3098 1306 3163 ﬁrmabantur,
1361 3098 1530 3152 turbae
1581 3096 1750 3151 detri-

149 3205 384 3248 mentum
415 3191 789 3261 accipiebant,
819 3189 990 3244 levem
1019 3188 1170 3243 illum
1210 3201 1330 3244 esse
1364 3195 1611 3258 putantes
1640 3205 1649 3239 :
1675 3187 1753 3242 sic

144 3299 204 3340 ex
232 3286 428 3354 quibus
459 3282 629 3339 turba:
652 3279 1095 3348 emendabantur,
1119 3280 1292 3348 majus
1314 3279 1568 3333 damnum
1601 3293 1754 3332 acce-

144 3376 323 3441 debat,
355 3391 480 3431 cum
502 3389 567 3430 ex
595 3373 753 3428 dictis
783 3371 1040 3442 majorem
1063 3372 1128 3426 de
1157 3372 1246 3426 illo
1269 3386 1428 3442 quam
1451 3370 1519 3426 de
1536 3367 1755 3424 Christo

144 3471 428 3526 sumebant
471 3467 799 3537 opinionem.
837 3464 965 3519 Illud
998 3480 1126 3533 ergo
1155 3505 1170 3530 ,
1210 3465 1408 3517 nullam
1442 3463 1753 3531 relinqui-ns

143 3534 526 3632 suspicionem,
583 3556 802 3627 corrigit
845 3556 928 3610 his
983 3556 1159 3612 verbis
1203 3573 1218 3612 :
1266 3555 1366 3622 Qui
1392 3564 1560 3607 autem
1587 3554 1753 3605 minor

143 3664 211 3708 est
237 3656 291 3709 in
317 3669 481 3724 regno
506 3652 767 3716 calorum,
795 3652 960 3720 major
980 3657 1052 3704 est
1079 3647 1192 3702 illo.
1229 3646 1422 3712 Minor,
1454 3645 1750 3700 secundum

144 3756 398 3813 atatem,
446 3753 501 3801 et
542 3744 838 3801 secundum
883 3743 1173 3797 multorum
1223 3740 1531 3809 opinionem
1569 3755 1583 3792 :
1627 3753 1750 3792 nam

144 3841 392 3896 dicebant
452 3839 627 3908 ipsum
683 3835 902 3892 edacem
973 3848 1093 3889 esse
1143 3843 1197 3888 et
1271 3831 1380 3885 vini
1452 3841 1750 3901 potatorem

148 3930 367 4001 (Matth.
389 3930 476 3985 II.
495 3929 606 3996 I9):
623 3937 697 3993 et,
720 3925 907 3981 Nonne
927 3926 1007 3978 hic
1033 3924 1166 3996 fabri
1187 3923 1324 3994 ﬁlius
1341 3932 1410 3978 est
1429 3921 1640 3992 (Matth.
1664 3923 1750 3975 I5.

144 4022 268 4090 55)?
300 4029 468 4091 atque
509 4018 704 4088 ubique
736 4017 910 4086 ipsum
944 4015 1331 4084 despiciebant.
1370 4013 1506 4082 Quid
1553 4013 1713 4082 igitur
1737 4053 1750 4077 ,

146 4113 392 4183 inquies,
421 4118 764 4180 comparatus
806 4123 927 4163 cum
956 4106 1164 4163 Joanne
1196 4108 1366 4176 major
1391 4103 1547 4160 erat?
1574 4103 1748 4158 Absit.

147 4206 335 4277 Neque
385 4203 528 4258 enim
575 4201 811 4258 Joannes
855 4198 1070 4270 quando
1113 4197 1282 4262 dicit,
1334 4195 1545 4251 Fortior
1574 4211 1653 4248 me
1682 4205 1754 4248 est

149 4295 369 4369 (Matth.
401 4296 454 4351 5.
501 4294 628 4364 II),
657 4293 707 4349 id
734 4290 1097 4362 comparando
1123 4290 1291 4354 dicit;
1321 4303 1495 4359 neque
1525 4287 1751 4354 Paulus,

146 4403 269 4445 cum
298 4392 538 4459 Moysem
587 4387 666 4442 sic
696 4394 998 4448 memorat,
1032 4381 1283 4451 Antpliori
1319 4381 1451 4434 enim
1486 4381 1652 4452 gloria
1674 4379 1754 4433 hic

147 4498 302 4553 quam
323 4478 526 4550 Moyses
548 4477 785 4548 dignatus
803 4485 873 4531 est
900 4473 1084 4547 (Hebr.
1110 4474 1162 4530 3.
1195 4473 1272 4544 ὅ),
1304 4471 1419 4527 haec
1446 4481 1754 4542 comparate

149 4575 296 4631 dicit.
335 4571 402 4626 Et
425 4572 538 4640 ipse
567 4584 686 4624 cum
717 4571 820 4635 ait,
854 4567 985 4622 Ecce
1022 4569 1138 4638 plus
1185 4582 1339 4635 quam
1379 4565 1630 4621 Salomon
1673 4565 1755 4617 hic

149 4667 367 4738 (Matth.
403 4663 492 4720 η.
523 4663 643 4734 24),
669 4663 785 4718 lucc
814 4677 918 4717 non
949 4660 1314 4730 comparando
1340 4659 1488 4714 dicit.
1523 4657 1678 4726 Quod
1708 4659 1751 4713 si

148 4759 514 4817 concedamus
565 4757 714 4811 illum
755 4756 873 4811 ιιωο
899 4770 998 4825 per
1025 4754 1482 4823 comparationem
1513 4752 1715 4808 dixisse
1735 4792 1750 4815 ,

149 4866 236 4906 res
292 4851 362 4904 ita
419 4847 485 4903 ad
534 4846 862 4902 audientium
915 4845 1280 4900 infirmitatem
1346 4844 1749 4899 accommodata

150 4941 336 4997 fuerit.
395 4939 451 4994 In
500 4953 690 5009 magna
744 4938 889 4992 enim
957 4936 1352 4991 existimatione
1417 4935 1751 4999 habebatur,

151 5035 413 5102 illumque
449 5045 634 5085 carcer
663 5029 1010 5101 insigniorem
1058 5027 1408 5095 reddiderat,
1449 5043 1657 5085 necnon
1686 5028 1752 5081 li-

148 5127 337 5183 bertas
383 5127 434 5180 in
485 5123 758 5195 arguendo
789 5138 914 5193 rege
939 5164 955 5189 ,
984 5133 1144 5194 atque
1176 5123 1227 5177 id
1254 5123 1485 5178 libenter
1511 5137 1539 5175 a
1571 5121 1756 5176 multis

149 5223 230 5278 sic
279 5220 663 5290 accipiebatur.
714 5218 928 5274 Etenim
983 5218 1148 5272 Vetus
1199 5233 1412 5287 quoque
1475 5216 1754 5286 Scriptura

151 5316 291 5373 solet
334 5314 625 5369 errantium
675 5312 886 5365 animos
933 5310 1230 5365 emendare
1256 5352 1270 5376 ,
1300 5308 1663 5378 comparando
1692 5323 1754 5363 ea

146 5424 272 5480 qua:
306 5404 606 5476 comparari
631 5419 736 5459 non
764 5411 1101 5472 possunt;ut
1127 5402 1340 5471 quando
1367 5401 1563 5456 dicitur
1589 5419 1601 5455 :
1634 5399 1764 5454 Non'

149 5512 228 5559 est
254 5499 436 5553 similis
483 5498 554 5550 tui
594 5497 646 5550 in
689 5496 807 5560 diis,
854 5495 1074 5549 Domine
1102 5494 1271 5566 (Psal.
1303 5496 1392 5551 85.
1422 5495 1513 5562 8),
1547 5503 1602 5550 et
1629 5511 1754 5549 rur-

153 5609 268 5648 sum
291 5633 307 5657 ,
357 5589 483 5646 Non
525 5597 598 5644 est
637 5589 760 5642 deus
784 5590 913 5643 sicut
953 5587 1089 5642 Deus
1114 5598 1282 5641 noster
1311 5587 1484 5658 (Psal.
1516 5588 1604 5641 76.
1638 5587 1750 5658 14).

157 5684 352 5738 Volunt
397 5690 578 5736 autem
619 5680 833 5751 quidam
867 5678 919 5733 id
960 5679 1026 5734 de
1069 5678 1326 5747 apostolis
1353 5678 1555 5732 dixisse
1594 5677 1754 5733 Chri-

151 5786 294 5836 stum
361 5769 452 5826 alii
492 5769 560 5824 de
598 5767 839 5844 angelis;
880 5764 976 5819 38d
1045 5769 1205 5825 male.
1255 5767 1387 5824 Nam
1437 5784 1557 5823 cum
1586 5768 1754 5824 semel

153 5868 367 5943 quidam
399 5881 432 5925 ι
453 5866 678 5923 veritate
708 5864 1027 5934 aberrarint,
1053 5861 1226 5920 solent
1255 5863 1306 5918 in
1339 5862 1533 5918 multos
1557 5862 1748 5919 deduci

3385 410 3490 466 I‘iﬂ

1885 529 2120 574 errores.
2152 520 2268 588 Qua
2299 523 2443 576 enim
2471 525 2854 593 consequentia
2890 523 2939 579 id
2969 526 3048 578 vel
3082 529 3149 581 de
3187 529 3446 595 apostolis
3469 571 3485 595 ,

1880 609 1962 665 vel
1993 610 2061 666 de
2084 614 2290 683 angelis
2319 614 2590 672 dixisset?
2614 617 2864 688 Alioquin
2888 633 3037 684 vero,
3067 620 3111 673 si
3135 620 3203 676 de
3226 623 3487 691 apostolis

1878 700 2135 771 dixisset,
2183 707 2310 776 quid
2356 709 2574 764 vetabat
2622 710 2911 779 quominus
2956 713 3301 768 nominaret?
3353 715 3486 769 (lum

1877 805 2055 848 autem
2102 794 2171 850 de
2217 799 2397 868 seipse
2429 798 2596 865 dicit,
2623 800 2746 869 jure
2783 815 3068 871 personam
3098 805 3240 858 celat
3269 804 3338 860 ob
3364 820 3485 862 eam

1877 900 1997 953 quae
2022 887 2298 944 obtinebat
2339 892 2646 960 opinionem
2675 909 2690 959 ;
2732 884 2796 949 ac
2832 909 2899 948 ne
2929 895 3208 950 videretur
3233 912 3487 968 magnum

1877 977 2151 1047 quidpiam
2173 979 2243 1036 de
2269 997 2328 1037 se
2357 982 2538 1039 dicere
2571 1001 2584 1039 :
2615 984 2669 1040 id
2698 985 2840 1056 quod
2869 1001 3017 1057 saepe
3042 987 3315 1043 observat.
3348 989 3486 1057 Quid

1877 1078 2058 1124 autem
2090 1069 2221 1125 illttd
2250 1081 2353 1141 est,
2388 1073 2454 1129 In
2485 1092 2640 1147 regno
2665 1077 2955 1132 oculorum?
2984 1078 3040 1133 In
3073 1079 3477 1149 Spiritualibus,

1875 1172 1928 1216 ct
1970 1163 2022 1218 in
2067 1165 2375 1222 cmlestibus
2420 1170 2691 1225 omnibus.
2733 1172 2866 1226 Cum
2915 1181 3095 1229 autem
3145 1175 3312 1241 dicit,
3349 1174 3491 1237 ,Νοιι

1875 1249 2096 1311 surrexit
2127 1254 2269 1308 inter
2304 1270 2452 1316 natos
2491 1263 2761 1317 mulierunt
2800 1266 2966 1335 major
3017 1271 3221 1321 Joanne
3242 1309 3258 1334 ,
3289 1267 3487 1322 distin-

1873 1346 2071 1413 guebat
2097 1362 2157 1403 se
2181 1363 2209 1402 a
2236 1349 2466 1419 Joanne,
2491 1364 2545 1408 et
2571 1369 2629 1410 se
2656 1353 3009 1412 subtrahebat
3029 1360 3417 1427 comparationi
3443 1363 3481 1413 ³.

1945 1438 1997 1492 5.
2040 1438 2172 1495 Nam
2203 1442 2249 1497 si
2277 1442 2393 1514 ipse
2421 1446 2562 1502 inter
2589 1457 2744 1503 natos
2772 1450 3058 1506 mulierum
3089 1461 3239 1520 erat,
3285 1462 3338 1508 at
3378 1470 3484 1509 non

1872 1529 2012 1586 sicut
2039 1532 2277 1592 Joannes
2308 1555 2320 1591 :
2351 1554 2527 1610 neque
2556 1542 2699 1598 enim
2745 1543 2909 1600 homo
2949 1554 3154 1601 tantum
3193 1557 3338 1613 erat,
3383 1564 3485 1603 nec

1873 1622 2011 1678 sicut
2054 1623 2217 1681 homo
2255 1627 2432 1684 editus
2472 1631 2675 1696 fuerat,
2725 1634 2822 1690 sed
2866 1637 3128 1704 stupenda
3166 1640 3398 1708 quodam
3430 1651 3483 1694 et

1874 1716 2103 1772 mirabili
2133 1730 2308 1788 partu.
2343 1722 2430 1777 12.
2474 1724 2520 1777 Α
2559 1724 2734 1779 diebus
2760 1737 2926 1781 autem
2954 1727 3171 1785 Ioannis
3200 1729 3479 1802 Baptistw,

1873 1806 2072 1878 inquit,
2108 1827 2265 1882 usque
2297 1830 2467 1881 nunc,
2511 1833 2724 1887 regnum
2763 1820 3003 1872 (telorum
3040 1822 3138 1874 vim
3180 1823 3392 1892 patitur,
3435 1834 3482 1877 et

1871 1900 2076 1954 violenti
2103 1904 2309 1973 rapiunt
2329 1905 2480 1964 illud.
2507 1908 2573 1963 Et
2593 1925 2698 1978 quo
2726 1919 2880 1980 pacto
2898 1953 2910 1975 ,
2942 1911 3148 1982 inquies
3169 1956 3182 1981 ,
3210 1915 3323 1971 haec
3344 1930 3483 1986 prte-

1871 1989 2186 2048 cedentibus
2209 1995 2522 2052 cohaerent?
2551 1999 2762 2070 Optime
2784 2012 2931 2059 certe
2958 2014 3010 2059 et
3036 2004 3322 2061 admodum
3351 2023 3482 2063 con-

1871 2094 2159 2152 sequenter
2185 2105 2197 2140 :
2221 2090 2419 2145 etenim
2445 2092 2568 2148 hinc
2592 2093 2709 2149 illos
2732 2094 2799 2149 ad
2821 2085 3149 2153 credendum
3170 2100 3220 2152 in
3247 2115 3305 2155 se
3325 2115 3480 2155 cont-

1872 2176 2020 2243 pellit
2048 2185 2102 2231 et
2130 2177 2349 2246 incitat,
2385 2183 2653 2255 simulque
2695 2187 2781 2242 illa
2827 2204 2949 2258 qua:
2991 2204 3152 2258 supra
3183 2190 3323 2246 dicta
3354 2203 3478 2247 sunt

1867 2279 1896 2317 a
1927 2265 2134 2323 Joanne
2164 2274 2498 2342 comprobat.
2531 2275 2662 2330 Nam
2691 2279 2734 2332 si
2773 2295 2941 2349 usque
2971 2281 3036 2334 ad
3068 2281 3328 2338 Joannem
3357 2299 3472 2339 om-

1869 2357 1955 2410 nia
1985 2364 2253 2432 completa
2282 2376 2425 2431 sunt,
2458 2366 2574 2438 Ego
2599 2384 2716 2423 sum
2746 2373 2836 2442 qui
2869 2375 3063 2430 venio:
3095 2391 3217 2431 nam
3248 2379 3324 2432 ait
3349 2396 3360 2430 :
3389 2379 3475 2432 I25.

1869 2449 2058 2505 Omnes
2090 2455 2354 2524 prop/tela:
2382 2469 2430 2511 et
2469 2460 2553 2514 lea:
2582 2477 2738 2530 usque
2766 2465 2834 2517 ad
2862 2463 3115 2520 Joannem
3144 2469 3478 2538 prop/tetare‘

1863 2552 2002 2595 rant.
2022 2542 2138 2598 Non
2158 2547 2300 2601 enim
2319 2562 2623 2608 cessassent
2641 2556 2938 2624 prophetae,
2956 2557 3056 2611 nisi
3071 2574 3174 2628 ego
3189 2561 3475 2617 venissem.

1863 2631 2007 2687 Nihil
2038 2649 2166 2705 ergo
2197 2639 2332 2692 ultra
2365 2645 2709 2713 exspectetis,
2745 2660 2843 2701 nec
2871 2647 3032 2702 alium
3078 2665 3220 2720 spcrt
3239 2653 3305 2707 tis
3344 2669 3479 2706 vcn-

1865 2730 2062 2780 turum.
2090 2728 2242 2796 Quod
2266 2744 2364 2800 ego
2393 2733 2492 2786 sim
2523 2735 2695 2803 palam
2728 2747 2806 2790 est
2835 2754 2902 2795 ex
2935 2754 3000 2793 eo
3030 2741 3169 2810 quod
3201 2743 3477 2812 prophetae

1862 2819 2144 2886 cessarint,
2166 2831 2220 2874 et
2240 2821 2380 2890 quod
2407 2826 2561 2879 multi
2583 2828 2822 2896 quotidie
2848 2830 3007 2884 [idem
3034 2833 3084 2885 in
3110 2849 3196 2887 me
3219 2834 3429 2904 rapiant
3457 2857 3469 2890 :

1862 2908 1934 2962 ita
1965 2911 2160 2980 quippe
2189 2914 2334 2969 clara
2365 2927 2448 2972 est
2477 2928 2529 2973 ct
2559 2923 2867 2989 manifesta,
2901 2935 2957 2977 ιιι
2998 2941 3116 2979 eam
3149 2927 3298 2981 multi
3329 2929 3469 2983 abri-

1864 3002 2130 3068 piantnEt
2159 3006 2307 3074 quis,
2337 3024 2542 3076 quaeso,
2581 3013 2794 3080 rapuit?
2821 3015 3095 3086 Quotquot
3134 3033 3257 3072 cum
3298 3022 3475 3075 studio

1861 3108 2224 3152 accesserunt.
2283 3101 2442 3156 Aliud
2487 3104 2681 3160 deinde
2729 3107 2981 3162 indicium
3037 3111 3182 3179 ponit
3229 3111 3415 3170 dicens
3458 3134 3470 3168 :

1863 3188 1948 3241 Μ.
1983 3189 2044 3243 Si
2074 3192 2225 3246 vultis
2252 3195 2472 3264 recipere
2490 3238 2504 3260 ,
2535 3197 2644 3264 ipse
2670 3208 2742 3251 est
2766 3199 2949 3254 Helias
2967 3241 2981 3264 ,
3010 3203 3097 3269 qui
3116 3216 3357 3261 venturus
3379 3220 3470 3263 est.

1864 3279 2065 3336 Mittam
2116 3286 2277 3348 miitn,
2321 3287 2526 3356 inquit,
2578 3289 2714 3342 vobis
2762 3290 2968 3348 Heliam
3017 3294 3340 3364 Tltesbitcm,
3387 3303 3474 3372 qui

1860 3383 2116 3425 convertat
2144 3374 2306 3428 corda
2332 3379 2492 3443 patris
2527 3379 2579 3430 in
2619 3379 2755 3448 ﬁlios
2796 3382 2966 3453 (Mal.
2999 3387 3051 3440 4.
3098 3386 3188 3458 5).
3226 3388 3320 3444 llic
3350 3400 3434 3446 est
3456 3433 3472 3456 ,

1860 3463 1966 3527 ait,
2000 3463 2176 3518 Ilelias
2197 3506 2212 3531 ,
2244 3467 2290 3518 si
2315 3468 2604 3524 attendatis
2632 3471 2930 3543 diligenter.
2971 3475 3112 3530 Nam
3140 3479 3357 3546 mittam,
3393 3482 3474 3536 in-

1860 3554 2011 3622 quit,
2045 3557 2283 3627 angelum
2314 3575 2477 3613 meum
2509 3573 2626 3616 ante
2666 3565 2846 3633 faciem
2888 3576 3026 3621 luam
3061 3552 3240 3638 (Ibid.
3279 3571 3332 3626 5.
3385 3574 3472 3643 1).

1864 3644 2028 3702 Ilectc
2071 3649 2238 3713 dixit,
2287 3650 2347 3706 Si
2389 3653 2537 3706 ruitis
2579 3656 2828 3721 recipere,
2873 3659 3164 3714 ostendens
3201 3662 3471 3719 neminem

1864 3740 2130 3796 violenter
2158 3743 2296 3812 cogi.
2329 3743 2446 3798 Non
2489 3759 2651 3815 cogo,
2692 3747 2883 3816 inquit.
2937 3749 3050 3802 lloc
3092 3761 3269 3806 autem
3306 3754 3471 3818 dixit,

1860 3841 2066 3901 gratam
2091 3843 2278 3903 petens
2307 3836 2672 3904 voluntatem,
2701 3850 2754 3894 et
2793 3841 3084 3896 ostendens
3122 3843 3260 3898 hunc
3289 3845 3434 3900 illum
3458 3889 3471 3911 ,

1861 3935 1915 3978 et
1945 3926 2090 3978 illum
2124 3927 2265 3981 hunc
2296 3942 2435 3982 esse.
2483 3929 2655 3983 Ambo
2682 3932 2824 3984 enim
2856 3947 3019 3986 unum
3049 3949 3337 4003 suscepere
3369 3941 3474 3992 mi-

1863 4017 2139 4071 nisteriutn
2164 4060 2176 4081 ,
2211 4028 2267 4074 et
2293 4036 2654 4089 praecursores
2681 4023 2841 4077 ambo
2869 4024 3103 4080 fuerunt.
3140 4027 3476 4099 Quapropter
3551 4053 3564 4062 ι

1862 4124 1968 4162 ηοη
2006 4109 2321 4179 simpliciter
2349 4109 2515 4174 dixit,
2551 4111 2651 4166 Hic
2682 4122 2754 4167 est
2795 4112 3008 4182 Helias,
3053 4117 3179 4182 sed,
3228 4119 3290 4172 Si
3328 4122 3474 4173 vultis

1814 4219 1818 4224 '
1861 4202 2115 4269 recipere,
2149 4202 2230 4255 hic
2256 4211 2362 4266 est;
2387 4201 2435 4256 id
2462 4211 2576 4269 est,
2610 4204 2664 4258 Si
2699 4205 2866 4274 proba
2895 4216 3074 4261 mente
3104 4211 3270 4277 gestis
3295 4219 3468 4266 atten-

1861 4292 2017 4346 datis.
2067 4291 2249 4363 Nequc
2297 4293 2384 4347 hic
2424 4298 2604 4361 stetit,
2648 4296 2742 4350 sed
2789 4298 3083 4354 ostendens
3121 4299 3473 4373 intelligentia

1861 4398 1981 4440 esse
2011 4400 2182 4454 Opus,
2231 4386 2352 4440 huic
2384 4386 2559 4454 dicto,
2603 4386 2704 4440 Hic
2744 4399 2816 4442 est
2850 4389 3066 4456 Helias,
3105 4394 3195 4463 qui
3239 4406 3475 4451 venturus

1861 4488 1932 4531 est
1949 4520 1961 4542 ,
1993 4479 2224 4548 adjecit,
2257 4478 2342 4532 I5.
2377 4479 2477 4545 Qui
2502 4479 2649 4532 liabet
2675 4497 2825 4534 aures
2849 4483 3126 4549 audiendi,
3150 4486 3350 4540 audiat.
3374 4486 3477 4542 Tot

1861 4571 2143 4640 aenigmata
2185 4570 2452 4638 ponebat,
2501 4579 2557 4625 ut
2601 4570 2665 4624 ad
2718 4570 3155 4642 interrogandum
3205 4578 3471 4634 incitaret.

1861 4661 2013 4728 Quod
2058 4660 2101 4714 si
2135 4677 2203 4724 ne
2233 4662 2309 4715 sic
2350 4661 2564 4729 quidem
2597 4663 2955 4732 evigilabanl,
2999 4666 3168 4720 multo
3210 4668 3386 4724 minus
3431 4673 3472 4724 si

1862 4755 2006 4809 clara
2037 4764 2093 4808 ct
2120 4751 2402 4807 manifesta
2431 4751 2679 4807 fuissent.
2715 4753 2901 4823 Neque
2930 4755 2981 4808 id
3012 4756 3115 4810 dici
3146 4759 3333 4826 possit,
3367 4775 3473 4814 non

1861 4861 2024 4902 ausos
2051 4845 2215 4900 fuisse
2245 4844 2575 4915 interrogare
2598 4885 2613 4910 ,
2645 4844 2729 4899 rel
2762 4845 2908 4900 illum
2941 4846 3102 4903 fuisse
3143 4849 3291 4904 aditu
3329 4849 3474 4906 dil‘ti-

1862 4938 2041 4994 cilem.
2072 4935 2205 4990 Nam
2234 4936 2325 5005 qui
2357 4935 2505 4990 illum
2533 4936 2599 4991 de
2633 4937 2829 4991 nullius
2858 4940 3013 5008 pretii
3048 4939 3207 4996 rebus
3238 4942 3476 4999 interro-

1860 5037 2116 5101 gaverant
2167 5038 2637 5096 tentaverantque,
2689 5029 2793 5083 etsi
2845 5032 3153 5085 sexcenties
3209 5034 3475 5102 repulsam

1865 5126 2143 5189 tulissent,
2192 5137 2367 5192 neque
2397 5131 2709 5188 cessarent,
2752 5122 3024 5191 quomodo
3065 5138 3172 5176 non
3218 5124 3370 5178 illum
3409 5127 3477 5179 do

1864 5216 2184 5275 necessariis
2225 5217 2679 5285 interregassent,
2716 5214 2758 5267 si
2791 5214 3006 5283 quidem
3047 5215 3290 5271 ediscere
3325 5220 3475 5285 cupi-

1862 5310 2106 5367 vissent?
2143 5309 2198 5366 Si
2234 5307 2302 5363 de
2333 5307 2593 5376 legalibus
2626 5306 3061 5375 interrogabant,
3102 5307 3244 5376 quod
3279 5325 3477 5378 prmce.

1864 5416 2011 5477 ptum
2064 5405 2294 5475 primum
2342 5410 2520 5467 esset,
2569 5410 2622 5456 et
2671 5400 2738 5454 de
2782 5400 3080 5463 similibus,
3127 5415 3247 5454 cum
3300 5411 3476 5457 tamen

1864 5500 2007 5554 nulla
2041 5506 2255 5568 urgeret
2283 5496 2609 5562 necessitas,
2640 5494 2912 5564 quomodo
2942 5509 3062 5546 cum
3093 5493 3218 5548 talia
3248 5493 3474 5560 diceret,

1864 5591 1932 5646 de
1978 5589 2172 5659 quibus
2221 5588 2558 5657 respondere
2607 5585 2828 5640 omnino
2873 5584 3145 5651 debebat,
3204 5599 3310 5640 non
3362 5587 3481 5655 ejus

1864 5698 2097 5745 mentem
2140 5683 2549 5755 explorassent?
2594 5695 2716 5734 cum
2765 5677 2997 5731 maxime
3038 5676 3108 5732 ad
3139 5676 3243 5732 hoc
3272 5676 3478 5733 hortari

1928 5805 1941 5836 ί
1986 5801 2066 5850 alii
2088 5798 2289 5851 habent.
2313 5801 2356 5844 et
2397 5808 2446 5844 se
2471 5789 2779 5843 subtrahebat
2799 5785 3164 5850 comparationi,
3192 5799 3408 5850 quantm
3431 5795 3480 5840 et

1866 5869 1968 5933 ipse
1990 5878 2052 5916 ex
2074 5857 2277 5913 muliere
2297 5864 2418 5910 esset
2441 5862 2595 5907 natas.
