4076 6438
613 547 665 590 et
697 534 908 588 trahere
937 523 1240 582 videretur?
1267 520 1396 575 Nam
1426 533 1546 574 cum
1577 515 1817 578 dicebat,
1858 511 2073 566 Yiolenti
2101 525 2187 562 ra-

617 634 760 698 piunt
789 623 949 687 illud,
984 619 1034 674 id
1064 617 1271 671 illorum
1298 611 1558 668 excitabat
1585 609 1815 662 animum
1839 622 1852 670 ;
1881 613 2077 658 etcum
2108 600 2158 698 di

613 693 757 774 reret
777 756 791 779 ,
824 715 921 778 Qui
949 712 1093 765 habet
1132 723 1278 760 aures
1303 702 1574 766 audiendi,
1607 699 1815 760 audiat,
1848 695 2070 764 idipsum
2114 693 2190 743 la-

615 809 802 862 ricbat.
848 805 936 858 16.
975 801 1070 858 Cui
1107 807 1269 852 autem
1306 794 1589 848 assimilabo
1619 789 1984 862 generatione»:
2021 783 2193 836 hanc?

615 897 800 967 lnquit.
835 893 1030 949 Similis
1060 901 1128 946 est
1158 886 1324 958 pueris
1349 883 1631 939 sedentibus
1671 881 1722 932 in
1762 880 1901 950 foro,
1936 883 1982 928 et
2017 873 2190 926 dicen-

614 965 743 1043 tibus
763 1028 778 1053 ,
808 987 898 1041 17.
932 984 1070 1038 Tibia
1096 980 1359 1034 cecinimus
1387 973 1522 1028 vobis
1545 1014 1561 1040 ,
1604 979 1650 1025 et
1688 986 1788 1024 non
1818 967 2075 1030 sattastis;
2109 965 2189 1019 ια.

614 1081 819 1135 mentati
855 1091 1026 1131 sumus
1053 1071 1188 1126 vobis
1205 1111 1221 1137 ,
1250 1078 1296 1122 et
1320 1083 1421 1120 non
1447 1063 1730 1136 planxistis.

687 1169 870 1225 Clu-isti
907 1175 951 1221 et
991 1162 1209 1219 Joannis
1247 1160 1382 1215 idem
1409 1171 1589 1227 scapus
1619 1162 1816 1206 erat.—
1837 1149 1962 1204 Hmc
2008 1159 2191 1200 rursus

615 1262 857 1318 videntur
879 1273 908 1312 a
928 1252 1358 1328 ~pra2cedentibus
1388 1263 1490 1304 non
1521 1243 1770 1315 pendere,
1794 1241 1890 1296 sed
1910 1239 1975 1294 ad
2005 1253 2188 1294 eorum

615 1355 832 1410 omnino
879 1345 1378 1416 seriem'pertinent
1421 1356 1434 1392 :
1477 1336 1671 1393 etenim
1721 1334 1787 1387 ad
1832 1330 2072 1386 eamdem
2117 1329 2190 1382 rei

614 1457 873 1498 summam
904 1446 1179 1508 spectant,
1209 1441 1267 1489 ut
1292 1429 1603 1486 ostendatur
1624 1425 1886 1481 Joannem
1915 1422 2014 1492 ipsi
2055 1434 2188 1474 con-

612 1549 740 1590 sona
763 1531 965 1594 iecisse,
991 1525 1194 1582 etiamsi
1215 1538 1332 1593 quze
1358 1519 1554 1576 ﬁebant
1573 1515 1836 1572 contraria
1853 1513 2190 1582 viderentur:

611 1622 752 1692 quod
778 1623 934 1678 etiam
960 1619 1028 1673 de
1052 1614 1460 1684 interrogatione
1485 1609 1680 1664 dictum
1703 1613 1782 1660 est
1811 1622 1825 1657 :
1854 1600 2193 1670 ostenditque

613 1713 745 1768 nihil
768 1708 1180 1782 prietermissum
1203 1706 1360 1758 fuisse
1382 1715 1564 1756 eorum
1581 1712 1696 1768 qua:
1717 1695 1782 1750 ad
1805 1695 2028 1749 salutem
2051 1693 2217 1762 ipso-'

613 1823 727 1862 rum
749 1803 991 1859 conferre
1007 1805 1242 1869 possent;
1263 1793 1400 1864 quod
1417 1791 1486 1848 de
1501 1792 1650 1846 vinea
1667 1788 1875 1850 dicebat
1894 1785 2154 1856 propheta
2176 1801 2189 1837 :

617 1897 752 1962 Quid
779 1895 944 1948 adhuc
963 1891 1146 1963 faciam
1166 1889 1321 1942 vinea
1347 1885 1486 1951 huic,
1515 1881 1650 1955 quod
1678 1897 1778 1935 non
1809 1879 2008 1947 fecerim
2039 1875 2190 1948 (lsai.

612 1986 725 2055 ibi)
741 1985 762 2036 ?
780 1985 868 2038 Cui
886 1982 1037 2043 enim,
1056 1980 1146 2043 ait,
1163 1975 1450 2033 assimilabo
1466 1974 1828 2045 generationem
1851 1972 1980 2024 lianc
1997 1969 2022 2022 ?
2038 1968 2194 2023 Simi-

612 2077 676 2133 iis
691 2086 761 2129 est
785 2075 950 2144 pueris
961 2070 1241 2126 sedentibus
1258 2068 1310 2121 in
1327 2068 1460 2136 foro,
1475 2076 1520 2119 et
1535 2063 1831 2127 dicentibus,
1853 2059 2000 2115 Tibia
2019 2060 2196 2114 cecini-

613 2183 722 2219 mus
739 2166 890 2228 vobis,
901 2172 944 2216 et
958 2179 1053 2216 non
1068 2159 1286 2215 saltastis
1300 2174 1317 2212 :
1333 2156 1587 2210 lamentati
1603 2170 1794 2219 sumus,
1813 2162 1859 2206 et
1878 2168 1976 2205 non
1989 2150 2194 2222 planxi-

612 2257 718 2309 stis.
757 2255 839 2309 l8.
888 2251 1031 2307 Venit
1073 2251 1203 2304 enim
1247 2247 1472 2302 Joannes
1501 2262 1656 2314 neque
1683 2245 2015 2306 numducans,
2043 2258 2196 2311 neque

611 2347 800 2412 bibens,
825 2355 868 2399 et
891 2331 1423 2397 dicunt:Da2monittm
1446 2338 1609 2391 habet.
1642 2336 1725 2391 l9.
1753 2335 1896 2389 Venit
1918 2334 1963 2388 F
1966 2337 2082 2388 ilius
2103 2335 2194 2387 lto-

611 2439 760 2489 nn'nis
808 2434 1117 2488 manducone
1156 2442 1201 2485 et
1242 2430 1447 2494 bibens,
1494 2439 1540 2481 et
1578 2427 1752 2480 dicunt
1799 2442 1817 2479 :
1868 2423 1997 2479 Ecce
2046 2426 2195 2477 Iwino

612 2543 770 2581 vorax
793 2536 837 2579 et
863 2525 963 2578 uini
995 2532 1214 2593 potator,
1246 2521 1623 2592 publicanorum
1653 2528 1696 2571 et
1727 2527 2042 2586 peccatorum
2067 2516 2192 2568 anti-

612 2637 719 2674 cus.
752 2618 862 2672 Hoc
890 2627 992 2681 est,
1016 2615 1291 2670 Contraria
1321 2627 1419 2682 ego
1437 2621 1491 2666 et
1517 2611 1748 2666 Joannes
1771 2609 1852 2662 ria
1877 2607 2192 2668 incedimus,

614 2719 669 2763 et
699 2707 925 2777 idipsum
953 2706 1203 2770 iacimus,
1230 2717 1292 2757 ac
1318 2703 1363 2757 si
1395 2710 1692 2764 venatores,
1721 2699 1883 2753 feram
1911 2707 2067 2767 captu
2093 2696 2194 2750 dif-

616 2800 807 2854 ﬁcilem
831 2797 1070 2852 videntes
1090 2837 1104 2863 ,
1133 2809 1251 2864 quae
1274 2809 1370 2864 per
1393 2792 1502 2846 vias
1521 2791 1653 2846 duas
1673 2791 1737 2844 ad
1768 2804 1949 2845 casses
1979 2788 2195 2843 tendere

611 2889 807 2959 possit,
839 2896 1115 2957 utramque
1151 2885 1288 2939 viam
1318 2883 1505 2953 singuli
1535 2887 1828 2951 occupent,
1860 2888 1915 2934 et
1940 2879 2073 2933 alter
2103 2893 2197 2947 per

610 2978 930 3033 contrariam
975 2976 1129 3031 alteri
1170 2975 1310 3028 viam
1359 2971 1627 3041 impellat,
1679 2981 1736 3024 ut
1780 2970 1830 3023 in
1882 2970 2198 3025 alterutrum

612 3070 831 3124 omnino
855 3067 1082 3122 decidat.
1117 3064 1341 3134 Respice
1379 3062 1520 3117 enim
1560 3061 1860 3114 universum
1900 3075 2067 3130 genus
2097 3059 2197 3112 hu-

612 3176 826 3218 manum
848 3202 861 3222 ,
891 3157 1161 3230 quomodo
1184 3155 1442 3226 jejunium
1474 3154 1643 3208 soleat
1671 3151 1953 3218 admirari,
1989 3165 2197 3206 necnon

612 3255 773 3308 vitam
817 3263 1060 3322 asperam
1091 3257 1143 3304 et
1173 3244 1616 3318 pbilosopbicam.
1654 3242 1778 3300 Ideo
1807 3242 1884 3297 sic
1912 3242 2198 3298 constituta

613 3361 702 3401 res
746 3344 870 3408 fuit,
915 3350 973 3396 ut
1007 3341 1239 3396 Joannes
1277 3354 1306 3391 a
1350 3337 1520 3408 prima
1550 3345 1706 3392 aetate
1734 3335 1837 3390 hoc
1874 3336 1995 3390 vita:
2031 3350 2200 3406 genus

611 3437 868 3501 duceret,
913 3444 986 3490 ut
1015 3449 1131 3503 quae
1160 3433 1392 3497 diceret,
1425 3430 1549 3485 hine
1588 3428 1687 3484 ﬁde
1714 3428 1869 3498 digna
1905 3436 2106 3483 essent.
2136 3429 2202 3482 Et

611 3543 711 3596 qua
751 3526 817 3582 de
848 3541 1004 3581 causa
1027 3568 1042 3592 ,
1071 3523 1280 3594 inquies
1298 3563 1313 3589 ,
1340 3521 1582 3577 Christus
1603 3533 1709 3574 non
1733 3518 1973 3575 eamdem
2004 3519 2199 3590 ingres-

610 3640 702 3677 sus
746 3623 881 3676 viam
927 3621 1048 3674 est?
1092 3617 1201 3673 lmo
1225 3631 1353 3672 vero
1392 3617 1662 3686 ingressus
1691 3623 1806 3677 est,
1848 3613 2060 3683 quando
2105 3627 2200 3683 per

614 3712 954 3783 quadraginta
983 3710 1097 3764 dies
1122 3707 1377 3778 jejunavit
1403 3747 1416 3771 ,
1459 3715 1513 3760 et
1538 3705 1736 3760 docens
1761 3704 2051 3767 circuibat,
2092 3719 2198 3758 non

619 3805 822 3860 habens
853 3804 940 3857 tibi
973 3812 1125 3871 caput
1160 3800 1441 3855 reclinaret
1471 3817 1482 3851 :
1514 3807 1764 3852 creterum
1798 3795 1886 3851 ille
1913 3795 2018 3850 alio
2045 3795 2204 3851 modo

623 3898 722 3949 hoc
755 3893 908 3958 fecit,
939 3902 996 3948 ut
1026 3891 1147 3946 inde
1191 3892 1392 3945 lucrum
1436 3887 1548 3942 ﬁeri
1583 3885 1901 3956 provideret.
1943 3884 2074 3939 Nam
2119 3885 2202 3939 id-

617 3988 788 4054 ipsum
816 3993 926 4036 erat
949 4024 962 4048 ,
1006 3980 1144 4050 quod
1174 3978 1416 4034 eamdem
1455 3984 1658 4036 teneret
1696 3975 1868 4040 viam;
1902 3976 2009 4030 imo
2049 3975 2203 4046 longe

620 4075 790 4143 majus
816 4082 960 4137 erat,
989 4070 1127 4141 quod
1156 4071 1232 4135 is,
1261 4070 1351 4139 qtsi
1393 4067 1481 4122 illa
1513 4067 1590 4121 via
1625 4066 1928 4130 incederet,
1960 4067 2202 4121 testimo-

617 4171 707 4228 nio
732 4185 828 4223 suo
854 4170 1026 4239 ipsum
1053 4166 1365 4223 celebraret.
1389 4164 1632 4234 Alioquin
1662 4178 1788 4218 vero
1815 4163 2049 4218 Joannes
2072 4164 2202 4217 nihil

615 4261 757 4316 aliud
786 4276 940 4331 quam
973 4260 1090 4312 vitae
1115 4257 1453 4327 asperitatem
1481 4254 1783 4310 exhibebat.
1816 4255 2028 4310 Nullum
2058 4255 2202 4311 enim

616 4353 822 4420 signum
855 4351 979 4405 fecit
1021 4368 1034 4403 ε
1077 4348 1322 4402 Christus
1342 4361 1476 4400 vero
1503 4355 1557 4400 et
1593 4344 1862 4413 signorum
1893 4353 1946 4399 et
1972 4346 2202 4399 miracu-

617 4443 789 4496 lorum
825 4438 1186 4494 testimonium
1214 4436 1396 4491 habuit
1423 4434 1614 4504 (Joan.
1649 4433 1735 4488 10.
1768 4434 1828 4488 41
1859 4433 1896 4504 ).
1942 4433 2203 4488 Joannem

615 4547 742 4601 ergo
773 4532 1080 4600 relinquens
1107 4543 1136 4581 a
1173 4527 1375 4596 jejunio
1413 4524 1708 4589 celebrari,
1755 4525 1842 4578 ille
1883 4525 2203 4578 contrariam

616 4622 753 4674 viam
800 4622 1003 4685 tenuit,
1052 4618 1117 4672 ad
1165 4631 1376 4672 mensas
1414 4615 1713 4685 ingrediens
1755 4615 2200 4686 publicanorum,

618 4712 944 4766 manduca‘ns
975 4720 1030 4764 et
1054 4709 1259 4763 bibens.
1691 4704 1694 4706 ⁷

688 4803 741 4856 4.
788 4801 1176 4870 lnterrogemus
1205 4799 1384 4867 itaque
1411 4795 1624 4852 Judieos
1673 4812 1686 4848 :
1726 4794 1939 4851 Bonane
1983 4810 2071 4852 res
2119 4806 2202 4852 est

612 4893 871 4963 jejunium
896 4931 911 4956 ,
952 4900 1007 4947 et
1047 4877 1394 4944 admiranda?
1424 4887 1563 4956 Ergo
1601 4885 1833 4955 oportuit
1860 4884 2051 4940 Joauni
2081 4901 2202 4941 cre-

618 4990 780 5051 dere,
809 4996 862 5042 et
888 4987 1034 5040 illum
1062 4985 1341 5040 admittere
1365 5027 1381 5050 ,
1414 4983 1633 5054 ejusque
1663 4982 1819 5037 dictis
1861 4995 2066 5051 parere.
2113 4981 2201 5037 Sic

617 5080 760 5135 enim
791 5079 875 5132 illa
915 5077 1074 5133 verba
1115 5091 1211 5130 vos
1248 5075 1314 5130 ad
1354 5074 1533 5131 Jesum
1575 5074 1866 5129 adductura
1905 5083 2074 5128 erant.
2117 5074 2198 5128 Au

615 5184 842 5225 onerosa
871 5180 919 5223 et
952 5168 1083 5223 dura
1113 5182 1197 5223 res
1227 5177 1308 5222 est
1346 5166 1645 5236 jejunium?
1677 5166 1815 5236 Ergo
1837 5165 1961 5220 Jesu
1987 5166 2200 5222 Christo

613 5260 1093 5332 obtemperantium
1123 5269 1270 5324 erat,
1299 5259 1502 5330 ipsique
1525 5258 1742 5314 credere
1761 5301 1775 5323 ,
1819 5259 1908 5330 qui
1935 5268 2196 5313 contraria

618 5351 896 5406 incedebat
927 5351 1028 5403 via.
1057 5349 1158 5404 Per
1187 5358 1462 5416 utramque
1491 5350 1505 5379 ί
1533 5349 1669 5402 viam
1699 5349 1750 5402 in
1784 5364 2002 5418 regnum
2031 5349 2198 5403 intra-

618 5440 719 5496 turi
745 5439 929 5494 eratis.
961 5439 1030 5493 At
1059 5439 1131 5515 illi
1161 5439 1309 5509 quasi
1341 5437 1448 5492 fera
1477 5437 1727 5492 immanis
1752 5447 2036 5508 utrumque
2061 5440 2198 5495 male

613 5529 962 5598 accipiebant.
1006 5528 1156 5583 Nulla
1192 5542 1318 5599 ergo
1341 5527 1496 5597 culpa
1523 5538 1605 5584 est
1631 5541 1816 5583 eorum
1859 5530 2054 5600 quibus
2093 5545 2195 5584 non

613 5620 876 5675 creditum
901 5626 1014 5684 est,
1037 5617 1131 5673 sed
1155 5631 1339 5675 eorum
1365 5626 1564 5673 tantum
1585 5619 1673 5688 qui
1700 5634 1806 5673 non
1833 5617 2191 5674 crediderunt.

614 5708 780 5766 Nemo
800 5711 941 5764 enim
961 5709 1222 5765 contraria
1243 5710 1396 5763 simul
1420 5709 1698 5780 vituperet,
1718 5717 1776 5764 ut
1797 5724 1971 5780 neque
1993 5705 2190 5766 laudet:

675 5817 692 5855 ⁸
725 5821 936 5881 quidam,
963 5834 1049 5883 per
1073 5819 1367 5871 atterutrau.

1337 408 1391 464 S.
1430 402 1704 464 JOANNIS
1737 395 2206 458 CHRYSOSTOMI
2248 397 2562 451 AltClllEP.
2605 390 3136 452 CONSTANTINOP.

3786 390 3896 449 ιρι

2306 509 2459 562 Verbi
2484 511 2649 578 gratia
2670 551 2682 573 ,
2714 510 2801 578 qui
2831 509 3002 562 virum
3035 506 3258 560 hilarem
3288 519 3350 560 ac
3381 505 3662 559 remissum
3693 519 3892 574 appro-

2299 599 2385 652 bat
2407 640 2420 661 ,
2449 613 2693 654 severum
2722 598 2804 653 vel
2833 598 3117 651 barbarum
3156 612 3261 650 non
3291 595 3603 665 approbabit
3633 614 3644 647 :
3676 595 3763 664 qui
3805 610 3896 648 se-

2300 704 2476 742 verum
2507 689 2716 753 laudat,
2755 688 2932 742 lmtum
2967 704 3069 741 non
3102 686 3354 740 laudabit.
3389 685 3506 740 Non
3538 696 3714 754 potest
3748 687 3898 739 cuius

2299 787 2351 832 et
2378 779 2490 832 luec
2519 787 2572 832 et
2603 779 2691 832 illa
2735 778 2889 834 simul
2921 778 3202 846 approbari
3235 778 3519 830 sententia.
3555 776 3782 846 Ideoque
3824 777 3903 828 ait

2300 872 2419 937 ille,
2469 870 2609 925 Tibia
2647 872 2916 925 cecinimus
2944 871 3100 937 vobis,
3139 879 3184 922 et
3224 885 3325 922 non
3356 869 3610 932 sattastis;
3642 869 3743 922 hoc
3771 877 3858 921 est
3885 907 3899 928 ,

2300 965 2594 1019 Remissam
2623 948 2836 1019 exhibui
2874 965 3070 1030 vitam,
3103 971 3157 1017 et
3200 976 3306 1016 non
3346 945 3787 1030 obtemperaStis;
3821 970 3902 1024 et,

2298 1053 2582 1107 Lamentati
2624 1071 2829 1119 sumus,
2871 1064 2917 1108 et
2955 1071 3055 1108 non
3088 1053 3355 1122 planxistis
3377 1069 3396 1117 ,'
3437 1052 3486 1106 id
3515 1062 3630 1118 est,
3661 1050 3906 1105 Joannes

2297 1159 2536 1201 severam
2565 1155 2617 1201 et
2636 1161 2853 1216 gravem
2883 1146 3040 1200 vitam
3069 1145 3346 1214 amplexus
3371 1153 3474 1208 est,
3506 1154 3565 1197 et.
3586 1157 3688 1197 ηοω
3721 1151 3906 1197 atten-

2298 1237 2470 1293 distis.
2501 1238 2616 1294 Non
2647 1239 2811 1303 dixit,
2837 1238 2952 1308 Ego
2983 1239 3125 1291 illam
3153 1277 3167 1303 ,
3199 1236 3290 1291 ille
3331 1235 3468 1290 hanc
3496 1237 3658 1290 vitam
3690 1234 3845 1289 duxit
3887 1252 3902 1288 :

2298 1332 2392 1386 sed
2418 1333 2538 1402 quia
2567 1334 2841 1402 utriusque
2863 1348 2964 1386 una
2992 1342 3103 1387 erat
3134 1333 3418 1398 sententia,
3444 1330 3542 1384 etsi
3566 1330 3740 1383 studia
3763 1345 3904 1383 con-

2302 1423 2492 1488 traria,
2523 1423 2643 1477 ideo
2696 1423 2995 1478 communia
3046 1434 3192 1492 gesta
3245 1421 3371 1478 dicit
3413 1437 3552 1479 esse.
3582 1421 3712 1477 Nam
3755 1420 3909 1492 quod

2297 1513 2620 1567 contrariam
2650 1513 2804 1567 iniret
2831 1514 2969 1566 viam
2993 1553 3006 1578 ,
3049 1528 3113 1567 ex
3157 1514 3359 1582 majore
3384 1514 3667 1569 concordia
3701 1514 3911 1568 factum

2299 1613 2380 1659 est
2399 1643 2414 1669 ,
2444 1618 2560 1674 qum
2587 1603 2832 1660 eumdem
2863 1604 3138 1673 spectabat
3167 1603 3347 1658 linem.
3389 1603 3558 1671 Quam
3591 1618 3718 1674 ergo
3744 1603 3907 1658 dein-

2300 1712 2426 1767 ceps
2455 1696 2821 1752 defensionem
2853 1696 3125 1750 habeatis?
3158 1695 3280 1750 Ideo
3308 1695 3581 1765 subjunxit
3615 1715 3627 1747 :
3661 1695 3724 1748 Et
3741 1696 3911 1765 justi-

2299 1790 2452 1857 ﬁcata
2477 1797 2549 1842 est
2578 1787 2826 1857 sapientia
2852 1803 2884 1838 a
2913 1787 3033 1854 ﬁliis
3071 1787 3213 1850 suis;
3259 1787 3359 1840 hoc
3389 1794 3471 1840 est
3493 1827 3508 1851 ,
3537 1785 3759 1838 Etiamsi
3804 1799 3910 1840 vos

2300 1897 2404 1935 non
2433 1880 2947 1949 obtemperaveritis,
2967 1888 3021 1932 at
3041 1894 3126 1933 me
3148 1879 3283 1932 ultra
3312 1879 3586 1932 criminari
3617 1894 3720 1932 non
3746 1887 3907 1948 pote-

2300 1975 2434 2028 ritis.
2464 1973 2614 2038 Quod
2646 1971 2712 2026 de
2745 1971 2902 2026 Patre
2927 1969 3054 2024 dicit
3082 1970 3338 2039 propheta
3375 1989 3388 2023 :
3426 1970 3493 2024 Ut
3523 1972 3819 2040 iustiﬁeeris
3851 1973 3907 2026 in

2298 2066 2606 2121 sermonibus
2633 2062 2917 2135 tuis(Psal.
2949 2064 3036 2119 50.
3073 2063 3147 2132 6).
3178 2063 3316 2118 Deus
3337 2062 3478 2118 enim
3507 2064 3739 2132 etiamsi,
3770 2063 3909 2119 dum

2300 2158 2468 2212 nostri
2494 2171 2674 2212 curam
2704 2157 2874 2226 gerit,
2920 2155 3050 2211 nihil
3076 2156 3320 2225 perﬁciat
3343 2195 3357 2221 ,
3390 2170 3482 2210 sua
3518 2165 3696 2211 tamen
3721 2159 3908 2212 omnia

2301 2249 2515 2317 implet,
2547 2250 2618 2302 ita
2646 2257 2702 2302 ut
2727 2261 2794 2301 ne
2824 2247 3039 2316 quidem
3068 2245 3308 2302 umbram
3339 2246 3692 2302 dubitationis
3721 2249 3906 2318 impu-

2299 2339 2546 2394 dentibus
2578 2339 2939 2409 improbisque
2969 2338 3252 2408 relinquat.
3281 2337 3337 2392 Si
3368 2353 3495 2392 vero
3535 2338 3780 2408 exempla
3810 2340 3908 2394 illa

2299 2431 2490 2503 quibus
2507 2431 2675 2486 utitur
2694 2431 2814 2485 vilia
2833 2431 2939 2484 sint
2956 2439 3010 2484 et
3027 2430 3400 2501 incomposita,
3425 2445 3490 2484 ne
3507 2431 3750 2496 mireris;
3774 2447 3902 2485 nam

2300 2524 2365 2580 ad
2396 2524 2700 2580 auditorum
2731 2523 3095 2579 infirmitatem
3127 2537 3247 2579 sese
3273 2522 3505 2591 aptabat.
3540 2522 3818 2593 Siquidem
3852 2536 3910 2578 et

2305 2615 2553 2672 Ezechiel
2587 2614 2751 2669 multa
2783 2614 2937 2669 aﬂ‘ert
2964 2616 3209 2685 exempla
3241 2615 3345 2669 illis
3373 2625 3692 2685 opportuna,
3719 2624 3771 2668 et
3809 2614 3908 2670 Dei

2304 2705 2583 2776 majestate
2612 2705 2824 2774 indigna
2858 2703 3083 2774 (Ezeeh.
3124 2704 3159 2758 4
3198 2715 3246 2759 et
3285 2705 3350 2760 16
3375 2706 3413 2775 ).
3464 2705 3657 2760 Verum
3702 2715 3755 2759 et
3803 2704 3912 2760 hoc

2301 2800 2460 2852 etiam
2488 2798 2702 2868 dignum
2732 2805 2815 2852 est
2843 2798 3007 2868 ipsius
3035 2797 3387 2867 providentia.
3419 2797 3708 2854 Considera
3742 2813 3912 2868 porro

2304 2890 2421 2945 illos
2447 2890 2605 2944 etiam
2642 2888 2860 2943 aliunde
2901 2888 2955 2943 in
2993 2889 3289 2943 contrarias
3315 2889 3641 2944 circumferri
3675 2899 3910 2943 senten-

2305 2983 2426 3035 tias.
2454 2979 2586 3034 Nam
2607 2995 2727 3035 cum
2747 2979 3006 3035 Joannem
3035 2979 3295 3034 dixissent
3314 2980 3637 3035 daemonium
3677 2981 3904 3048 habere,

2307 3088 2412 3126 non
2443 3072 2530 3127 hic
2557 3080 2856 3138 steterunt,
2889 3071 2986 3128 sed
3014 3071 3115 3127 hoe
3142 3073 3314 3142 ipsum
3344 3072 3410 3126 de
3437 3073 3649 3127 Christo
3690 3083 3911 3128 contra.

2306 3164 2390 3219 rio
2416 3163 2576 3218 modo
2601 3163 2812 3219 vivente
2840 3163 3090 3219 dixerunt
3131 3182 3144 3217 :
3186 3165 3263 3219 sic
3288 3179 3501 3234 semper
3529 3167 3578 3218 in
3607 3167 3910 3220 sententias

2304 3267 2486 3309 secum
2514 3263 2809 3323 pugnantes
2851 3253 3250 3308 deferebantur.
3299 3253 3468 3308 Lucas
3509 3269 3636 3310 vero
3669 3269 3789 3309 cum
3825 3255 3913 3310 his

2305 3345 2466 3399 aliam
2493 3359 2708 3416 quoque
2749 3346 3006 3414 majorem
3047 3345 3202 3401 aﬂ'ert
3239 3361 3423 3401 eorum
3473 3348 3913 3414 accusationem,

2305 3436 2533 3492 dicens:
2578 3435 2850 3492 Publieani
2894 3439 3026 3490 enim
3063 3439 3470 3508 justiﬁcaverunt
3516 3432 3915 3506 Deumpsusci-

2311 3528 2501 3596 pientes
2527 3527 2782 3597 baptisma
2824 3527 3042 3582 Joannis
3073 3527 3235 3599 (Luc.
3269 3529 3318 3582 7.
3350 3529 3421 3584 ‘29
3442 3530 3480 3602 ).
3510 3529 3661 3585 Tunc
3685 3531 3917 3588 demum

2307 3617 2609 3672 civitatibus
2644 3618 2966 3687 exprobrat,
3011 3633 3131 3672 cum
3158 3619 3443 3688 justincata
3475 3620 3571 3674 fuit
3596 3622 3863 3691 sapientia
3897 3667 3914 3688 ,

2309 3707 2521 3776 quando
2540 3707 2716 3762 omnia
2740 3707 2960 3777 impleta
2987 3707 3150 3763 inisse
3169 3708 3573 3764 demonstravit.
3601 3711 3734 3780 Quia
3762 3714 3919 3768 enim

2311 3798 2360 3852 id
2393 3814 2497 3853 non
2539 3785 2802 3868 persuasit
2842 3799 2978 3862 illis,
3023 3801 3249 3855 miseros
3283 3803 3399 3856 illos
3439 3803 3726 3871 prazdicat;
3767 3807 3919 3876 quod

2310 3891 2460 3960 pejus
2481 3899 2563 3946 est
2582 3905 2742 3960 quam
2757 3891 2804 3945 si
2823 3893 3284 3961 perterre’aeeret.
3309 3893 3519 3949 Etenim
3537 3906 3591 3951 et
3610 3895 3917 3954 doctrinam

2307 3981 2551 4038 adhibuit
2587 3992 2644 4037 et
2684 3982 2962 4037 miracula.
2994 3983 3127 4051 Quia
3156 3999 3288 4040 vero
3318 3985 3368 4039 in
3397 3986 3582 4041 eadem
3615 3989 3914 4045 increduli-

2311 4081 2417 4127 tate
2441 4083 2785 4140 manserunt,
2815 4073 3031 4153 demum
3055 4077 3365 4145 exprobrat.
3413 4077 3502 4132 20.
3547 4075 3693 4132 Tunc
3736 4081 3870 4134 enim
3897 4124 3911 4144 ,

2308 4163 2416 4228 ait,
2442 4161 2595 4217 Jesus
2624 4166 2772 4233 capit
2799 4165 3106 4235 exprobrare
3135 4166 3442 4233 civitatibus,
3470 4169 3522 4222 in
3552 4169 3730 4238 quibus
3758 4171 3915 4239 facta

2311 4260 2509 4327 fuerant
2554 4256 2788 4326 plurima:
2823 4257 3030 4310 virtutes
3061 4259 3206 4329 ejus,
3250 4259 3370 4316 auia
3419 4261 3761 4328 paenitentiam
3805 4279 3914 4318 non

2307 4356 2550 4416 egerant,
2585 4348 2755 4400 dicens
2788 4347 2921 4401 :Ql.
2967 4347 3050 4401 Va:
3078 4349 3169 4402 tibi
3199 4349 3489 4416 (Jhorazin;
3522 4333 3703 4408 w‘tibi
3746 4353 3908 4410 Beth-

2309 4436 2476 4490 saidu.
2523 4436 2721 4491 Deinde
2770 4445 2826 4490 ut
2871 4437 3044 4494 discas
3087 4454 3180 4494 eos
3212 4456 3317 4495 non
3362 4450 3548 4498 natura
3581 4445 3713 4500 tales
3740 4459 3864 4502 esse
3891 4489 3910 4514 ,

2310 4544 2503 4583 nomen
2537 4529 2682 4583 urbis
2728 4530 2864 4583 illius
2903 4533 3091 4601 ponit,
3136 4533 3279 4590 unde
3317 4535 3553 4606 quinque
3594 4538 3910 4608 prodierant

2308 4619 2552 4689 apostoli.
2577 4619 2706 4674 Nam
2734 4620 3007 4691 Philippus
3033 4633 3088 4678 et
3115 4624 3228 4679 duo
3252 4626 3336 4679 illa
3365 4629 3777 4699 eorypbzeorum
3811 4648 3908 4703 pu-

2309 4712 2386 4765 ria
2418 4712 2490 4782 (α)
2525 4711 2645 4778 inde
2669 4721 2841 4767 erant.
2875 4714 3007 4777 Quia
3049 4715 3092 4768 si
3132 4717 3182 4769 in
3233 4715 3366 4787 Tyro
3405 4727 3452 4772 et
3499 4719 3692 4774 Sidone
3720 4764 3734 4785 ,
3787 4725 3864 4780 ait
3888 4769 3906 4790 ,

2308 4804 2457 4871 facta
2487 4804 2694 4873 fuissent
2722 4805 2948 4867 virtutes,
2982 4822 3095 4871 qua:
3114 4807 3165 4859 in
3190 4807 3324 4861 vobis
3352 4808 3502 4879 facta
3528 4824 3665 4879 sunt,
3694 4814 3817 4868 olim
3851 4817 3904 4873 in

2306 4909 2451 4947 sacco
2488 4905 2533 4947 ct
2565 4896 2727 4948 cinere
2755 4899 3099 4965 pcnitentiam
3127 4899 3362 4968 egissent.
3410 4900 3502 4958 ἥ.
3544 4901 3906 4964 Verumtamen

2307 4984 2418 5036 dico
2446 4985 2602 5051 vobis,
2632 4983 2766 5056 Tyro
2793 4997 2840 5041 et
2872 4986 3060 5042 Sidoni
3085 4989 3342 5046 remissius
3371 4992 3465 5060 erit
3491 4993 3543 5048 in
3561 4995 3656 5058 die
3688 4997 3903 5066 judicii,

2305 5090 2456 5144 quam
2480 5075 2634 5130 vobis.
2663 5077 2751 5132 2.3.
2778 5077 2846 5132 Et
2872 5089 2926 5133 tu
2945 5080 3264 5151 Capernaum
3280 5124 3295 5148 ,
3325 5099 3438 5152 qua
3456 5097 3612 5157 usque
3637 5090 3706 5141 ad
3723 5093 3908 5145 etrluns

2304 5167 2527 5220 exaltata
2557 5184 2640 5232 es,
2683 5185 2838 5239 usque
2873 5170 2944 5223 ad
2980 5171 3236 5239 infernum
3265 5173 3536 5232 descendes
3566 5195 3587 5233 :
3627 5181 3748 5250 quia
3777 5181 3822 5234 si
3849 5183 3904 5237 in

2306 5257 2544 5312 Sodomis
2572 5259 2720 5328 facta!
2749 5260 2958 5328 fuissent
2985 5263 3213 5328 virtutes,
3243 5280 3355 5332 qute
3380 5266 3530 5334 [aetat
3554 5277 3672 5322 sunt
3715 5270 3768 5324 in
3812 5282 3864 5328 te
3883 5314 3902 5341 ,

2303 5350 2604 5426 mansissent
2632 5349 2804 5419 utique
2830 5351 2898 5403 ad
2926 5352 3057 5407 hanc
3087 5353 3240 5407 diem.
3269 5351 3362 5410 21.
3403 5354 3757 5417 Verumtamen
3786 5364 3900 5419 dies

2303 5439 2440 5493 vobis
2463 5481 2478 5503 ,
2520 5441 2638 5510 quia
2679 5451 2826 5494 terra:
2853 5440 3194 5498 Sodomorum
3229 5447 3486 5505 remissius
3509 5450 3602 5504 erit
3626 5452 3681 5506 in
3709 5453 3791 5507 die
3807 5456 3898 5527 jss-

2303 5528 2424 5582 dicii
2446 5571 2459 5594 ,
2490 5546 2642 5598 quam
2673 5529 2780 5584 tibi.
2808 5526 2923 5586 an
2952 5533 3068 5588 sine
3089 5549 3248 5590 causa
3277 5534 3507 5595 Sodoma
3537 5543 3775 5611 apponit,
3803 5526 3900 5601 sed

2303 5628 2359 5675 ut
2383 5631 2573 5692 augeat
2591 5623 3006 5681 accusationem.
3037 5623 3284 5697 Magnum
3310 5630 3506 5702 quippe
3534 5635 3783 5704 nequitia:
3806 5651 3896 5693 ar-

2366 5763 2450 5842 gui
2473 5763 2587 5842 Duo
2601 5764 2966 5842 Ψιιὶιωοιιιιω
2988 5770 3120 5831 paria
3140 5778 3274 5830 sunt,
3293 5776 3469 5822 Petrus
3488 5781 3538 5824 et
3563 5775 3797 5842 Andreas,
3819 5787 3898 5831 Ja-

2303 5825 2453 5874 cobus
2475 5833 2524 5874 ct
2546 5825 2767 5876 Joannes.
2988 5825 3003 5831 ’
3259 5825 3268 5830 ’
3333 5857 3336 5862 -
