4076 6470
306 411 404 466 ωδ

298 532 620 594 gementum
657 531 763 589 est,
788 533 911 575 cum
935 532 1040 572 non
1063 515 1225 572 modo
1249 513 1622 587 praesentibus,
1646 511 1741 567 sed
1763 510 1926 566 etiam

300 619 360 671 iis
381 617 474 687 qui
497 616 637 670 olim
661 614 882 670 fuerunt
901 610 1178 667 sceleratis
1197 608 1496 663 deteriores
1515 619 1636 661 esse
1657 603 1923 658 videntur.

298 711 385 765 Sic
409 717 467 764 et
493 708 630 763 alibi
663 708 813 776 ipsos
847 703 1171 759 condemnat
1210 699 1614 770 comparatione
1640 696 1776 752 facta
1803 711 1927 750 cum

300 799 558 855 Ninivitis
583 808 642 854 et
677 812 804 853 cum
844 797 1029 866 regina
1058 793 1240 849 Austri
1277 791 1488 865 (Matth.
1527 791 1618 846 12.
1651 791 1742 845 41.
1774 787 1874 861 42)
1909 806 1922 844 :

300 905 484 947 verum
518 890 635 945 illic
675 889 744 944 iis
783 889 872 958 qui
916 897 1064 943 recte
1106 885 1382 950 fecerunt,
1432 884 1523 940 hic
1565 897 1697 939 vero
1731 882 1794 937 iis
1836 881 1926 952 qui

297 981 438 1036 male
458 988 702 1050 egerunt
729 980 878 1050 ipsos
902 987 1200 1048 comparat,
1227 975 1369 1047 quod
1399 975 1556 1046 longe
1581 974 1796 1045 gravius
1820 981 1922 1028 est.

298 1071 454 1126 llunc
475 1086 704 1142 quoque
731 1069 1020 1126 damnandi
1048 1067 1264 1123 modum
1285 1067 1432 1122 novit
1455 1064 1732 1130 Ezechiel;
1760 1078 1927 1130 quare

296 1162 432 1216 dixit
456 1161 826 1235 Jerosolymze
856 1178 870 1215 :
912 1159 1222 1221 Justiﬁcasti
1251 1174 1447 1214 sorores
1470 1168 1583 1212 tuas
1611 1158 1664 1210 in
1692 1155 1926 1210 omnibus

297 1256 520 1324 peccatis
547 1258 655 1309 tuis
684 1253 911 1324 (Ezech.
963 1251 1043 1308 l6.
1092 1253 1151 1307 5i
1186 1253 1222 1320 ).
1259 1250 1358 1306 .Sic
1402 1251 1602 1322 ubique
1645 1249 1700 1304 in
1742 1246 1923 1304 Veteri

296 1347 664 1402 Testamento
693 1347 745 1400 in
777 1344 862 1400 his
888 1344 1091 1400 versari
1118 1345 1274 1398 solet.
1307 1342 1490 1413 Neque
1522 1342 1608 1397 hic
1645 1341 1805 1398 finem
1844 1341 1924 1396 di-

297 1438 454 1494 cendi
487 1437 645 1505 facit,
678 1436 774 1493 sed
810 1437 1058 1490 timorem
1085 1443 1243 1504 auget
1267 1433 1452 1488 dicens
1475 1472 1491 1498 ,
1519 1432 1766 1502 graviora
1795 1446 1924 1501 pas-

297 1535 466 1584 suros
487 1529 618 1584 illos
644 1543 765 1584 esse
783 1568 800 1594 ,
827 1541 988 1597 quam
1013 1524 1320 1581 Sodomitas
1345 1533 1400 1580 et
1425 1522 1642 1596 Tyrios.
1669 1522 1746 1578 lta
1777 1523 1924 1594 ipsos

297 1621 546 1692 undique
576 1621 850 1688 concitat,
884 1629 938 1674 et
962 1633 1085 1674 cum
1127 1617 1359 1675 miseros
1383 1616 1676 1689 pradicat,
1707 1626 1762 1673 et
1799 1632 1922 1671 cum

302 1711 710 1781 portent-facit.
1053 1703 1058 1708 ’

374 1803 431 1857 5.
465 1800 819 1870 Hospita/itas
844 1800 1245 1854 commendatur.
1279 1797 1466 1855 Contra
1492 1800 1777 1854 meretricia
1801 1815 1924 1854 can-

300 1895 423 1948 tica.
470 1923 549 1934 -—
591 1892 719 1948 llaec
747 1906 965 1962 quoque
996 1907 1093 1945 nos
1124 1891 1422 1946 audiamus.
1458 1891 1642 1962 Neque
1667 1891 1810 1948 enim
1839 1891 1924 1944 iu-

299 1982 552 2038 crednlis
597 1991 802 2036 tantum
827 2023 843 2050 ,
883 1983 978 2036 sed
1017 1982 1178 2035 etiam
1211 1982 1366 2035 nobis
1396 1982 1608 2051 gravius
1647 1983 1924 2038 constituit

298 2074 633 2143 sUpplicium
656 2114 669 2138 ,
703 2088 864 2143 quam
895 2069 1187 2127 Sodomitis
1212 2114 1225 2136 ,
1258 2072 1358 2126 nisi
1394 2072 1703 2142 peregrinos
1731 2072 1797 2126 ad
1825 2087 1925 2128 nos

300 2167 592 2220 venientes
625 2165 954 2235 excipiamus
977 2207 992 2230 ,
1021 2177 1140 2218 cum
1170 2164 1329 2219 etiam
1358 2164 1634 2234 pulverem
1663 2173 1924 2220 excutere

299 2257 566 2328 jusserit;
615 2273 679 2314 ac
715 2259 838 2329 jure
867 2259 1077 2312 merito.
1124 2256 1201 2311 llli
1243 2272 1511 2326 namque,
1544 2258 1644 2312 etsi
1688 2257 1924 2328 graviter

305 2358 606 2419 peccarunt
631 2393 645 2416 ,
678 2359 732 2403 at
759 2357 886 2404 ante
915 2350 1087 2420 legem
1115 2360 1168 2403 et
1197 2349 1423 2420 gratiam
1451 2349 1583 2418 lapsi
1615 2359 1776 2414 sunt;
1824 2365 1922 2404 nos

305 2442 558 2511 vero-qui
600 2449 718 2510 post
755 2449 955 2494 tantam
1005 2441 1157 2494 nobis
1188 2439 1478 2494 cxbibitam
1509 2455 1694 2494 curam
1737 2456 1923 2509 pecco-

301 2548 429 2584 mus
453 2572 468 2596 ,
498 2547 601 2602 qua
632 2532 834 2586 erimus
880 2529 1033 2585 venia
1064 2530 1209 2597 digni
1239 2573 1253 2597 ,
1283 2530 1372 2600 qui
1413 2538 1617 2584 tantum
1648 2530 1919 2600 hospitmn

305 2623 493 2678 odium
527 2622 844 2677 exhibemus
871 2662 887 2688 ,
930 2621 1222 2691 egenisque
1257 2631 1441 2690 portas
1462 2662 1476 2685 ,
1505 2630 1556 2675 et
1582 2631 1707 2676 ante
1741 2633 1922 2690 portas

303 2731 470 2769 aures
511 2713 856 2770 claudimus?
903 2729 1002 2768 nec
1039 2713 1204 2770 modo
1243 2713 1565 2784 pauperibus
1590 2757 1604 2780 ,
1635 2713 1731 2768 sed
1760 2715 1921 2769 etiam

305 2806 441 2875 ipsis
468 2807 764 2877 apostolis?
793 2804 919 2861 ldco
944 2806 1086 2861 enim
1113 2807 1464 2877 pauperibus,
1491 2807 1616 2876 quia
1642 2807 1918 2875 apostolis.

303 2901 444 2954 Cum
468 2902 612 2955 enim
645 2901 841 2970 legitur
868 2893 1099 2963 Paulus;
1129 2913 1228 2954 nec
1261 2909 1314 2953 tu
1341 2898 1606 2964 attendis;
1637 2913 1756 2953 cum
1787 2913 1924 2968 pra:—

305 2991 454 3047 dicat
478 2992 752 3059 Joannes,
784 2999 838 3046 et
884 2999 938 3045 tu
983 3005 1089 3044 non
1124 2989 1279 3043 audis
1309 3007 1321 3041 :
1348 2989 1688 3059 quandonam
1723 3004 1924 3060 paupe-

306 3100 424 3138 rem
453 3086 703 3154 recipies,
731 3084 820 3154 qui
850 3083 1157 3152 apostolum
1186 3097 1293 3136 non
1321 3082 1550 3151 recipis?
1575 3080 1644 3137 Ut
1669 3083 1847 3152 itaque
1868 3090 1923 3136 et

308 3177 396 3230 his
422 3177 586 3242 mdes,
618 3187 674 3232 et
703 3177 808 3230 illis
836 3190 995 3231 aures
1023 3183 1284 3245 perpetuo
1312 3183 1512 3243 aperta:
1540 3175 1668 3240 sint,
1703 3175 1919 3229 sordem

305 3283 524 3323 omnem
567 3267 637 3322 ab
677 3268 900 3323 auribus
940 3269 1134 3321 anima:
1177 3280 1553 3336 expurgemus.
1596 3265 1745 3321 Sicut
1776 3267 1919 3319 enim

307 3360 496 3416 sordes
521 3369 574 3414 et
599 3361 762 3414 limus
783 3373 940 3414 aures
965 3357 1231 3427 corporis,
1257 3358 1334 3411 sic
1361 3356 1662 3416 meretricia
1689 3359 1918 3422 cantica,

309 3455 595 3509 smeulares
633 3453 972 3507 narrationes
992 3491 1005 3514 ,
1035 3451 1236 3517 debita,
1270 3464 1550 3504 sermones
1581 3449 1648 3504 de
1679 3464 1837 3503 usura
1868 3457 1923 3502 et

308 3555 492 3601 mutuo
517 3588 532 3609 ,
573 3544 743 3616 magis
769 3558 930 3611 quam
965 3542 1166 3609 qumvis
1193 3541 1381 3596 sordes
1411 3555 1572 3596 aures
1599 3541 1792 3604 animus
1821 3541 1918 3593 nb-

312 3645 524 3700 turant;
559 3637 666 3690 imi:-
699 3651 805 3689 non
837 3634 1094 3688 obturant
1125 3632 1304 3700 modo,
1337 3633 1431 3686 sed
1464 3631 1769 3704 immundas
1801 3632 1921 3686 red-

310 3727 461 3780 dum.
492 3727 623 3781 Nam
656 3727 745 3797 qui
799 3726 899 3780 ista
939 3731 1192 3787 narrant,
1229 3723 1411 3776 fimum
1446 3725 1496 3776 in
1529 3737 1685 3776 aures
1717 3732 1921 3775 vestras

311 3818 572 3888 injiciunt.
616 3818 695 3872 Ac
716 3815 858 3886 quod
879 3814 1138 3869 barbarus
1158 3811 1247 3868 ille
1263 3815 1689 3868 comminabatur
1705 3815 1889 3867 diet‘ns
1904 3833 1922 3867 :

312 3911 592 3964 Cmmdetis
618 3920 809 3962 stercus
853 3917 1084 3971 vestrm»,
1116 3918 1220 3960 etc.
1255 3906 1273 3976 (
1308 3904 1432 3958 lsm'.
1465 3904 1552 3958 56.
1584 3904 1687 3975 1?.)
1722 3923 1733 3958 :
1761 3905 1840 3957 sic
1868 3913 1921 3958 ct

315 4003 397 4056 isti
427 4019 532 4056 non
562 4001 746 4062 verbo,
780 3999 875 4054 sed
901 3998 1154 4070 operibus
1184 4013 1247 4052 eo
1274 4012 1368 4052 vos
1393 3997 1682 4058 deducunt,
1717 4006 1768 4048 ut
1803 3996 1920 4049 haec

313 4092 655 4156 sustinentis;
688 4092 796 4145 imo
822 4098 874 4144 et
907 4090 1063 4158 longe
1089 4089 1322 4159 gravius.
1355 4088 1563 4142 Etenim
1596 4087 1681 4140 illa
1711 4086 1919 4140 cantica

315 4184 395 4239 his
439 4184 595 4251 longe
639 4180 865 4236 foediora
896 4189 1023 4234 sunt
1066 4197 1078 4232 :
1126 4179 1372 4249 quodque
1401 4179 1637 4232 deterius
1663 4186 1775 4240 e~t,
1814 4192 1919 4232 non

314 4272 474 4328 modo
497 4272 614 4326 lucc
643 4271 868 4325 moleste
900 4284 1007 4324 non
1040 4269 1218 4336 fertis,
1251 4270 1344 4323 sed
1375 4271 1532 4321 etiam
1564 4267 1767 4333 ridetis,
1799 4284 1920 4321 cum

313 4373 586 4435 oporteret
613 4363 883 4419 exsecrari
915 4378 976 4416 ae
1014 4362 1213 4432 fugere.
1247 4361 1397 4429 Quod
1433 4363 1474 4415 si
1503 4361 1615 4414 lure
1644 4359 1923 4413 abomina-

314 4457 439 4510 hilia
467 4471 572 4510 non
601 4465 746 4517 sunt,
775 4453 1041 4509 descende
1074 4455 1124 4506 in
1153 4453 1502 4513 orchestram,
1540 4452 1748 4504 imitare
1780 4450 1920 4518 (μυ-(1

314 4548 531 4611 laudas;
580 4546 687 4600 imo
713 4545 797 4600 adi
829 4561 950 4599 eum
973 4547 1064 4615 qui
1093 4545 1232 4598 hunc
1261 4546 1425 4599 risum
1454 4545 1668 4598 excitat.
1723 4543 1919 4598 Verum

315 4640 366 4694 id
395 4653 685 4708 numquam
712 4636 888 4692 facere
915 4638 1079 4690 ausis.
1112 4638 1217 4691 Cur
1242 4653 1369 4706 ergo
1399 4638 1472 4690 illi
1503 4647 1704 4690 tantum
1736 4637 1922 4690 tribuis

315 4735 574 4783 honorem
598 4728 623 4780 ‘1
647 4728 808 4796 Atqui
838 4727 1148 4782 Graecorum
1183 4727 1326 4796 leges
1355 4727 1655 4794 (Ιιίξδεῐξίιιιν,
1693 4728 1808 4780 illos
1837 4729 1919 4782 in-

312 4821 483 4873 fames
514 4819 698 4873 haberi
732 4819 918 4872 volunt
950 4837 962 4872 :
992 4828 1047 4872 tu
1089 4835 1216 4871 vero
1261 4820 1378 4872 illos
1412 4834 1530 4872 cum
1567 4826 1674 4872 tota
1706 4820 1922 4872 civitate

312 4912 510 4980 recipis
532 4951 545 4974 ,
593 4912 745 4979 quasi
774 4910 975 4980 legatos
1002 4911 1017 4940 ¹
1049 4921 1103 4964 et
1131 4909 1295 4962 duces
1315 4951 1328 4973 ,
1363 4924 1657 4978 omnesque
1686 4925 1878 4964 cineas
1903 4951 1916 4974 ,

314 5013 371 5056 ut
419 5003 603 5055 fimum
649 5002 700 5054 in
741 5001 961 5054 auribus
1002 5001 1285 5070 accipiant.
1355 5002 1428 5052 Ac
1474 5014 1660 5053 servus
1705 5000 1919 5069 quidem

315 5108 458 5157 tuus,
489 5096 532 5149 si
567 5093 690 5163 quid
721 5102 906 5162 turpe.
940 5103 990 5147 te
1021 5093 1302 5156 audiente,
1336 5093 1599 5159 loquatur,
1634 5094 1776 5146 mille
1807 5094 1920 5158 pla-

314 5200 410 5257 gas
437 5188 666 5255 accipit;
696 5193 747 5238 ei
775 5186 817 5238 si
853 5185 1023 5248 ﬁlius,
1055 5185 1096 5238 si
1129 5199 1282 5248 uxor,
1310 5184 1355 5237 si
1387 5185 1627 5254 quisquis
1653 5186 1790 5239 alius
1822 5186 1923 5238 huc

317 5279 512 5342 faciat,
545 5293 654 5332 rem
699 5278 840 5330 illam
873 5291 1032 5330 vocas
1062 5277 1439 5330 contumeliam
1473 5292 1484 5326 π
1514 5276 1557 5328 si
1592 5263 1718 5329 vero
1750 5276 1924 5327 homi-

318 5385 413 5423 nes
447 5369 768 5422 verberones
802 5376 852 5420 et
893 5368 1083 5436 ahjecti
1127 5376 1176 5420 te
1205 5376 1392 5419 vocent
1421 5409 1434 5430 ,
1469 5377 1524 5419 ut
1559 5376 1726 5433 turpia
1763 5367 1920 5419 milia

317 5461 525 5527 audias,
560 5477 664 5514 nou
699 5459 858 5512 nme
887 5476 992 5512 non
1023 5459 1337 5528 indignaris,
1369 5459 1463 5511 scd
1501 5463 1648 5511 etiam
1680 5459 1877 5527 gaudes
1904 5502 1917 5524 ,

321 5551 522 5605 laudas.
555 5551 756 5617 Ecquid
786 5550 909 5604 huic
937 5551 1220 5604 dementire
1248 5567 1340 5617 par
1365 5548 1592 5603 fuerit‘?
1618 5550 1721 5602 Sed
1750 5551 1920 5617 turpia

322 5642 688 5712 hujuscenmdi
735 5657 841 5695 nun
887 5641 1158 5710 loqueris?
1206 5641 1407 5709 Ecquid
1452 5641 1572 5693 hinc
1604 5641 1736 5694 lucri
1760 5644 1779 5692 ’ἒ
1814 5641 1922 5694 imo

385 5779 399 5806 ί
437 5776 649 5832 quidam.
674 5775 810 5832 quasi
836 5774 1154 5826 consiliarios.

383 5835 406 5862 ⁸
439 5838 651 5885 Nonnulli
677 5838 859 5886 ham-nt
890 5853 897 5884 :
928 5837 1110 5897 Erquid
1135 5836 1222 5886 qu'
1248 5834 1488 5884 (tumentia
1504 5836 1640 5896 pejus
1663 5838 1760 5896 [um
1776 5836 1809 5884 it
1835 5836 1857 5882 ."

1149 399 1214 457 IN
1253 397 1664 457 MAT'I'IIIEUM
1705 395 1936 454 llOlllL.
1978 392 2249 450 XXXVII.
2289 396 2362 452 al.
2406 395 2699 453 XXXVIII;

3543 401 3650 460 628

2037 523 2166 563 vero
2188 507 2328 564 unde
2351 508 2551 579 liqueat
2573 519 2624 565 te
2645 523 2752 565 non
2773 509 2958 580 loqui?
2979 508 3035 566 Si
3058 511 3201 567 enim
3223 509 3340 568 ltzee
3359 528 3651 585 numquam

2036 595 2346 666 proferres,
2381 613 2487 653 non
2530 600 2739 655 rideres
2781 601 3009 655 audiens
3031 641 3048 668 ,
3081 617 3256 672 neque
3298 612 3449 660 tanto
3472 605 3653 661 studio

2033 701 2285 744 curreres
2311 688 2379 743 ad
2410 704 2596 746 vocem
2625 706 2746 761 qnze
2776 700 2827 746 te
2851 691 3122 748 dedecore
3145 693 3331 750 afficit.
3382 695 3475 753 Die
3504 699 3650 753 enim

2037 777 2167 834 mihi
2195 819 2209 844 ,
2236 779 2512 850 gaudesne
2541 782 2767 838 audiens
2806 781 3212 853 blasphemias?
3241 801 3420 842 annon
3447 786 3668 851 exhor-_

2035 871 2223 937 reseis,
2247 879 2304 926 et
2326 887 2486 928 aures
2509 872 2792 928 obstruis?
2822 874 2936 944 Ego
2961 885 3109 932 certe
3131 875 3182 930 id
3207 885 3355 947 puto.
3377 875 3490 933 Cur
3512 878 3653 935 hoc?

2031 960 2165 1028 Quia
2206 969 2262 1017 tu
2304 978 2593 1034 numquam
2634 963 2997 1034 blasphemas.
3045 965 3278 1036 ldipsuin
3311 967 3472 1024 facito
3504 969 3650 1026 circa

2033 1053 2206 1125 turpia
2238 1054 2331 1109 illa
2364 1056 2548 1111 verba.
2598 1058 2666 1112 Et
2694 1057 2741 1112 si
2766 1057 2844 1112 vis
2875 1057 3032 1113 nobis
3060 1058 3206 1114 clare
3234 1059 3608 1118 demonstrare
3629 1105 3645 1129 ,

2033 1156 2085 1201 te
2108 1161 2213 1202 non
2237 1149 2478 1220 gaudere
2497 1149 2624 1204 dum
2649 1150 2822 1222 turpia
2843 1150 3115 1215 dicuntur,
3140 1166 3207 1208 ne
3226 1153 3410 1209 auditu
3431 1154 3648 1225 quidem

2032 1238 2120 1293 illa
2149 1241 2309 1295 teras.
2344 1240 2695 1305 Quandouam
2724 1243 2925 1312 probus
2953 1244 3035 1298 vir
3058 1259 3180 1301 esse
3209 1246 3430 1314 poteris,
3464 1248 3518 1324 in
3547 1247 3651 1304 bu—

2027 1331 2265 1400 jnsmodi
2293 1333 2538 1403 turpibus
2564 1333 2848 1390 audiendis
2867 1337 3171 1393 enutritus?
3194 1339 3536 1409 quandonam
3558 1357 3650 1398 ea-

2030 1425 2232 1481 slitatis
2261 1425 2490 1482 sudores
2530 1426 2671 1482 ferre
2713 1428 2916 1497 poteris
2941 1469 2955 1492 ,
2985 1428 3065 1483 sic
3105 1431 3357 1500 paulatim
3394 1431 3647 1490 difﬂuens

2028 1532 2092 1572 ex
2141 1517 2250 1574 risu
2275 1561 2291 1588 ,
2324 1519 2570 1574 cantibus
2593 1561 2608 1585 ,
2641 1529 2697 1573 et
2746 1520 2924 1574 verbis
2952 1519 3264 1578 obscaenis?
3306 1523 3439 1578 Nam
3482 1527 3528 1580 si
3558 1527 3645 1582 vix

2028 1609 2208 1663 anima
2233 1650 2248 1673 .
2281 1625 2401 1679 qum
2425 1609 2496 1664 ab
2525 1609 2610 1665 bis
2636 1611 2889 1666 omnibus
2911 1625 2974 1667 se
3004 1627 3190 1680 puram
3219 1625 3397 1669 servat
3421 1655 3436 1680 ,
3469 1623 3648 1685 potest

2031 1715 2152 1755 esse
2179 1700 2404 1756 honesta
2435 1711 2486 1757 et
2519 1711 2685 1768 casta,
2712 1710 2915 1772 quanto
2938 1703 3114 1758 minus
3142 1703 3340 1774 poterit
3365 1721 3489 1775 qua:
3531 1706 3647 1762 haec

2029 1791 2216 1847 audire
2240 1793 2418 1849 solet?
2447 1795 2529 1847 An
2557 1793 2794 1859 nescitis,
2827 1808 2926 1849 nos
2946 1793 3014 1848 ad
3047 1793 3339 1864 nequitiam
3363 1796 3646 1866 proniores

2029 1886 2190 1942 esse?
2212 1886 2350 1943 Cum
2377 1895 2555 1941 autem
2586 1887 2701 1941 lucc
2729 1886 2784 1942 in
2810 1897 2984 1942 artem
3006 1895 3061 1942 et
3083 1901 3220 1958 opus
3236 1898 3643 1956 convertamus,

2029 1978 2300 2046 quomodo
2345 1978 2619 2035 fornacem
2670 1977 2816 2033 illam
2859 1976 3097 2048 eﬂ'ugere
3142 1979 3482 2049 poterimus?
3526 1979 3644 2036 Non

2029 2068 2222 2124 audisti
2245 2069 2372 2140 quid
2397 2069 2526 2148 dicit
2549 2069 2768 2138 Paulus,
2800 2067 3034 2125 Gaudete
3053 2070 3107 2124 in
3132 2068 3352 2126 Domino
3380 2070 3641 2143 (Philipp.

2029 2160 2083 2214 4.
2111 2160 2146 2214 4
2165 2161 2224 2232 )‘t
2249 2161 2365 2216 Non
2394 2161 2550 2230 dixit,
2585 2161 2642 2216 lu
2671 2161 2907 2218 diabolo.

2103 2253 2153 2306 6.
2195 2251 2534 2309 Theatrorum
2561 2255 2858 2326 spectacula
2890 2271 3046 2327 quam
3073 2255 3321 2311 dantuosa
3359 2267 3410 2312 et
3450 2259 3641 2329 turpia.

2028 2373 2100 2382 —
2121 2343 2346 2409 Quando
2376 2346 2536 2414 igitur
2558 2345 2748 2401 audire
2779 2346 3000 2401 Paulum
3041 2347 3280 2418 poteris?
3323 2347 3552 2415 Quando
3593 2350 3650 2406 in

2029 2448 2245 2488 sensum
2289 2435 2474 2489 venire
2529 2445 2873 2505 peccatorum
2900 2477 2916 2502 ,
2957 2437 3047 2507 qui
3097 2451 3165 2492 ex
3208 2439 3512 2508 Spectacula
3554 2441 3647 2497 illo

2029 2524 2212 2579 ebrius
2238 2540 2455 2595 semper
2479 2525 2584 2580 es?
2633 2525 2785 2594 Quod
2815 2528 2958 2583 enim
2991 2528 3094 2584 huc
3125 2531 3371 2597 veneris,
3412 2547 3519 2586 non
3549 2534 3648 2587 mi-

2029 2632 2150 2670 rum
2193 2631 2293 2674 nec
2338 2633 2590 2689 magnum
2630 2630 2748 2686 est;
2798 2621 2909 2676 imo
2945 2622 3125 2692 potius
3156 2623 3355 2678 mirum
3383 2633 3485 2680 est.
3531 2625 3647 2682 lluc

2027 2709 2171 2762 enim
2208 2717 2264 2764 et
2304 2710 2544 2778 segniter
2583 2720 2637 2765 et
2676 2711 3052 2782 perfunctorie»
3079 2714 3266 2780 venis;
3308 2715 3436 2772 illuc
3463 2727 3649 2774 autem-

2027 2815 2226 2872 maguo
2264 2800 2445 2858 studio
2475 2811 2530 2858 et
2567 2804 2749 2858 animo
2780 2806 3037 2860 accurris.
3071 2805 3235 2876 quue
3263 2809 3437 2878 palam
3467 2819 3552 2865 est
3579 2828 3646 2867 ex

2027 2890 2093 2945 iis
2122 2907 2243 2962 qua:
2272 2891 2492 2948 domum
2517 2893 2688 2950 refers
2711 2936 2725 2959 ,
2753 2909 2876 2950 cum
2906 2895 3031 2952 inde
3057 2897 3289 2954 recedis.
3320 2900 3530 2956 Etenim
3559 2902 3646 2958 lu-

2020 2978 2140 3035 ium
2171 2981 2326 3038 vobis
2365 2983 2476 3039 illic
2518 2983 2753 3040 infusum
2785 3001 2882 3056 per
2913 2987 3079 3042 verba
3106 3029 3120 3054 ,
3149 2988 3359 3053 cantica
3385 3032 3400 3058 ,
3431 2991 3598 3048 risum
3626 3033 3644 3062 ,

2028 3073 2222 3144 singuli
2243 3074 2464 3131 domum
2488 3079 2804 3146 reportatis;
2829 3079 2936 3132 imo
2961 3094 3067 3134 non
3097 3080 3148 3134 in
3169 3080 3390 3137 domum
3415 3093 3644 3154 tantum,

2027 3165 2124 3220 sed
2152 3167 2204 3220 in
2236 3178 2472 3223 mentem
2507 3178 2739 3223 vestram
2767 3169 3020 3223 inducitis
3050 3188 3064 3225 :
3094 3179 3149 3226 et
3174 3172 3244 3227 ab
3271 3173 3337 3228 iis
3365 3189 3486 3244 qua:
3511 3175 3649 3232 abo~

2028 3258 2324 3312 ininatione
2369 3258 2531 3329 digna
2576 3274 2681 3315 non
2726 3268 2889 3327 sunt,
2937 3263 3234 3328 averteris;
3284 3262 3652 3323 abominanda

2027 3363 2158 3401 vero
2185 3363 2291 3402 non
2325 3348 2451 3403 odio
2478 3349 2661 3414 habes,
2699 3352 2806 3404 imo
2827 3350 3026 3421 diligis.
3062 3352 3206 3408 Multi
3231 3363 3379 3411 certe
3408 3371 3438 3411 a
3467 3358 3649 3428 sepul-

2028 3441 2133 3491 cris
2172 3437 2459 3492 redeuntes
2498 3453 2620 3494 sese
2659 3439 2922 3508 abluunt;
2953 3456 2981 3495 a
3016 3441 3239 3499 theatris
3275 3460 3404 3502 vero
3441 3449 3647 3506 reversi

2030 3545 2136 3584 non
2159 3539 2401 3600 gemunt.
2426 3546 2531 3588 non
2554 3532 2910 3603 lacrymarum
2935 3532 3110 3590 fontes
3132 3536 3415 3594 effundunt
3432 3557 3446 3606 ;
3465 3557 3648 3613 quam-

2028 3637 2188 3692 quam
2237 3633 2485 3680 mOrtuus
2533 3640 2638 3678 non
2686 3625 2755 3679 sit
2799 3626 3152 3684 immundus:
3193 3642 3474 3701 peccatum
3517 3650 3648 3692 vero

2033 3727 2232 3776 tantam
2266 3717 2533 3772 maculam
2563 3727 2843 3788 aspergat,
2874 3729 2930 3774 ut
2961 3735 3028 3777 ne
3059 3723 3210 3780 mille
3238 3727 3456 3796 quidem
3487 3727 3648 3785 fonti-

2029 3804 2128 3860 bus
2159 3809 2328 3876 possit
2351 3809 2520 3872 ablui,
2549 3809 2645 3863 scd
2672 3809 2803 3864 solis
2833 3810 3086 3881 lacrymis
3110 3821 3165 3869 et
3191 3816 3644 3876 confessionibus.

2028 3897 2132 3953 Sed
2165 3914 2324 3954 nemo
2352 3901 2616 3955 maculam
2647 3899 3018 3970 hujuscemodi
3045 3908 3226 3961 sentit.
3257 3908 3390 3976 Quia
3418 3911 3561 3966 enim
3583 3927 3646 3968 ea

2029 4005 2147 4058 qum
2181 3992 2414 4046 timenda
2448 4002 2629 4047 essent
2655 4008 2760 4046 non
2798 3994 3051 4050 timemus
3077 4037 3090 4062 ,
3120 4012 3183 4052 ea
3210 4041 3226 4067 ,
3260 4016 3377 4070 qum
3412 4000 3645 4059 timenda

2030 4102 2134 4138 non
2163 4093 2289 4139 sunt
2313 4127 2326 4150 ,
2359 4086 2668 4140 metuimus.
2706 4087 2838 4154 Quis
2864 4097 3044 4143 autem
3080 4091 3168 4143 ille
3199 4094 3496 4162 strepitus?
3525 4098 3648 4166 quis

2032 4177 2312 4242 tmnuitus,
2342 4176 2431 4246 qui
2458 4177 2682 4231 satauiei
2716 4179 2986 4234 clamores
3034 4187 3090 4235 et
3119 4181 3368 4239 diabolici
3399 4183 3649 4243 habitus?

2029 4268 2179 4323 Alius
2201 4269 2414 4337 juvenis
2437 4284 2560 4323 cum
2589 4269 2694 4335 sit,
2729 4285 2939 4325 comam
2969 4281 3113 4326 retro
3139 4272 3414 4329 reductam
3443 4275 3646 4346 habet,

2029 4367 2084 4411 ct
2129 4369 2373 4412 naturam
2417 4361 2585 4427 ipsam
2624 4360 2900 4415 etl’eminat
2938 4372 3157 4430 aspectu
3181 4405 3196 4429 ,
3233 4364 3412 4421 habitu
3439 4407 3452 4429 ,
3487 4370 3650 4422 vesti-

2031 4449 2260 4514 mentis,
2293 4443 2510 4505 deinum
2539 4451 2788 4505 omnibus
2810 4493 2822 4514 ,
2856 4451 3195 4523 formamque
3222 4464 3424 4512 tenera:
3455 4459 3648 4528 puella:

2033 4543 2264 4599 allectat.
2315 4545 2464 4597 Alius
2502 4560 2629 4598 vero
2659 4546 2922 4614 quispiam
2961 4561 3124 4601 senex
3153 4589 3167 4613 ,
3195 4563 3227 4604 e
3255 4551 3528 4606 contrario
3559 4568 3650 4607 ca-

2031 4636 2170 4705 pillis
2203 4637 2456 4695 novannla
2488 4637 2716 4702 ahrasis,
2749 4637 2968 4691 renibus
3003 4639 3325 4706 succinctus,
3359 4653 3652 4712 pOStquam-

2033 4729 2288 4795 pndnrem
2335 4740 2459 4783 ante
2504 4730 2726 4799 capillos
2767 4730 3016 4794 succidit,
3051 4741 3157 4786 stat
3186 4733 3250 4787 ad
3294 4734 3475 4804 alapas
3505 4740 3628 4791 acci~

2033 4822 2253 4889 piendas
2295 4831 2349 4876 et
2399 4822 2465 4876 ad
2510 4824 2688 4876 omnia
2728 4823 2952 4877 dicenda
3004 4823 3356 4895 facit-udaque
3405 4838 3639 4896 paratus.
3709 4865 3711 4867 ι

2033 4913 2279 4967 Mulieres
2322 4924 2500 4968 autem
2548 4915 2693 4968 nudo
2735 4915 2948 4982 capite,
2992 4916 3137 4970 omni
3190 4918 3356 4972 misso
3399 4918 3641 4984 rubore.

2031 5014 2174 5058 szant
2196 5006 2449 5074 pupulum
2473 5006 2827 5075 alluquentcs,
2856 5015 3061 5062 tantum
3085 5007 3333 5063 videlicet
3357 5010 3644 5079 impuden-

2034 5098 2119 5150 tia:
2151 5097 2388 5150 studium
2422 5097 2679 5153 habentes
2702 5137 2717 5163 ,
2746 5113 3070 5168 omnemque
3103 5100 3449 5167 petulantiam
3479 5112 3534 5157 et
3563 5103 3642 5158 la-

2030 5186 2255 5241 Sciviam
2282 5188 2332 5239 in
2361 5188 2664 5241 auditorum
2693 5189 2901 5241 animos
2927 5189 3284 5243 infundentes.
3319 5190 3451 5245 illud
3477 5210 3639 5249 unum

2032 5280 2264 5332 studium
2299 5279 2517 5342 habent,
2551 5288 2606 5331 ut
2635 5281 2935 5334 castitatem
2965 5297 3181 5334 onmem
3214 5281 3468 5336 radicitus
3499 5285 3645 5343 evel-

2034 5371 2165 5436 lant,
2199 5384 2445 5425 naturam
2475 5373 2781 5440 deturpent,
2816 5372 2939 5426 mali
2967 5372 3228 5427 dmmonis
3257 5361 3647 5445 concupiscen~

2034 5465 2158 5516 liam
2211 5463 2489 5531 espleant.
2544 5463 2678 5517 Nam
2731 5464 2816 5516 hic
2861 5464 3021 5517 verba
3073 5465 3327 5520 obsccena
3358 5508 3372 5530 ,
3432 5466 3644 5523 habitus

2032 5555 2237 5609 ridiculi
2267 5599 2280 5621 ,
2327 5567 2542 5609 tonsura
2586 5557 2775 5610 similis
2801 5598 2815 5620 ,
2860 5558 3100 5611 incus-us
3126 5599 3140 5620 ,
3186 5570 3411 5614 vestitus
3436 5603 3450 5625 ,
3500 5578 3597 5615 vox
3626 5602 3644 5626 ,

2032 5648 2400 5699 membrorum
2429 5648 2702 5708 mollities.
2734 5649 3010 5702 oculorum
3045 5649 3397 5718 inversionis,
3430 5652 3641 5716 fistula},

2033 5738 2193 5803 libim,
2223 5739 2464 5793 drantata
2485 5782 2502 5806 ,
2534 5750 2871 5810 argumenta,
2905 5742 3192 5810 omniaque
3222 5743 3435 5798 demunt
3465 5755 3646 5803 extre-

2033 5844 2134 5885 nuc
2165 5829 2394 5886 lascivia:
2424 5833 2574 5902 plena
2607 5843 2750 5886 sunt.
2783 5833 3132 5900 Quandunam
3156 5875 3168 5896 ,
3204 5851 3417 5904 quacso,
3454 5839 3644 5904 resipi.
