4076 6442
524 361 623 416 427

517 494 668 544 sees,
696 492 814 533 cum
846 484 1047 532 tantum
1081 476 1171 532 tibi
1201 476 1560 532 fornicationis
1585 475 1829 546 poculum
1862 473 2104 528 infundat

516 569 757 624 diabolus
775 610 790 634 ,
815 577 998 638 totque
1024 567 1444 635 intemperantiae
1469 568 1663 622 calices
1690 565 1944 621 misceat?
1969 563 2100 619 Nam

516 660 623 714 illic
667 659 1047 714 fornicationes
1069 701 1084 726 ,
1130 659 1384 712 adulteria
1409 699 1424 723 ,
1459 660 1721 713 mulieres
1764 658 2058 727 prostitutae
2081 697 2096 721 ,

517 751 614 806 viri
646 751 924 806 muliebria
954 751 1214 821 patientes
1237 790 1251 813 ,
1280 749 1506 819 juvenes
1535 749 1726 804 molles
1750 787 1764 813 ,
1797 747 1972 801 omnia
2003 746 2101 800 itii-

510 847 713 914 quitate
762 845 917 913 plena
942 883 958 908 ,
999 842 1321 912 portentosis
1365 841 1524 896 rebus
1563 855 1626 894 ac
1665 838 1936 910 prodigiis.
1981 837 2095 892 Non

511 951 641 1005 ergo
665 935 733 990 de
763 933 1064 1002 hujusmodi
1105 932 1264 987 rebus
1300 933 1476 987 ridere
1514 933 1760 986 sedentes
1785 939 2092 1000 oporteret,

511 1027 604 1082 sed
634 1026 914 1095 lacrymari
938 1035 992 1080 et
1023 1025 1390 1094 ingemiscere.
1421 1024 1555 1092 Quid
1585 1024 1780 1093 igitur?
1806 1039 1871 1077 an
1899 1023 2094 1078 orche-

510 1129 672 1174 stram
697 1118 1027 1181 claudemus,
1056 1118 1282 1187 inquies,
1305 1123 1357 1170 et
1379 1116 1532 1185 jussu
1554 1125 1647 1169 tuo
1673 1115 1848 1169 omnia
1875 1113 2096 1169 subver-

511 1210 724 1265 teutur?
762 1209 920 1264 Nunc
945 1217 1091 1264 certe
1120 1208 1296 1261 omnia
1327 1207 1580 1262 subversa
1622 1214 1764 1260 sunt.
1813 1204 2089 1261 Undenam

509 1303 542 1356 ii
585 1302 674 1370 qui
717 1301 914 1371 nuptiis
942 1301 1162 1355 insidias
1204 1299 1430 1368 parant?
1461 1313 1638 1353 nonne
1668 1297 1733 1351 ab
1763 1296 1861 1352 hac
1892 1296 2093 1350 scena?

509 1393 656 1449 Unde
699 1393 732 1447 ii
763 1392 852 1462 qui
893 1393 1155 1446 thalamos
1195 1389 1488 1444 effodiunt?
1519 1403 1697 1443 nonne
1724 1389 1792 1442 ab
1816 1387 2087 1442 orchestra

505 1487 632 1542 illa?
668 1501 845 1540 nonne
891 1485 1014 1538 hinc
1050 1483 1146 1536 viri
1188 1483 1438 1535 uxoribus
1475 1491 1596 1534 sunt
1629 1479 1881 1534 molesti?
1912 1492 2088 1532 nonne

505 1579 627 1630 hinc
653 1591 682 1630 a
713 1575 840 1629 viris
868 1588 1061 1628 uxores
1089 1570 1499 1640 despiciuntur?
1526 1583 1703 1624 nonne
1731 1568 1856 1623 hinc
1893 1567 2085 1622 moechi

504 1667 761 1738 plurimi?
794 1667 971 1732 Itaque
1012 1663 1102 1732 qui
1146 1662 1322 1716 omnia
1365 1659 1660 1724 subvertit,
1704 1659 1748 1712 is
1791 1667 1873 1713 est
1903 1658 1988 1727 qui
2021 1656 2087 1710 ad

503 1759 765 1813 theatrum
797 1755 1002 1824 pergit,
1032 1754 1226 1824 quique
1250 1766 1465 1821 gravem
1498 1749 1831 1821 tyrannidem
1864 1747 2080 1801 inducit.

501 1850 861 1919 Nequaquam,
894 1847 1119 1915 inquies,
1149 1845 1240 1898 sed
1270 1845 1320 1898 id
1347 1846 1488 1899 bono
1520 1843 1694 1912 legum
1721 1841 1907 1896 ordine
1935 1840 2082 1893 insti-

501 1952 668 1996 tutum
693 1950 792 1996 est.
821 1935 952 1994 Nam
975 1937 1224 1992 mulieres
1245 1936 1510 2006 abripere,
1537 1946 1729 2003 pueros
1747 1928 2084 1986 contumeliis

499 2035 750 2089 adbibere
769 2073 784 2097 ,
817 2031 1004 2086 domos
1033 2038 1276 2084 evertere
1295 2070 1310 2093 ,
1345 2029 1459 2081 haec
1489 2031 1555 2081 ad
1582 2027 1702 2080 illos
1729 2034 1970 2094 spectant
1995 2024 2083 2092 qui

496 2139 646 2179 arces
687 2133 966 2190 occupant.
1019 2119 1084 2174 Et
1128 2121 1246 2187 quis
1287 2118 1528 2172 machus
1553 2158 1566 2181 ,
1601 2117 1804 2185 inquies
1830 2157 1844 2180 ,
1885 2130 1948 2169 ex
2001 2115 2083 2167 his

496 2213 811 2284 spectaculis
857 2212 1021 2264 factus
1065 2209 1187 2263 cst?
1235 2208 1346 2262 lino
1386 2207 1502 2276 quis
1528 2221 1651 2262 .non
1695 2204 2080 2260 moechus?-Si

495 2307 679 2360 liceret
719 2301 1030 2356 nominatim
1064 2298 1255 2354 efferre
1277 2338 1292 2360 .
1322 2297 1504 2352 dicere
1552 2298 1747 2366 possim
1782 2306 1911 2366 quot
1940 2295 2080 2349 viros

497 2396 608 2448 hanc
641 2394 707 2446 ab
735 2391 985 2446 uxoribus
1017 2389 1399 2459 sequestrarint
1423 2429 1438 2456 ,
1467 2399 1521 2443 et
1544 2398 1674 2458 quot
1701 2389 1938 2456 captivos
1970 2401 2080 2441 nte—

493 2486 714 2540 retrices
746 2483 848 2536 illa:
878 2481 1150 2549 ceperint,
1179 2494 1405 2548 quorum
1435 2479 1564 2533 alios
1593 2495 1622 2532 a
1654 2479 1915 2548 conjugali
1944 2481 2079 2533 lecto

491 2575 844 2636 abduxerunt,
867 2571 1001 2625 alios
1024 2585 1091 2624 ne
1113 2584 1309 2624 uxores
1328 2569 1584 2623 ducerent
1607 2568 1914 2623 effecerunt.
1943 2569 2076 2635 Quid

491 2667 690 2737 igitur?
733 2680 916 2736 quaeso
945 2682 956 2716 :
990 2666 1199 2733 legesne
1226 2677 1412 2717 omnes
1438 2663 1782 2718 evertcmus?
1825 2663 2077 2728 Quinimo

491 2759 711 2814 theatris
726 2757 927 2812 eversis
947 2757 1121 2824 legum
1139 2753 1589 2824 transgressiones
1607 2754 1917 2808 evertimus.
1941 2754 2072 2808 Nam

488 2848 575 2917 qui
612 2849 858 2901 civitates
899 2846 1239 2914 pessumdant
1263 2883 1277 2909 ,
1314 2859 1382 2898 ex
1424 2844 1613 2899 borum
1647 2861 1870 2900 nutncro
1901 2857 2024 2901 sunt
2057 2865 2070 2900 :

487 2942 614 2998 hinc
640 2942 930 2996 seditiones
957 2949 1009 2996 et
1037 2939 1483 3008 perturbationes.
1523 2939 1656 2993 Nam
1685 2941 1773 3009 qui
1805 2941 1856 2994 in
1885 2942 1968 2995 bis
1995 2942 2072 2996 lu-

485 3032 566 3086 dis
608 3031 852 3096 aluntur,
884 3031 1080 3098 quique
1123 3044 1307 3082 vocem
1354 3030 1552 3084 ventris
1591 3045 1747 3085 causa
1796 3033 2070 3097 vendunt,

483 3137 708 3190 quorum
725 3135 859 3189 opus
876 3119 1214 3188 officiumque
1229 3127 1312 3174 est
1327 3120 1578 3183 clamare,
1599 3131 1649 3174 et
1666 3123 1874 3190 quidvis
1893 3139 1916 3174 a
1928 3123 2070 3176 bsur-

481 3213 606 3267 dum
638 3211 846 3275 facere;
880 3210 931 3264 hi
964 3211 1190 3264 maxime
1228 3219 1352 3265 sunt
1383 3213 1471 3282 qui
1505 3215 1725 3281 populos
1753 3215 2022 3270 concitant
2049 3258 2064 3282 ,

481 3305 568 3369 qui
597 3302 850 3356 tumultus
871 3301 922 3354 in
949 3301 1162 3355 urbibus
1188 3299 1404 3355 faciur'.
1427 3302 1690 3357 Jutentus
1711 3306 1850 3358 enim
1873 3306 2061 3372 otiosa,

480 3397 530 3449 in
561 3393 707 3447 hisce
733 3393 888 3446 malis
917 3391 1159 3456 educata,
1191 3392 1298 3444 fera
1325 3396 1508 3460 quavis
1536 3396 1710 3448 acrior
1740 3395 1988 3450 efficitur.

549 3487 601 3537 7.
647 3482 921 3537 Undenam
947 3522 960 3544 ,
993 3497 1174 3548 quaeso
1199 3523 1212 3545 ,
1243 3485 1694 3551 prteStigiatorcs?
1730 3502 1908 3540 nonne
1941 3487 2064 3542 inde

477 3573 912 3644 proficiscuntur,
945 3582 1001 3626 ut
1030 3571 1280 3641 populum
1312 3584 1587 3626 vacantem
1618 3584 1816 3630 temere
1849 3575 2060 3630 inﬂaui-

475 3672 642 3729 ment,
677 3663 832 3732 idque
859 3663 1054 3716 faciant
1083 3670 1141 3714 ut
1168 3677 1230 3714 ex
1266 3663 1575 3716 tumultibus
1603 3665 1884 3718 saltatores
1909 3667 2060 3720 bonis

473 3757 733 3820 fruantur,
765 3761 820 3806 et
861 3752 1170 3807 meretrices
1205 3750 1443 3806 honestis
1485 3754 1796 3808 mulieribus
1827 3756 2052 3822 impedi-

470 3856 655 3901 mento
683 3845 826 3899 sint?
857 3845 910 3899 ln
958 3852 1161 3898 tantum
1189 3843 1332 3897 enim
1371 3845 1617 3899 maleficii
1655 3862 1824 3914 genus
1869 3864 2055 3916 perve-

470 3940 638 4002 niunt,
661 3946 718 3990 ut
738 3945 1066 3990 mortuorum
1089 3950 1207 3990 ossa
1227 3950 1447 3991 movere
1465 3952 1569 3990 non
1586 3937 1845 3992 dubitent.
1870 3939 2053 3996 Nonne

471 4045 582 4083 tunc
610 4029 732 4083 inde
764 4028 881 4082 ideo
903 4027 1164 4090 oriuntur,
1189 4026 1326 4096 quod
1354 4027 1419 4081 ad
1446 4027 1590 4082 illum
1611 4031 1807 4085 diaboli
1830 4033 2048 4087 chorum

466 4128 705 4187 sumptus
724 4119 1030 4172 innumeros
1049 4131 1363 4172 consumere
1384 4122 1678 4187 cogantur?
1696 4122 1932 4177 Lascivia
1955 4141 2046 4178 au-

465 4219 569 4262 tem
603 4208 760 4272 unde,
789 4221 997 4262 necnon
1029 4207 1166 4259 mala
1192 4207 1508 4259 innumera?
1539 4208 1719 4261 Videu’
1746 4221 1794 4263 te
1819 4229 1935 4266 esse
1958 4195 2068 4280 qui“

461 4301 618 4353 vitam
647 4300 928 4353 humanam
959 4299 1190 4361 evertis,
1219 4296 1344 4352 dum
1370 4298 1434 4350 ad
1464 4297 1576 4353 hzec
1605 4301 1906 4367 pertrahis?
1938 4305 2047 4373 Ego

458 4404 586 4442 vero
613 4404 725 4442 rem
756 4387 1131 4442 destruendam
1165 4403 1385 4444 censeo.
1409 4388 1676 4444 Tollamus
1703 4408 1830 4460 ergo
1854 4396 2044 4449 orche-

457 4487 640 4543 stram,
671 4479 893 4547 inquies.
921 4477 1132 4534 Utinam
1156 4478 1266 4531 tolli
1289 4489 1502 4547 posset;
1531 4483 1636 4535 imo
1667 4498 1814 4548 vero,
1851 4487 1892 4538 si
1925 4488 2039 4539 vul-

457 4572 522 4623 tis
548 4612 562 4635 ,
595 4571 732 4638 quod
765 4569 829 4624 ad
861 4578 1094 4624 nostram
1126 4579 1326 4639 partem
1358 4574 1580 4639 attinet,
1617 4577 1723 4643 jam
1752 4580 1957 4632 sublata
1985 4592 2038 4635 et

453 4663 707 4714 subversa
735 4669 832 4713 est.
866 4662 1110 4716 Attamen
1143 4677 1249 4715 non
1278 4661 1376 4716 hoc
1404 4663 1584 4730 jubeo.
1619 4665 1855 4720 Stantem
1891 4669 2032 4724 illam

452 4766 554 4801 non
602 4749 982 4815 frequentatam
1030 4750 1273 4814 reddite,
1317 4768 1435 4820 qua:
1482 4755 1652 4821 major
1691 4757 1805 4812 laus
1849 4771 2028 4826 esset,

449 4854 602 4908 quam
623 4839 853 4892 diruere.
879 4838 931 4892 Si
956 4855 1060 4893 non
1075 4840 1228 4904 alios,
1252 4842 1505 4896 barbaros
1522 4847 1706 4900 saltem
1727 4851 2025 4918 imitamini,

450 4988 3012 5025 Μ*

1299 362 1354 417 S.
1394 359 1670 416 JOANNIS
1706 354 2182 415 CIIRYSOSTOMI
2225 357 2540 417 ARCHIEP.
2584 361 3122 419 CONSTANTINOP.

3697 367 3803 423 428

2211 481 2298 544 qui
2329 473 2631 543 bujusmodi
2657 475 2944 546 spectaculi
2970 471 3294 545 turpitudine
3321 486 3522 530 carent.
3549 477 3677 545 Quae
3701 495 3800 534 no-

2209 562 2289 618 bis
2319 565 2475 634 igitur
2499 563 2750 634 deinceps
2778 566 3051 620 excusatio
3083 567 3184 622 erit
3207 609 3222 630 ,
3251 581 3369 621 cum
3409 582 3505 622 nos
3545 569 3802 624 caelorum

2206 655 2382 719 cives,
2431 654 2856 710 Cherubinorum
2893 655 3061 719 choro
3103 656 3390 727 adscripti,
3434 660 3748 729 angelorum
3782 667 3802 691 ι

2205 755 2483 802 consortes
2503 788 2516 812 ,
2540 747 2784 804 barbaris
2815 749 2912 804 hac
2943 750 2997 804 in
3025 765 3084 805 re
3110 751 3320 820 pejores
3346 753 3548 818 simus,
3577 769 3698 807 cum
3731 755 3800 809 li-

2202 847 2323 890 ceat
2351 849 2633 892 sescentas
2657 838 2790 892 alias
2821 839 2903 892 his
2929 839 3160 909 majores
3188 841 3484 910 voluptates
3515 844 3756 911 reperire
3775 841 3801 894 ἲ

2201 927 2256 984 Si
2286 929 2364 983 vis
2387 930 2530 984 enim
2560 931 2794 985 animum
2828 945 3073 987 recreare
3099 973 3112 995 ,
3143 932 3274 986 vade
3312 933 3376 986 ad
3414 935 3649 1003 pomaria
3677 977 3692 1000 ,
3729 935 3800 989 ad

2201 1021 2441 1087 fluvium,
2467 1021 2533 1076 ad
2560 1032 2779 1092 stagna:
2805 1023 2991 1079 hortos
3017 1025 3403 1094 contemplare,
3435 1027 3646 1081 cicadas
3674 1025 3801 1081 audi

2197 1123 2486 1180 canentes;
2528 1126 2820 1186 martyrum
2851 1117 3093 1186 sepulcra
3124 1117 3399 1187 frequenta
3430 1159 3444 1181 ,
3478 1119 3564 1173 ubi
3597 1135 3797 1190 corpo-

2198 1205 2272 1260 ris
2297 1205 2546 1260 valetudo
2567 1245 2581 1271 ,
2629 1207 2820 1260 anima:
2859 1208 3056 1261 utilitas
3076 1249 3092 1275 ,
3140 1209 3377 1279 nihilque
3405 1209 3581 1263 damni
3605 1251 3621 1277 ,
3651 1210 3800 1264 nulla

2198 1306 2317 1367 post
2347 1298 2540 1351 factum
2570 1300 2904 1368 pcenitemia,
2935 1309 2992 1354 ut
3023 1311 3142 1370 post
3172 1301 3261 1356 illa
3293 1304 3615 1372 spectacula.
3644 1302 3794 1358 Uxo-

2195 1403 2308 1442 rem
2340 1387 2502 1443 habes
2522 1397 2574 1442 et
2595 1388 2731 1443 filios
2753 1407 2767 1443 :
2792 1406 2910 1461 quae
2939 1392 3180 1460 voluptas
3207 1391 3326 1447 huic
3358 1408 3453 1463 par
3474 1393 3598 1448 erit?
3620 1393 3799 1448 llabes

2193 1478 2408 1534 domum
2439 1489 2493 1534 et
2520 1481 2720 1535 amicos
2753 1499 2763 1534 :
2799 1483 2912 1536 luce
2935 1483 3191 1551 jucunda,
3220 1493 3267 1537 el
3292 1499 3412 1538 cum
3439 1486 3794 1555 tempt'fantia

2193 1586 2442 1640 magnum
2484 1572 2688 1625 lucrum
2731 1573 2959 1642 pariunt.
3015 1573 3151 1641 Quid
3192 1575 3366 1639 enim,
3398 1590 3580 1645 ancso
3611 1618 3623 1638 ,
3669 1575 3798 1629 filiis

2188 1662 2512 1731 jucundius?
2539 1663 2663 1732 quid
2701 1679 2867 1717 uxore
2896 1665 3101 1718 dulcius
3139 1665 3203 1718 iis
3224 1707 3236 1729 ,
3268 1665 3356 1734 qui
3388 1667 3666 1721 continere
3696 1684 3795 1720 vo-

2193 1751 2346 1805 lunt?
2369 1752 2561 1807 Fertur
2586 1754 2936 1808 barbarorum
2959 1754 3158 1808 dictum
3187 1755 3516 1825 philosophia
3547 1759 3790 1827 plenum.

2192 1840 2321 1896 Nam
2349 1843 2417 1897 de
2447 1842 2667 1897 theatris
2695 1844 2799 1898 illis
2828 1845 3042 1914 iniquis,
3067 1855 3120 1899 et
3147 1845 3214 1900 de
3244 1847 3544 1915 importuna
3579 1850 3668 1904 illa
3697 1867 3793 1904 vo-

2190 1933 2391 2000 luptate
2428 1934 2706 1989 audientes
2747 1933 2996 1990 dicebant
3032 1954 3046 1990 :
3081 1935 3309 1990 Romani
3353 1952 3416 1992 ac
3459 1938 3504 1993 si
3549 1937 3691 1994 filios
3733 1951 3788 1996 et

2191 2038 2384 2078 uxores
2414 2040 2518 2078 non
2564 2024 2855 2091 haberent,
2900 2025 2993 2080 has
3034 2029 3407 2096 excogitavere
3437 2029 3738 2098 voluptates
3770 2049 3788 2086 :

2188 2115 2380 2183 quibus
2408 2114 2712 2178 ostendunt,
2745 2116 2873 2169 nihil
2904 2115 3110 2171 dulcius
3137 2132 3257 2171 esse
3290 2117 3411 2173 filiis
3442 2127 3494 2173 et
3519 2135 3708 2185 uxore,
3738 2123 3789 2174 si

2185 2207 2303 2275 quis
2331 2206 2553 2260 honeste
2579 2208 2756 2260 vivere
2784 2208 2926 2260 velit.
2957 2207 3093 2274 Quid
3125 2223 3252 2277 ergo
3278 2209 3322 2262 si
3353 2211 3632 2264 ostendam
3656 2253 3668 2274 ,
3699 2213 3782 2266 in-

2176 2287 2356 2367 quies,
2382 2297 2513 2352 nihil
2534 2297 2712 2352 damni
2735 2313 2803 2352 ex
2835 2298 2936 2352 hac
2963 2298 3258 2368 frequentia
3288 2315 3561 2371 emergere
3578 2304 3601 2356 ἲ
3621 2305 3788 2360 Certe

2186 2389 2270 2443 vel
2299 2388 2398 2441 hoc
2427 2388 2598 2456 ipsum
2627 2389 2880 2445 damnum
2898 2401 3000 2454 est,
3025 2391 3141 2446 sine
3165 2407 3324 2447 causa
3345 2407 3409 2447 ac
3427 2402 3624 2447 temere
3649 2403 3783 2448 tem—

2185 2495 2283 2548 pus
2324 2480 2593 2535 insumere
2619 2521 2631 2545 ,
2679 2489 2733 2535 et
2773 2482 2889 2537 aliis
2927 2481 3247 2537 offendiculo
3277 2499 3418 2538 esse.
3463 2483 3593 2537 Nam
3638 2485 3681 2538 si
3725 2495 3783 2540 tu

2183 2572 2434 2627 damnum
2467 2589 2571 2627 non
2603 2574 2841 2644 patiaris,
2875 2575 3034 2627 alium
3068 2574 3226 2642 hujus
3255 2576 3544 2644 specuculi
3571 2577 3779 2630 studio-

2181 2664 2376 2717 siorem
2402 2663 2599 2718 reddis.
2623 2663 2903 2730 Quomodo
2924 2674 3099 2718 autem
3123 2665 3377 2720 damnum
3397 2682 3499 2718 non
3531 2668 3776 2734 patiaris,

2178 2753 2266 2821 qui
2297 2752 2499 2821 praebes
2531 2751 2615 2806 his
2641 2753 2959 2822 spectaculis
2990 2755 3371 2810 occasionem?
3402 2755 3533 2810 Nam
3565 2759 3775 2826 praesti-

2178 2844 2369 2912 gizuor,
2404 2854 2686 2912 corruptus
2719 2859 2848 2912 puer
2869 2883 2883 2908 ,
2915 2843 3200 2899 fornicaria
3233 2845 3444 2910 mulier,
3475 2860 3774 2915 omnesque

2182 2933 2256 2986 illi
2283 2933 2528 2988 diabolici
2560 2933 2707 2989 chori
2740 2935 2794 2988 in
2821 2944 2980 3003 caput
3008 2921 3153 2990 tuum
3184 2951 3399 2991 causam
3441 2939 3773 3006 spectaculo-

2179 3039 2294 3078 rum
2319 3035 2586 3094 regerunt.
2606 3025 3065 3093 Quemadmodum
3085 3029 3222 3082 enim
3249 3028 3293 3081 si
3316 3038 3643 3096 spectatores
3662 3048 3771 3086 non

2176 3127 2394 3182 essent,
2427 3132 2524 3171 nec
2553 3130 2735 3172 essent
2777 3120 2864 3187 qui
2898 3119 3050 3174 ludos
3075 3119 3380 3189 hujnsmodi
3408 3122 3726 3178 exhiberem
3753 3144 3765 3178 :

2174 3209 2252 3263 sic
2292 3211 2413 3278 quia
2456 3219 2785 3278 spectatores
2827 3219 2990 3276 sunt,
3036 3221 3090 3266 et
3136 3212 3234 3280 ipsi
3279 3223 3550 3282 gestorum
3594 3217 3770 3286 ignem

2171 3305 2490 3372 partiuntur.
2512 3303 2692 3372 Itaque
2713 3304 2833 3356 licet
2857 3304 2970 3358 sine
2989 3305 3248 3358 castitatis
3269 3306 3552 3374 dispendio
3571 3308 3620 3361 id
3638 3324 3765 3378 age-

2170 3407 2277 3456 res,
2309 3392 2357 3446 id
2385 3392 2525 3461 quod
2552 3400 2696 3446 certe
2728 3391 2842 3446 fieri
2874 3393 3090 3462 nequit,
3124 3396 3348 3449 aliorum
3379 3406 3553 3452 tamen
3585 3399 3767 3465 perni.

2169 3483 2267 3535 eiei
2298 3496 2486 3551 graves
2515 3482 2664 3536 dabis
2697 3499 2880 3551 poenas
2902 3525 2915 3546 ,
2945 3485 3057 3537 sive
3091 3488 3442 3553 spectantium
3465 3530 3478 3551 ,
3505 3489 3615 3543 sive
3641 3505 3766 3558 spe~

2168 3571 2373 3625 ctacnla
2425 3569 2717 3624 edentium.
2765 3574 2938 3641 Atque
2983 3575 3047 3626 ad
3095 3578 3394 3629 castitatem
3445 3579 3762 3633 servandam

2166 3660 2336 3732 majus
2366 3663 2570 3717 lucrum
2606 3665 2823 3718 fecisses
2847 3707 2860 3730 ,
2899 3667 2943 3721 si
2986 3668 3078 3721 illo
3109 3685 3211 3723 non
3246 3671 3503 3726 venisses.
3533 3672 3586 3727 Si
3613 3675 3759 3728 enim

2162 3764 2341 3809 castus
2373 3771 2514 3810 nunc
2543 3757 2602 3809 es
2631 3797 2643 3819 ,
2674 3758 2842 3810 multo
2867 3760 3064 3813 castior
3091 3773 3236 3815 esses
3264 3763 3307 3815 si
3335 3765 3635 3831 spectacula
3666 3765 3757 3820 illa

2164 3849 2403 3903 vitasses.
2430 3849 2504 3903 Ne
2527 3849 2702 3919 itaque
2725 3851 2980 3907 inutiliter
3001 3857 3406 3923 contendamus,
3435 3875 3607 3930 neque
3631 3863 3754 3918 inn-

2161 3943 2279 3996 tiles
2303 3941 2642 3998 defensiones
2670 3947 3054 4014 excogitemus.
3087 3947 3198 4002 Una
3232 3949 3470 4005 defensio
3502 3963 3554 4007 et
3585 3971 3752 4009 exeu-

2157 4036 2290 4088 satio
2319 4044 2418 4098 est,
2449 4035 2492 4088 si
2525 4035 2786 4104 fugiamus
2817 4035 3087 4091 fornacem
3121 4039 3517 4110 Babylonieam,
3550 4046 3594 4098 si
3629 4062 3751 4115 pt‘o-

2155 4126 2239 4179 cul
2277 4126 2344 4179 ab
2381 4127 2644 4196 Egyptia'
2669 4128 2951 4182 meretrice
2996 4129 3249 4198 degamus
3273 4173 3286 4196 ,
3319 4135 3528 4190 etiamsi
3574 4137 3749 4193 nudos

2154 4222 2398 4283 oporteat
2433 4215 2500 4267 ab
2530 4215 2619 4269 illa
2650 4217 2904 4286 effugere.
2949 4219 3020 4273 fta
3053 4223 3193 4274 enim
3225 4232 3278 4277 et
3309 4226 3474 4279 multa
3505 4229 3746 4284 fruemur

2153 4307 2443 4375 voluptate,
2473 4310 2792 4362 conscientia
2829 4326 2923 4363 nos
2953 4328 3054 4365 non
3087 4325 3389 4382 accusante,
3421 4330 3740 4387 prmsentem

2151 4399 2310 4451 vitam
2350 4408 2494 4453 caste
2531 4415 2745 4470 agemus
2772 4442 2784 4465 ,
2829 4401 3108 4472 futuraque
3148 4407 3284 4460 bona
3326 4423 3735 4479 consequemur.

2148 4489 2316 4557 gratia
2345 4498 2399 4543 et
2427 4489 2750 4558 benignitate
2782 4492 2987 4548 Domini
3029 4497 3193 4550 nostri
3233 4500 3358 4553 Jesu
3384 4499 3615 4568 Christi,
3649 4505 3733 4558 cui

2144 4579 2311 4648 gloria
2341 4589 2393 4634 ct
2420 4581 2720 4649 imperium,
2753 4599 2893 4639 nunc
2919 4595 2972 4638 et
2995 4601 3226 4656 semper,
3252 4601 3303 4643 et
3329 4590 3380 4644 in
3412 4595 3603 4647 secula
3634 4609 3732 4648 sar:

2141 4670 2401 4724 culorum.
2434 4672 2618 4728 Amen.

2203 4806 2218 4836 ι
2255 4806 2468 4876 Nonnulli
2492 4808 2701 4876 iubent,
2726 4809 3144 4876 m'changclortnn,
3170 4827 3269 4873 rm,
3297 4815 3594 4876 nizgclorum.
3622 4827 3723 4869 mox

2135 4865 2301 4927 iidem,
2324 4866 2538 4918 barbatis
2562 4869 2652 4918 hac
2677 4870 2726 4920 iu
2749 4884 2800 4918 rc
2821 4865 3007 4933 pejores
3033 4865 3295 4922 rideantur.

3017 5015 3308 5026 Ἥ

3313 5017 3676 5030 ...ο-...σο

1473 5073 1812 5138 HOMILIA
1857 5081 2210 5143 XXXVIII.
2255 5085 2341 5144 al.
2383 5086 2687 5147 XXXIX.

440 5206 564 5261 Car.
599 5207 682 5260 ll.
708 5223 760 5262 v.
788 5208 877 5261 25.
908 5207 973 5261 In
1000 5211 1086 5263 illa
1113 5221 1331 5277 tempore
1355 5217 1661 5283 respondeat;
1681 5219 1830 5274 Jeaus
1856 5225 2013 5278 dixit:

508 5297 760 5361 Conﬁteor
790 5299 895 5360 tibi,
925 5298 1094 5364 Pater,
1122 5299 1332 5354 Domine
1353 5307 1462 5356 ca'ii
1485 5316 1528 5358 et
1551 5317 1721 5370 terror,
1754 5314 1872 5376 quia
1897 5315 2012 5368 abs-

505 5389 720 5440 condisti
745 5392 849 5441 lucc
870 5406 901 5441 a
927 5391 1231 5458 sapientibus
1259 5405 1303 5444 et
1337 5398 1679 5461 prudentibus,
1714 5414 1760 5453 ει
1789 5406 2014 5458 revelain

503 5493 559 5527 ea
595 5478 834 5543 percutis.
879 5478 967 5531 26.
1013 5480 1097 5532 Ita
1123 5525 1137 5547 ,
1179 5481 1352 5548 Pater,
1388 5490 1504 5554 quia
1543 5491 1612 5541 sic
1639 5495 1732 5559 fuit
1771 5496 2008 5560 placitum

498 5577 613 5617 ante
639 5577 701 5618 τε.

499 5657 548 5707 1.
571 5656 701 5710 Vide
730 5668 858 5724 quot
887 5664 1200 5731 quantisque
1227 5666 1398 5720 modis
1426 5669 1544 5722 illos
1573 5672 1633 5725 ad
1661 5673 1813 5729 fidem
1839 5677 2002 5732 dedu-

425 5752 527 5796 cat.
559 5744 734 5798 Primo
759 5788 772 5812 ,
808 5763 897 5816 per
923 5750 1138 5807 Joannis
1170 5754 1366 5809 laudes.
1400 5758 1528 5814 Nam
1561 5777 1677 5818 cum
1710 5769 1999 5824 ostenderit

2124 5241 2243 5281 eum
2287 5243 2531 5297 maguum
2571 5231 2973 5304 mirabilemque
3003 5252 3119 5291 esse
3144 5280 3156 5300 ,
3184 5240 3297 5306 ejus
3326 5241 3468 5298 dicta
3496 5255 3550 5299 et
3578 5245 3710 5300 facta

2125 5316 2228 5370 ﬁde
2259 5319 2416 5385 digna
2449 5334 2565 5374 esse
2594 5325 2869 5391 probavit,
2903 5340 3000 5394 per
3030 5344 3146 5397 qum
3178 5331 3292 5384 illos
3319 5333 3382 5384 ad
3415 5336 3496 5387 sui
3523 5339 3707 5406 cogni-

2121 5410 2314 5462 tionem
2335 5412 2570 5466 attraxit.
2596 5412 2860 5481 Secundo,
2888 5419 3027 5487 quod
3056 5421 3265 5486 dixerit,
3301 5423 3527 5494 liegntmt
3553 5433 3701 5482 aelu-

2116 5515 2228 5551 rum
2257 5502 2352 5552 vim
2391 5504 2600 5570 patitur,
2635 5517 2678 5558 et
2711 5510 2912 5562 violenti
2946 5513 3151 5578 rapiunt
3191 5516 3318 5568 illud
3347 5516 3363 5586 (
3391 5517 3571 5571 Muli/1.
3619 5522 3698 5574 Η.

2119 5586 2236 5658 i2).
2275 5592 2383 5645 Hoc
2428 5597 2566 5648 enim
2611 5599 2875 5652 incitantis
2905 5613 2955 5654 et
2994 5603 3312 5671 impellentis
3352 5617 3432 5660 est
3490 5609 3698 5676 Tertio,

2114 5684 2250 5750 quod
2279 5685 2724 5741 dctnonstravcrit
2759 5692 3129 5760 prophetarum
3167 5695 3303 5749 dicta
3343 5701 3520 5751 omnia
3553 5716 3695 5755 cout-

2111 5776 2247 5843 plet-i
2275 5793 2410 5834 esse.
2445 5779 2573 5833 Nam
2609 5779 2727 5834 hinc
2771 5784 3072 5839 declaratur
3101 5789 3269 5856 ipsum
3301 5789 3367 5843 ab
3396 5790 3496 5844 illis
3536 5791 3695 5849 fuisse
