4076 6472
459 406 575 462 829

461 518 908 587 prmnuntiatum.
930 516 1149 584 Quarto,
1166 512 1309 585 quod
1327 514 1623 569 ostenderit
1641 512 1819 566 omnia
1834 510 1901 563 ab
1917 524 1976 564 se
1989 508 2071 561 t'a-

456 623 543 666 cta
568 626 694 689 esse
708 627 830 683 qua:
852 612 965 666 tieri
982 607 1282 678 Oportebat,
1301 605 1515 676 quando
1535 612 1591 659 et
1611 616 1895 673 puerorum
1920 617 2074 671 para-

458 701 645 756 bolam
668 702 1008 757 memoravit.
1024 699 1242 768 Quinto,
1261 713 1379 751 eum
1400 695 1688 750 incredulis
1706 694 1995 763 exprobrm
2012 693 2069 757 it,

458 796 765 849 terroribus
776 804 935 863 atque
952 792 1111 845 minis
1127 789 1340 845 additis.
1358 788 1542 849 Sexto,
1561 802 1681 841 cum
1701 802 1797 857 pro
1809 786 2069 840 credenti.

456 882 563 936 bus
585 885 787 953 gratias
806 883 933 952 agit.
959 880 1088 936 Nam
1108 881 1257 944 illud,
1277 877 1381 933 Con
1389 880 1535 946 ﬁteor
1548 878 1654 941 tibi,
1683 877 1767 931 hic
1781 875 2065 945 Signiﬁcat,

453 973 679 1029 Gratias
703 989 804 1043 ago
832 972 925 1026 tibi
948 990 961 1029 :
986 972 1199 1028 Gratias
1228 987 1349 1041 ago,
1374 972 1564 1039 inquit,
1598 970 1733 1036 Quia
1762 967 2070 1022 abscondisti

454 1066 619 1120 liceo
633 1066 942 1137 sapientibus
964 1076 1008 1119 et
1026 1065 1374 1137 prudentibus.
1394 1061 1531 1129 Quid
1557 1061 1754 1131 igitur?
1771 1075 1836 1114 an
1860 1059 1927 1113 de
1946 1075 2067 1127 per-

453 1158 608 1212 nicie
632 1156 861 1228 gaudet,
892 1166 945 1212 ct
971 1156 1111 1227 quod
1142 1156 1215 1210 illi
1246 1155 1361 1210 hare
1390 1152 1674 1209 noverint?
1702 1151 1948 1206 Minime:
1971 1150 2065 1206 sed

454 1249 581 1305 lucc
602 1258 687 1305 est
708 1249 896 1304 salutis
922 1251 1007 1304 via
1035 1249 1258 1319 optima,
1287 1256 1342 1302 ut
1370 1248 1458 1318 qui
1487 1255 1769 1317 respuunt.
1794 1254 1853 1300 et
1882 1245 2068 1299 nolunt

451 1356 520 1397 ea
536 1357 663 1413 qtue
677 1341 924 1396 dicuntur
939 1343 1230 1411 suscipere,
1246 1342 1394 1395 nullo
1409 1350 1563 1410 pacto
1574 1351 1854 1410 cogantur,
1870 1347 1926 1393 ut
1940 1341 2063 1411 quia

451 1432 637 1487 vocati
662 1449 766 1488 non
794 1434 1049 1489 meliores
1070 1433 1193 1489 facti
1232 1443 1377 1495 sunt.
1400 1432 1494 1488 sed
1518 1434 1825 1489 reciderunt
1849 1444 1904 1488 et
1932 1449 2061 1488 eon-

454 1530 817 1593 tempseruut,
836 1524 977 1593 quod
996 1540 1053 1578 se
1070 1524 1298 1594 rejectos
1313 1524 1553 1590 videant,
1574 1526 1624 1579 in
1644 1526 1834 1579 horum
1854 1524 2064 1579 deside-

453 1614 601 1669 rium
620 1613 972 1669 adducantur.
995 1613 1069 1669 Ita
1088 1616 1230 1669 enim
1258 1616 1315 1683 ii,
1339 1616 1429 1687 qui
1456 1616 1693 1670 animum
1720 1615 2060 1682 adhiberent,

454 1704 813 1760 studiosiores
843 1704 1004 1760 futuri
1035 1715 1209 1760 erant.
1240 1706 1373 1761 Nam
1401 1709 1541 1776 quod
1567 1722 1630 1762 ea
1655 1707 1786 1776 ipsis
1808 1707 2060 1762 revelen-

455 1804 567 1860 tur,
592 1795 644 1850 id
669 1797 792 1865 jure
817 1797 1066 1867 gaudium
1100 1797 1271 1868 pariat
1297 1817 1311 1853 :
1338 1797 1482 1869 quod
1512 1813 1641 1854 vero
1667 1798 2063 1853 abscondantur

455 1886 585 1951 illis,
617 1902 720 1941 non
744 1887 963 1957 gaudio,
992 1888 1086 1944 sed
1115 1889 1368 1960 lacrymis
1397 1888 1616 1959 dignum
1644 1896 1745 1942 est.
1773 1886 1907 1942 illud
1933 1903 2063 1943 vero

455 1976 606 2041 facit.
631 1978 756 2033 dum
786 1979 1115 2050 lacrymatur
1142 1980 1406 2034 miserans
1429 1979 1726 2035 civitatem.
1761 1979 1876 2035 Non
1902 1979 2060 2051 igitur

454 2066 579 2121 ideo
610 2068 802 2138 gaudet
827 2110 842 2134 ,
872 2067 966 2122 sed
1003 2054 1249 2138 quodrea
1279 2084 1399 2138 qua:
1429 2070 1700 2139 sapientes
1745 2086 1849 2124 non
1887 2084 2056 2125 nove-

456 2168 601 2223 runt,
633 2159 728 2227 ipsi
761 2158 1033 2224 noverint,
1063 2166 1121 2213 ut
1146 2173 1268 2213 cum
1300 2159 1428 2213 dicit
1458 2160 1652 2214 Paulus
1681 2176 1694 2212 :
1726 2158 1933 2214 Gratias
1960 2176 2057 2231 ago

458 2246 567 2301 Deo
592 2291 607 2315 ,
636 2250 875 2317 quoniam
908 2249 1075 2317 fuistis
1102 2250 1231 2303 servi
1265 2251 1457 2318 peccati
1483 2292 1497 2317 ,
1531 2250 1769 2305 obedistis
1798 2262 1967 2305 autem
1997 2268 2059 2305 ea:

455 2339 607 2393 corde
636 2340 687 2391 in
718 2356 869 2408 quam
900 2340 1075 2393 traditi
1101 2340 1218 2394 estis
1249 2344 1469 2410 formam
1497 2340 1743 2395 doctrina:
1768 2339 1788 2411 (
1811 2338 1964 2393 Rom.
1998 2342 2051 2396 6.

457 2429 582 2498 l7).
610 2428 726 2483 Non
755 2445 884 2500 ergo
917 2430 1111 2485 Paulus
1136 2439 1418 2501 propterea
1453 2432 1670 2501 gaudet,
1703 2432 1845 2501 quod
1875 2442 2058 2487 essent

454 2521 593 2573 servi
625 2521 830 2590 peccati
853 2563 869 2586 ,
906 2520 1001 2576 sed
1040 2521 1183 2591 quod
1220 2522 1354 2576 tales
1384 2536 1504 2576 cum
1536 2530 1719 2576 essent
1741 2563 1757 2588 ,
1798 2531 1876 2576 tot
1916 2523 2055 2577 bona

456 2610 669 2663 tatnlem
708 2611 815 2664 sint
852 2612 1189 2682 consequuti.
1236 2612 1520 2680 Sapientes
1558 2624 1736 2668 autem
1782 2614 1869 2667 hie
1900 2628 2049 2669 vocat

454 2700 657 2754 scribas
683 2709 739 2753 et
769 2699 1087 2757 Pharisa-os.
1120 2701 1248 2756 llme
1280 2719 1439 2772 porro
1465 2704 1629 2769 dicit,
1664 2713 1722 2757 ut
1758 2704 2055 2773 discipulos

452 2789 746 2844 alacriores
767 2791 973 2855 reddat.
1008 2802 1061 2846 et
1082 2793 1357 2860 ostendat,
1379 2803 1577 2863 quanta
1600 2796 1919 2864 consequuti
1947 2798 2051 2849 sint

454 2884 771 2950 piscatores.
800 2895 829 2933 a
857 2881 1049 2950 quibus
1078 2882 1152 2936 illi
1178 2898 1368 2938 omnes
1393 2884 1729 2941 exciderunt.
1761 2884 1895 2938 Cum
1922 2900 2055 2939 vero

454 2971 723 3035 sapientes
754 2981 903 3025 vocat
938 2971 1075 3035 illos,
1108 2987 1211 3025 non
1240 2972 1309 3028 de
1336 2989 1457 3027 vera
1481 2982 1535 3027 et
1560 2974 1809 3029 laudabili
1840 2976 2055 3043 sapien-

454 3060 522 3111 tia
552 3060 807 3129 itzqttiltll‘.
831 3060 923 3116 sed
954 3059 1022 3115 de
1049 3062 1135 3115 illa
1164 3077 1321 3131 quam
1354 3063 1675 3117 videbantur
1700 3079 1767 3119 ex
1788 3065 2051 3133 gravitate

452 3153 788 3219 consequuti.
824 3152 1025 3208 Idcirco
1054 3169 1160 3207 nor
1191 3154 1355 3217 dixit,
1394 3154 1662 3209 Rerelasti
1691 3156 1896 3220 stultis,
1930 3155 2046 3221 sed,

458 3243 693 3297 Part‘ttlis
714 3259 731 3297 ε
755 3245 980 3299 sinceris
1011 3246 1215 3300 scilicet
1237 3260 1299 3299 ac
1316 3246 1651 3315 simplicibus
1675 3266 1685 3299 :
1712 3248 2081 3321 ostenditque

452 3334 573 3389 illos
593 3350 699 3388 ttott
729 3337 900 3388 soium
923 3336 1065 3404 quod
1091 3336 1235 3406 digni
1267 3352 1370 3391 non
1398 3347 1599 3400 essent,
1630 3338 1723 3391 sed
1743 3340 1861 3405 jure
1888 3340 2047 3392 etiam

451 3426 565 3481 lucc
593 3442 698 3480 non
729 3442 847 3493 esse
874 3427 1095 3496 adeptos
1124 3445 1137 3480 :
1166 3441 1371 3495 nosupv.
1401 3444 1493 3496 per
1523 3428 1699 3483 omnia
1726 3427 1901 3492 docet,
1936 3442 1991 3482 ut
2018 3444 2048 3481 a

451 3516 698 3586 superbia
730 3508 1026 3587 fugiamus.
1057 3518 1150 3572 sed
1182 3518 1579 3587 simplicitatem
1604 3527 1893 3573 sectemur.
1924 3519 2049 3573 Ideo

453 3606 646 3661 Paulus
674 3597 789 3662 huic
816 3607 1054 3678 pluribus
1080 3607 1369 3678 amplificat
1388 3652 1401 3673 ,
1437 3611 1507 3661 ita
1535 3610 1779 3664 scribens
1805 3626 1818 3661 :
1846 3609 1905 3665 Si
1935 3612 2049 3679 quis

449 3700 504 3753 in
529 3698 664 3753 vobis
689 3699 883 3752 videtur
900 3701 949 3752 in
967 3700 1061 3753 hoc
1081 3699 1267 3753 saxulo
1288 3704 1490 3770 sapiens
1512 3719 1636 3765 esse,
1660 3703 1704 3755 is
1729 3703 1821 3769 ﬁat
1838 3705 2044 3767 stultus,

449 3802 504 3845 ut
543 3792 746 3858 sapiens
782 3792 1025 3861 coiciatur
1058 3791 1147 3864 (l.
1176 3792 1295 3847 Cor.
1332 3794 1384 3846 5.
1426 3795 1545 3864 18).
1588 3794 1675 3849 Sic
1705 3796 1847 3849 enim
1876 3796 2045 3866 gratia

451 3882 544 3936 Dei
575 3882 994 3936 demonstratur.
1029 3882 1137 3937 Cur
1162 3893 1338 3936 autem
1373 3883 1514 3937 Patri
1544 3885 1742 3953 gratias
1769 3885 1900 3955 agit.
1924 3901 2046 3939 eum

454 3973 703 4051 hoc‘ipsc
738 3972 967 4028 fecerit?
998 3973 1063 4029 Ut
1095 3972 1261 4028 Deum
1296 3984 1566 4041 precatur,
1601 3989 1855 4044 magnam
1881 3990 2036 4037 suam

456 4052 590 4137 ergit
638 4084 735 4123 nos
774 4070 1053 4123 caritatem
1086 4069 1394 4133 declarans,
1445 4070 1523 4124 sic
1544 4079 1599 4124 et
1636 4069 1840 4140 gratias
1884 4068 2035 4140 agit:

458 4174 581 4213 nam
617 4160 748 4213 illud
789 4177 997 4229 magna:
1030 4161 1274 4215 caritatis
1304 4171 1387 4213 est
1427 4161 1725 4227 indicium;
1766 4171 1821 4215 et
1855 4172 2041 4216 esten-

454 4252 570 4317 dit,
621 4254 740 4306 illos
788 4271 894 4307 non
942 4270 971 4307 a
1007 4255 1200 4323 seipso'
1228 4253 1427 4312 solum.
1466 4254 1557 4307 sed
1604 4255 1769 4307 etiam
1800 4270 1831 4307 a
1883 4254 2041 4327 Patre

452 4342 732 4415 excidisse.
768 4343 897 4398 Nam
937 4343 1079 4413 quod
1109 4343 1244 4400 dixit
1268 4344 1546 4414 discipulis
1568 4387 1585 4413 ,
1614 4345 1790 4399 Nolite
1815 4332 2047 4400 sanctum

452 4434 573 4487 dare
603 4433 808 4487 canibus
838 4432 1063 4503 (Matth.
1092 4435 1143 4488 7.
1177 4434 1245 4505 6)
1266 4474 1282 4499 ,
1314 4434 1365 4488 id
1388 4436 1498 4504 jam
1534 4436 1678 4505 prius
1710 4435 1797 4488 illc
1824 4434 2046 4489 fecerat.

454 4527 655 4583 Deinde
673 4542 766 4595 per
784 4529 898 4581 bare
918 4527 1220 4584 ostenditet
1241 4543 1393 4583 suam
1416 4538 1468 4582 et
1492 4529 1661 4582 Patris
1681 4531 2007 4583 voluntatem
2030 4546 2043 4583 :

452 4636 623 4688 suam,
647 4621 787 4691 quod
812 4624 1009 4691 gratias
1030 4632 1151 4692 agat
1173 4632 1226 4677 et
1249 4624 1478 4691 gaudeat
1497 4622 1564 4677 de
1590 4638 1647 4675 re
1667 4631 1811 4691 gesta
1836 4640 1849 4685 ;
1876 4622 2047 4675 Patris

452 4728 599 4777 vero,
629 4721 687 4766 ut
713 4713 981 4777 ostendat,
1007 4714 1152 4767 illum
1180 4729 1286 4768 non
1317 4724 1559 4779 rogatum
1588 4713 1689 4767 hoc
1713 4713 1925 4774 fecisse.
1952 4714 2045 4767 sed

450 4813 639 4873 sponte
678 4819 769 4858 sua
808 4819 874 4859 eo
914 4806 1148 4859 animum
1184 4806 1494 4874 appulisse;
1537 4820 1658 4859 nam
1690 4805 1801 4871 ait,
1835 4806 1924 4860 Sic
1951 4807 2048 4874 fuit

451 4895 691 4963 placitum
711 4907 825 4948 ante
847 4905 927 4959 te;
957 4896 1005 4949 id
1024 4906 1127 4960 est,
1156 4896 1225 4949 Ita
1252 4898 1342 4950 tibi
1369 4897 1584 4965 placuit.
1609 4897 1716 4951 Cur
1738 4907 1916 4951 autem
1943 4899 2047 4951 illis

452 4987 761 5041 abscondita
796 4986 1010 5051 fuerint,
1041 4988 1164 5043 audi
1197 4989 1420 5043 Paulum
1446 4989 1714 5044 dicentem
1747 5006 1759 5043 :
1792 4989 2045 5055 Quoniam

451 5091 724 5150 qna'rentes
746 5083 1005 5150 prOpriam
1026 5083 1280 5151 justitiam
1304 5093 1537 5147 statuere,
1562 5084 1780 5153 justitite
1811 5082 1902 5136 Dei
1927 5084 2048 5138 sub-

453 5172 568 5231 iecti
608 5188 709 5224 non
749 5174 950 5241 fuerunt
981 5171 1167 5241 (Rom.
1206 5174 1289 5228 10.
1323 5176 1355 5228 5
1378 5176 1415 5243 ).
1453 5172 1730 5242 Perpende
1760 5174 1918 5243 igitur
1943 5188 2049 5243 quo

453 5261 643 5314 affectu
677 5261 840 5315 fuiSse
880 5261 1169 5351 discipulos
1208 5264 1495 5318 verisimile
1526 5273 1611 5318 est
1634 5306 1647 5331 ,
1685 5264 1800 5318 htee
1826 5266 2049 5319 audien-

456 5362 572 5415 tes;
606 5352 747 5420 qnod
795 5367 986 5422 nempe
1024 5353 1109 5405 illa
1142 5370 1259 5422 quae
1298 5355 1571 5422 sapientes
1612 5370 1714 5408 non
1748 5366 2044 5419 noverant,

454 5444 551 5513 ipsi
582 5445 849 5506 noverint,
885 5446 1235 5513 novet-imque
1269 5447 1470 5515 parvuli
1506 5456 1801 5511 manentes,
1835 5448 2051 5517 Deoqne

455 5537 728 5589 revelaute
797 5534 967 5590 Lucas
1023 5536 1171 5605 (Cap.
1205 5538 1286 5591 10.
1321 5555 1366 5590 v.
1397 5539 1476 5591 l'l.
1516 5539 1604 5606 'll)
1638 5554 1760 5591 ιρι-ο
1791 5541 1951 5603 dicit,
2000 5542 2050 5596 in

458 5626 545 5677 illa
576 5626 724 5685 liora.
756 5642 857 5695 qua
888 5638 1151 5680 venerunt
1178 5631 1506 5696 septuaginta
1542 5648 1551 5679 ι
1580 5633 1843 5685 nntiautes
1870 5634 1955 5689 illa
1986 5636 2049 5688 de

455 5717 823 5779 daemonibus,
858 5728 981 5770 tunc
1011 5720 1361 5773 exsnl'arissc
1388 5729 1440 5773 et
1470 5720 1555 5773 illa
1585 5721 1783 5775 dixisse
1807 5761 1820 5784 ,
1855 5740 1969 5791 anr
1998 5738 2053 5778 nt

459 5806 808 5861 studiosiores
858 5809 977 5861 illos
1029 5808 1318 5864 reddebant
1347 5850 1362 5874 ,
1404 5810 1470 5863 ita
1518 5811 1581 5864 ad
1628 5810 2049 5870 moderationem

1395 402 1459 459 ΙΝ
1497 397 1909 457 MATTIIAEUM
1949 394 2180 452 HOMIL.
2223 396 2510 456 XXXVIII.
2555 402 2623 456 al.
2670 402 2912 460 XXXIX.

3677 408 3786 465 «130

2183 507 2559 581 disponebant.
2584 517 2717 583 Quia
2744 517 2887 572 enim
2906 518 3192 574 verisimile
3214 528 3329 574 erat
3352 520 3474 575 illus
3500 520 3663 576 altum
3688 536 3777 575 sa-

2182 617 2311 672 pere
2334 646 2347 667 ,
2380 606 2522 675 quod
2547 607 2829 664 dmmouas
2865 609 3161 678 pellerent,
3207 610 3331 666 hinc
3362 612 3485 667 illos
3514 613 3774 682 reprimit.

2183 694 2455 749 lierehtio
2477 699 2620 753 enim
2640 708 2756 755 erat
2782 699 2909 755 illud
2926 701 3068 771 quod
3096 700 3293 757 factum
3317 703 3510 770 fuerat,
3532 718 3637 757 non
3666 712 3776 758 stu-

2177 786 2251 842 dii
2280 786 2499 846 fructus.

2247 876 2301 930 2.
2333 878 2564 950 Ideoque
2590 884 2781 939 scribta
2810 894 2864 939 et
2892 886 3191 954 sapientes,
3220 888 3312 958 qui
3342 903 3402 944 se
3430 887 3686 958 putabant
3709 903 3772 943 ex

2175 969 2366 1039 seipsis
2393 973 2682 1041 prudentes
2702 992 2843 1041 esse,
2872 977 2941 1031 ob
2968 987 3229 1035 tumorem
3257 982 3529 1051 proprium
3558 981 3772 1036 excide-

2175 1070 2319 1116 runt.
2349 1061 2402 1118 Si
2434 1065 2611 1133 itaque
2638 1067 2688 1120 id
2721 1068 2827 1124 illis
2853 1070 2973 1124 ideo
3003 1070 3375 1125 absconditum
3405 1079 3489 1126 est
3508 1115 3522 1137 ,
3555 1073 3771 1135 timete.

2175 1150 2378 1221 inquit,
2412 1165 2461 1209 et
2506 1157 2710 1225 parvuli
2745 1169 2975 1215 manete.
3006 1159 3061 1215 ld
3092 1161 3233 1215 enim
3265 1161 3442 1217 ell’ecit
3472 1170 3522 1215 ut
3561 1162 3772 1217 revela-

2174 1242 2320 1297 tione
2348 1243 2653 1300 trneremiui
2676 1290 2688 1311 ,
2721 1258 2777 1303 ιιι
2806 1266 2869 1305 ex
2891 1253 3166 1306 contrario
3190 1252 3319 1306 vitio
3346 1253 3447 1306 hac
3477 1252 3550 1306 illi
3584 1252 3773 1322 privati

2172 1341 2315 1386 sunt.
2338 1333 2470 1389 Nam
2498 1352 2620 1392 cum
2646 1338 2793 1405 dicit,
2821 1340 3092 1405 Revelasti,
3113 1358 3217 1395 non
3242 1351 3408 1395 totum
3432 1358 3495 1398 ex
3521 1344 3627 1397 Deo
3645 1326 3776 1398 esse

2170 1427 2383 1485 asserit,
2418 1427 2510 1481 sed
2542 1430 2680 1483 sicut
2706 1445 2828 1483 cum
2857 1431 3051 1485 Paulus
3076 1431 3223 1496 dicit,
3247 1431 3483 1485 Tradidit
3506 1446 3591 1487 eos
3616 1434 3667 1485 in
3695 1450 3776 1487 τε·

2172 1516 2383 1583 probum
2400 1536 2623 1585 sensum,
2645 1531 2690 1572 et
2708 1522 2971 1575 exornavit
2990 1521 3375 1592 intelligentiam
3392 1540 3567 1576 eorum
3590 1523 3769 1593 (Rom.

2172 1608 2223 1661 1.
2255 1607 2397 1678 28),
2431 1624 2539 1663 non
2568 1611 2716 1663 illum
2752 1612 2865 1664 haec
2894 1612 3072 1665 omnia
3117 1613 3307 1667 fecisse
3342 1613 3642 1681 signiﬁcat,
3677 1613 3771 1667 sed

2171 1700 2291 1753 illos
2320 1700 2407 1768 qui
2434 1714 2650 1755 caus:tm
2680 1681 3019 1768 priebucruut
3047 1720 3057 1754 :
3092 1702 3161 1755 ita
3187 1712 3241 1756 et
3274 1698 3510 1756 lticillud
3525 1698 3746 1764 ait,Abs

2154 1786 2541 1856 condisti.Quia
2554 1791 2693 1843 enim
2722 1792 2875 1857 dixit,
2905 1790 3163 1859 Conﬁteor
3186 1792 3291 1852 tibi.
3316 1794 3439 1863 quia
3462 1794 3775 1847 abscondisti

2166 1882 2290 1945 illis,
2315 1894 2357 1936 et
2381 1884 2611 1936 retu-[usti
2631 1900 2690 1936 ea
2712 1885 2954 1953 parvulis,
2983 1900 3051 1939 ne
3078 1896 3231 1953 putes
3258 1886 3430 1954 ipsum
3462 1884 3563 1939 hac
3581 1884 3773 1937 virtute

2168 1976 2431 2044 privatum
2458 2017 2474 2039 ,
2506 1990 2626 2030 cum
2663 1976 2790 2030 illud
2820 1975 3034 2031 eﬂiccrc
3072 1993 3179 2031 non
3218 1985 3399 2046 posset
3423 2018 3437 2043 ,
3466 1976 3544 2029 sic
3572 1977 3773 2045 gratias

2164 2080 2346 2135 agere,
2370 2066 2550 2136 adjicit
2574 2085 2585 2118 :
2608 2066 2697 2119 27.
2723 2066 2905 2120 Omnia
2922 2067 3046 2120 nti/ti
3066 2067 3254 2120 tradita
3274 2076 3391 2120 sunt
3412 2082 3443 2118 a
3470 2065 3623 2119 Patre
3640 2082 3768 2118 meo.

2164 2158 2247 2211 Ad
2286 2172 2377 2211 eos
2407 2172 2533 2212 \‘t‘t‘O
2559 2159 2648 2229 qui
2682 2159 3018 2221 laetabantur.
3046 2158 3191 2228 quod
3229 2158 3505 2213 daemones
3544 2157 3645 2211 sibi
3682 2173 3772 2226 pa-

2165 2258 2346 2303 rerent
2365 2290 2379 2313 ,
2407 2248 2544 2315 Quid
2578 2250 2869 2316 miramini,
2900 2249 3101 2319 inquit,
3126 2250 3170 2305 si
3195 2249 3471 2303 daemones
3500 2248 3649 2303 vobis
3677 2264 3770 2302 cc-

2162 2342 2330 2419 dant‘.’
2352 2340 2540 2397 Omnia
2572 2358 2689 2396 mea
2719 2353 2862 2405 sunt,
2897 2342 3084 2395 Omnia
3114 2342 3238 2395 mihi
3259 2342 3604 2394 traditasuut.
3632 2338 3767 2394 Cum

2161 2442 2342 2489 autem
2373 2436 2651 2498 audieris.
2697 2435 2829 2489 Mihi
2870 2434 3059 2489 tradita
3100 2444 3253 2499 sunt,
3301 2434 3428 2487 nihil
3473 2433 3764 2486 humanum

2162 2527 2471 2597 suspiceris.
2507 2526 2583 2579 Ne
2609 2524 2752 2580 enim
2780 2526 2913 2580 duos
2944 2539 3051 2580 non
3080 2526 3294 2595 genitos
3314 2523 3447 2579 deos
3468 2524 3764 2589 existimes,

2162 2618 2301 2674 hanc
2342 2620 2489 2689 ponit
2535 2620 2848 2675 dictionem.
2893 2618 3027 2673 Nam
3070 2618 3213 2689 quod
3255 2618 3419 2673 simul
3458 2619 3673 2689 genitus
3714 2626 3768 2671 et

2090 2772 2106 2783 .
2160 2711 2401 2765 omnium
2434 2712 2690 2766 Dominus
2717 2712 2805 2775 sit,
2836 2724 2981 2779 smpe
3005 2710 3132 2765 alibi
3165 2708 3451 2780 signiﬁcat.

2232 2804 2281 2858 F
2284 2806 2401 2859 ilius
2430 2804 2656 2876 ejusdem
2681 2822 2795 2858 cum
2826 2803 2980 2857 Patre
3003 2802 3317 2857 substantia.
3347 2800 3581 2856 Marcion
3607 2799 3764 2854 obiter

2158 2896 2425 2963 refellitur.
2456 2894 2731 2948 Humilitas
2767 2902 2927 2947 muter
2969 2903 3041 2947 est
3095 2893 3260 2947 omnis
3315 2892 3671 2962 pltilosOpItite.
3696 2920 3763 2929 -—

2160 2986 2329 3053 Majas
2357 2986 2628 3057 quidpiam
2673 2984 2869 3041 deinde
2908 2984 3056 3051 dicit,
3093 2994 3435 3053 mentemque
3468 2982 3764 3038 tuamdiri-

2153 3076 2228 3145 git
2259 3078 2274 3107 ¹
2302 3094 2314 3128 :
2348 3077 2412 3130 Et
2430 3094 2575 3130 nemo
2597 3078 2733 3131 novit
2764 3076 2810 3129 [τ’
2813 3077 2977 3140 ilium,
3015 3076 3113 3129 nisi
3144 3074 3341 3139 Pater;
3367 3091 3525 3142 neque
3557 3074 3767 3129 Putrem

2155 3169 2270 3235 quis
2296 3170 2452 3232 norit,
2475 3170 2575 3222 nisi
2593 3167 2779 3222 Filius.
2800 3167 3025 3221 Videtur
3052 3176 3229 3221 autem
3257 3168 3340 3230 iis,
3360 3168 3448 3237 qui
3478 3182 3592 3221 rem
3617 3167 3767 3238 igno-

2160 3271 2300 3327 rant,
2325 3261 2443 3317 haec
2482 3276 2590 3315 non
2621 3260 2830 3315 hmrere
2859 3259 3228 3330 superioribus
3254 3276 3267 3311 :
3298 3268 3351 3313 at
3377 3259 3542 3314 multa
3573 3271 3650 3314 est
3686 3258 3766 3313 in-

2158 3361 2237 3405 ter
2260 3352 2373 3407 hrcc
2397 3352 2767 3407 consonantia.
2792 3350 2929 3418 Quia
2974 3351 3118 3404 enim
3148 3349 3373 3415 dixerat,
3406 3349 3593 3403 Omnia
3640 3351 3766 3404 milii

2154 3445 2343 3496 tradita
2382 3453 2499 3497 sunt
2537 3460 2570 3496 a
2609 3441 2766 3496 Patre
2788 3458 2917 3509 meo,
2942 3439 3215 3511 subjungit
3245 3458 3259 3494 :
3297 3440 3500 3511 Ecquid
3542 3440 3763 3506 mirttm,

2153 3535 2197 3588 si
2242 3536 2483 3588 omnium
2525 3535 2625 3588 sim
2657 3532 2935 3599 Dominus,
2976 3547 3096 3587 eum
3128 3530 3269 3586 aliud
3302 3531 3475 3601 majus
3511 3530 3763 3594 habeam,

2154 3625 2297 3695 quod
2324 3625 2541 3681 Patrem
2569 3638 2910 3696 cognoscam,
2938 3633 2991 3680 et
3013 3622 3256 3693 ejusdem
3278 3640 3399 3677 cum
3430 3637 3493 3677 eo
3514 3622 3763 3678 substan-

2157 3719 2242 3771 tiae
2272 3718 2372 3772 sim
2395 3718 2420 3770 ?
2459 3716 2669 3772 Etenim
2702 3716 2804 3772 hoc
2832 3716 3094 3771 occultius
3123 3714 3390 3785 significat
3428 3730 3496 3770 ex
3526 3730 3592 3769 eo
3619 3714 3761 3785 quod

2156 3810 2307 3863 solus
2339 3808 2515 3878 ipsum
2564 3815 2871 3878 cognoscat.
2904 3807 3037 3861 Cum
3069 3809 3211 3860 enim
3246 3807 3394 3871 dicit,
3428 3806 3596 3859 Nemo
3625 3807 3762 3859 norit

2158 3900 2371 3955 Patrem
2388 3902 2486 3956 nisi
2506 3899 2693 3965 Filius,
2724 3900 2828 3953 hoc
2852 3898 3135 3969 signilieat.
3170 3899 3240 3951 Et
3271 3899 3395 3953 vide
3420 3898 3761 3970 quandonam

2156 3992 2272 4047 hac
2297 3993 2461 4047 dicat.
2485 3993 2619 4046 Cum
2651 4007 2845 4060 netnpe
2875 4006 2972 4059 per
2994 4005 3155 4058 opera
3187 3990 3300 4059 ejus
3331 3990 3623 4059 potentiam
3651 3989 3760 4043 cla-

2155 4101 2212 4139 re
2238 4085 2657 4139 demoustratam
2687 4084 2966 4146 haberent,
2989 4098 3111 4137 cum
3142 4098 3247 4135 non
3269 4082 3429 4137 modo
3459 4082 3633 4151 ipsum
3662 4080 3762 4135 mi-

2154 4176 2330 4230 racula
2363 4185 2661 4245 patrantem
2683 4174 2963 4239 vidissent,
2981 4174 3074 4229 sed
3102 4174 3198 4242 ipsi
3222 4189 3434 4243 quoque
3462 4176 3511 4228 in
3541 4172 3760 4227 nomine

2156 4269 2323 4338 ipsius
2359 4277 2503 4321 tanta
2548 4267 2710 4321 edere.
2746 4266 3064 4335 potuissent.
3098 4260 3339 4325 Deinde.
3364 4267 3485 4334 quia
3524 4265 3756 4331 dixerat,

2156 4358 2410 4415 Revelasti
2436 4375 2495 4413 ea
2527 4357 2772 4428 parvulis,
2805 4357 3040 4411 ostendit
3082 4356 3181 4410 hoc
3208 4356 3368 4410 etiam
3400 4356 3465 4409 ad
3498 4370 3557 4410 se
3590 4346 3756 4425 perii-

2156 4470 2283 4506 nere
2314 4472 2325 4505 t
2361 4468 2482 4506 nam
2513 4453 2609 4516 ait,
2640 4450 2806 4515 Nemo
2835 4452 2969 4503 norit
3002 4448 3223 4515 Patrem,
3266 4450 3365 4501 nisi
3398 4447 3582 4512 Filius,
3611 4459 3656 4503 et
3677 4451 3757 4503 cui

2153 4546 2367 4598 voluerit
2404 4542 2573 4596 Filius
2612 4545 2868 4595 revelare:
2901 4557 3005 4595 non
3039 4540 3121 4595 cui
3155 4541 3495 4610 prteceperit,
3527 4556 3624 4595 nec
3668 4544 3753 4595 eui

2156 4634 2506 4689 mandaverit.
2538 4633 2691 4698 Quod
2719 4634 2761 4686 si
2795 4633 3005 4685 Patrem
3039 4634 3259 4697 revelat,
3285 4642 3335 4685 et
3366 4633 3601 4701 seipsum
3624 4648 3753 4703 quos

2153 4743 2275 4795 quc.
2308 4725 2504 4780 Verum
2538 4726 2665 4779 illud
2698 4726 2912 4795 quidem
2939 4725 3087 4793 quasi
3120 4724 3170 4777 in
3198 4727 3446 4778 confesso
3490 4725 3558 4777 sit
3590 4726 3756 4779 relin-

2155 4818 2285 4885 quit,
2318 4818 2418 4871 hoc
2446 4832 2577 4871 vero
2602 4818 2797 4887 posuit.
2825 4824 2988 4883 atque
3015 4814 3211 4885 ubique
3237 4813 3385 4880 dicit,
3410 4826 3464 4870 ut
3495 4831 3614 4870 cum
3643 4816 3715 4871 ait
3742 4835 3756 4872 :

2156 4909 2324 4962 Nemo
2356 4918 2513 4976 potest
2538 4909 2705 4961 venire
2728 4908 2795 4960 ad
2830 4906 3034 4960 Patrem
3059 4948 3074 4973 ,
3111 4906 3208 4959 nisi
3248 4925 3335 4975 per
3368 4925 3465 4961 me.
3500 4908 3599 4961 Per
3640 4908 3759 4965 lucc

2154 5010 2333 5054 autem
2364 4999 2508 5053 aliud
2532 5014 2743 5068 quoque
2773 4999 3067 5063 constituit,
3098 4999 3238 5068 quod
3267 4999 3505 5067 ejusdem
3522 5012 3647 5050 eum
3668 5000 3760 5054 illo

2155 5094 2223 5148 sit
2260 5092 2547 5147 voluntatis
2582 5106 2645 5145 ac
2674 5090 2973 5146 sententi-.r.
3006 5089 3232 5144 Tantum
3265 5091 3413 5144 abest
3440 5134 3451 5149 .
3484 5091 3671 5159 inquit,
3706 5103 3756 5145 nt

2156 5202 2276 5242 cum
2307 5186 2396 5239 illo
2426 5199 2653 5253 pugnem
2675 5224 2689 5248 ,
2717 5191 2773 5235 ut
2799 5197 2904 5235 non
2933 5182 3101 5251 possit
3129 5183 3247 5250 quis
3273 5182 3336 5234 ad
3367 5182 3511 5234 illum
3537 5184 3721 5235 venire.
3745 5226 3757 5245 ,

2158 5281 2259 5331 nisi
2307 5292 2400 5347 per
2426 5293 2533 5331 me.
2567 5276 2697 5343 Quia
2732 5275 2874 5329 enim
2927 5274 2975 5327 id
3022 5276 3250 5328 maxime
3301 5275 3398 5327 illis
3436 5274 3758 5331 omnidicula

2158 5383 2293 5431 erat,
2344 5370 2485 5440 quod
2532 5368 2801 5422 videretur
2850 5366 2958 5421 Deo
3003 5366 3342 5420 adversarius
3392 5382 3531 5433 esse,
3566 5367 3615 5421 id
3668 5383 3764 5435 per

2159 5464 2335 5515 omnia
2376 5460 2642 5523 c0nfulat,
2677 5474 2774 5513 nec
2812 5460 2986 5511 minus
3029 5457 3129 5510 hoc
3158 5458 3376 5510 curabat
3422 5474 3577 5525 quam
3610 5460 3759 5526 signa

2159 5555 2339 5617 edere,
2374 5554 2480 5605 imo
2511 5553 2683 5619 majus
2711 5566 2771 5606 ea
2804 5552 2853 5603 in
2889 5566 2945 5603 re
2972 5548 3204 5602 studium
3230 5549 3591 5618 impendetut.
3627 5550 3759 5601 (‘lum

2165 5658 2321 5710 porro
2359 5643 2508 5707 dicit,
2539 5642 2714 5711 Neque
2742 5642 2945 5694 Patrem
2982 5642 3090 5707 quis
3127 5642 3280 5705 norit,
3308 5642 3402 5694 nisi
3437 5640 3621 5707 Filius,
3656 5656 3759 5693 non

2230 5829 2241 5857 ¹
2283 5824 2387 5883 alii,
2412 5830 2614 5873 mentem
2637 5830 2767 5872 tuam
2798 5822 3040 5884 aperiens.
