4076 6438
377 356 475 413 431

371 466 587 531 indicat,
635 463 784 518 illum
826 477 1010 519 omnes
1054 461 1317 535 ignorare,
1347 461 1440 517 sed
1487 457 1750 514 nemiuem
1802 455 1941 510 illum

372 557 587 621 habere,
617 571 775 626 quam
807 558 917 625 ipse
944 554 1180 619 haberet,
1214 553 1452 608 notitiam
1483 569 1494 604 :
1519 547 1660 620 quod
1689 547 1847 602 etiam
1877 543 1946 598 de

370 646 506 702 Filio
538 645 838 701 dicendum.
875 644 1057 714 Neque
1102 646 1245 700 enim
1275 645 1340 697 de
1384 643 1564 712 ignoto
1585 647 1640 694 et
1669 653 1698 692 a
1731 636 1945 692 nemine

365 721 578 805 cognito
604 736 705 791 deo
733 737 843 790 haec
876 734 1103 802 dicebat,
1136 744 1192 790 ut
1228 733 1452 788 Marcion
1493 730 1701 790 asserit.
1730 726 1823 782 sed
1851 741 1941 780 ac-

367 836 606 881 curatam
629 826 714 880 hic
747 827 1045 883 subindicat
1071 827 1423 898 cognitionem
1454 841 1467 877 :
1494 838 1614 877 nam
1647 836 1713 876 ne
1748 818 1940 874 Filium

364 913 574 984 quidem
601 918 971 986 cognoscimus
1011 925 1067 972 ut
1093 930 1249 972 nosse
1278 921 1487 983 oportet
1513 931 1526 966 :
1558 922 1612 966 et
1643 912 1742 964 hoc
1767 908 1940 979 ipsum

365 1006 558 1060 Paulus
600 1007 678 1062 sic
717 1008 1064 1064 declarabat:
1095 1000 1179 1060 Ex
1214 1015 1356 1074 parte
1398 1004 1760 1073 cognoscimus,
1791 1008 1837 1053 et
1879 1015 1942 1051 ea:

365 1084 505 1163 parte
548 1098 900 1166 prop/tetanum
927 1097 1002 1166 (Ι.
1035 1095 1153 1150 Cor.
1189 1097 1273 1149 l5.
1314 1094 1425 1163 i2).
1459 1091 1656 1148 Deinde
1685 1105 1804 1144 cum
1847 1102 1942 1157 per

360 1199 424 1239 ca
452 1201 570 1254 quae
602 1184 814 1241 dixerat
852 1189 978 1256 ipsis
1015 1186 1334 1242 desiderium
1363 1185 1659 1248 indidisset,
1687 1194 1942 1248 suamque

359 1274 679 1330 iucll‘abilem
709 1279 998 1345 potentiam
1029 1277 1465 1341 demonstrasset,
1498 1285 1623 1328 tunc
1650 1270 1854 1327 vocavit
1877 1269 1939 1323 il-

357 1365 440 1420 los
481 1366 704 1420 dicens:
738 1368 826 1422 28.
869 1367 1041 1421 Venite
1083 1369 1151 1422 ad
1183 1385 1260 1424 me
1284 1383 1454 1421 omnes
1484 1367 1569 1434 qui
1611 1362 1847 1416 laboratis
1891 1370 1937 1413 et

355 1461 551 1512 onerati
573 1463 711 1519 estis.
736 1469 783 1513 et
823 1476 912 1529 ego
951 1460 1172 1526 reﬁciam
1200 1469 1314 1511 ‘uos.
1347 1457 1460 1510 Non
1488 1455 1574 1510 hic
1601 1463 1657 1508 et
1702 1453 1813 1518 ille,
1843 1451 1938 1507 sed

355 1564 544 1603 omnes
562 1549 717 1619 quiin
736 1547 1106 1613 sollicitudine,
1135 1549 1183 1600 in
1207 1546 1434 1645 trist'tia,
1458 1545 1511 1600 in
1539 1545 1766 1614 peccatis
1785 1544 1933 1598 estis.

362 1638 564 1702 Venite,
592 1651 696 1691 non
724 1645 781 1690 ut
808 1651 991 1705 pinnas
1035 1645 1299 1706 expetam,
1331 1634 1422 1690 scd
1468 1645 1523 1688 ut
1567 1645 1780 1704 peccata
1824 1634 1936 1688 sol-

357 1743 476 1782 vam
499 1743 514 1792 ;
546 1730 741 1789 venite.
769 1744 871 1782 non
900 1728 1040 1798 quod
1063 1729 1227 1798 gloria
1252 1741 1423 1783 vestra
1453 1742 1656 1796 egeam,
1679 1728 1771 1781 sed
1793 1724 1933 1794 quod

351 1819 573 1872 salutem
602 1818 1048 1872 vestram-sitiam.
1068 1815 1202 1888 Ego,
1229 1819 1415 1887 inquit,
1441 1817 1664 1883 reﬁciam
1689 1832 1791 1869 vos.
1817 1813 1932 1869 Non

351 1908 445 1972 ait.
493 1906 678 1962 Salvos
720 1907 945 1973 faciam;
977 1906 1069 1963 sed
1116 1909 1258 1974 quod
1299 1910 1468 1962 multo
1515 1908 1681 1977 magis
1727 1917 1842 1971 est,
1881 1906 1932 1959 lu

347 2001 494 2052 omni
522 2000 700 2068 quiete
729 2001 1071 2054 constituam.
1097 1999 1187 2054 29.
1217 1999 1400 2054 Tollite
1431 2001 1612 2070 jugum
1652 2015 1814 2053 meum
1842 2017 1931 2052 su-

348 2103 440 2156 per
464 2104 567 2153 uos,
592 2099 636 2141 et
664 2089 836 2143 discite
856 2106 887 2141 a
910 2106 1004 2152 me,
1025 2091 1144 2153 quia
1166 2090 1297 2144 mitis
1321 2106 1430 2143 sunt
1450 2101 1500 2142 et
1527 2089 1727 2142 humilis
1748 2089 1934 2152 corde;

344 2185 396 2228 et
420 2177 671 2229 invenietis
701 2177 922 2243 requiem
954 2177 1219 2232 animabus
1243 2179 1429 2232 castris.
1459 2178 1548 2231 30.
1579 2175 1772 2247 Iugum
1800 2178 1931 2230 enim

347 2281 507 2320 meum
533 2279 680 2318 suave
707 2277 798 2333 est,
821 2277 866 2318 et
891 2283 1018 2321 onus
1055 2283 1218 2320 meum
1237 2267 1356 2321 leve.
1377 2266 1452 2322 Ne
1472 2269 1720 2330 timentis,
1741 2268 1927 2336 inquit,

343 2368 463 2408 cum
497 2356 681 2424 jugum
721 2357 911 2410 auditis
940 2374 953 2409 :
984 2371 1144 2410 suave
1171 2358 1363 2426 quippe
1394 2367 1510 2419 cst;
1545 2373 1609 2411 nc
1636 2356 1930 2411 formidetis

341 2449 462 2517 quia
496 2447 625 2512 dixi,
655 2463 789 2502 onus
816 2466 828 2502 :
863 2451 978 2504 leve
1020 2451 1215 2521 quippe
1245 2462 1342 2505 est.
1377 2452 1442 2504 Et
1475 2452 1741 2520 quomodo
1772 2466 1929 2519 supra

343 2535 508 2590 dixit:
541 2539 766 2608 Angusta
808 2552 874 2592 est
907 2550 1088 2609 porta,
1120 2552 1166 2592 et
1194 2553 1335 2594 arcta
1375 2543 1453 2593 via
1475 2541 1686 2607 (Matth.
1711 2544 1761 2596 7.
1796 2543 1880 2610 l4)
1909 2542 1930 2594 ἲ

339 2625 540 2696 Nempe
583 2629 626 2684 si
655 2630 828 2698 segnis
866 2632 940 2684 sis
964 2672 979 2698 ,
1012 2646 1055 2684 st
1087 2632 1378 2686 remissus:
1426 2633 1548 2686 utsi
1591 2649 1748 2702 supra
1788 2634 1927 2688 dicta

342 2717 465 2788 perf
481 2720 662 2786 .ceris,
693 2723 805 2776 leve
829 2722 934 2776 erit
961 2737 1138 2786 onus;
1185 2723 1382 2777 idcirco
1411 2739 1550 2777 nunc
1591 2724 1715 2778 illud
1745 2723 1927 2792 hujus-

341 2809 486 2864 m¢=di
507 2827 625 2865 esse
653 2813 806 2865 dixit.
832 2815 1110 2880 Quomodo
1137 2825 1310 2870 autem
1341 2816 1389 2869 id
1415 2817 1724 2886 perficitur?
1756 2817 1808 2872 Si
1839 2817 1928 2870 hu-

338 2901 478 2956 milis
499 2902 681 2968 fueris,
711 2916 1018 2959 mansuetus
1045 2915 1096 2960 et
1126 2906 1421 2961 modestus.
1452 2907 1576 2961 Herc
1601 2909 1794 2976 quippe
1822 2910 1926 2961 vir-

337 3002 420 3046 tus
451 3003 618 3047 mater
659 3003 739 3046 est
782 2995 957 3048 omnis
1002 2995 1373 3064 philosophim.
1403 2998 1736 3066 Quapropter
1781 3001 1924 3068 leges

335 3081 543 3136 divinas
583 3085 848 3151 clTerens,
885 3085 1007 3139 hinc
1059 3086 1262 3150 incipit.
1308 3087 1402 3141 llic
1450 3102 1661 3156 quoque
1712 3104 1920 3143 rursum

337 3172 566 3240 idipsum
614 3173 774 3239 facit,
828 3190 1180 3246 magnamque
1231 3179 1378 3246 ponit
1428 3185 1751 3234 mercedem.
1809 3180 1918 3234 Non

334 3273 536 3316 tantum
562 3264 939 3334 enim-inquit,
966 3266 1119 3320 alteri
1145 3268 1286 3323 utilis
1311 3270 1436 3331 eris,
1463 3271 1556 3324 sed
1582 3282 1706 3325 ante
1735 3287 1919 3325 omnes

336 3355 428 3408 tibi
461 3359 698 3424 requiem
731 3373 903 3424 paras.
951 3357 1217 3414 Invenietis
1245 3363 1383 3415 enim
1411 3365 1629 3432 requiem
1656 3366 1918 3420 animabus

334 3449 524 3500 uestris.
555 3450 690 3500 Ante
717 3447 890 3501 futura
917 3450 1023 3518 jam
1050 3451 1134 3504 hic
1162 3454 1250 3506 tibi
1275 3453 1363 3506 dat
1381 3457 1704 3521 mercedem,
1727 3466 1779 3508 et
1800 3457 1918 3508 [zm-

335 3540 475 3590 vium
509 3555 647 3592 mmc
673 3542 874 3606 prmbct
905 3559 916 3592 :
945 3552 1106 3610 atque
1150 3543 1271 3598 hinc
1307 3554 1361 3599 et
1386 3547 1526 3614 quod
1567 3547 1797 3614 scipsum
1831 3549 1919 3602 det

333 3627 388 3678 in
417 3628 736 3696 exemplum.
766 3643 1066 3686 sermonem
1096 3633 1266 3687 reddit
1291 3636 1666 3702 acceptiorem.

405 3715 456 3770 3.
486 3717 620 3781 Quid
662 3719 800 3770 enim
837 3720 1030 3773 times?l
1055 3722 1255 3788 inquit;
1286 3739 1351 3777 ne
1382 3724 1556 3778 minor
1596 3725 1837 3779 habearis
1869 3727 1910 3778 si

325 3809 401 3859 sis
427 3808 679 3861 humilis?
727 3809 810 3862 Me
843 3813 1046 3877 TCSpiCe
1073 3820 1124 3864 ct
1154 3827 1267 3865 mea
1302 3815 1475 3866 omnia
1507 3830 1535 3867 a
1580 3831 1661 3868 me.
1700 3816 1908 3880 discito,

325 3909 376 3950 et
417 3905 543 3950 tunc
571 3898 713 3951 clare
741 3899 878 3950 scies
908 3909 1165 3967 quantum
1203 3902 1274 3954 sit
1313 3902 1528 3956 bonum.
1563 3902 1749 3959 Viden‘
1775 3923 1910 3972 quo-

326 3986 488 4038 modo
515 3989 656 4039 omni
683 4003 745 4044 ex
777 3996 921 4054 parte
948 3988 1090 4056 ipsos
1119 3989 1328 4044 inducat
1359 3990 1422 4045 ad
1449 3994 1839 4048 humilitatem?
1866 3997 1906 4048 Α

323 4077 517 4146 quibus
562 4079 673 4145 ipse
719 4077 884 4133 fecit:
923 4079 1132 4144 Discite,
1181 4082 1368 4151 inquit,
1402 4101 1432 4137 a
1475 4102 1571 4148 me,
1614 4089 1732 4155 quia
1778 4089 1911 4141 initis

321 4187 433 4222 sum
459 4188 475 4231 ;
504 4172 569 4224 ab
607 4172 667 4225 iis
697 4188 816 4242 qua;
849 4172 946 4240 ipsi
974 4173 1223 4226 lucraturi
1255 4185 1373 4227 sunt
1403 4194 1414 4228 :
1444 4191 1587 4238 nam,
1623 4175 1908 4239 Invenietis,

323 4262 514 4331 inquit,
541 4265 759 4326 requiem
791 4262 1052 4316 animabus
1086 4265 1295 4329 castris;
1320 4264 1386 4318 ab
1413 4266 1478 4320 iis
1504 4281 1621 4336 quae
1657 4269 1781 4335 ipsis
1811 4269 1912 4320 lar-

318 4354 466 4420 gitur
494 4371 504 4401 τ
542 4353 783 4420 Reﬁciam
815 4370 922 4418 ros,
953 4355 1120 4424 inquit
1144 4372 1157 4418 ;
1186 4356 1251 4409 ab
1280 4371 1342 4409 eo
1366 4357 1506 4427 quod
1537 4374 1670 4412 onus
1702 4361 1813 4414 leve
1834 4360 1904 4413 ef-

321 4444 506 4497 fecerit
538 4463 548 4496 :
579 4444 771 4513 Iugum
811 4446 939 4497 enim
969 4461 1129 4498 meum
1172 4463 1326 4500 suave
1351 4459 1424 4500 est
1447 4490 1458 4507 ,
1500 4459 1545 4500 et
1576 4466 1701 4502 onus
1747 4466 1908 4502 meum

322 4533 446 4585 ιε-υιι.
483 4533 550 4586 lta
600 4545 650 4586 et
682 4533 875 4588 Paulus
906 4535 1093 4589 suadet
1134 4539 1316 4590 dicens
1360 4555 1372 4589 :
1418 4537 1825 4591 Nomentanam
1866 4551 1908 4592 et

321 4625 424 4676 lere
451 4624 805 4688 tribulationis,
837 4627 961 4677 mire
987 4636 1031 4678 et
1057 4643 1210 4695 supra
1236 4628 1438 4680 modum
1461 4639 1701 4682 attentum
1731 4631 1908 4698 gloria‘

323 4716 517 4781 pondus
544 4727 783 4782 apei‘atur
806 4717 821 4781 (
847 4715 898 4768 2.
925 4715 1040 4769 Cor.
1075 4718 1126 4770 4.
1167 4717 1225 4769 l7
1248 4719 1286 4785 ).
1313 4717 1375 4771 Et
1399 4720 1665 4783 quomodo
1691 4720 1804 4772 leve
1829 4731 1908 4774 est.

320 4819 477 4866 onus,
510 4805 735 4872 inquies,
759 4819 880 4858 cum
910 4805 1051 4858 dicat
1079 4826 1091 4857 :
1129 4805 1247 4860 Nisi
1276 4809 1385 4874 quis
1417 4809 1530 4861 odio
1561 4810 1789 4862 habuerit
1815 4828 1906 4878 pa-

323 4905 444 4945 trem
483 4904 527 4944 ct
570 4905 800 4958 matrem;
823 4907 895 4955 et,
925 4896 1023 4962 Qui
1051 4914 1148 4950 non
1176 4900 1306 4952 tollit
1340 4917 1535 4952 crucem
1563 4918 1724 4965 suain,
1758 4913 1800 4954 et
1829 4920 1902 4955 sc-

317 4986 485 5052 quitur
525 5001 619 5045 me.
654 5002 750 5036 non
795 4997 862 5038 cst
895 5004 970 5039 me
995 4989 1218 5057 dignus;
1250 4999 1319 5053 et,
1355 4991 1455 5054 Qui
1501 5008 1598 5044 non
1649 4995 1903 5045 renuntiat

316 5073 545 5126 omnibus
575 5090 687 5140 quat
726 5077 962 5141 possidet.
999 5094 1095 5129 non
1136 5089 1297 5146 potest
1327 5097 1463 5133 meus
1493 5098 1596 5134 esse
1626 5083 1903 5151 discipulus

313 5164 484 5232 (Luc.
520 5167 601 5219 l4.
654 5167 741 5219 26.
776 5167 864 5222 27.
896 5168 1038 5238 35);
1083 5186 1201 5224 cum
1249 5171 1433 5241 jnbeat
1482 5175 1645 5244 ipsnm
1691 5192 1900 5245 quoque

311 5257 541 5308 animam
573 5257 696 5310 odio
725 5257 960 5313 habere?
985 5261 1056 5314 Te
1087 5262 1278 5317 Paulus
1307 5264 1493 5319 doceat
1522 5265 1704 5319 dicens
1729 5284 1739 5318 :
1776 5269 1897 5326 Quis

317 5363 406 5396 nos
440 5349 684 5415 separabit
732 5367 760 5401 a
793 5352 1001 5404 caritate
1045 5353 1276 5407 Christi?
1315 5359 1567 5410 tribulatio
1589 5361 1616 5412 .9
1640 5377 1704 5412 an
1733 5377 1892 5430 angu-

310 5438 406 5487 stia
429 5437 453 5488 ?
478 5455 541 5488 an
566 5442 838 5505 persecutio
859 5444 884 5494 .7
914 5460 984 5494 tm
1010 5447 1212 5512 fames?
1241 5463 1305 5499 an
1336 5448 1537 5501 nuditas
1559 5451 1583 5501 .9
1611 5467 1673 5501 an
1698 5453 1895 5520 pericu-

315 5526 464 5578 lum?
497 5544 558 5579 an
588 5531 784 5597 gladius
820 5531 990 5599 (liam.
1016 5534 1068 5586 8.
1103 5534 1191 5604 35)
1212 5539 1233 5586 ’ἰ
1264 5545 1331 5597 et,
1374 5537 1484 5590 Non
1504 5550 1617 5591 sunt
1636 5543 1897 5612 condigna?

313 5617 566 5680 passiones
614 5619 764 5686 hujus
804 5623 1039 5685 temporis
1083 5625 1149 5674 ad
1211 5630 1434 5693 futuram
1494 5630 1737 5698 gloriam,
1784 5649 1894 5700 qua:

305 5709 597 5760 revelabitur
622 5700 669 5753 in
686 5703 830 5757 nobis
853 5705 1311 5775 (lb.l8).l)occant
1330 5722 1378 5768 te
1396 5723 1481 5788 qui
1501 5739 1527 5775 a
1545 5726 1894 5783 consessulw

1152 350 1208 406 S.
1248 337 1524 404 JOANNIS
1561 343 2034 403 CHRYSOSTOMI
2071 342 2385 400 ARCHIEP.
2423 342 2952 403 CONSTANTINOP.

3526 351 3630 406 432

2053 454 2290 508 (imorum
2318 460 2438 522 post
2486 452 2630 507 mille
2655 453 2876 510 verbera
2903 455 3144 512 redibant
3170 457 3473 524 Gaudentes,
3514 460 3630 525 quia

2050 546 2190 615 digni
2233 545 2390 598 habiti
2442 545 2643 612 fuerant
2688 562 2781 613 pro
2814 550 3013 602 nomine
3055 548 3240 602 Christi
3280 551 3625 604 contumeliam

2050 637 2156 704 pati
2181 635 2326 706 (Aet.
2356 635 2408 690 5.
2439 635 2563 705 41).
2589 635 2741 704 Quod
2773 637 2818 690 sl
2859 638 3033 694 adhuc
3064 640 3218 695 times
3257 649 3310 694 et
3340 639 3590 694 formidas
3611 682 3626 707 ,

2043 723 2226 794 jugum
2257 731 2310 778 et
2329 738 2464 777 onus
2491 725 2730 791 audiens,
2756 741 2860 779 non
2887 741 2917 780 a
2949 737 3138 783 natura
3163 731 3234 785 rei
3260 731 3417 784 timor
3439 731 3625 796 oritur,

2048 816 2141 870 sed
2168 830 2197 868 a
2230 825 2312 869 tua
2361 816 2627 885 segnitie;
2661 817 2728 871 ita
2757 828 2812 872 ut
2839 818 2882 872 si
2929 821 3003 874 sis
3043 831 3256 889 paratus
3285 830 3338 876 et
3367 820 3626 890 diligens,

2047 922 2222 960 omnia
2251 905 2343 962 tibi
2373 903 2545 960 facilia
2574 917 2628 962 et
2671 909 2801 964 levia
2829 908 3002 964 futura
3050 911 3174 964 sint.
3208 912 3541 982 Quapmptcr
3575 921 3628 966 et

2045 993 2285 1050 Christus
2310 997 2600 1054 ostendens
2628 999 2780 1055 nobis
2810 1013 2929 1054 esse
2956 999 3324 1068 laborandum,
3357 1018 3461 1057 non
3509 1017 3633 1057 sua-
3723 1080 3732 1084 _

2046 1087 2131 1140 via
2165 1097 2362 1139 tantum
2394 1088 2589 1156 posuit,
2614 1103 2784 1159 neque
2804 1105 3027 1145 onerosa
3047 1091 3241 1155 solum,
3265 1093 3356 1148 sed
3385 1105 3630 1162 utraque.

2045 1177 2175 1232 Nam
2209 1188 2262 1234 et
2285 1179 2471 1249 jugum
2503 1184 2700 1250 posuit,
2730 1191 2782 1237 et
2804 1198 2965 1238 suave
2996 1184 3122 1238 illud
3156 1188 3392 1252 vocavit,
3417 1195 3469 1242 et
3494 1201 3631 1241 onus

2044 1272 2368 1336 nominaiit,
2408 1273 2715 1344 addiditque
2749 1277 2902 1340 leve;
2933 1293 2997 1331 ne
3036 1277 3120 1330 illa
3150 1285 3205 1331 ut
3245 1276 3504 1334 laboriosa
3549 1277 3631 1333 fu-

2043 1362 2175 1430 gias,
2199 1377 2333 1418 neve
2361 1371 2418 1416 ut
2442 1364 2725 1418 admodum
2757 1366 2925 1420 facilia
2946 1366 3228 1437 despicias.
3259 1368 3410 1436 Quod
3439 1370 3482 1423 si
3513 1379 3630 1439 post

2044 1453 2156 1506 haec
2198 1454 2372 1507 omnia
2414 1453 2642 1509 difﬁcilis
2682 1457 2848 1510 virtus
2888 1472 3010 1512 esse
3057 1459 3148 1512 tibi
3187 1459 3413 1524 videtur,
3455 1461 3627 1529 cogita

2042 1539 2391 1597 difficiliorem
2419 1557 2538 1599 esse
2571 1546 2879 1613 nequitiam,
2903 1548 3042 1616 quod
3073 1549 3241 1617 ipsum
3264 1549 3625 1613 subindicans,

2042 1647 2148 1685 non
2175 1634 2346 1700 primo
2375 1635 2528 1700 dixit,
2559 1632 2744 1688 Tollite
2771 1638 2957 1706 jugum
3004 1655 3186 1702 meum,
3217 1638 3306 1692 sed
3340 1640 3590 1708 prmmisit
3611 1679 3626 1704 ,

2051 1721 2226 1776 Venite
2241 1726 2326 1794 qui
2346 1725 2586 1778 laboratis
2612 1736 2660 1779 et
2679 1729 2874 1781 onerati
2899 1729 3034 1790 estis,
3057 1728 3331 1784 declarans
3353 1743 3627 1799 peccatum

2041 1812 2208 1866 labori
2252 1828 2370 1868 esse
2410 1815 2726 1878 obnoxium,
2757 1825 2811 1870 et
2834 1832 2971 1871 onus
2994 1832 3114 1872 csse
3141 1833 3305 1888 grave
3331 1835 3392 1872 ac
3417 1830 3627 1889 gestata

2039 1901 2277 1957 difﬁcile.
2328 1903 2510 1974 Neque
2557 1906 2700 1960 enim
2757 1906 3066 1963 laborantes
3119 1910 3290 1964 solum
3345 1909 3499 1976 dixit,
3533 1912 3626 1966 scd

2041 1993 2198 2046 etiam
2228 2003 2494 2048 oneratos.
2522 1994 2632 2049 lloc
2663 1996 2820 2049 etiam
2852 1997 3109 2066 prepheta
3139 1999 3364 2061 diccbat.
3399 1999 3514 2068 ejus
3537 2017 3628 2052 na-

2041 2092 2210 2136 turam
2241 2085 2550 2141 describens
2580 2104 2594 2140 :
2625 2087 2772 2142 Sicut
2801 2105 2928 2144 onus
2951 2107 3101 2161 grate
3121 2102 3343 2161 gravata
3378 2102 3494 2144 sunt
3542 2110 3626 2146 su-

2038 2192 2128 2241 per
2156 2193 2233 2230 me
2263 2177 2433 2244 (Psal.
2466 2179 2554 2233 37.
2580 2179 2658 2248 5).
2695 2180 2824 2233 Illud
2855 2196 3067 2250 quoque
3091 2183 3398 2240 describens
3425 2183 3626 2238 Zachao

2035 2266 2178 2328 rias.
2211 2267 2286 2319 ait
2328 2266 2498 2335 ipsum
2549 2268 2749 2337 plumbi
2797 2269 3050 2325 talentum
3095 2287 3217 2328 esse
3260 2272 3440 2344 (Zach.
3469 2275 3522 2330 5.
3545 2275 3621 2344 7).

2036 2352 2376 2425 ldipsumque
2396 2358 2724 2424 experientia
2746 2359 3000 2414 declarat.
3022 2361 3162 2416 Nihil
3181 2364 3321 2417 enim
3347 2364 3415 2417 ita
3438 2381 3617 2434 aggra-

2035 2454 2122 2499 vat
2170 2447 2426 2512 animam,
2473 2449 2542 2500 ita
2593 2458 2824 2504 mentem
2877 2462 3110 2507 excmcat
3153 2468 3214 2507 ac
3263 2453 3532 2523 deprimit.
3565 2466 3622 2510 ut

2035 2537 2362 2590 conscientia
2395 2541 2636 2606 peccati;
2662 2541 2793 2594 nihil
2823 2543 2962 2596 illam
2994 2546 3320 2600 voluntatem
3355 2546 3423 2598 ita
3453 2547 3616 2602 subli-

2033 2640 2172 2678 mem
2202 2625 2386 2692 efficit.
2407 2637 2464 2682 ut
2481 2628 2701 2696 iustitiae
2725 2645 2786 2685 ac
2809 2632 3017 2686 vii-tutis
3036 2647 3148 2702 poss
3164 2636 3324 2688 cssio.
3347 2636 3616 2702 Animum,

2031 2731 2233 2786 qua'so,
2261 2717 2474 2774 adhibe.
2494 2720 2630 2787 Quid
2662 2724 2961 2789 oncrosius,
2983 2740 3142 2793 quam
3167 2726 3293 2779 nihil
3322 2727 3616 2796 possidere,

2031 2817 2240 2863 vertere
2267 2809 2426 2863 aliam
2466 2812 2734 2866 maxillam
2757 2856 2770 2877 ,
2810 2816 3123 2882 percutienti
3161 2832 3265 2870 non
3304 2819 3471 2872 vicem
3499 2819 3616 2872 red-

2030 2899 2158 2955 dere
2180 2942 2194 2965 ,
2225 2904 2359 2956 mori
2399 2903 2630 2958 violenta
2663 2907 2871 2961 morte?
2893 2912 3143 2964 Attamen
3186 2909 3230 2963 si
3273 2910 3614 2980 philosophe-

2031 3006 2171 3056 mur,
2206 2993 2316 3049 hmc
2343 2997 2520 3050 omnia
2561 2997 2695 3053 levia
2727 3009 2789 3053 et'
2808 3000 2981 3055 facilia
3013 3011 3154 3067 sunt,
3187 3003 3615 3072 voluptatemque

2032 3085 2261 3151 pariunt.
2276 3085 2380 3140 Sed
2410 3103 2474 3142 ne
2505 3090 2806 3153 turbemini,
2833 3105 3016 3145 eorum
3044 3093 3246 3161 singula
3277 3093 3616 3162 exploremus

2027 3181 2080 3226 et
2109 3181 2418 3244 tractemus,
2451 3187 2522 3244 et,
2551 3180 2593 3233 si
2620 3181 2798 3244 vultis,
2824 3181 2995 3249 primo
3022 3183 3073 3237 id
3099 3184 3239 3252 quod
3270 3185 3509 3252 plurimis
3542 3187 3615 3238 la-

2026 3262 2295 3318 boriosum
2327 3281 2447 3321 esse
2481 3268 2711 3323 videtur.
2745 3269 2955 3336 Utrum.
2987 3287 3168 3341 qumso
3197 3283 3266 3335 te,
3286 3289 3447 3344 grave
3474 3286 3526 3330 et
3551 3276 3614 3328 la-

2025 3353 2296 3410 boriosum
2353 3357 2593 3426 videtur,
2630 3376 2791 3415 unum
2833 3373 3072 3417 ventrem
3125 3379 3343 3428 curare.
3374 3382 3437 3420 au
3472 3368 3613 3422 mille

2028 3446 2474 3501 sollicitudinibus
2521 3450 2758 3504 involvi?
2792 3468 2897 3505 uno
2925 3455 3242 3508 vestimento
3271 3457 3416 3512 indui
3441 3460 3613 3512 homi-

2025 3551 2167 3596 nem.
2199 3546 2251 3590 et
2271 3537 2400 3590 nihil
2431 3539 2562 3591 ultra
2591 3555 2851 3608 qtuercre,
2880 3558 2944 3597 an
2974 3545 3137 3598 multa
3163 3546 3298 3601 intus
3332 3547 3611 3604 habenten.

2021 3626 2105 3678 die
2147 3632 2698 3696 noctequc_cruciari,
2731 3633 2783 3685 in
2813 3649 2997 3688 eorum
3042 3637 3280 3691 custodia
3317 3643 3606 3708 timentem,

2021 3727 2368 3786 trementem,
2399 3723 2653 3784 anxium.
2699 3741 2767 3779 ne
2815 3741 2843 3779 a
2887 3729 3044 3784 tineis
3091 3731 3476 3796 carrodantur.
3510 3750 3610 3790 neu

2021 3824 2207 3863 servus
2234 3827 2354 3864 cum
2387 3813 2490 3865 illis
2526 3814 2797 3885 aufugiat?
2831 3817 3026 3873 Verum
3049 3823 3376 3890 quantalibet
3402 3826 3608 3893 dixero,

2019 3898 2121 3952 tale
2146 3898 2296 3964 nihil,
2324 3905 2479 3970 quale
2501 3919 2676 3958 rerum
2706 3908 3056 3976 experientia,
3080 3912 3367 3984 depingere
3384 3917 3608 3973 valeam.

2017 3989 2192 4056 Quare
2221 3992 2409 4046 vellem
2444 3996 2630 4049 adesse
2655 4001 2941 4066 quemdam
2971 4018 3187 4068 eorum,
3220 4008 3308 4075 qui
3341 4022 3606 4064 summum
3648 4028 3650 4031 '

2020 4080 2373 4148 philosophim
2402 4083 2611 4149 apicem
2657 4090 2964 4156 attigerunt,
2997 4104 3049 4146 et
3090 4103 3209 4148 tunc
3237 4096 3379 4152 clare
3407 4099 3482 4153 rei
3513 4114 3609 4153 vo-

2017 4171 2269 4235 luptatem
2293 4173 2612 4240 perciperes.
2645 4175 2707 4228 Et
2739 4192 2896 4232 nemo
2916 4196 3099 4236 eorum
3131 4185 3215 4252 qui
3244 4197 3608 4255 paupertatem

2017 4270 2218 4326 a'nant,
2237 4261 2443 4317 divitias
2470 4268 2626 4320 etiam
2647 4269 2854 4323 oblatas
2883 4273 3169 4341 acciperet.
3188 4277 3251 4330 Et
3277 4279 3350 4341 hi.
3379 4281 3604 4350 inquies,

2017 4368 2082 4403 an
2119 4367 2376 4420 pauperes
2423 4370 2669 4423 umquam
2719 4359 2831 4413 fieri
2881 4363 3097 4429 vellent,
3127 4376 3181 4420 et
3208 4373 3601 4435 possessionum

2016 4458 2192 4496 curam
2223 4444 2488 4511 abjicere?
2520 4446 2582 4500 Et
2612 4450 2737 4518 quid
2775 4449 2874 4506 hoc
2902 4456 3022 4508 est?
3049 4458 3431 4527 Argumentum
3463 4474 3604 4520 certe

2015 4534 2247 4587 stultitiae
2297 4543 2350 4589 et
2391 4539 2690 4605 gravissimi
2737 4542 2942 4610 morbi,
2968 4561 3066 4601 nec
3102 4550 3175 4603 rei
3219 4551 3601 4618 iucunditatem

2014 4630 2304 4687 declarans.

2081 4722 2131 4773 4.
2162 4722 2324 4791 Cujus
2352 4725 2424 4777 rei
2458 4726 2608 4779 nobis
2645 4736 2805 4781 testes
2848 4728 3043 4787 fuerint
3074 4734 3128 4796 ii.
3164 4738 3250 4804 qui
3274 4739 3510 4807 quotidie
3535 4742 3601 4797 de

2012 4810 2093 4864 his
2123 4813 2562 4869 sollicitudinibus
2598 4817 2955 4875 lamentantur
2975 4865 2988 4886 ,
3019 4834 3074 4879 et
3104 4830 3263 4880 vitam
3297 4828 3598 4899 huiusmodi

2009 4916 2111 4954 non
2149 4905 2358 4958 vitalem
2401 4922 2518 4959 esse
2551 4918 2757 4976 putant.
2794 4913 2853 4963 At
2885 4912 2957 4966 illi
3003 4930 3108 4969 non
3148 4918 3278 4973 tales
3314 4933 3434 4974 sunt
3460 4963 3472 4985 .
3505 4917 3596 4977 sed

2010 4993 2202 5058 rident,
2232 4997 2522 5061 exsultant.
2555 5017 2653 5055 nec
2677 5003 2857 5057 minus
2881 5004 2948 5059 de
2969 5020 3302 5077 paupertate.
3328 5028 3485 5080 quam
3515 5031 3596 5069 re-

2005 5100 2098 5153 ges
2123 5086 2190 5140 de
2216 5087 2515 5144 diademate
2545 5094 2861 5159 gloriantur.
2895 5095 3122 5153 Rursum
3176 5103 3442 5157 maxillam
3474 5121 3592 5172 per-

2006 5178 2221 5230 cutienti
2252 5178 2464 5241 omne,
2504 5198 2659 5250 quam
2695 5197 2991 5253 percutere,
3025 5189 3190 5244 levius
3217 5201 3270 5245 et
3309 5194 3593 5261 jucundius

2005 5279 2103 5330 est,
2133 5270 2174 5321 si
2221 5271 2500 5324 attendas:
2533 5289 2655 5326 nam
2703 5276 2845 5328 illiue
2890 5279 3096 5333 initium
3139 5281 3282 5346 belli,
3314 5284 3435 5338 hinc
3478 5286 3592 5354 ejus

2003 5359 2196 5430 solutio
2225 5366 2492 5428 provenit;
2526 5374 2577 5417 et
2603 5366 2691 5419 illo
2721 5367 2933 5435 quidem
2963 5371 3120 5425 modo
3147 5373 3370 5428 alterius
3407 5393 3589 5445 rogum

2001 5450 2322 5514 accendisti,
2379 5454 2478 5507 hoc
2527 5466 2703 5508 autem
2761 5457 3028 5513 flammam
3085 5471 3225 5515 tuam
3268 5467 3586 5522 exstinxisti.

2000 5540 2148 5606 Quod
2192 5551 2365 5597 autem
2417 5562 2519 5599 non
2566 5549 2645 5599 uri
2685 5548 2889 5604 dulcius
2940 5553 3027 5618 sit,
3059 5568 3216 5621 quam
3256 5557 3357 5622 uri,
3391 5561 3586 5615 nemini

2001 5649 2104 5686 non
2138 5642 2316 5686 notum
2340 5647 2439 5689 est.
2464 5637 2613 5703 Quod
2645 5642 2684 5692 si
2717 5657 2798 5695 res
2824 5643 2872 5694 iu
2906 5650 3177 5712 corporeis
3201 5646 3266 5700 ita
3291 5661 3348 5700 se
3376 5649 3583 5720 habent,

2002 5726 2164 5778 multo
2211 5727 2374 5796 magis
2427 5731 2476 5782 in
2520 5732 2580 5782 iis
2625 5748 2737 5798 qua:
2771 5733 2835 5786 ad
2882 5736 3111 5790 animam
3159 5753 3417 5808 spectant.
3450 5743 3583 5810 Quid
