4076 6436
323 359 427 412 ηπ

321 484 510 526 autem
556 473 730 525 levius
758 477 870 531 est,
918 479 1178 534 pugnare,
1212 476 1278 514 an
1315 459 1602 515 coronari?
1645 458 1936 528 pugilatum

321 576 614 626 exercere,
644 576 712 614 an
761 557 1003 612 bravinut
1037 543 1258 606 tenere?
1289 549 1534 604 fluctibus
1563 548 1845 613 obsistere,
1868 563 1937 600 an

323 655 376 708 in
405 663 568 722 portu
595 650 838 706 solvere?
863 647 1021 701 Certe
1051 646 1210 699 etiam
1242 643 1376 697 mori
1416 641 1604 696 melius
1630 647 1714 694 est
1733 681 1748 706 ,
1778 653 1936 709 quam

318 746 536 800 vivere.
570 743 712 798 Mors
735 740 876 796 enim
905 753 968 792 ex
1000 737 1246 792 fluctibus
1272 743 1327 788 et
1351 750 1416 788 ex
1449 732 1696 802 periculis
1724 730 1895 784 educit
1919 747 1933 796 ;

320 837 430 890 vita
477 851 609 890 vero
639 835 688 886 in
728 830 979 900 periculis
1017 827 1320 886 constituit,
1354 835 1408 879 et
1437 825 1729 879 obnoxium
1759 822 1936 877 reddit

322 929 480 982 nulle
542 925 748 978 insidiis
791 931 846 978 ct
890 919 1296 976 necessitatibus
1322 960 1336 985 ,
1382 918 1450 972 ob
1493 932 1627 987 quas
1675 917 1935 985 ingratam

322 1021 496 1073 vitam
531 1017 830 1072 existimes.
860 1014 1012 1081 Quod
1045 1013 1088 1067 si
1116 1011 1273 1066 dictis
1300 1027 1406 1065 non
1434 1009 1627 1064 credas
1647 1051 1660 1076 ,
1691 1009 1815 1064 audi
1843 1023 1936 1062 eos

321 1112 413 1180 qni
447 1111 801 1165 certaminum
835 1117 1077 1176 tempore
1120 1105 1370 1159 viderunt
1401 1104 1582 1157 vultus
1614 1111 1934 1174 martyrum,

324 1201 626 1269 quomodo,
654 1201 782 1255 dum
825 1199 1223 1269 ﬂagellarentur
1248 1206 1300 1250 et
1334 1195 1672 1249 caederentur
1697 1236 1711 1259 ,
1746 1193 1848 1247 laeti
1886 1201 1938 1246 et

324 1291 530 1348 hilares
557 1302 714 1347 erant
746 1311 759 1345 :
792 1291 1066 1360 magisque
1103 1288 1402 1358 gaudebant
1447 1295 1501 1341 et
1541 1286 1854 1339 lmtabantur
1885 1284 1934 1336 in

325 1385 652 1452 sartagincm
673 1382 1092 1450 immissi,quam
1122 1379 1155 1433 ii
1177 1380 1265 1449 qui
1292 1379 1342 1430 in
1365 1377 1572 1431 rosario
1590 1375 1932 1429 reclinaulur.

326 1473 560 1544 Ideoque
583 1475 780 1528 Paulus
808 1474 1037 1526 violenta
1063 1481 1234 1524 morte
1257 1471 1416 1524 vitam
1439 1469 1719 1524 clausurus
1740 1477 1795 1520 et
1815 1466 1936 1520 abs-

324 1579 599 1630 cessurus,
633 1563 881 1618 dicebat:
917 1561 1124 1616 Gaudeo
1167 1570 1212 1614 et
1256 1563 1548 1632 congaudeo
1591 1561 1726 1613 vobis
1768 1560 1935 1612 omni—

325 1654 458 1710 bus:
486 1667 530 1708 et
559 1672 645 1708 vos
695 1656 887 1724 puriter
915 1654 1131 1723 gaudete
1169 1661 1216 1705 et
1255 1651 1567 1721 congaudete
1605 1652 1728 1702 milii
1769 1649 1937 1720 (Plii-

326 1749 462 1817 lipp.
485 1749 539 1800 ‘2.
576 1750 661 1801 17.
698 1747 822 1815 18).
861 1745 1018 1800 Vides
1045 1753 1239 1814 quanta
1268 1759 1387 1798 cum
1419 1744 1581 1796 animi
1621 1743 1938 1797 celsitudine

329 1847 502 1892 t0‘uzu
533 1854 580 1890 ος
599 1839 718 1892 bcm
743 1838 808 1891 ad
831 1837 1006 1908 gaudii
1039 1839 1117 1891 sui
1138 1838 1464 1890 consortium
1490 1836 1676 1890 vocet?
1708 1836 1936 1888 Tantum

325 1943 452 1984 esse
495 1931 692 1983 bonum
744 1930 867 1983 hinc
906 1927 1182 1984 discedere
1225 1928 1481 1997 putabat;
1529 1927 1598 1980 ita
1648 1927 1935 1996 optabilem

328 2030 561 2074 mortem
611 2021 749 2074 illam
782 2021 1104 2083 terribilem,
1137 2021 1205 2073 ita
1235 2019 1516 2073 amabilem
1551 2028 1602 2072 et
1631 2018 1939 2072 desideran-

328 2109 597 2164 dam.S—ed
627 2110 764 2179 quod
801 2111 1009 2163 virtutis
1033 2110 1216 2179 jugum
1251 2110 1319 2163 sit
1343 2109 1496 2164 dulce
1523 2124 1584 2162 ac
1614 2111 1748 2171 leve,
1774 2109 1938 2162 multa

329 2204 432 2255 alia
470 2203 763 2255 declarant.
797 2202 1018 2256 Domum
1045 2245 1058 2267 ,
1093 2203 1134 2255 si
1183 2203 1391 2271 placet,
1425 2203 1622 2270 peccati
1651 2217 1814 2257 onera
1858 2201 1937 2253 vi-

328 2293 573 2347 deamus.
611 2295 814 2348 Avaros
844 2295 1020 2363 itaque
1054 2294 1103 2346 in
1153 2293 1386 2347 medium
1417 2293 1745 2346 adducamus
1768 2335 1782 2359 ,
1817 2293 1937 2348 illos

331 2400 525 2452 nempe
553 2385 641 2453 qui
675 2384 1011 2452 impudentes
1039 2383 1243 2439 femora
1279 2393 1505 2438 tractant
1543 2393 1596 2437 et
1624 2394 1934 2438 retractant.

330 2475 467 2540 Quid
514 2491 642 2545 ergo
680 2478 963 2531 oncrosius
1018 2478 1106 2530 tali
1150 2477 1539 2545 negotiatione‘
1575 2475 1772 2528 fuerit?
1811 2485 1941 2544 quot

329 2566 567 2631 dolores,
605 2577 734 2638 quot
764 2569 1171 2633 sollicitudines,
1205 2578 1336 2638 quot
1361 2567 1588 2637 scopuli,
1619 2576 1749 2636 quot
1795 2567 1939 2637 peri-

328 2660 448 2712 cula
477 2701 489 2722 ,
533 2669 664 2727 qut-t
707 2660 912 2713 insidi:e
958 2671 1010 2713 et
1058 2661 1196 2714 bella
1244 2660 1484 2730 quotidie
1529 2675 1592 2714 ex
1642 2660 1742 2714 hoc
1791 2661 1941 2713 lucro

328 2750 618 2802 oriuntur?
662 2759 787 2818 quot
834 2751 1000 2803 turba:
1051 2759 1105 2803 et
1147 2750 1438 2803 tumultus?
1481 2749 1938 2815 Quemadmodum

331 2841 475 2894 enim
515 2855 661 2894 mare
703 2855 992 2910 numquam
1024 2842 1138 2895 sine
1183 2840 1430 2895 [luctibus
1469 2842 1683 2906 videas,
1729 2844 1806 2896 sic
1843 2857 1941 2896 nec

332 2930 644 3000 huiusmodi
678 2932 914 2985 animum
961 2933 1076 2987 sine
1116 2948 1242 2986 cura
1269 2975 1282 2998 ,
1327 2949 1598 2997 interere,
1646 2934 1835 2986 timore
1880 2947 1942 2987 ac

333 3025 740 3093 perturbatiooe
762 3066 774 3087 ,
804 3024 897 3078 sed
936 3026 1110 3093 priora
1143 3040 1170 3076 a
1202 3027 1550 3094 sequentibus
1579 3025 1936 3093 excipiuntur,

401 3138 416 3166 ¹
456 3134 540 3183 Alii
563 3136 766 3194 habent,
789 3135 1059 3199 iniquitate,
1094 3149 1198 3196 pro.
1222 3135 1560 3197 negotiatione.

1308 347 1370 401 IN
1412 343 1820 402 MA'lTllx‘EUBl
1863 340 2094 396 IIOMIL.
2142 340 2382 395 XXXIX.
2424 344 2495 396 al.
2539 341 2647 397 XL.
3539 351 3648 409 ΜΗ

2048 451 2161 508 haec
2202 455 2269 509 ab
2319 457 2458 522 aliis,
2491 459 2684 528 quibus
2714 461 2948 514 nondum
2981 462 3179 518 sedatis
3209 463 3309 517 alia
3340 465 3642 536 insurgunt.

2118 546 2408 603 Iracundus
2436 567 2588 619 quam
2617 553 2884 605 crucietur.
2923 553 3163 607 Onmium
3203 555 3448 609 bonorum
3487 568 3648 610 muter

2043 640 2328 694 clementia.
2359 672 2430 682 —
2462 643 2624 698 Visne
2652 647 3022 699 contumeliosi
3052 656 3107 700 et
3133 647 3372 702 iracundi
3407 649 3644 702 animum

2043 729 2348 799 diSpicere?
2369 731 2504 799 Quid
2530 733 2833 802 ltujusmodi
2851 736 3088 790 cruciatu
3112 737 3294 805 pejus?
3316 739 3442 807 quid
3465 741 3644 793 acrius

2043 821 2311 878 intestinis
2333 824 2676 878 vulneribus?
2698 827 2824 895 quid
2849 827 3140 883 ferventius
3163 830 3379 885 fornace
3401 831 3487 884 illa
3511 847 3648 885 sem-

2045 933 2140 986 per
2162 918 2412 983 ardente,
2442 927 2496 973 et
2521 919 2735 973 ﬂamma
2765 921 2852 974 illa
2883 937 3002 990 qua:
3030 937 3317 989 numquam
3351 923 3644 992 exstingui-

2045 1011 2169 1062 tur?
2197 1009 2251 1064 Si
2281 1009 2345 1063 ad
2368 1010 2488 1064 illos
2515 1019 2567 1064 te
2591 1020 2872 1066 convertas
2894 1015 2984 1081 qui
3011 1029 3298 1083 corporum
3327 1013 3529 1068 formas
3549 1014 3643 1069 de-

2046 1110 2271 1168 pereunt
2301 1110 2354 1155 et
2386 1104 2632 1170 praesenti
2669 1105 2790 1158 vita:
2821 1104 3015 1158 addicti
3048 1116 3208 1168 sunt,
3242 1106 3367 1175 quid
3399 1106 3498 1160 hac
3524 1119 3644 1162 ser-

2042 1190 2212 1244 vitute
2234 1191 2486 1259 gravius?
2517 1193 2664 1247 Caini
2694 1194 2854 1248 vitam
2879 1194 2953 1247 illi
2977 1195 3211 1260 ducunt,
3245 1198 3294 1248 in
3326 1197 3518 1250 timore
3548 1206 3644 1251 tre-

2044 1295 2300 1350 moreque
2342 1292 2602 1352 perpetuo
2640 1284 2841 1354 degunt
2867 1325 2879 1348 ,
2913 1295 2964 1338 et
2996 1285 3039 1338 si
3071 1286 3161 1353 qui
3194 1301 3260 1338 ex
3287 1287 3478 1340 amatis
3525 1302 3646 1339 mo-

2045 1375 2282 1441 riantur,
2333 1378 2503 1446 magis
2547 1392 2706 1446 quam
2757 1377 3037 1446 prOpinqui
3085 1387 3137 1430 et
3176 1377 3389 1445 cognati
3433 1376 3645 1431 illorum

2043 1470 2242 1524 obitum
2278 1470 2478 1537 lugent.
2511 1471 2647 1537 Quid
2695 1487 2854 1540 porro
2902 1471 3260 1526 turbulentius
3306 1471 3647 1540 ferociusque

2043 1560 2327 1627 Superhis?
2358 1560 2577 1626 Discite,
2610 1561 2812 1628 inquit,
2837 1578 2868 1613 a
2895 1578 3001 1624 me,
3030 1566 3148 1631 quia
3178 1563 3310 1615 mitis
3337 1579 3448 1616 sunt
3477 1573 3522 1617 et
3543 1563 3643 1615 ltu-

2043 1650 2178 1703 tnilis
2202 1651 2374 1713 corde,
2405 1661 2450 1703 et
2473 1652 2730 1704 invenietis
2757 1654 2979 1720 requiem
3005 1653 3268 1705 animabus
3290 1655 3484 1707 vestris.
3519 1655 3649 1707 Utu-

2045 1743 2188 1794 nium
2218 1742 2414 1811 quippe
2442 1742 2698 1796 bonorum
2732 1754 2903 1797 mater
2925 1753 3004 1797 est
3028 1745 3331 1798 clementia.
3363 1745 3440 1799 Ne
3469 1747 3647 1814 itaque

2044 1839 2235 1889 timeas
2257 1879 2270 1899 ,
2304 1850 2476 1902 neque
2518 1836 2726 1889 resilias
2752 1851 2778 1886 a
2803 1835 2931 1904 jugo
2961 1836 3053 1888 illo
3074 1877 3087 1899 ,
3121 1851 3226 1905 quo
3257 1837 3323 1890 ab
3357 1837 3439 1891 his
3467 1839 3646 1890 omni-

2046 1926 2143 1979 bus
2174 1925 2456 1992 eripiet-is;
2491 1925 2583 1979 sed
2617 1926 2744 1979 illud
2777 1926 3026 1980 alacriter
3055 1928 3249 1981 subeas
3270 1967 3282 1990 ,
3317 1935 3372 1981 et
3403 1927 3518 1996 ejus
3549 1943 3647 1982 vo-

2045 2020 2297 2086 luptatem
2331 2027 2458 2071 tunc
2486 2018 2800 2085 espericris.
2825 2017 3010 2087 Neque
3034 2018 3173 2072 enim
3206 2021 3472 2072 cervicem
3503 2029 3646 2072 tuam

2044 2119 2263 2174 atteret,
2311 2108 2404 2162 sed
2447 2108 2568 2162 ideo
2605 2107 2914 2178 impositum
2955 2120 3073 2174 est,
3104 2121 3158 2162 ut
3190 2108 3362 2164 bonus
3402 2122 3650 2164 servetur

2044 2205 2196 2262 ordo.
2227 2213 2283 2257 ut
2325 2212 2374 2256 te
2405 2203 2669 2256 concinne
2701 2203 2950 2256 incedere
3007 2202 3219 2267 doceat,
3269 2212 3323 2256 et
3352 2203 3418 2257 ad
3448 2205 3648 2272 regiam

2047 2296 2182 2348 viam
2214 2295 2408 2358 ducat,
2442 2303 2602 2363 atque
2628 2309 2657 2346 a
2701 2293 3008 2361 prmcipitiis
3047 2292 3174 2346 hinc
3203 2303 3256 2347 et
3295 2292 3419 2346 inde
3461 2295 3650 2361 positis

2046 2388 2256 2451 liberet,
2287 2396 2342 2439 ut
2369 2396 2650 2454 angustam
2702 2386 2841 2437 viam
2875 2384 3030 2437 facile
3061 2384 3351 2438 emetiaris.
3385 2384 3648 2452 Quoniam

2048 2481 2205 2548 igitur
2233 2487 2309 2532 tot
2343 2487 2596 2542 tantaque
2622 2479 2758 2530 bona
2789 2476 3176 2538 subministrat,
3215 2485 3415 2530 tantam
3441 2478 3649 2532 securi-

2047 2581 2231 2631 tatem,
2252 2578 2452 2624 tantam
2479 2569 2737 2631 ltetitiam,
2757 2579 2867 2621 toto
2891 2569 3094 2634 animo,
3118 2577 3336 2638 totoque
3354 2569 3530 2621 studio
3551 2567 3651 2621 hoc

2047 2666 2226 2734 iugum
2261 2662 2535 2715 trabatnus
2561 2677 2574 2724 ;
2610 2669 2666 2713 ut
2693 2669 2748 2714 et
2777 2660 2863 2714 hic
2892 2661 3228 2714 inveniamus
3258 2660 3498 2728 requiem
3531 2660 3648 2711 ani-

2045 2759 2233 2810 mabus
2267 2755 2502 2814 nostris,
2557 2762 2608 2804 et
2642 2751 2818 2804 futura
2852 2768 3246 2821 consequamur
3279 2753 3414 2813 bona
3437 2791 3450 2816 ,
3485 2753 3652 2820 gratia

2045 2859 2096 2902 ct
2131 2847 2456 2916 benignitate
2489 2843 2697 2896 Domini
2732 2845 2899 2896 nostri
2944 2844 3069 2898 Jesu
3096 2844 3294 2897 Christi
3324 2883 3337 2908 ,
3369 2844 3451 2895 cui
3485 2843 3652 2911 gloria

2046 2951 2093 2993 et
2148 2939 2427 3006 imperium
2453 2978 2466 3002 ,
2502 2949 2644 2988 nunc
2671 2943 2725 2988 ct
2754 2948 3003 3004 semper,
3035 2943 3088 2987 ct
3119 2934 3169 2987 in
3199 2934 3392 2987 Saecula
3426 2931 3653 2986 Steculo-

2046 3047 2187 3085 rum.
2230 3030 2423 3083 Amen.

1502 3246 1838 3308 HOMILIA
1885 3248 2196 3308 XXXIX.
2243 3244 2328 3305 al.
2376 3242 2512 3302 XL.

336 3390 464 3446 Ctr.
503 3394 584 3446 l2.
620 3409 669 3444 γ.
703 3393 754 3446 l.
803 3391 868 3444 1η
909 3392 1000 3446 illo
1032 3401 1254 3460 tempore
1283 3392 1403 3444 abiit
1432 3390 1586 3443 Jesus
1613 3392 1820 3444 sabbato
1851 3393 1940 3458 per

409 3497 519 3540 sata
551 3503 566 3538 :
617 3486 859 3554 discipuli
898 3495 1064 3537 autem
1098 3485 1206 3552 ejus
1237 3484 1508 3535 esurientes
1552 3492 1808 3551 eruperunt
1842 3483 1916 3534 vel
1928 3513 1936 3520 -

410 3580 512 3632 lere
540 3579 708 3647 spicas
730 3567 776 3630 ἐι
801 3578 1125 3629 manducare.
1157 3576 1213 3628 2.
1255 3575 1506 3628 Pltarisa'i
1529 3585 1696 3628 autem
1721 3575 1944 3628 videntes

414 3670 651 3724 dixerunt
680 3672 723 3723 ci
749 3685 766 3723 :
802 3669 930 3722 lt‘cce
960 3669 1196 3736 discipuli
1225 3669 1296 3720 tui
1319 3669 1510 3738 faciunt
1539 3669 1673 3736 quod
1705 3685 1803 3720 non
1833 3668 1943 3720 licet

412 3765 578 3831 facere
623 3762 673 3814 in
710 3760 936 3815 sabbato.
963 3761 1015 3813 3.
1058 3757 1203 3811 Dixit
1242 3769 1409 3810 autem
1436 3759 1505 3810 eis
1531 3776 1547 3809 :
1580 3756 1698 3808 Non
1757 3758 1944 3825 legistis

413 3854 535 3920 quid
562 3855 733 3923 fecerit
768 3852 933 3906 David
973 3869 1086 3905 cum
1111 3852 1312 3905 esurivit
1353 3852 1460 3919 ipse
1487 3859 1531 3903 et
1572 3851 1656 3917 qui
1698 3867 1809 3901 cum
1853 3850 1941 3901 illo

412 3944 598 3997 crant?
622 3945 675 3998 Α».
703 3943 954 4013 quomodo
1007 3943 1260 4012 ingressus
1303 3950 1374 3994 est
1405 3941 1454 3992 in
1488 3940 1693 3991 domum
1751 3938 1868 4004 Dei,
1901 3947 1946 3991 et

415 4052 566 4106 panes
593 4034 950 4104 propositionis
977 4032 1213 4094 comedit,
1237 4047 1362 4101 quos
1391 4046 1492 4084 non
1525 4029 1704 4083 licebat
1733 4032 1777 4082 ei
1807 4045 1944 4082 rom-

413 4127 576 4191 edere,
621 4142 777 4195 neque
801 4125 862 4178 iis
888 4124 973 4191 qui
1009 4139 1122 4175 cum
1152 4123 1240 4174 illo
1265 4131 1406 4173 erant
1428 4162 1443 4188 ,
1485 4119 1574 4173 sed
1609 4120 1730 4173 solis
1774 4135 1944 4173 sacer-

416 4217 617 4269 dotibus
639 4216 663 4268 ?

416 4309 467 4361 1.
487 4308 718 4360 Clu-istas
731 4305 979 4375 quomodo
995 4305 1255 4358 sabbatum
1279 4301 1696 4357 solvit.——-anas
1711 4317 1839 4355 vero
1852 4301 1944 4353 ait:

347 4398 412 4452 In
432 4399 635 4451 sabbato
651 4398 871 4451 secundo
891 4397 1052 4465 primo
1070 4397 1145 4464 (η)
1167 4395 1316 4464 (Luc.
1338 4395 1472 4463 ϐλ).
1507 4393 1642 4459 Quid
1667 4402 1843 4446 autem
1869 4399 1949 4445 cst

348 4489 641 4544 secundum
672 4487 937 4557 primunt?
979 4486 1202 4554 Quando
1230 4485 1471 4556 duplices
1499 4485 1648 4539 ferite
1674 4493 1861 4547 erant,
1890 4494 1945 4538 et

349 4579 554 4634 sabbati
601 4577 838 4645 proprii.
874 4587 926 4632 et
954 4578 1172 4631 alterius
1200 4577 1321 4632 festi
1353 4577 1711 4630 succedentis.
1748 4575 1950 4629 Sabbu-

352 4679 461 4724 tum
492 4672 633 4725 enim
664 4671 927 4739 quaslibet
983 4671 1140 4724 ferias
1181 4679 1233 4722 et
1288 4669 1522 4737 quietem
1581 4667 1943 4736 appellabant.

356 4763 418 4816 Et
447 4780 540 4817 cur
563 4764 685 4817 illuc
715 4779 808 4818 eos
832 4763 1004 4827 duxit,
1031 4764 1117 4831 qui
1149 4761 1323 4813 omnia
1357 4759 1694 4829 prtesciebat,
1727 4760 1825 4813 nisi
1860 4775 1949 4812 vo-

354 4853 540 4907 luisset
568 4855 700 4906 solvi
727 4853 1040 4908 sabbatum?
1074 4853 1294 4906 Volebat
1313 4851 1550 4920 quidem,
1577 4850 1668 4904 sed
1700 4865 1803 4904 non
1833 4850 1949 4903 sine

353 4957 549 5002 causa;
596 4943 820 5008 ideoque
861 4959 1148 5013 numquam
1191 4946 1306 4997 sine
1341 4957 1503 4996 causa
1545 4941 1706 4995 solvit
1751 4943 1949 5009 ipsum,

356 5035 448 5088 sed
488 5050 555 5088 ex
604 5035 886 5088 occasione
927 5034 1155 5104 quadam
1205 5033 1556 5102 congruenti;
1592 5040 1647 5084 ut
1693 5040 1747 5085 ct
1781 5033 1948 5100 legem

357 5128 663 5198 abrogaret,
678 5138 731 5182 et
753 5127 822 5180 illi
845 5142 949 5181 non
969 5127 1382 5181 offenderentur.
1404 5126 1494 5179 Est
1514 5126 1673 5179 ctiam
1693 5141 1811 5178 cum
1833 5125 1954 5178 illud

359 5219 546 5281 solvit,
584 5218 730 5270 nulla
779 5218 956 5271 oblata
989 5203 1306 5279 occasione;
1343 5226 1398 5269 ut
1429 5232 1548 5270 cum
1597 5215 1782 5269 oculos
1829 5217 1955 5269 cmci

362 5308 489 5362 luttr
522 5310 763 5373 inunxit;
797 5318 849 5363 et
891 5325 1010 5362 cum
1042 5309 1172 5363 dicit
1200 5325 1214 5361 :
1252 5307 1405 5360 Pater
1451 5323 1591 5360 meus
1623 5324 1779 5376 usque
1808 5307 1957 5360 modo

360 5411 598 5468 oneratur
618 5442 630 5462 ,
663 5412 706 5454 et
736 5417 825 5470 ego
852 5417 1032 5469 aperor
1064 5398 1257 5469 (Joan.
1288 5399 1340 5453 5.
1374 5399 1461 5466 7).
1499 5398 1629 5452 Illud
1660 5414 1788 5451 vero
1836 5399 1960 5452 facit

363 5501 472 5546 tum
499 5503 555 5545 ut
581 5491 682 5546 hoc
710 5493 870 5547 modo
895 5493 1158 5563 glorificet
1184 5493 1396 5547 Patrem
1426 5505 1580 5546 suum
1603 5534 1617 5558 ,
1652 5501 1760 5545 tum
1789 5503 1847 5546 ut
1870 5494 1957 5546 illa

424 5652 496 5713 (α)
530 5651 607 5701 De
628 5652 831 5701 sabbato
851 5651 1070 5702 secundo
1090 5652 1246 5713 primo
1258 5662 1429 5713 magna
1451 5647 1719 5713 etdifiicilis
1734 5655 1812 5713 est
1830 5663 1960 5713 qure-

361 5710 643 5788 stitg‘."qua‘nt
667 5715 776 5788 vide
800 5713 931 5788 apud
954 5710 1252 5788 Scaliig'efrtun
1294 5710 1883 5788 ἱηήρρρμριέἶᾷξεξιερείνιὶὸ.
1907 5713 1957 5774 3,

364 5790 414 5842 p.
439 5776 500 5825 32
510 5771 547 5836 ἰ,
571 5775 601 5825 9.
621 5776 739 5826 edit.
767 5771 890 5826 etin
909 5771 1104 5838 Synorrsi
1126 5774 1410 5825 Criticorum
1431 5773 1490 5823 ad
1513 5771 1641 5822 hunc
1663 5771 1839 5822 locum.

2049 3389 2258 3443 ratione
2302 3384 2652 3442 imbecillitati
2708 3380 2954 3437 consulat
3009 3378 3343 3435 Jndmorum.
3406 3379 3459 3433 hl
3516 3379 3658 3448 quod

2050 3480 2209 3533 etiam
2235 3479 2334 3533 hoc
2357 3478 2476 3532 loco
2501 3476 2645 3538 facit,
2673 3485 2880 3526 natura?
2908 3472 3287 3526 nectrssitatcm
3315 3471 3614 3525 obtendens
3642 3489 3654 3524 :

2049 3586 2373 3642 quamquam
2396 3585 2606 3634 eorum,
2630 3583 2746 3637 qua-
2772 3575 2989 3635 peccata
3021 3579 3143 3618 esse
3174 3564 3226 3617 in
3257 3562 3507 3618 confesso
3550 3572 3656 3628 est,

2051 3666 2190 3718 nulla
2225 3665 2391 3735 possit
2413 3676 2534 3717 esse
2559 3658 2825 3715 defensio.
2853 3657 3037 3726 Neque
3061 3657 3204 3710 enim
3230 3655 3498 3710 homicida
3522 3656 3654 3709 iram

2052 3757 2102 3808 in
2152 3757 2552 3809 excusationem
2601 3751 2896 3805 obtendere
2944 3749 3146 3815 possit,
3196 3763 3370 3816 neque
3414 3749 3668 3805 marchus

2051 3844 2538 3913 Concupiscentiam
2563 3884 2576 3906 ,
2614 3854 2787 3907 neque
2818 3838 2978 3891 aliam
3012 3838 3257 3904 quamvis
3285 3853 3500 3891 causam
3527 3856 3540 3890 :
3575 3838 3664 3891 hic

2052 3953 2178 3990 vero
2202 3952 2322 3989 cum
2350 3934 2544 3988 famem
2567 3933 2784 4001 objccit,
2810 3930 2956 3983 omni
2982 3930 3101 3983 illos
3132 3930 3362 3984 crimine
3388 3929 3654 3984 liberavit.

2053 4028 2132 4082 Tu
2168 4044 2294 4082 vero
2343 4025 2471 4078 mihi
2505 4025 2590 4077 hic
2637 4022 2930 4090 discipulos
2984 4024 3204 4085 mirare,
3240 4022 3320 4077 sic
3357 4033 3579 4092 egentes
3608 4031 3662 4078 et

2055 4120 2253 4173 nullam
2279 4131 2660 4184 corporearum
2702 4129 2880 4166 rerum
2914 4129 3098 4166 curam
3133 4113 3430 4179 habentes;
3461 4116 3552 4170 sed
3587 4116 3660 4171 ita

2055 4209 2416 4278 perfunctorie
2445 4220 2682 4259 mensam
2708 4214 3052 4272 apparantes,
3085 4213 3141 4256 ut
3167 4203 3308 4259 fame
3337 4207 3653 4282 plerumque

2057 4307 2432 4370 premerentur
2453 4340 2467 4362 ,
2511 4311 2611 4350 nec
2640 4304 2817 4349 tamen
2851 4295 2929 4349 sic
2968 4295 3332 4350 discederent.
3366 4297 3477 4351 Nisi
3507 4299 3650 4352 enim

2057 4391 2226 4444 fames
2265 4390 2384 4442 illos
2415 4386 2725 4441 admodum-
2752 4386 3071 4451 invasisset,
3109 4403 3212 4439 non
3253 4387 3302 4441 id
3349 4399 3533 4458 utique
3565 4391 3647 4442 fa-

2056 4483 2189 4537 cturi
2219 4489 2392 4535 erant.
2426 4477 2558 4545 Quid
2594 4477 2751 4545 igitur
2787 4475 3043 4529 Phariszei
3068 4477 3090 4529 ’ἶ
3123 4475 3179 4530 Id
3223 4475 3459 4530 Videntes
3504 4478 3656 4531 dixe-

2057 4585 2172 4629 runt
2204 4575 2248 4626 ei
2289 4589 2305 4628 :
2358 4571 2488 4625 Ecce
2529 4569 2771 4638 discipuli
2799 4569 2870 4622 tui
2905 4569 3100 4639 faciunt
3142 4571 3278 4636 quod
3309 4587 3407 4623 non
3439 4571 3551 4624 licet
3579 4575 3666 4640 fa-

2057 4685 2168 4722 cere.
2190 4669 2238 4719 iu
2280 4665 2506 4719 sabbato.
2541 4661 2636 4715 llic
2661 4676 2822 4729 porro
2853 4677 2956 4713 non
2988 4660 3279 4713 admodum
3308 4661 3666 4718 vehementes

2059 4763 2202 4814 sunt,
2236 4752 2336 4806 etsi
2365 4749 2414 4803 id
2446 4762 2531 4802 res
2559 4747 2779 4816 exigere
2809 4745 3121 4808 videretur;
3154 4754 3390 4798 attamen
3439 4761 3544 4799 non
3569 4747 3664 4801 ad-

2061 4844 2278 4898 modum
2310 4841 2511 4895 incensi
2541 4849 2685 4902 sunt,
2718 4837 2814 4892 sed
2852 4835 3175 4904 simpliciter
3209 4846 3489 4893 accusant.
3521 4839 3653 4891 Cum

2061 4947 2238 4991 autem
2291 4950 2507 4990 manum
2536 4932 2740 4986 aridam
2789 4928 3033 4984 extendit
3073 4936 3128 4982 et
3152 4929 3361 4981 sanavit
3387 4969 3404 4993 ,
3435 4937 3560 4981 tunc
3591 4929 3662 4983 ita

2063 5030 2267 5085 efferati
2307 5037 2450 5091 sunt,
2484 5037 2536 5079 ut
2569 5027 2732 5080 etiam
2762 5024 2828 5077 de
2859 5036 2990 5075 nece
3018 5021 3118 5090 ipsi
3153 5020 3429 5075 inferenda
3458 5020 3666 5100 delibe-

2064 5132 2264 5177 rarent.
2297 5120 2396 5176 Ubi
2421 5119 2563 5173 enim
2589 5117 2721 5172 nihil
2749 5116 2942 5169 mirum
2969 5113 3164 5183 agitur,
3194 5113 3487 5182 quietiores
3508 5124 3664 5176 sunt:

2064 5217 2150 5270 ubi
2175 5232 2299 5269 vero
2322 5214 2580 5284 quosdam
2603 5212 2786 5267 vident
2815 5210 3004 5264 morbo
3031 5209 3258 5274 levatos,
3285 5208 3557 5264 ferociunt
3583 5220 3662 5264 at.

2063 5323 2166 5376 que
2200 5303 2870 5370 turbantur,omniumque
2887 5300 3435 5354 suntmolestissimi:
3467 5300 3536 5352 ita
3567 5298 3664 5353 hoc

2065 5399 2264 5451 minum
2296 5395 2450 5448 saluti
2477 5394 2732 5448 invident.
2756 5392 2874 5459 Quo
2898 5401 3052 5461 pacto
3072 5399 3248 5446 autem
3272 5389 3428 5444 Jesus
3451 5389 3666 5445 illorum

2064 5488 2433 5543 defensionem
2487 5485 2742 5553 suscipit?
2775 5482 2898 5537 Non
2941 5483 3169 5553 legistis,
3201 5482 3308 5548 ait,
3338 5481 3462 5552 quid
3492 5482 3669 5551 fecerit

2065 5579 2235 5632 David
2266 5580 2317 5631 iu
2345 5577 2531 5644 templo
2555 5619 2568 5642 ,
2615 5575 2820 5643 quando
2861 5576 3065 5629 esurivit
3112 5576 3220 5642 ipse
3248 5584 3296 5628 et
3342 5575 3426 5644 qui
3453 5591 3567 5626 cum
3605 5590 3664 5627 eo

2064 5671 2248 5725 erant?
2275 5669 2524 5742 quomodo
2546 5667 2805 5720 intraverit
2827 5667 2878 5719 in
2905 5667 3114 5720 domum
3138 5665 3252 5730 Dei,
3278 5675 3324 5718 et
3356 5681 3510 5735 partes
3542 5681 3663 5731 pro-

2066 5764 2326 5834 positionis
2339 5758 2637 5826 comederit,
2669 5773 2793 5828 quos
2808 5775 2906 5812 non
2934 5756 3114 5812 licebat
3140 5759 3181 5811 ti
3204 5758 3483 5824 comedere,
3505 5772 3662 5828 neque
