4076 6440
477 318 582 373 455

475 432 537 484 iis
563 433 644 499 qui
669 449 778 484 cum
805 449 862 485 eo
888 445 1051 497 erant,
1077 435 1176 488 nisi
1198 437 1316 490 solis
1341 437 1686 492 sacerdotibus
1706 441 1750 508 (Ι
1767 438 1911 510 .Reg.
1931 439 2051 508 2i)?

478 523 608 576 Nam
660 538 779 578 cum
828 542 923 592 pro
963 528 1238 597 discipulis
1290 545 1506 584 oausam
1533 532 1680 597 dicit,
1717 532 1968 586 Dat-idem
2003 534 2054 586 in

475 616 709 670 medium
749 617 1002 685 adducit;
1066 619 1279 689 quando
1326 632 1505 676 autem
1554 637 1647 691 pro
1697 624 1908 691 seipse,
1964 622 2053 676 Pa-

476 715 611 762 trem
662 721 944 764 memorat.
993 712 1068 765 Ac
1097 710 1217 766 vide
1247 727 1407 781 quam
1449 715 1659 778 acriter,
1691 712 1811 767 Non
1842 716 2049 786 legistis,

473 798 664 867 inquit,
689 801 809 868 quid
833 801 1002 868 fecerit
1029 802 1191 856 David
1208 804 1234 855 .’
1262 805 1442 875 Magna
1463 805 1660 875 quippe
1685 817 1800 860 erat
1826 808 2052 879 prophe-

473 895 539 940 tae
573 887 728 956 hujus
767 890 1124 955 existimatio;
1155 893 1226 947 ita
1259 905 1314 948 ut
1347 903 1528 964 postea
1552 895 1741 950 Petrus
1767 911 1888 950 cum
1911 897 2048 967 apud

468 975 681 1029 Judwos
709 992 826 1032 sese
854 979 1200 1046 defenderet,
1242 985 1309 1035 ita
1339 983 1540 1038 diceret
1565 1002 1577 1036 :
1612 985 1751 1040 Licet
1777 987 1845 1039 ad
1874 1005 1957 1040 vos
1987 988 2052 1040 li-

469 1066 582 1119 bere
607 1066 669 1119 de
699 1071 990 1136 patriarcha
1018 1069 1182 1124 David
1222 1074 1387 1126 dicere
1405 1115 1418 1138 ,
1466 1077 1704 1144 quoniam
1749 1079 1870 1130 obiit
1896 1087 1941 1131 et
1966 1095 2046 1132 se-

467 1159 641 1224 pultus
667 1171 736 1212 est
763 1163 777 1228 (
803 1163 911 1214 Act.
935 1163 988 1215 2.
1021 1162 1088 1216 29
1110 1165 1147 1232 ).
1183 1164 1288 1219 Cur
1314 1175 1489 1220 autem
1517 1182 1637 1222 cum
1670 1169 1786 1238 ejus
1815 1171 2048 1226 mentio-

467 1266 588 1304 nem
622 1262 730 1307 tum
775 1255 858 1308 hic
887 1264 995 1308 tum
1029 1265 1211 1326 postea
1256 1259 1418 1323 facit,
1451 1261 1761 1330 dignitatem
1793 1265 1908 1332 ejus
1939 1277 2043 1317 non

463 1349 888 1400 commemorat?
920 1347 1078 1404 Forte
1103 1351 1223 1418 quia
1270 1367 1337 1405 ex
1381 1351 1472 1406 illo
1510 1368 1679 1423 genus
1708 1353 1952 1409 ducebat.
1987 1355 2042 1410 Si

464 1434 561 1487 viri
594 1436 740 1502 probi
774 1437 1218 1509 indulgentesque
1246 1441 1501 1508 fuissent,
1535 1442 1687 1496 famis
1713 1457 1926 1498 causam
1957 1446 2039 1498 in-

465 1525 725 1581 ducturus
755 1540 866 1582 erat
889 1547 902 1592 ;
926 1532 1045 1599 quia
1076 1545 1202 1585 vero
1229 1531 1442 1586 scelesti
1463 1532 1845 1604 inlmmanique
1867 1543 2039 1603 erant,

465 1615 735 1670 historiam
780 1619 884 1671 illis
931 1621 1111 1674 refert.
1153 1620 1361 1677 Marcus
1405 1631 1581 1678 autem
1625 1623 1725 1678 sub
1755 1625 2041 1680 Abiathare

461 1706 736 1759 sacerdote
776 1707 825 1760 id
853 1708 1046 1763 factum
1077 1709 1242 1776 dicit,
1279 1727 1381 1765 non
1413 1715 1757 1783 repugnantia
1804 1715 2038 1770 historize

458 1793 676 1861 dicens,
709 1796 802 1851 sed
847 1799 1132 1854 ostendens
1162 1802 1309 1855 illum
1355 1803 1678 1857 binominem
1713 1804 1875 1860 fuisse
1897 1846 1909 1870 ,
1939 1807 2038 1861 ad-

454 1884 636 1953 ditque
659 1887 830 1955 ipsum
855 1890 900 1943 ei
926 1905 1086 1958 panes
1114 1892 1325 1947 dedisse
1358 1894 1377 1965 (
1404 1894 1569 1948 Marc.
1597 1895 1650 1949 2.
1681 1895 1751 1952 26
1772 1899 1789 1967 )
1810 1939 1824 1962 ,
1854 1898 2036 1953 simul-

459 1991 562 2041 que
611 1991 854 2046 magnam
901 1980 1128 2036 alferens
1176 1984 1584 2052 purgationem,
1613 1985 1755 2056 quod
1787 1989 2036 2043 sacerdos

456 2064 506 2118 id
540 2069 899 2134 permisisset;
933 2086 1029 2125 nec
1058 2073 1216 2127 modo
1243 2076 1592 2142 permisisset,
1621 2077 1715 2132 sed
1742 2080 1900 2134 etiam
1933 2082 2035 2136 mi-

454 2156 752 2211 nistrasset.
782 2159 894 2214 Nec
946 2161 1073 2215 mihi
1103 2162 1250 2217 dicas
1270 2205 1285 2228 ,
1322 2163 1576 2220 Davidem
1608 2165 1771 2223 fuisse
1801 2170 2034 2239 prophe-

454 2255 559 2298 tam
583 2265 595 2300 :
625 2262 743 2300 nam
768 2264 938 2320 neque
959 2252 1035 2305 sic
1057 2252 1266 2318 licebat,
1293 2254 1382 2308 sed
1407 2270 1573 2325 penes
1593 2257 1896 2313 sacerdotes
1921 2259 2033 2315 haec

449 2338 799 2407 prterogativa
824 2351 938 2394 erat
969 2359 981 2395 :
1011 2342 1208 2397 idcirco
1238 2343 1478 2411 addidit,
1512 2345 1632 2400 Nisi
1658 2349 1781 2402 satis
1800 2350 2032 2405 sacerdo-

448 2426 599 2481 tibus.
618 2426 839 2483 Etiamsi
861 2431 1000 2484 enim
1024 2432 1282 2501 prepheta
1301 2443 1466 2504 esset,
1488 2452 1593 2492 non
1612 2439 1862 2493 sacerdos
1883 2449 2028 2506 erat;

448 2515 558 2571 imo
575 2513 781 2573 etiamsi
801 2521 1057 2591 propheta
1076 2533 1236 2589 esset,
1258 2533 1312 2581 at
1328 2541 1431 2580 non
1452 2527 1486 2581 ii
1503 2528 1592 2596 qui
1611 2543 1731 2582 cum
1751 2530 1841 2583 illo
1857 2541 2028 2599 erant;

448 2621 570 2660 nam
597 2617 650 2662 et
671 2608 774 2662 illis
795 2625 1006 2681 quoque
1025 2627 1219 2682 panem
1241 2614 1406 2669 dedit.
1437 2616 1571 2682 Quid
1593 2618 1773 2686 igitur,
1800 2621 2025 2690 inquies,

446 2712 669 2766 paresne
699 2711 848 2754 erant
877 2703 948 2756 illi
982 2703 1210 2759 Davidi'i
1237 2706 1372 2773 Quid
1403 2708 1534 2761 mihi
1567 2709 1876 2778 dignitatem
1910 2729 2025 2769 me-

443 2801 639 2853 moras,
668 2791 755 2844 ubi
788 2792 916 2863 legis
943 2798 1297 2866 transgressio
1323 2813 1442 2852 esse
1472 2808 1708 2868 putatur,
1739 2813 1791 2857 ct
1815 2813 2028 2860 natura-

443 2875 507 2930 lis
534 2877 696 2932 instat
717 2884 1007 2937 necessitas
1037 2885 1099 2938 “.7
1127 2885 1336 2941 Etenim
1363 2887 1461 2942 hac
1486 2890 1690 2946 ratione
1716 2893 1884 2963 magis
1907 2896 2026 2950 illos

438 2983 466 3022 a
495 2969 715 3026 crimine
740 2983 961 3043 purgat,
991 2990 1112 3031 eum
1138 2978 1180 3032 is
1201 2979 1290 3049 qui
1314 2981 1485 3047 maior
1512 2992 1596 3037 est
1617 2983 1845 3053 idipsum
1878 2985 2022 3041 fecit.

505 3062 558 3114 2.
593 3063 657 3116 Et
678 3063 806 3132 quid
832 3064 952 3130 hoc,
987 3067 1215 3137 inquies,
1245 3069 1311 3124 ad
1338 3073 1729 3140 quaestionem?
1753 3093 1854 3130 non
1881 3080 2021 3133 enim

438 3151 526 3206 ille
551 3154 828 3208 sabbatum
859 3166 1221 3226 transgressus
1248 3170 1350 3214 est.
1385 3161 1551 3230 Majas
1578 3175 1722 3222 certe
1752 3170 2020 3238 quidpiam

434 3239 568 3295 dicis
591 3281 605 3304 ,
639 3242 778 3312 quod
809 3243 1006 3299 Christi
1032 3248 1345 3315 sapientiam
1378 3250 1730 3323 demonstrat,
1760 3259 1881 3326 quia
1911 3259 2019 3326 ille,

435 3330 599 3383 misso
627 3332 867 3398 sabbato,
897 3333 1039 3390 aliud
1061 3340 1367 3408 exemplum
1396 3341 1550 3398 all‘ert
1575 3345 1797 3401 sabbato
1823 3349 2017 3418 majus.

436 3419 550 3474 Non
580 3423 722 3476 enim
747 3426 949 3493 aequale
974 3436 1108 3491 erat,
1136 3428 1276 3485 diem
1305 3431 1447 3487 illam
1476 3435 1696 3503 violare,
1729 3447 1783 3494 et
1808 3455 2014 3496 sacram

439 3509 582 3564 illam
617 3527 854 3566 mensam
882 3517 1165 3586 attingere,
1185 3536 1343 3590 quam
1373 3523 1519 3578 adire
1550 3529 1746 3582 nemini
1777 3531 1853 3584 fas
1880 3542 2012 3586 erat.

438 3599 569 3654 Nam
600 3603 875 3658 sabbatum
909 3623 1051 3676 saepe
1079 3609 1310 3665 solutum
1344 3613 1458 3678 fuit,
1484 3615 1590 3671 imo
1622 3635 1833 3690 semper
1864 3623 2020 3676 solvi-

435 3698 539 3755 tur,
572 3703 627 3745 et
656 3693 706 3746 in
738 3694 1163 3765 circumcisione,
1195 3710 1248 3755 et
1274 3703 1325 3756 in
1352 3705 1470 3758 aliis
1498 3708 1740 3774 plurimis
1768 3713 2017 3780 operibus

433 3781 630 3849 (Num.
662 3785 751 3840 28.
784 3787 854 3855 9)
889 3808 902 3842 :
941 3801 995 3843 et
1025 3789 1075 3844 in
1103 3789 1315 3847 Jerieho
1346 3795 1572 3864 idipsum
1605 3798 1798 3854 factum
1835 3803 2014 3859 videre

430 3883 513 3928 est
538 3874 730 3940 (Josue
779 3876 833 3930 6.
863 3879 933 3949 4)
959 3896 973 3932 :
1008 3882 1108 3935 hoc
1132 3891 1308 3937 autem
1338 3896 1461 3940 tunc
1489 3891 1656 3944 solum
1688 3891 1881 3948 factum
1909 3905 2010 3950 est.

430 3964 606 4031 Quare
631 3981 660 4019 a
693 3968 880 4038 majori
910 3973 1155 4039 exemplo
1185 3987 1270 4028 res
1302 3977 1582 4033 evincitur.
1616 3981 1727 4037 Cur
1755 3999 1883 4054 ergo
1914 4001 2010 4042 ne-

431 4071 518 4112 mo
551 4057 802 4116 Davidem
829 4067 1134 4132 accusavit,
1162 4069 1369 4122 etiamsi
1401 4073 1501 4125 alia
1533 4075 1703 4144 major
1728 4081 2011 4136 accusandi

429 4151 646 4204 materia
691 4152 934 4222 adesset,
969 4157 1036 4212 ob
1084 4159 1418 4214 sacerdotum
1453 4164 1652 4218 caedem
1679 4209 1691 4228 ,
1744 4184 1862 4237 quas
1891 4171 2012 4227 inde

426 4241 703 4295 exordium
735 4243 1001 4299 duxerat?
1045 4247 1244 4302 Verum
1275 4249 1404 4305 illud
1447 4269 1551 4307 non
1594 4269 1857 4313 memorat
1883 4262 1971 4317 ille
1995 4304 2010 4328 ,

427 4331 521 4386 sed
544 4331 595 4385 in
619 4348 678 4387 re
702 4338 967 4403 proposita
995 4341 1255 4394 consistit.
1289 4342 1491 4398 Deinde
1515 4355 1690 4402 autem
1720 4350 1825 4403 alio
1853 4353 2014 4408 modo

426 4422 848 4479 criminationem
899 4428 1074 4482 solvit.
1109 4429 1263 4483 Initio
1302 4432 1499 4502 quippe
1532 4434 1782 4492 Davidem
1816 4440 1866 4493 in
1899 4457 2011 4497 me-

426 4512 569 4568 dium
595 4515 831 4583 adduxit,
862 4519 975 4588 ejus
1003 4536 1244 4591 personae
1271 4524 1527 4593 dignitate
1556 4534 1914 4600 arrogantiam
1946 4537 2009 4589 il-

425 4604 599 4660 lorum
626 4607 959 4676 reprimens;
988 4624 1264 4682 postquam
1293 4626 1469 4670 autem
1501 4620 1620 4674 illos
1651 4637 2003 4696 represserat,

424 4699 834 4770 superbiamque
881 4703 1093 4757 illorum
1137 4718 1479 4775 coercuerat,
1525 4719 1647 4766 tunc
1676 4716 1841 4785 magis
1885 4718 2002 4773 ido-

425 4801 576 4842 neam
619 4790 771 4846 affert
819 4793 1158 4850 solutionem.
1190 4798 1444 4864 Qumnam
1479 4803 1564 4856 illa
1607 4809 1757 4860 erat?
1787 4811 1839 4864 5.
1889 4811 2001 4864 Ne-

422 4882 558 4933 scitis
577 4883 813 4948 quoniam
835 4887 885 4937 in
914 4887 1098 4955 templo
1127 4890 1413 4946 sacerdotes
1437 4893 1696 4950 sabbatum
1723 4901 1930 4966 violant,
1955 4913 2002 4957 et

421 4971 528 5023 sine
569 4973 775 5025 crimine
801 4977 953 5028 sunt?
997 4977 1107 5031 lllic
1132 5020 1144 5044 ,
1180 4980 1349 5049 inquit
1375 5023 1387 5046 ,
1421 4986 1634 5040 occasio
1660 5003 1770 5043 rem
1801 4993 1955 5048 solvit
1984 5014 1997 5061 ;

423 5059 506 5113 hic
531 5076 658 5116 vero
682 5063 831 5119 adest
851 5068 966 5122 sine
995 5072 1275 5127 occasione
1302 5076 1520 5130 solutio.
1550 5077 1653 5133 Sed
1683 5096 1786 5136 non
1818 5089 1995 5142 statim

418 5160 484 5203 ita
517 5153 710 5219 solvit;
742 5171 925 5211 verum
954 5161 1126 5229 primo
1155 5166 1302 5232 quasi
1335 5181 1447 5221 rem
1476 5170 1629 5224 venia
1659 5172 1870 5242 dignam
1904 5195 1997 5245 po-

417 5247 528 5310 nit,
574 5259 754 5316 postea
804 5267 932 5308 vero
979 5255 1164 5310 fortius
1213 5259 1393 5314 instat.
1439 5262 1570 5318 Nam
1599 5267 1740 5335 quod
1774 5271 1995 5330 validius

414 5349 545 5402 erat,
578 5352 848 5407 postremo
875 5346 1202 5404 afferendum
1235 5350 1350 5417 fuit,
1384 5356 1590 5411 etiamsi
1623 5358 1673 5412 id
1703 5362 1842 5429 quod
1887 5367 1994 5433 pri-

414 5444 558 5482 mum
589 5432 804 5488 allatum
834 5447 946 5501 est,
983 5439 1086 5492 vim
1118 5455 1266 5494 suam
1313 5443 1549 5501 haberet.
1581 5447 1659 5504 Ne
1691 5452 1818 5505 mihi
1850 5455 1988 5509 enim

411 5517 557 5574 dicas
577 5561 591 5585 ,
641 5523 690 5575 id
742 5540 844 5579 non
889 5542 1006 5583 esse
1049 5546 1076 5583 a
1104 5532 1325 5587 crimine
1358 5535 1573 5593 liberari
1603 5582 1615 5608 ,
1644 5555 1741 5612 par
1771 5543 1990 5603 alterius

473 5691 868 5764 'Lege,quamvis
894 5708 1126 5760 naturalis
1147 5710 1283 5764 instet
1306 5715 1576 5768 necessitas.

1190 321 1248 377 Β.
1288 319 1566 379 JOANNIS
1615 320 2090 382 CHRYSOSTOMI
2143 324 2459 386 ARClllEl‘.
2502 333 3034 398 CONSTANTINOP.

3650 356 3756 412 (EB

2166 444 2368 500 crimen
2403 448 2453 501 in
2487 450 2718 505 medium
2763 453 2974 510 afferre.
3018 457 3148 512 Nam
3179 463 3391 530 quando
3421 465 3464 520 is
3492 467 3578 537 qui
3629 470 3750 527 fecit

2164 549 2267 589 non
2300 549 2608 604 accusatur,
2644 551 2765 598 tunc
2794 545 2844 599 id
2879 547 2928 599 in
2974 547 3340 607 defensionem
3373 561 3616 628 usurpari
3649 577 3748 632 po-

2163 633 2284 680 test.
2321 628 2510 684 Verum
2545 632 2633 686 illo
2665 649 2769 688 non
2797 647 3084 695 contentus
3115 641 3251 708 fuit,
3285 647 3376 700 sed
3410 651 3550 716 quod
3581 628 3750 723 magis

2160 728 2571 776 consentaneum
2617 733 2706 798 est
2743 724 2895 780 affert
2919 767 2934 793 ,
2969 728 3154 794 dicens
3187 732 3239 787 id
3268 736 3406 804 quod
3441 737 3634 793 factum
3668 755 3752 797 est

2158 823 2264 861 non
2288 824 2402 862 esse
2423 822 2698 881 peccatum
2726 833 2737 867 :
2769 817 2908 884 quod
2939 821 3244 888 conspicuae
3272 827 3509 882 victorias
3535 831 3746 899 signum

2157 907 2309 964 erat,
2339 915 2458 954 cum
2505 904 2807 961 ostenderet
2839 922 2896 962 se
2942 908 3112 980 legem
3144 915 3368 972 solvisse
3390 958 3404 982 ,
3441 920 3547 972 imo
3579 921 3629 974 id
3665 922 3750 977 bis

2158 991 2346 1048 fecisse
2371 1035 2384 1058 ,
2419 1004 2527 1050 tum
2566 1012 2596 1050 a
2644 999 2760 1054 loco
2785 1042 2798 1065 ,
2835 1011 2944 1057 tum
2976 1019 3004 1056 a
3034 1005 3299 1073 sabbato;
3343 1013 3470 1079 quin
3503 1014 3662 1068 etiam
3691 1023 3748 1070 et

2158 1093 2239 1140 ter
2265 1087 2449 1143 fecisse
2470 1130 2484 1154 ,
2518 1092 2660 1159 quod
2691 1094 2888 1164 duplex
2917 1112 3047 1165 opus
3077 1100 3270 1154 factum
3301 1114 3481 1171 esset,
3517 1115 3572 1162 et
3599 1108 3745 1164 aliud

2154 1193 2220 1233 ex
2243 1182 2612 1239 sacerdotibus
2636 1187 2999 1256 subjunxisset
3024 1209 3036 1243 :
3062 1193 3312 1262 quodque
3336 1198 3507 1266 majus
3529 1211 3629 1267 est,
3656 1217 3746 1258 ne-

2152 1287 2254 1339 que
2294 1275 2492 1330 crimen
2526 1277 2650 1332 illud
2692 1296 2828 1336 esse.
2874 1283 3008 1337 Nam
3049 1285 3154 1350 ait,
3190 1287 3316 1343 Sine
3358 1295 3565 1348 crimine
3600 1307 3738 1351 sunt.

2154 1361 2338 1417 V'iden’
2367 1377 2563 1432 quanta
2598 1373 2813 1439 posuit?
2842 1373 3040 1428 Locum
3079 1389 3092 1426 :
3120 1393 3270 1445 nam,
3304 1379 3370 1434 In
3404 1384 3591 1450 templo
3615 1429 3629 1452 ,
3661 1387 3743 1443 in-

2148 1455 2298 1522 quit,
2342 1455 2539 1514 factum
2587 1471 2706 1528 est;
2755 1480 3077 1530 personam:
3121 1485 3349 1540 nempe,
3385 1472 3737 1543 Sacerdotes;

2151 1555 2390 1617 tempus:
2416 1566 2560 1614 nam,
2587 1553 2861 1609 Sabbatum
2885 1567 3033 1623 erat;
3062 1576 3174 1615 rem
3204 1564 3401 1632 ipsam:
3428 1583 3549 1622 nam
3572 1610 3586 1634 ,
3621 1568 3741 1624 Vio-
3765 1573 3768 1575 Α

2148 1637 2289 1702 lant,
2326 1639 2530 1709 inquit:
2566 1660 2740 1715 neque
2784 1650 2926 1703 enim
2975 1652 3140 1720 dixit,
3170 1655 3428 1725 Solvunt;
3459 1662 3553 1715 sed
3594 1665 3736 1732 quod

2146 1733 2358 1799 gravius
2402 1742 2514 1799 est,
2576 1734 2778 1791 Violant
2808 1756 2825 1792 :
2872 1743 3012 1810 quod
3063 1759 3166 1799 non
3214 1748 3373 1803 modo
3413 1765 3599 1819 plenas
3632 1770 3738 1810 non

2146 1821 2302 1887 dent,
2349 1825 2441 1878 sed
2482 1828 2622 1895 quod
2663 1830 2886 1886 crimine
2933 1834 3265 1904 liberentur;
3300 1855 3419 1893 nam
3451 1843 3564 1908 ait,
3614 1844 3740 1900 Sine

2145 1915 2354 1968 crimine
2391 1929 2526 1970 sunt.
2569 1917 2625 1972 ld
2666 1935 2792 1976 vero
2834 1939 2899 1979 ne
2940 1913 3137 1994 putetis
3175 1929 3349 1986 simile
3387 1934 3552 2002 priori
3592 1953 3732 1992 esse.

2143 2003 2274 2057 Nam
2303 2007 2428 2060 illud
2460 2010 2623 2063 semel
2654 2010 2850 2067 factum
2878 2024 2961 2068 est
2985 2058 2999 2083 ,
3034 2033 3135 2072 nec
3161 2034 3190 2073 a
3219 2022 3587 2082 sacerdotibus
3609 2069 3622 2090 ,
3654 2037 3737 2082 at-

2145 2109 2246 2162 que
2274 2110 2337 2148 ex
2367 2102 2685 2156 necessitate
2712 2119 2724 2166 ;
2769 2102 2890 2158 ideo
2920 2106 3073 2160 venia
3101 2107 3242 2178 digni
3270 2121 3425 2166 erant
3455 2132 3468 2167 :
3507 2115 3609 2172 hoc
3635 2134 3733 2172 au-

2144 2196 2248 2239 tem
2281 2189 2501 2258 singulis
2531 2193 2768 2250 sabbatis
2793 2235 2805 2258 ,
2835 2212 2864 2250 a
2893 2198 3292 2266 sacerdotibus,
3325 2203 3377 2256 in
3412 2207 3613 2275 templo
3636 2250 3649 2273 ,
3679 2220 3735 2264 et

2140 2278 2428 2334 secundum
2460 2281 2652 2351 legem.
2682 2284 3019 2356 Quapropter
3048 2305 3152 2343 non
3205 2293 3366 2348 modo
3393 2298 3545 2350 venia
3585 2298 3732 2368 digni

2138 2379 2296 2434 sunt,
2327 2370 2420 2426 sed
2447 2374 2606 2428 etiam
2638 2377 2931 2432 secundum
2961 2380 3128 2451 legem
3157 2385 3311 2454 culpa
3341 2391 3512 2443 vacui.
3543 2390 3728 2462 Neque

2139 2459 2282 2512 enim
2321 2461 2656 2519 criminando
2685 2466 2802 2520 [nec
2829 2467 2980 2536 dixi,
3023 2472 3229 2542 inquit,
3273 2491 3445 2546 neque
3473 2495 3537 2534 ex
3577 2485 3730 2537 venia

2139 2552 2308 2605 solum
2340 2555 2492 2623 culpa
2526 2556 2724 2612 liberos
2754 2567 2964 2628 statuo,
2994 2564 3089 2619 sed
3122 2582 3187 2619 ex
3219 2567 3442 2638 justitim
3472 2573 3606 2642 lege.
3640 2574 3730 2629 Vi-

2137 2641 2399 2714 deturque
2428 2647 2548 2702 illos
2578 2648 2895 2718 defendere,
2929 2653 3026 2710 bos
3053 2667 3232 2713 autem
3263 2664 3485 2718 crimine
3514 2641 3724 2722 liberat.

2134 2736 2266 2790 Cum
2297 2737 2438 2791 enim
2466 2741 2555 2805 ait,
2589 2741 2713 2796 Sine
2743 2744 2949 2801 crimine
2977 2759 3095 2802 sunt
3117 2767 3135 2803 :
3165 2761 3220 2805 at
3250 2755 3299 2806 hi
3331 2758 3712 2830 multomagis,

2137 2825 2326 2894 inquit.
2360 2826 2465 2882 Sed
2488 2845 2594 2884 non
2616 2842 2742 2887 sunt
2762 2836 3094 2893 sacerdotes.
3123 2843 3190 2894 At
3216 2846 3586 2903 sacerdotibus
3612 2825 3725 2904 ma-

2129 2914 2277 2982 jores
2308 2933 2319 2969 :
2352 2917 2464 2986 ipse
2491 2934 2721 2990 namque
2750 2925 2931 2994 templi
2965 2927 3218 2984 Dominus
3248 2933 3332 2988 hic
3355 2935 3508 2991 adest
3533 2953 3546 3004 ;
3579 2941 3720 2994 veri-

2134 3012 2214 3058 tas
2236 3046 2252 3071 ,
2284 3022 2388 3061 non
2420 3009 2586 3079 ﬁgura
2614 3028 2626 3066 :
2673 3012 2790 3068 ideo
2830 3015 3041 3073 dicebat
3064 3061 3076 3077 .
3113 3021 3163 3074 6.
3197 3022 3324 3078 Dico
3355 3037 3523 3082 autem
3548 3033 3684 3086 vobis
3704 3075 3719 3099 ,

2129 3096 2246 3162 quia
2266 3099 2451 3168 templo
2473 3106 2639 3171 major
2660 3113 2730 3158 est
2754 3106 2853 3159 hic.
2879 3107 3128 3164 Attamen
3151 3126 3271 3167 cum
3298 3116 3424 3170 talia
3450 3096 3718 3190 audirent,

2131 3187 2263 3242 nihil
2291 3189 2579 3246 dixerunt:
2613 3195 2736 3271 quia
2761 3210 2865 3250 non
2887 3197 2955 3253 de
2985 3200 3155 3256 salute
3183 3203 3414 3261 hominis
3442 3211 3718 3279 agebatur.

2131 3277 2332 3334 Deinde
2354 3282 2474 3351 quia
2499 3281 2551 3336 id
2573 3284 2917 3343 audientibus
2941 3305 3103 3360 grave
3129 3293 3409 3352 videbatur
3440 3277 3580 3369 esse,
3613 3303 3720 3358 cito

2128 3368 2254 3423 illud
2284 3372 2601 3439 occultavit,
2634 3390 2818 3430 rursus
2855 3377 2923 3432 ad
2956 3380 3163 3435 veniam
3194 3399 3500 3443 sermonem
3531 3405 3712 3461 agens,

2129 3474 2225 3513 nec
2252 3461 2366 3516 sine
2393 3463 2758 3534 increpatione
2785 3469 2864 3523 sic
2893 3470 3077 3528 dicens
3107 3491 3120 3526 :
3155 3475 3207 3528 7.
3241 3476 3302 3531 Si
3331 3490 3497 3534 autem
3526 3485 3718 3540 sciretis

2130 3550 2252 3616 quid
2290 3560 2384 3615 est,
2420 3552 2825 3610 Misericordiam
2854 3562 2966 3613 volo
2985 3602 3001 3628 ,
3032 3573 3078 3616 et
3107 3579 3206 3618 non
3239 3571 3546 3637 sacriﬁcium
3566 3617 3580 3640 ,
3614 3593 3713 3629 non

2127 3641 2548 3698 condemnassetis
2570 3646 2858 3705 innocentes
2884 3650 2901 3719 (
2928 3651 3056 3706 Osee
3081 3654 3132 3708 6.
3159 3656 3249 3726 6).
3283 3657 3467 3715 Viden’
3492 3680 3714 3733 quomo-

2123 3728 2192 3783 do
2221 3719 2405 3786 rursus
2435 3748 2738 3793 sermonem
2768 3740 2835 3793 ad
2868 3743 3074 3797 veniam
3104 3759 3265 3817 agat,
3299 3759 3350 3805 et
3380 3769 3590 3810 rursum
3621 3774 3712 3813 ve-

2122 3820 2206 3873 nia
2250 3824 2552 3891 superiores
2592 3828 2608 3860 ¹
2745 3833 3029 3888 ostendat?
3082 3837 3202 3892 Non
3245 3844 3708 3918 condemnassetis,

2121 3909 2329 3982 inquit,
2369 3916 2676 3974 innocentes.
2720 3921 2871 3978 Prius
2910 3928 3249 3985 sacerdotum
3289 3940 3589 4008 exemplum
3622 3955 3705 3998 at-

2122 4004 2279 4072 tulit,
2312 4007 2499 4063 dicens
2528 4010 2839 4069 innocentes
2869 4016 2990 4072 illos
3019 4033 3139 4074 esse
3168 4039 3182 4075 :
3226 4022 3329 4080 hoc
3356 4004 3531 4083 autem
3562 4048 3590 4085 a
3623 4048 3708 4088 se-

2118 4095 2347 4166 metipso
2372 4099 2554 4166 ponit;
2587 4101 2694 4154 imo
2722 4120 2848 4158 vero
2874 4117 2927 4161 et
2953 4109 3055 4164 hoc
3081 4125 3109 4163 a
3142 4112 3259 4184 lege
3283 4133 3296 4168 :
3333 4119 3704 4189 propheticum

2120 4187 2261 4236 enim
2287 4186 2487 4239 dictum
2529 4191 2788 4246 recitavit.

2191 4275 2241 4329 ὅ.
2270 4275 2478 4330 Sabbati
2492 4279 2541 4332 in
2569 4284 2717 4335 veteri
2738 4285 2845 4354 lege
2866 4288 3076 4357 utilitas,
3097 4291 3346 4350 inutilitas
3364 4300 3413 4352 in
3437 4318 3564 4356 nova
3587 4323 3705 4375 pro-

2122 4365 2582 4427 batur.—Demum
2630 4375 2786 4430 aliam
2828 4379 2981 4435 affert
3008 4399 3222 4440 causam
3250 4389 3434 4448 dicens
3469 4415 3480 4448 :
3517 4396 3568 4452 8.
3593 4399 3702 4453 Do-

2119 4460 2283 4513 minus
2308 4463 2436 4515 enim
2463 4473 2533 4517 est
2581 4465 2794 4522 Sabbati
2833 4472 3000 4528 Filius
3031 4477 3248 4534 hominis
3267 4524 3281 4549 ,
3312 4483 3379 4538 de
3418 4489 3594 4558 seipso
3625 4491 3703 4544 lo-

2115 4564 2302 4616 quens.
2354 4551 2557 4609 Marcus
2616 4573 2744 4611 vero
2793 4561 2941 4616 illum
2989 4565 3056 4619 de
3085 4575 3353 4628 communi
3407 4587 3593 4633 natura
3649 4583 3699 4636 id

2113 4640 2312 4696 dixisse
2342 4644 2538 4699 refert:
2575 4648 2855 4704 Sabbatum
2881 4695 2894 4719 ,
2944 4656 3141 4725 inquit,
3181 4677 3389 4732 propter
3446 4671 3698 4729 hominem

2113 4732 2303 4799 factum
2327 4745 2397 4786 est
2416 4773 2433 4801 ,
2464 4753 2566 4790 non
2594 4748 2761 4794 autem
2789 4742 2938 4797 homo
2965 4759 3172 4817 propter
3196 4754 3461 4811 sabbatum
3493 4760 3687 4828 (Marc.

2113 4823 2166 4875 9..
2199 4823 2310 4894 27).
2353 4825 2606 4899 Curcrgo
2633 4834 2953 4902 supplicium
2985 4838 3084 4893 luit
3125 4842 3214 4897 ille
3241 4848 3330 4914 qui
3363 4823 3508 4919 ligna
3543 4855 3696 4909 colli-

2115 4917 2272 4986 gebat
2303 4918 2486 4991 (Nnm.
2515 4925 2598 4978 l5.
2636 4925 2722 4979 55.
2755 4930 2913 5002 sqq.)?
2929 4929 3057 4997 Quia
3109 4933 3153 4986 si
3185 4936 3333 4992 initio
3380 4917 3526 5011 leges
3569 4961 3696 5001 con-

2115 5019 2326 5080 tempta:
2355 5013 2598 5082 fuissent,
2626 5018 2712 5071 vix
2740 5030 2921 5088 postea
2944 5026 3216 5081 servandae
3236 5043 3405 5085 erant.
3427 5034 3559 5090 Nam
3596 5037 3692 5092 ini-

2107 5102 2180 5155 tio
2208 5103 2482 5158 sabbatum
2517 5107 2566 5159 in
2596 5109 2774 5164 multis
2801 5113 3158 5186 gravibusque
3189 5122 3347 5176 rebus
3374 5126 3502 5180 utile
3540 5139 3687 5184 erat.

2103 5194 2330 5276 exempli
2365 5209 2520 5251 causa
2541 5238 2556 5262 ,
2586 5197 2635 5252 id
2663 5199 2929 5256 efficiebat
2955 5213 3010 5258 ut
3043 5208 3199 5263 mites
3245 5210 3570 5287 humanique
3601 5236 3689 5276 es-

2100 5292 2220 5336 sent
2253 5299 2372 5338 cum
2403 5287 2744 5358 propinquis;
2784 5291 3009 5349 docebat
3048 5313 3140 5354 eos
3168 5300 3261 5354 Dei
3301 5307 3687 5371 providentiam

2099 5387 2152 5429 et
2181 5379 2502 5434 creationem
2533 5399 2544 5434 :
2579 5385 2716 5453 quod
2746 5386 2821 5440 ait
2850 5388 3094 5446 Ezechiel
3127 5411 3138 5445 :
3169 5394 3410 5454 Erudivit
3431 5419 3524 5458 eos
3557 5422 3686 5475 pau-

2099 5466 2242 5521 latim
2264 5510 2278 5534 ,
2311 5479 2369 5524 ut
2409 5473 2734 5531 abstinerent
2756 5493 2782 5532 a
2830 5483 3062 5551 nequitia
3090 5527 3099 5547 ,
3132 5483 3208 5542 et
3234 5500 3288 5544 ut
3319 5466 3685 5562 spiritual'ibus

2097 5559 2464 5619 incumberent
2495 5566 2703 5624 (Ezech.
2732 5571 2841 5644 20).
2878 5575 3008 5630 Nam
3054 5581 3095 5632 si
3121 5595 3241 5635 cum
3275 5559 3445 5655 legem
3479 5591 3686 5647 sabbati

2125 5730 2195 5794 la)
2215 5732 2266 5785 Id
2289 5745 2381 5802 est,
2406 5739 2558 5802 potius
2581 5740 2722 5795 laude
2746 5757 2889 5809 quam
2911 5750 3046 5800 venia
3070 5751 3256 5814 dignos.
