4076 6434
314 364 425 421 437

313 474 503 539 dedit,
526 472 789 529 dixisset:
817 472 965 529 Bona
995 469 1149 525 facite
1173 467 1228 523 in
1251 469 1495 535 sabbato,
1527 470 1623 526 sed
1652 470 1789 525 mala
1815 485 1922 524 non

311 567 625 638 operemini
649 608 666 631 ,
716 565 887 636 legem
943 577 1051 618 non
1098 573 1367 619 servasset
1431 563 1696 632 populus;
1738 576 1923 617 verum

313 659 508 713 omnia
536 656 696 712 simul
722 653 890 711 vetuit
917 672 931 709 :
956 653 1107 709 Nihil
1136 653 1367 724 facietis,
1397 653 1591 723 inquit.
1628 652 1814 721 Neque
1841 664 1912 707 ta-

309 765 445 805 men
478 750 563 806 sic
587 763 651 803 se
672 748 1005 803 continuere.
1056 745 1174 816 Ipse
1200 760 1327 799 vero
1356 740 1481 800 eum
1514 744 1686 815 legem
1717 746 1923 801 sabbati

313 844 492 908 dedit,
524 845 750 898 obscure
773 841 1127 913 significavit,
1157 842 1296 898 velle
1322 857 1381 897 sc
1410 853 1467 895 ut
1495 857 1525 896 a
1570 842 1726 896 malis
1750 843 1922 897 solum

314 939 679 994 abstinerent.
730 934 882 990 Nihil
906 936 1048 991 enim
1080 936 1275 1003 facietis
1295 978 1308 998 ,
1343 937 1549 1005 inquit,
1593 936 1690 989 nisi
1722 952 1780 987 ea
1807 949 1924 1003 quc

311 1030 475 1099 faciet
506 1030 678 1082 anima
705 1027 899 1101 (Exod.
934 1028 1023 1082 12.
1058 1025 1169 1099 16).
1215 1026 1270 1079 In
1302 1027 1500 1096 templo
1538 1037 1715 1081 autem
1743 1026 1920 1081 omnia

317 1119 548 1183 fiebant,
580 1130 635 1174 et
663 1134 785 1174 cum
806 1119 999 1187 majori
1038 1118 1217 1173 studio
1240 1158 1256 1176 .
1288 1117 1593 1188 duplicique
1618 1132 1803 1187 opera.
1834 1117 1922 1173 Sic

314 1224 417 1279 per
450 1211 624 1280 ipsam
653 1212 895 1265 umbram
926 1208 1208 1266 veritatem
1235 1209 1339 1264 illis
1366 1209 1660 1279 aperiebat.
1688 1208 1917 1263 Tantum

314 1316 454 1369 ergo
479 1303 689 1357 lucrum
713 1343 728 1366 ,
757 1300 970 1372 inquies
988 1342 1004 1367 ,
1033 1302 1257 1356 abstulit
1279 1301 1560 1357 Christus?
1586 1302 1772 1365 Absit;
1803 1302 1916 1356 imo

314 1392 454 1446 illud
486 1393 774 1447 admodum
800 1393 965 1446 auxit.
1001 1393 1235 1462 Tempus
1264 1393 1406 1448 enim
1434 1402 1552 1447 erat
1581 1402 1637 1445 ut
1665 1408 1762 1461 per
1790 1392 1919 1447 sub-

316 1485 532 1538 limiora
581 1484 962 1540 erudirentur:
1029 1500 1204 1555 neque
1249 1485 1531 1553 oportebat
1576 1499 1767 1539 manus
1801 1484 1919 1553 ejus

314 1575 489 1645 ligare
510 1618 525 1640 ,
555 1576 642 1645 qui
673 1591 702 1628 a
741 1576 975 1645 nequitia
1006 1584 1221 1640 erutus,
1269 1574 1335 1628 ad
1381 1574 1520 1628 bona
1548 1574 1726 1628 omnia
1763 1574 1915 1627 vola-

316 1666 445 1729 bat;
488 1681 662 1735 neque
711 1665 833 1720 inde
858 1665 1099 1720 ediscere
1146 1665 1309 1718 Deum
1337 1666 1517 1719 ontuia
1566 1664 1789 1730 fecisse;
1820 1679 1920 1720 nec

317 1756 447 1812 inde
478 1758 677 1811 institui
706 1755 771 1809 ad
819 1756 1281 1811 mansuetudinem
1311 1770 1407 1811 eos
1426 1796 1439 1817 ,
1465 1757 1554 1825 qui
1582 1757 1648 1810 ad
1697 1756 1787 1810 Dei
1817 1756 1917 1810 bc-

314 1848 630 1916 nignitatem
677 1828 987 1900 imitandam
1018 1847 1191 1899 vocati
1238 1856 1393 1901 erant
1428 1862 1444 1898 :
1475 1846 1645 1901 Estote
1668 1888 1683 1912 ,
1715 1847 1913 1916 inquit,

314 1938 668 1991 misericordes
716 1938 846 1990 sicut
885 1935 1045 1990 Pater
1087 1945 1247 1991 vester
1275 1937 1488 1992 celestis
1514 1936 1669 2006 (Luc.
1696 1937 1749 1991 6.
1782 1936 1911 2008 56);

316 2027 527 2080 nullum
557 2026 699 2080 diem
748 2026 942 2081 festum
989 2040 1147 2097 agere
1176 2041 1291 2092 eos,
1317 2027 1406 2097 qui
1438 2043 1532 2096 per
1557 2037 1721 2082 totum
1749 2028 1913 2083 vitam

312 2117 515 2174 festum
544 2133 703 2190 agere
714 2118 1070 2189 jubebantur:
1099 2134 1221 2172 nam
1240 2120 1333 2185 ait,
1359 2118 1563 2174 Festum
1580 2121 1908 2185 celebremus,

310 2225 416 2263 non
433 2210 486 2263 in
503 2210 745 2279 [eruncato
779 2210 951 2273 veteri,
969 2226 1127 2278 neque
1141 2210 1192 2262 in
1209 2211 1455 2281 fermento
1468 2212 1673 2265 malitia:
1688 2221 1735 2266 et
1746 2214 1914 2281 nequi-

313 2302 420 2367 tia,
454 2302 543 2355 sed
569 2302 622 2354 in
651 2302 845 2371 azymis
870 2302 1172 2355 sinceritatis
1192 2310 1238 2353 et
1257 2302 1479 2355 veritatis
1500 2302 1577 2371 (1.
1602 2300 1719 2357 Cor.
1749 2304 1805 2358 ὅ.
1830 2303 1907 2371 8).

308 2394 428 2449 Non
478 2402 691 2464 Oportet
737 2394 880 2449 enim
926 2408 1094 2467 pr0pe
1142 2409 1322 2447 arcam
1368 2403 1424 2448 et
1476 2392 1644 2449 altare
1687 2378 1908 2449 aureum

306 2495 454 2541 stare
482 2499 594 2550 eos,
629 2485 718 2556 qui
745 2485 984 2540 omnium
1030 2485 1312 2539 Dominum
1344 2484 1548 2540 habent
1590 2500 1772 2540 secum
1807 2486 1905 2540 ha-

307 2575 566 2635 bitantem
596 2616 613 2641 ,
641 2576 839 2647 quique
884 2591 980 2646 per
1009 2578 1187 2631 omnia
1237 2578 1409 2644 ipsum
1457 2577 1817 2646 alloquuntur,
1852 2585 1907 2630 et

307 2684 406 2738 per
428 2669 747 2732 orationem,
776 2678 830 2723 et
861 2683 958 2737 per
982 2668 1330 2733 oblationem,
1362 2677 1417 2723 et
1448 2683 1542 2737 per
1576 2667 1899 2736 Scripturas,

306 2768 363 2813 et
405 2774 500 2828 per
529 2759 927 2831 eleemosynam
949 2800 965 2821 ,
997 2769 1052 2814 et
1088 2758 1231 2829 quod
1278 2759 1421 2813 intus
1453 2758 1599 2812 illum
1650 2757 1900 2812 habeant.

305 2849 437 2916 Qua:
477 2864 608 2919 ergo
648 2849 855 2904 sabbati
898 2850 1189 2904 necessitas
1238 2851 1287 2903 ei
1317 2852 1407 2919 qui
1448 2864 1661 2918 semper
1708 2830 1901 2903 festum

304 2942 579 3007 celebrat,
612 2942 703 3011 qui
734 2942 786 2995 in
815 2942 947 2995 caelo
991 2942 1269 2995 versatur?
1295 2940 1511 2994 Festum
1542 2954 1671 3009 ergo
1713 2956 1905 3009 perpe-

305 3044 397 3088 tuo
426 3049 670 3105 agamus,
689 3034 927 3104 nihilque
948 3034 1074 3087 mali
1099 3048 1417 3102 operemur;
1448 3032 1577 3087 illud
1602 3034 1742 3086 enim
1771 3047 1902 3087 vere

303 3125 498 3181 festum
544 3134 629 3180 est
666 3142 678 3176 :
723 3124 817 3179 sed
866 3124 1163 3193 spiritualia
1205 3123 1579 3189 intendamus,
1611 3122 1901 3178 abscedant

303 3227 555 3279 terrena,
585 3217 847 3287 spirituali
893 3219 1002 3271 otio
1031 3218 1299 3281 otiemur,
1331 3229 1520 3268 manus
1563 3215 1629 3267 ah
1678 3216 1899 3269 avaritia

302 3312 649 3373 cohibentes,
694 3324 895 3378 corpus
927 3324 955 3360 a
1000 3307 1288 3376 superfluis
1320 3317 1373 3360 et
1420 3306 1697 3359 inutilibus
1726 3306 1895 3360 abdu-

302 3411 489 3455 centes
517 3399 791 3453 lahoribus
810 3440 824 3462 ,
849 3399 1038 3467 quibus
1064 3396 1291 3451 afﬂictus
1318 3406 1401 3451 est
1426 3397 1553 3449 olim
1583 3398 1635 3449 in
1663 3396 1899 3465 IEgypto

303 3490 652 3545 Hebrarorum
705 3488 972 3557 populus:
1017 3488 1149 3540 nihil
1193 3487 1336 3541 enim
1387 3485 1687 3539 differimus
1737 3496 1897 3555 quot-

301 3588 431 3650 quot
459 3592 649 3632 aurum
674 3577 996 3646 colligimus,
1026 3576 1094 3631 ab
1121 3576 1184 3630 iis
1209 3577 1299 3645 qui
1327 3575 1472 3630 luteo
1499 3578 1649 3645 operi
1678 3574 1899 3629 addice-

301 3671 530 3736 bantur,
560 3670 863 3738 lateresquc
893 3678 1180 3737 operantes
1202 3707 1219 3732 ,
1268 3675 1323 3721 et
1355 3669 1533 3735 paleas
1582 3667 1898 3734 colligentes

299 3760 724 3831 ﬂagellabantur.
779 3757 911 3812 Nam
964 3772 1105 3811 nunc
1142 3771 1356 3827 quoque
1414 3756 1657 3809 diabolus
1704 3756 1901 3810 lateres

298 3854 446 3924 jubet
470 3866 765 3921 apparare,
794 3859 854 3904 ut
878 3850 1006 3904 olim
1037 3849 1267 3903 Pharao.
1298 3848 1433 3915 Quid
1456 3850 1598 3902 enim
1646 3848 1787 3902 aliud
1817 3856 1900 3902 est

301 3957 716 4013 aurum,rquam
765 3941 981 3995 lutum?
1028 3940 1155 4008 quid
1206 3939 1352 3993 aliud
1390 3948 1669 4008 argentum
1693 3980 1706 4003 ,
1737 3954 1895 4008 quam

302 4037 451 4106 palea
472 4035 497 4087 ?
521 4034 652 4089 Nam
680 4040 959 4102 argentum
990 4032 1132 4085 velut
1153 4031 1305 4101 palea
1332 4032 1678 4099 cupiditatem
1708 4045 1901 4083 accen-

303 4127 411 4190 dit,
441 4134 499 4181 et
526 4140 712 4179 aurum
744 4123 838 4178 luti
871 4124 1040 4176 instar
1071 4123 1219 4175 illum
1253 4123 1492 4189 inquinat
1518 4121 1607 4189 qui
1638 4120 1896 4189 possidet.

307 4218 433 4274 Ideo
464 4218 612 4271 misit
656 4215 812 4270 nobis
855 4230 960 4268 non
1005 4214 1188 4267 Mosm
1220 4228 1287 4265 ex
1338 4210 1555 4267 deserto
1581 4211 1793 4281 Egypti
1829 4213 1842 4242 ¹
1879 4251 1896 4275 ,

308 4309 403 4364 sed
430 4309 625 4364 Filium
652 4322 807 4362 suum
836 4305 903 4359 de
929 4307 1080 4359 CiCiU.
1111 4306 1162 4359 Si
1210 4305 1383 4373 itaque
1412 4314 1533 4371 post
1558 4302 1673 4371 ejus
1700 4303 1899 4357 adven-

304 4411 415 4455 tum
442 4401 494 4454 in
517 4399 748 4469 Aigypto
778 4397 1038 4451 manseris
1059 4438 1071 4461 ,
1104 4397 1288 4450 eadem
1332 4395 1551 4465 patieris
1578 4411 1696 4464 que
1728 4395 1899 4466 Egy—

303 4493 397 4563 ptii
420 4509 435 4546 :
463 4492 545 4546 sin
574 4490 807 4561 [Egypto
828 4489 1013 4544 relicta
1035 4490 1229 4543 abieris
1252 4502 1372 4541 cum
1400 4486 1658 4554 spiritum.
1682 4486 1755 4538 is?
1773 4488 1893 4550 sele,

300 4587 685 4645 miraculorum
714 4586 953 4639 omnium
983 4592 1253 4654 spectator
1281 4583 1411 4637 eris.

372 4680 426 4734 4.
458 4677 568 4732 Nec
610 4686 788 4731 tamen
834 4675 886 4729 id
938 4677 1108 4728 solum
1159 4674 1225 4726 ad
1267 4674 1491 4727 salutem
1522 4671 1735 4727 sufficit.
1779 4666 1895 4727 Non

301 4772 444 4825 enim
473 4770 540 4822 ah
562 4768 793 4839 Egypto
814 4777 1019 4820 tantum
1050 4764 1408 4821 recedendum
1436 4772 1553 4826 est;
1585 4766 1679 4817 Sed
1711 4764 1761 4816 in
1788 4770 1897 4818 ter-

302 4881 413 4918 ram
449 4862 820 4932 promissionis
852 4859 1181 4913 intrandhm.
1209 4857 1652 4927 Quandoquidem
1694 4857 1894 4917 Juda'i,

301 4967 357 5010 ut
407 4956 481 5009 ait
527 4953 720 5007 Paulus
769 4951 968 5023 (Hebr.
1015 4952 1101 5004 ll.
1141 4950 1295 5017 29),
1323 4965 1415 5019 per
1463 4963 1611 5003 mare
1656 4948 1896 5002 Rubrum

303 5044 648 5107 transierunt,
676 5057 869 5095 manna
900 5041 1281 5104 comederunt,
1313 5050 1367 5093 et
1411 5049 1593 5109 potum
1644 5038 1897 5107 spirituu—

306 5140 409 5192 lcm
439 5135 723 5199 biberunt,
761 5141 992 5188 attamen
1026 5148 1213 5187 omnes
1253 5132 1480 5201 periere.
1509 5130 1587 5184 Ne
1612 5132 1772 5199 igitur
1801 5143 1898 5183 nos

302 5245 515 5301 quoque
538 5229 661 5283 talia
693 5227 959 5298 patiamur
978 5266 995 5292 ,
1028 5241 1095 5281 ne
1122 5240 1317 5296 segnes
1347 5227 1515 5279 simus
1539 5266 1554 5290 ,
1579 5225 1671 5278 sed
1701 5225 1766 5277 ad
1796 5240 1894 5291 pu-

302 5336 462 5392 gnam
492 5322 658 5388 parati
692 5334 707 5370 :
736 5326 791 5372 at
820 5317 863 5371 si
889 5332 1032 5371 nunc
1070 5316 1257 5370 audias
1286 5316 1458 5369 malos
1486 5314 1859 5382 exploratores
1878 5354 1895 5379 ,

303 5412 392 5483 qui
424 5420 701 5480 augustam
746 5416 800 5463 et
843 5417 1044 5463 arctam
1075 5408 1217 5461 viam
1249 5407 1648 5461 ealumuientur
1670 5447 1685 5472 ,
1733 5416 1895 5483 atque

361 5544 378 5574 ι
408 5539 665 5602 Sicf-avri.
691 5544 743 5586 et
762 5538 942 5602 Morel.
963 5551 977 5595 ;
998 5537 1081 5602 alii
1107 5549 1170 5586 ea:
1197 5538 1413 5597 deserto,
1430 5544 1641 5602 tantum,
1668 5547 1723 5593 ut
1749 5543 1885 5593 Gras-

298 5613 360 5650 ce
384 5600 659 5654 edidimus;
686 5598 908 5656 quidam,
934 5612 998 5648 ea:
1022 5600 1251 5663 Jz‘gypto,
1274 5606 1488 5649 tantum.

1286 358 1355 415 in
1394 358 1807 420 MATTIIEUM
1848 362 2080 419 1103111...
2123 364 2370 424 XXXIX.
2412 366 2483 423 al.
2528 365 2639 445 XL.

3529 366 3636 423 £38

2044 471 2130 527 illa
2155 472 2359 539 dicant,
2386 492 2509 547 quae
2538 477 2666 532 olim
2693 476 2766 532 illi
2796 476 3049 534 dicebant
3076 479 3444 550 exploratores
3471 520 3487 544 ,
3521 497 3628 534 non

2036 565 2215 634 populi
2244 565 2473 630 turbam,
2505 566 2599 622 sed
2620 567 2802 623 Jcsum
2832 568 3126 634 imitamur,
3151 580 3206 624 et
3231 567 3431 625 Chaleb
3461 570 3630 625 lilium

2038 653 2319 724 Jephone;
2350 671 2525 728 neque
2554 659 2700 727 prius
2729 658 3007 726 abseedas,
3037 675 3196 729 quam
3225 662 3278 715 in
3302 660 3625 729 promissum

2035 747 2223 802 osclum
2266 749 2581 818 ingrediaris
2617 750 2636 820 (
2664 749 2827 804 Num.
2876 752 2964 808 l3.
2988 751 3149 807 Josue
3188 755 3255 808 ll
3282 764 3327 807 et
3359 754 3491 820 15).
3518 754 3629 810 Ne-

2036 854 2141 908 que
2168 839 2444 896 difficilem
2487 851 2645 911 putes
2670 857 2792 898 esse
2817 843 2979 898 viam.
3009 842 3144 899 Nam
3174 844 3221 899 si
3266 845 3467 904 inimici
3503 861 3627 900 cum

2033 946 2297 997 essemus,
2326 947 2425 987 nos
2445 946 2567 988 cum
2596 933 2707 988 Deo
2727 934 3193 990 reconciliavimus
3217 976 3230 999 ,
3262 937 3431 993 multo
3458 937 3630 1008 magis

2039 1024 2370 1078 reconciliati
2400 1024 2626 1079 salutem
2656 1040 3068 1095 consequemur.
3101 1025 3297 1081 Verum
3323 1037 3543 1097 angusta
3569 1037 3625 1083 ct

2032 1122 2204 1178 arcta,
2226 1112 2453 1182 inquies,
2474 1114 2565 1168 illa
2587 1116 2673 1168 via
2693 1124 2794 1169 est.
2819 1114 2925 1170 Sed
2964 1115 3131 1183 prior,
3155 1130 3251 1185 per
3267 1130 3425 1186 quam
3452 1126 3629 1173 trans-

2030 1204 2190 1267 ivisti.
2224 1219 2332 1259 non
2356 1214 2577 1275 angusta
2604 1215 2659 1260 et
2685 1214 2828 1260 arcta
2856 1205 3017 1261 modo
3037 1215 3140 1271 est,
3166 1206 3259 1260 sed
3281 1208 3440 1261 etiam
3462 1208 3622 1272 invia,

2028 1309 2093 1349 ac
2128 1293 2256 1349 feris
2300 1296 2605 1366 agrestibus
2656 1290 2810 1363 plena
2859 1310 2966 1351 :ac
3011 1284 3463 1365 quemadmodum
3512 1314 3621 1352 non

2030 1395 2278 1453 poterant
2323 1402 2421 1456 per
2447 1402 2596 1441 mare
2643 1386 2887 1441 Rubrum
2937 1388 3165 1442 transire
3192 1389 3312 1442 sine
3359 1389 3621 1444 miraculo

2027 1475 2120 1529 illo
2156 1476 2272 1529 :sic
2316 1492 2425 1530 non
2470 1485 2779 1545 poteramus
2822 1476 2874 1529 in
2914 1477 3093 1545 priore
3124 1479 3229 1530 vita
3263 1488 3543 1534 manentes
3568 1481 3621 1533 in

2027 1567 2217 1621 etclam
2248 1566 2543 1622 ascendere
2566 1608 2583 1633 ,
2616 1567 2719 1622 nisi
2763 1564 3025 1636 baptisma
3059 1568 3111 1621 in
3140 1569 3319 1624 medio
3339 1571 3625 1638 apparuis-

2026 1666 2128 1712 set.
2158 1658 2212 1714 Si
2244 1669 2427 1713 autem
2470 1658 2597 1713 illud
2627 1658 2771 1728 quod
2798 1658 2912 1713 fieri
2944 1675 3050 1713 non
3092 1669 3336 1728 poterat,
3389 1661 3502 1716 tieri
3538 1670 3621 1715 ta-

2024 1766 2147 1805 men
2176 1752 2379 1822 potuit,
2410 1750 2576 1805 multo
2605 1750 2774 1821 magis
2815 1749 2960 1820 quod
2998 1748 3217 1805 difficile
3259 1760 3412 1815 erat,
3459 1751 3615 1807 facile

2023 1843 2234 1898 evadet.

2097 1933 2288 1988 Gratia:
2318 1935 2504 1989 divina:
2532 1935 2677 1989 fabor
2699 1944 2868 1989 noster
2909 1932 3195 1988 addendus.
3238 1934 3617 2005 Pra'ceptorum

2023 2029 2267 2098 facilitas.
2292 2028 2567 2083 -—\'erum
2597 2028 2761 2095 illud,
2794 2028 3033 2098 inquies,
3066 2043 3161 2096 per
3187 2028 3359 2082 solam
3389 2030 3617 2098 gratiam

2020 2122 2200 2175 fiebat.
2249 2120 2315 2175 Et
2360 2122 2480 2174 ideo
2511 2122 2744 2175 maxime
2787 2120 2909 2186 jure
2953 2119 3216 2175 confidas.
3260 2118 3316 2175 Si
3346 2122 3487 2175 enim
3525 2120 3618 2174 ubi

2019 2213 2132 2266 sola
2164 2212 2337 2280 gratia
2369 2221 2483 2266 erat
2503 2254 2517 2275 ,
2548 2211 2634 2266 illa
2668 2220 2845 2266 tamen
2884 2222 3102 2283 operata
3127 2222 3215 2267 est
3248 2231 3262 2264 :
3291 2211 3379 2265 ubi
3408 2211 3620 2266 labores

2018 2301 2357 2366 addideritis,
2388 2316 2565 2355 annon
2596 2302 2768 2358 multo
2803 2303 2975 2373 magis
3002 2300 3416 2371 eooperabitur?
3442 2303 3486 2357 si
3531 2302 3619 2356 ui-

2020 2392 2094 2449 bil
2123 2404 2369 2464 agentem
2397 2395 2631 2447 servavit
2655 2434 2673 2460 ,
2708 2409 2887 2456 annon
2916 2395 3086 2449 multo
3110 2395 3280 2465 magis
3306 2403 3614 2464 operantem

2009 2485 2261 2557 juvabit?
2288 2486 2462 2555 Supra
2488 2485 2730 2540 dicebam
2753 2527 2768 2551 ,
2800 2500 2861 2541 ea
2909 2485 2975 2541 iis
3002 2500 3124 2556 qua:
3168 2485 3283 2541 fieri
3322 2501 3427 2540 non
3457 2500 3617 2555 posse

2010 2582 2352 2643 videbantur,
2386 2590 2442 2635 et
2469 2591 2644 2634 tamen
2676 2579 2816 2633 facta
2860 2588 3015 2643 sunt,
3054 2578 3107 2632 in
3136 2578 3441 2634 difficilibus
3472 2578 3613 2633 fidu-

2010 2670 2147 2724 ciam
2178 2671 2269 2724 libi
2314 2671 2470 2724 dari:
2504 2686 2645 2725 nunc
2684 2680 2862 2725 autem
2893 2671 3044 2736 dico,
3078 2672 3122 2724 si
3153 2671 3465 2742 vigilemus.
3500 2670 3616 2725 lucc

2009 2777 2079 2817 ne
2130 2761 2365 2817 difficilia
2410 2762 2628 2832 quidem
2680 2762 2815 2818 fore.
2856 2760 3182 2818 Consideres
3226 2763 3369 2816 enim
3412 2762 3612 2827 velim,

2008 2864 2239 2911 mortem
2293 2856 2658 2911 coneuleatam
2717 2854 2912 2921 fuisse,
2960 2853 3229 2909 diabolum
3279 2854 3611 2921 concidisse,

2008 2949 2179 3019 legem
2201 2949 2401 3018 peccati
2424 2948 2738 3003 exstinctam
2758 2963 2900 3027 esse,
2918 2946 3149 3015 Spiritus
3165 2948 3388 3017 gratiam
3408 2948 3609 3008 datam.

2004 3042 2170 3094 vitam
2201 3042 2252 3095 in
2284 3040 2446 3094 breve
2474 3047 2683 3109 tempus
2703 3046 3055 3101 contractam,
3087 3052 3249 3092 onera
3276 3037 3518 3107 prmcisa.
3544 3038 3614 3093 Et

2006 3137 2067 3185 ut
2092 3132 2205 3185 haec
2231 3130 2300 3185 ab
2328 3130 2458 3199 ipsis
2483 3129 2739 3198 operibus
2763 3127 2976 3181 ediscas
3000 3168 3015 3190 ,
3045 3129 3321 3198 perpende
3347 3138 3478 3197 quot
3504 3130 3614 3183 sint

2005 3224 2094 3291 qui
2126 3222 2326 3289 majora
2351 3261 2363 3283 ,
2394 3235 2553 3288 quam
2598 3218 2844 3271 Christus
2886 3219 3163 3285 przreipiat
3184 3260 3199 3284 ,
3250 3217 3477 3273 fecerint
3507 3235 3519 3271 :
3553 3228 3611 3273 tu

2003 3328 2134 3368 vero
2160 3311 2585 3365 mediocritatem
2618 3309 2820 3362 times?
2846 3306 3016 3375 Quam
3052 3322 3181 3377 ergo
3208 3306 3611 3366 excuSationcm

2007 3402 2230 3458 habebis
2257 3444 2271 3464 ,
2303 3416 2423 3456 cum
2455 3390 2574 3455 aliis
2616 3400 2752 3453 ultra
2797 3392 2970 3454 metas
2999 3400 3373 3455 exsilientibus
3393 3443 3406 3463 ,
3438 3410 3492 3454 tu
3524 3403 3612 3456 vel

2005 3497 2071 3552 ad
2093 3497 2441 3552 constitutum
2470 3493 2755 3547 terminum
2786 3491 3068 3559 pervenire
3089 3492 3365 3562 graveris?
3388 3491 3463 3546 Te
3486 3492 3613 3546 hor-

2005 3601 2181 3647 tamur
2206 3605 2271 3644 ex
2320 3575 2666 3645 fadultatibus
2694 3590 2801 3643 tuis
2831 3588 3230 3659 eleemosyuam
3274 3587 3438 3650 dare;
3471 3586 3611 3641 alius

2004 3700 2135 3739 vero
2156 3698 2277 3737 sese
2308 3684 2420 3736 suis
2448 3682 2697 3735 omnibus
2719 3680 2969 3748 spoliavit
2999 3698 3012 3731 :
3044 3689 3096 3733 te
3118 3693 3367 3749 rogamus
3394 3687 3451 3731 ut
3478 3694 3602 3732 cum

2005 3790 2172 3829 uxore
2219 3784 2307 3827 tua
2338 3782 2487 3828 caste
2533 3774 2721 3835 vivas;
2752 3771 2887 3827 alius
2915 3786 3043 3825 vero
3070 3772 3230 3825 etiam
3280 3785 3309 3823 a
3340 3769 3610 3825 connubio

2007 3866 2265 3921 abstinuit
2293 3884 2307 3918 :
2340 3876 2391 3919 te
2423 3879 2705 3918 monemus
2738 3878 2805 3918 nc
2832 3862 2908 3917 sis
2956 3860 3206 3925 invidus;
3239 3862 3403 3915 alium
3430 3870 3607 3916 autem

2005 3957 2267 4011 habemus
2286 3997 2301 4020 ,
2331 3956 2420 4026 qui
2448 3970 2515 4010 ex
2544 3956 2774 4009 caritate
2804 3952 2896 4006 dat
2944 3953 3113 4021 ipsam
3146 3952 3379 4006 animam
3409 3968 3559 4007 suam
3588 3968 3604 4004 :

2005 4058 2061 4104 te
2090 4050 2443 4104 obsecramus
2467 4057 2523 4102 ut
2554 4046 2836 4117 indulgens
2882 4044 2956 4099 sis
2987 4060 3087 4099 nec
3119 4046 3279 4099 nimis
3310 4061 3530 4101 severus
3554 4047 3608 4100 in

2006 4149 2322 4211 peccantes;
2347 4140 2483 4193 alius
2511 4152 2819 4207 percussus,
2846 4136 3067 4191 alteram
3090 4134 3285 4191 obtulit
3316 4135 3605 4190 maxillam.

2005 4235 2142 4303 Quid
2199 4236 2358 4303 igitur
2380 4274 2393 4291 ,
2443 4246 2627 4300 quoi-so
2651 4272 2666 4294 ,
2699 4228 2979 4283 dicemus?
3018 4243 3175 4297 quam
3207 4230 3607 4301 excusationem

2005 4326 2323 4387 aflercmus,
2372 4340 2437 4379 ne
2465 4324 2550 4377 illa
2597 4322 2815 4391 quidem
2863 4319 3121 4374 facientes
3142 4361 3157 4381 ,
3186 4336 3307 4390 qum
3333 4323 3419 4375 alii
3453 4321 3609 4389 longe

2005 4417 2299 4488 superant?
2324 4414 2509 4483 Neque
2530 4414 2671 4467 enim
2703 4419 3070 4481 superassent,
3103 4412 3204 4465 nisi
3229 4427 3435 4466 summa
3463 4421 3609 4466 esset

2004 4515 2081 4567 rei
2132 4520 2414 4580 prmceptze
2465 4506 2714 4561 facilitas.
2768 4506 2897 4572 Quis
2940 4506 3082 4559 enim
3127 4506 3387 4569 tabescit,
3420 4520 3485 4559 an
3514 4521 3605 4575 qui

2003 4605 2231 4659 aliorum
2261 4600 2416 4654 bonis
2460 4597 2694 4661 invidet,
2728 4613 2795 4650 au
2828 4599 2916 4667 qui
2958 4596 3025 4651 de
3057 4596 3122 4651 iis
3146 4597 3342 4666 gaudet
3372 4606 3425 4649 et
3454 4598 3606 4650 heta-

2006 4696 2128 4748 tnr?
2175 4693 2295 4762 quis
2332 4691 2510 4745 omnia
2558 4701 2803 4759 suspecta
2857 4688 3020 4742 habet
3062 4698 3118 4742 et
3166 4690 3383 4751 tremit,
3445 4688 3606 4742 homo

2005 4795 2183 4841 castus
2213 4799 2278 4837 an
2311 4782 2594 4838 mmehus?
2628 4782 2747 4847 quis
2792 4779 2929 4833 bona
2964 4794 3085 4833 cum
3129 4792 3223 4847 spe
3268 4779 3495 4848 gaudet,
3536 4793 3604 4832 an

2005 4870 2228 4947 raptor,
2278 4891 2344 4929 an
2398 4875 2441 4927 is
2488 4872 2577 4942 qui
2636 4872 2954 4935 miseratus,
2987 4884 3080 4925 sua
3107 4869 3282 4942 egenti
3335 4869 3605 4938 largitur?

2006 4972 2132 5026 lla'c
2184 4972 2361 5035 itaque
2390 4966 2688 5035 cogitantes
2710 5004 2725 5027 ,
2757 4978 2825 5017 ne
2866 4977 3060 5033 segnes
3090 4963 3257 5017 simus
3298 4961 3364 5016 ad
3395 4963 3608 5015 virtutis

2007 5078 2219 5117 cursnui
2248 5057 2669 5128 capessendum;
2704 5054 2797 5111 sed
2828 5055 3078 5110 alacriter
3110 5049 3176 5110 ad
3225 5053 3343 5108 hmo
3383 5053 3605 5125 pulchra

2006 5152 2299 5208 certamina
2327 5166 2424 5203 nos
2452 5150 2800 5212 instruentes,
2826 5147 2976 5201 brevi
3006 5158 3249 5217 tempore
3275 5145 3604 5213 laboremus,

2008 5255 2067 5299 ut
2122 5256 2405 5315 perpetuas
2452 5249 2507 5296 et
2568 5241 2896 5295 immortales
2946 5252 3174 5293 coronas
3234 5236 3606 5307 accipiamus:

2005 5355 2139 5409 quas
2167 5340 2367 5391 utinam
2416 5335 2776 5403 adipiscamur
2817 5332 2985 5402 gratia
3036 5338 3092 5385 et
3135 5329 3466 5401 benignitate
3492 5330 3607 5384 Do-

2005 5431 2135 5486 mini
2186 5428 2353 5483 nostri
2403 5426 2527 5481 Jcsu
2575 5425 2811 5487 Christi,
2840 5426 2923 5478 cui
2952 5424 3119 5496 gloria
3146 5428 3203 5478 et
3232 5421 3515 5493 imperium
3554 5422 3605 5477 iu

2004 5524 2203 5579 sa-cula
2228 5520 2570 5578 surculorum.
2602 5522 2794 5574 Amen.
