4076 6440
533 334 637 390 499

1268 325 1323 379 S.
1362 319 1639 380 JOANNIS
1660 315 2131 378 CHRYSOSTOMI
2169 317 2481 374 ARCHIEP.
2523 319 3054 382 CONSTANTINOP.

535 449 2508 482 W-~.

3692 332 3800 391 440

2514 452 2778 466 .——_

2784 457 3798 482 _—_—-—__—

1707 523 2055 586 HOMILIA
2105 515 2241 579 XL.
2289 522 2376 584 al.
2408 522 2572 586 XLI.

525 683 654 738 Car.
695 681 783 737 12.
815 697 864 734 v.
890 679 945 734 9.
997 677 1059 732 Et
1098 675 1342 729 transiens
1380 670 1517 736 inde,
1542 670 1681 724 venit
1707 672 1761 721 in
1797 679 2105 737 synagogam

595 789 768 827 eorum
795 786 814 825 :
844 769 932 824 10.
977 777 1025 820 et
1062 780 1175 820 ecce
1217 765 1366 818 homo
1403 772 1514 816 erat
1555 760 1625 815 ibi
1674 759 1860 813 habens
1899 773 2102 811 manum

594 860 812 916 aridam.

595 953 648 1008 1.
678 951 908 1006 Rursum
958 947 1009 1001 in
1055 945 1275 1000 sabbato
1303 949 1488 1008 curat,
1527 941 1604 996 sic
1646 953 1876 1010 purgans
1916 953 1980 992 ac
2007 937 2101 993 de-

527 1044 748 1101 fendens
793 1039 1173 1110 discipulorum
1214 1050 1429 1091 suorum
1455 1042 1622 1104 gesta.
1648 1031 1723 1086 Et
1765 1031 1854 1085 alii
1882 1031 2099 1100 quidem

526 1135 863 1206 evangelista:
910 1131 1127 1196 dicunt,
1170 1127 1352 1183 Jesum
1375 1125 1590 1180 homine
1641 1123 1733 1177 illo
1765 1123 1818 1176 in
1866 1120 2101 1176 medium

523 1227 748 1291 adducto
773 1267 787 1290 ,
819 1225 1174 1293 interrogasse
1218 1220 1335 1274 illos
1354 1260 1368 1282 ,
1401 1216 1543 1270 Num
1571 1217 1682 1271 licet
1707 1213 1926 1269 sabbatis
1949 1212 2100 1266 bene-

522 1322 686 1385 facere
706 1314 895 1384 (Μαῖα.
927 1314 980 1368 5.
1009 1313 1068 1375 ις
1097 1310 1226 1364 Luc.
1249 1309 1300 1364 6.
1334 1309 1427 1378 9)?
1454 1306 1732 1376 Perpende
1759 1304 1968 1357 Domini
1999 1303 2100 1356 mi-

517 1405 888 1460 sericordiam.
945 1402 1118 1470 Ipsum
1164 1400 1216 1454 in
1262 1397 1439 1452 medio
1479 1395 1786 1461 constituit,
1818 1403 1877 1448 ut
1920 1392 2003 1448 vel
2032 1406 2101 1447 ex

519 1507 740 1568 aspectu
775 1496 914 1563 ipsos
944 1493 1181 1547 ﬂecteret
1199 1532 1212 1556 ,
1237 1501 1290 1546 et
1310 1505 1378 1544 ex
1399 1487 1706 1558 spectaculo
1733 1485 1887 1564 l‘racti
1911 1484 2100 1554 nequi-

512 1589 649 1641 tiam
676 1587 1023 1654 deponerent,
1052 1591 1106 1636 et
1133 1580 1400 1635 hominem
1429 1578 1645 1634 reveriti
1666 1617 1682 1643 ,
1713 1576 2098 1631 immanitatem

520 1691 669 1730 suam
697 1675 963 1729 sedarent.
994 1671 1193 1727 Verum
1234 1670 1308 1724 illi
1341 1668 1581 1723 indomiti
1609 1676 1660 1723 et
1688 1665 1961 1723 inhumani
1986 1680 2100 1718 ma-

524 1768 637 1820 lunt
679 1765 878 1819 Christi
922 1764 1144 1834 gloriam
1199 1761 1428 1824 lsedere,
1477 1773 1635 1829 quam
1680 1756 1822 1812 hunc
1856 1767 2099 1812 sanatum

527 1858 856 1925 consnicere,
887 1854 1137 1923 utrinque
1166 1852 1327 1905 animi
1369 1851 1687 1921 pravitatem
1717 1847 2062 1902 ostendentes
2081 1885 2095 1910 ,

522 1959 576 2003 ct
595 1948 735 2018 quod
758 1947 1026 2002 Christum
1050 1946 1423 2014 impugnarent
1443 1985 1456 2008 ,
1484 1950 1538 1996 et
1562 1955 1684 2000 cum
1712 1948 1857 1994 tanta
1883 1946 2102 1994 conten-

522 2040 666 2093 tione
695 2037 746 2092 id
775 2035 1011 2092 l‘acerent
1031 2076 1047 2102 ,
1078 2045 1134 2090 ut
1155 2039 1318 2090 etiam
1363 2033 1551 2088 collata
1598 2032 1651 2085 in
1681 2031 1814 2085 alios
1843 2027 2099 2085 beneﬁcia

519 2130 952 2184 interturharent.
984 2127 1084 2181 Alii
1113 2120 1327 2197 quidem
1355 2113 1696 2194 evangelista:
1723 2121 1907 2176 dicunt
1927 2122 2098 2189 ipsum

520 2223 893 2290 interrogasse;
917 2218 1003 2274 hic
1025 2232 1150 2272 vero
1169 2217 1260 2282 ait,
1287 2216 1456 2285 ipsum
1482 2215 1864 2282 interrogatum
1893 2209 2057 2264 fuisse
2081 2227 2094 2261 :
2125 2210 2142 2217 "

520 2311 588 2365 Et
602 2311 1028 2380 interrogaverunt
1045 2324 1173 2372 eum,
1197 2305 1388 2376 inquit,
1407 2305 1642 2368 dicentes,
1671 2304 1729 2357 Si
1753 2304 1862 2355 licet
1882 2301 2099 2356 sabbatis

507 2419 714 2467 curare,
738 2411 791 2454 ut
815 2408 1105 2453 accusarent
1123 2395 1572 2452 eum.Yerisimile
1589 2403 1766 2448 autem
1794 2401 1876 2447 est
1897 2401 2102 2445 utrum-

521 2509 625 2563 que
642 2493 838 2548 factum
861 2504 997 2546 esse.
1021 2488 1404 2545 Scelestienim
1429 2501 1548 2541 cum
1573 2492 1776 2552 essent,
1796 2484 2100 2552 scirentque

518 2587 689 2655 ipsum
707 2583 772 2638 ad
789 2583 1113 2638 curationem
1133 2579 1269 2634 haud
1286 2579 1444 2634 dubie
1464 2587 1744 2632 venturum
1765 2590 1905 2641 esse,
1931 2575 2101 2629 inter-

521 2678 797 2745 rogatione
845 2685 1168 2744 prievertere
1191 2672 1341 2726 illum
1361 2669 1711 2732 studuerunt;
1737 2678 2014 2737 sperantes
2039 2681 2099 2721 se

513 2767 572 2821 id
593 2768 694 2820 hoc
721 2765 881 2819 modo
907 2763 1256 2834 impedituros
1287 2775 1422 2815 esse.
1446 2758 1569 2813 ldco
1598 2756 2019 2834 interrogabant,
2041 2758 2113 2811 Si

520 2859 633 2911 licet
677 2856 894 2911 sabbatis
932 2832 1134 2919 curare,
1163 2868 1270 2907 non
1298 2859 1353 2904 ut
1380 2849 1683 2911 discerent,
1721 2846 1817 2901 sed
1860 2832 2100 2899 ut‘accu-

513 2946 669 3002 sandi
697 2945 969 2999 materiam
1010 2941 1288 2996 haberent.
1341 2937 1562 2991 Etiamsi
1603 2936 1775 3004 ipsum
1807 2950 1943 3003 opus
1973 2935 2102 2988 satis

518 3047 681 3103 esset,
712 3037 756 3090 si
787 3049 1041 3090 accusare
1076 3018 1371 3086 voluissent
1397 3047 1409 3083 :
1436 3043 1502 3082 ex
1527 3028 1708 3083 verbis
1735 3035 1911 3082 tamen
1941 3039 2102 3080 occa-

519 3131 724 3184 sionem
744 3136 955 3197 captare
975 3123 1310 3189 studuerunt,
1331 3132 1387 3177 ut
1407 3121 1509 3176 sibi
1531 3122 1788 3191 majorem
1811 3121 2069 3176 criminan
2091 3150 2101 3161 -

511 3221 570 3274 di
596 3221 799 3289 coniam
826 3224 1090 3288 pararent.
1114 3215 1385 3288 Benignus
1411 3221 1588 3267 autem
1614 3212 1869 3266 Dominus
1895 3221 1950 3266 et
1969 3209 2101 3265 illud

517 3314 663 3376 facit,
698 3319 752 3366 et
771 3308 1075 3379 respondet,
1097 3321 1193 3361 nos
1211 3305 1526 3362 modestiam
1553 3313 1607 3359 et
1634 3301 2100 3358 mansuetudinem

514 3405 718 3459 docens
746 3403 782 3465 ‘,
833 3390 1106 3468 totumque
1150 3398 1203 3450 in
1236 3397 1380 3465 ipsos
1418 3394 1682 3450 convertit
1713 3434 1728 3461 ,
1759 3394 2102 3462 ipsarumque

520 3493 960 3549 inhumanitatem
991 3487 1246 3544 ostendit.
1279 3485 1562 3542 Hominem
1603 3486 1656 3538 in
1684 3484 1859 3538 medio
1884 3483 2098 3548 statuit;

512 3601 626 3640 non
655 3581 793 3653 quod
819 3583 935 3637 illos
966 3581 1209 3644 timeret,
1236 3578 1330 3632 sed
1355 3576 1422 3630 ad
1449 3578 1684 3644 ipsorum
1711 3573 2015 3637 utilitatem,
2048 3579 2105 3624 ut

519 3674 585 3729 ad
614 3670 1030 3728 misericordiam
1072 3676 1306 3722 vocaret.
1345 3665 1477 3720 Cum
1523 3672 1699 3718 autem
1750 3677 1818 3717 ne
1857 3663 1935 3716 sic
1981 3661 2101 3731 qui-

521 3765 642 3819 dem
690 3763 808 3816 illos
837 3759 1094 3821 ﬂecteret,
1128 3767 1255 3810 tunc
1299 3755 1646 3810 contristatus
1674 3759 1787 3818 est,
1816 3752 2021 3821 inquit,
2049 3759 2104 3805 et

519 3857 686 3910 iratus
705 3864 787 3907 est
810 3861 1025 3921 propter
1045 3847 1289 3904 duritiam
1315 3846 1494 3903 cardis
1515 3859 1699 3898 eorum
1727 3843 1916 3912 (Marc.
1941 3845 1993 3898 5.
2020 3842 2100 3911 5),

519 3948 757 4015 dixitque
785 3962 796 3996 :
825 3945 910 3997 11.
938 3941 1061 4009 Quis
1090 3949 1160 3994 est
1190 3955 1250 3993 ex
1277 3938 1414 3992 vobis
1441 3936 1609 3999 homo,
1638 3936 1727 4003 qui
1756 3934 1934 3987 habeat
1963 3949 2103 3986 ovem

519 4055 703 4103 sinant,
736 4045 780 4090 et
811 4035 854 4088 si
877 4036 928 4086 in
951 4033 1146 4101 foveant
1178 4028 1409 4082 ceciderit
1438 4027 1654 4079 sabbatis
1679 4068 1694 4091 ,
1727 4040 1892 4078 nonne
1915 4039 2100 4093 appre-

516 4127 701 4184 hendet
727 4142 838 4180 eam
866 4133 910 4178 et
939 4122 1133 4192 eriget?
1163 4121 1247 4172 12.
1281 4117 1480 4183 Quanto
1506 4133 1626 4185 ergo
1654 4116 1828 4167 melior
1854 4126 1924 4166 est
1952 4115 2100 4168 homo

520 4220 647 4272 ove?
695 4224 875 4286 Itaque
917 4215 1028 4268 licet
1055 4211 1274 4266 sabbatis
1318 4209 1621 4278 benefacere.
1664 4205 1742 4259 Ne
1773 4203 2104 4273 impudenter

521 4320 714 4380 agant,
744 4322 876 4363 neve
905 4305 1053 4377 quasi
1087 4313 1533 4371 transgressorem
1565 4306 1850 4360 accusent,
1882 4310 1976 4365 per
2003 4296 2104 4349 hoc

523 4403 822 4469 exemplum
852 4415 973 4455 cum
1019 4398 1120 4451 illis
1150 4395 1515 4449 ratiocinatur.
1549 4391 1628 4444 Tu
1658 4406 1784 4444 vero
1814 4389 1942 4442 mihi
1979 4403 2101 4456 per-

498 4513 503 4550 :
523 4494 725 4561 pende,
754 4505 912 4559 quam
955 4489 1102 4542 varie
1131 4495 1185 4540 et
1216 4499 1374 4554 quam
1403 4488 1760 4549 congruenter
1786 4479 1978 4548 ubique
2008 4477 2104 4532 de-

499 4561 792 4641 ﬁiensiunes
835 4589 985 4650 paret
1029 4578 1168 4631 circa
1217 4573 1422 4628 sabbati
1467 4570 1803 4624 solutionem.
1840 4568 1969 4622 Nam
2015 4569 2103 4621 ubi

528 4690 726 4730 caicum
755 4671 990 4733 curavit,
1037 4663 1514 4734 lutumque’iiecit,
1550 4676 1652 4713 non
1685 4674 1801 4713 sese
1826 4658 2099 4728 purgavit,

527 4766 646 4819 licet
672 4764 742 4815 illi
774 4762 1076 4814 incusarent
1104 4757 1120 4826 (
1144 4755 1301 4810 Joan.
1326 4753 1380 4824 9)
1412 4771 1422 4805 :
1452 4752 1648 4805 etenim
1675 4750 1960 4804 creationis
1991 4737 2104 4802 mo—

522 4858 624 4910 dus
648 4855 732 4908 hic
758 4866 1042 4921 expressus
1067 4850 1240 4917 ipsum
1267 4861 1386 4901 esse
1412 4846 1542 4914 legis
1574 4843 1851 4897 Dominum
1879 4842 2100 4895 (it-ml)!!-

523 4947 745 5002 srrabat.
775 4945 830 4997 ln
864 4942 1149 5013 paralytieo
1200 4939 1408 5011 (Matth.
1443 4939 1500 5006 9)
1522 4945 1699 4990 autem
1723 4977 1739 4998 ,
1770 4935 1858 5005 qui
1906 4936 2100 4988 lectum

528 5037 785 5107 portavit,
815 5035 940 5088 dum
969 5034 1041 5087 illi
1081 5038 1424 5096 accusarent,
1473 5028 1630 5082 modo
1659 5035 1714 5080 ut
1757 5026 1915 5089 Deus,
1946 5023 2102 5079 modo

526 5138 585 5182 ut
632 5129 791 5181 homo
840 5139 961 5180 sese
1001 5131 1186 5194 purgat
1218 5139 1229 5173 :
1261 5129 1317 5175 ut
1357 5120 1517 5174 homo
1561 5134 1682 5172 cum
1728 5116 1888 5182 dicit,
1919 5115 1980 5170 Si
2005 5116 2103 5167 cir-

527 5221 876 5273 cmncisionem
915 5215 1096 5280 accipit
1131 5215 1279 5267 homo
1306 5213 1358 5264 in
1385 5210 1624 5275 sabbato,
1665 5217 1719 5260 ut
1758 5221 1856 5259 non
1884 5205 2104 5260 soluatur

531 5311 613 5362 ica:
639 5311 654 5376 (
680 5325 774 5362 nec
799 5307 964 5370 dixit,
994 5305 1066 5359 lit
1108 5304 1267 5358 homo
1299 5298 1640 5369 adjuvetur),
1671 5298 1793 5349 mihi
1822 5293 2105 5348 irascimini

530 5401 648 5461 quia
698 5407 856 5451 totum
902 5396 1151 5448 hominem
1198 5408 1378 5447 sanum
1425 5391 1520 5458 feci
1552 5385 1749 5460 (Ioan.
1797 5388 1852 5441 Ἰ.
1883 5384 2018 5454 23)?
2049 5391 2108 5437 ut

535 5493 673 5544 Deus
701 5498 899 5552 autem,
928 5503 1044 5540 cum
1075 5486 1202 5540 dicit
1227 5501 1239 5537 :
1276 5482 1428 5535 Pater
1454 5496 1593 5533 meus
1621 5470 1955 5547 usque'modo
1980 5491 2106 5543 ope-

535 5707 555 5755 t
597 5649 610 5675 ι
639 5646 749 5714 ΑΜ.
780 5656 916 5692 smmi
959 5639 1281 5700 benignitatem
1324 5637 1670 5688 demonstrans.
1716 5641 1922 5696 Utraque
1961 5631 2106 5681 lectio

554 5719 648 5755 em
676 5713 849 5755 rudest.

554 5713 648 5755 errt
676 5722 716 5765 tu.
727 5713 849 5754 test.

2206 673 2352 718 ratur
2372 707 2387 732 ,
2431 677 2477 720 et
2513 684 2605 738 ego
2632 685 2814 738 aperor
2849 669 3042 741 (Joan.
3076 674 3129 727 5.
3182 676 3248 729 17
3275 674 3319 740 ).
3345 675 3516 746 Super
3539 679 3797 747 apostolis

2204 773 2333 812 vero
2379 770 2658 816 accusatus
2706 763 2778 816 ait
2809 779 2823 815 :
2858 761 2979 816 Non
3026 765 3215 835 legistis
3261 769 3384 836 quid
3427 771 3542 840 fecit
3593 769 3795 838 Dauid,

2202 851 2410 918 quando
2441 851 2643 906 esuiivit
2664 854 2771 923 ipse
2799 865 2844 907 et
2865 856 2951 924 qui
2990 871 3105 911 cum
3132 874 3188 912 ea
3215 862 3405 914 erant?
3431 863 3683 932 quomodo
3710 864 3795 917 in-

2203 942 2367 995 troivit
2409 943 2462 996 in
2505 942 2712 996 domum
2761 943 2856 998 Dei
2875 985 2891 1010 ,
2923 956 2972 1000 et
2999 964 3154 1016 panes
3178 953 3538 1019 propositionis
3579 955 3796 1007 comedit
3827 969 3830 971 λ

2210 1030 2416 1101 (Matth.
2449 1032 2536 1088 l2.
2559 1035 2612 1090 3.
2641 1035 2738 1105 4)?
2760 1034 3079 1094 Sacerdotes
3105 1054 3317 1110 quoque
3342 1041 3396 1095 in
3435 1044 3667 1099 medium
3695 1044 3794 1100 ad-

2207 1125 2372 1180 ducit.
2402 1125 2500 1182 Hic
2521 1141 2730 1182 rursum
2756 1169 2771 1193 ,
2805 1128 2883 1183 An
2925 1131 3040 1184 licet
3068 1132 3122 1184 in
3150 1131 3353 1186 sabbato
3379 1134 3694 1202 benefacere,
3727 1151 3798 1188 an

2205 1211 2544 1287 malefacere.’
2588 1217 2715 1280 Quis
2746 1220 2881 1272 enim
2924 1237 2986 1273 ea:
3031 1221 3168 1276 vobis
3214 1222 3413 1275 habebit
3456 1239 3595 1276 ovem
3635 1241 3796 1278 unum

2207 1307 2400 1376 (Marc.
2431 1309 2487 1364 5.
2510 1309 2606 1378 4)Ῥ
2632 1308 2863 1363 Noverat
2881 1312 3023 1365 enim
3051 1326 3145 1366 eos
3173 1312 3412 1381 pecunia:
3436 1313 3658 1383 cupidOs
3681 1329 3796 1368 ma-

2205 1397 2286 1467 gis
2307 1412 2466 1468 quam
2511 1396 2841 1452 humanitate
2882 1398 3153 1468 praeditos.
3199 1401 3350 1454 Alius
3375 1416 3536 1469 porro
3564 1417 3796 1472 evange-

2208 1488 2327 1542 lista
2375 1485 2552 1558 (Ibid.
2593 1504 2640 1541 υ.
2683 1488 2717 1543 5
2745 1487 2763 1557 )
2791 1490 2904 1555 ait,
2938 1488 3108 1557 ipsum
3157 1490 3638 1560 circumSpexisse,
3668 1508 3796 1548 cum

2206 1579 2308 1631 hoc
2359 1577 2743 1648 interrogaret,
2777 1587 2837 1632 ut
2874 1578 2965 1633 vel
3003 1587 3222 1647 aspectu
3268 1579 3414 1648 ipsos
3454 1582 3792 1636 attraheret:

2206 1680 2262 1722 at
2289 1683 2357 1724 ne
2385 1670 2464 1723 sic
2492 1669 2706 1737 quidem
2750 1652 3003 1724 meliores
3031 1669 3205 1724 eﬁ'ecti
3245 1680 3391 1724 sunt.
3422 1671 3519 1725 llic
3547 1687 3675 1727 vero
3701 1687 3798 1726 so-

2206 1759 2316 1814 lum
2363 1759 2628 1830 loquitur,
2658 1759 2784 1814 alibi
2836 1776 3028 1815 manus
3069 1762 3230 1815 etiam
3281 1762 3504 1830 imponit
3535 1746 3590 1816 ut
3619 1774 3796 1818 sanet.

2206 1852 2454 1906 Attamen
2499 1849 2633 1905 nihil
2661 1865 2847 1906 eorum
2901 1851 3022 1906 illos
3066 1851 3132 1906 ad
3175 1852 3640 1908 mansuetudinem
3670 1854 3800 1908 alli-

2206 1940 2411 2022 ciebat;
2459 1940 2554 1998 sed
2600 1941 2761 1997 homo
2792 1942 3008 2010 quidem
3049 1942 3375 2008 satiabatur,
3421 1943 3496 1997 illi
3536 1959 3669 1999 vero
3698 1959 3801 2014 per

2207 2031 2324 2100 ejus
2346 2031 2708 2087 valetudinem
2739 2031 3035 2088 deteriores
3048 2031 3438 2088 efﬁciebantur.
3466 2035 3560 2090 Ille
3585 2035 3802 2091 volebat

2206 2123 2351 2192 ipsos
2377 2133 2502 2179 ante
2527 2139 2724 2195 aegrum
2752 2137 2962 2190 sanare,
2989 2124 3401 2195 innumerasque
3431 2128 3652 2183 medela:
3682 2130 3802 2185 vias

2208 2215 2463 2280 tentabat,
2493 2225 2547 2272 et
2575 2230 2673 2286 per
2694 2231 2756 2270 ea
2783 2230 2902 2287 qua:
2946 2225 3072 2271 ante
3116 2216 3344 2281 iecerat,
3379 2227 3434 2272 ct
3462 2235 3556 2289 per
3581 2235 3644 2274 ea
3670 2235 3797 2291 qua:

2206 2306 2565 2377 loquebatur:
2597 2308 2850 2378 quoniam
2889 2316 3067 2361 autem
3112 2309 3395 2364 iucurabili
3427 2311 3616 2367 morbo
3644 2313 3798 2369 labo-

2206 2399 2428 2465 rabant,
2463 2399 2528 2453 ad
2557 2414 2692 2468 opus
2731 2413 2790 2453 se
2816 2399 3060 2454 contulit.
3110 2400 3196 2455 15.
3230 2399 3372 2454 Tunc
3397 2401 3526 2455 dixit
3555 2403 3797 2459 homini:

2208 2489 2437 2544 Extende
2462 2506 2666 2544 manum
2693 2500 2852 2543 tuam.
2903 2489 2970 2544 Et
2995 2491 3251 2557 extendit,
3280 2503 3327 2546 et
3357 2495 3586 2548 restituta
3613 2507 3683 2551 est
3711 2513 3799 2552 sa-

2196 2584 2353 2637 nitati
2371 2625 2387 2650 ,
2415 2591 2471 2636 ut
2496 2593 2540 2637 et
2565 2584 2743 2637 altera.
2777 2582 2916 2650 Quid
2961 2583 3119 2653 igitur
3145 2576 3264 2638 illi?
3290 2586 3683 2655 Egrediuntur,
3714 2589 3798 2644 in-

2199 2676 2347 2744 quit,
2394 2684 2448 2728 et
2492 2673 2836 2740 consultant,
2867 2683 2924 2727 ut
2967 2674 3272 2730 occiderent
3311 2690 3431 2730 eum
3457 2694 3470 2728 :
3501 2677 3575 2731 ait
3601 2678 3796 2733 enim:

2208 2767 2295 2820 1-4.
2335 2765 2598 2820 Pharisaei
2645 2776 2914 2832 creantes,
2966 2767 3233 2820 consilium
3275 2780 3510 2837 ceperunt
3556 2772 3800 2832 adversus

2208 2871 2320 2909 eum
2338 2898 2352 2922 ,
2375 2866 2437 2909 ut
2464 2872 2576 2910 eum
2608 2855 2891 2925 perderent.
2919 2855 3058 2910 Nihil
3086 2857 3198 2912 laesi
3225 2859 3469 2915 occidere
3500 2862 3796 2919 tentabant.

2279 2945 2335 2999 2.
2367 2945 2571 2999 Invidia
2595 2956 2842 3016 quantum
2880 2947 3088 3000 malum.
3131 2977 3201 2987 —
3239 2947 3466 3003 Tantum
3493 2959 3575 3006 est
3597 2952 3799 3010 invidia

2209 3037 2428 3090 malum.
2468 3034 2602 3092 Nam
2634 3049 2697 3089 ea
2729 3049 2835 3088 non
2864 3035 3073 3090 alienos
3097 3035 3271 3090 solum
3292 3077 3309 3102 ,
3356 3038 3450 3092 sed
3478 3040 3640 3094 etiam
3667 3056 3796 3104 pro—

2209 3126 2434 3194 pinquos
2461 3139 2675 3193 semper
2701 3125 2993 3193 impugnat.
3023 3124 3231 3184 Marcus
3261 3135 3439 3180 autem
3464 3128 3615 3194 dicit,
3634 3131 3799 3200 ipsos

2207 3231 2326 3270 cum
2370 3215 2685 3270 Herodianis
2743 3215 2796 3268 id
2837 3213 3166 3270 deliberasse
3194 3215 3214 3286 (
3241 3214 3381 3270 Ibid.
3415 3232 3462 3270 υ.
3513 3217 3548 3273 6
3588 3207 3799 3289 ).’ριιω

2208 3323 2336 3392 ergo
2379 3308 2466 3362 ille
2505 3315 2816 3361 mansuetus
2845 3315 2901 3360 et
2941 3306 3087 3359 mitis
3113 3305 3137 3358 ?
3165 3305 3289 3361 H330
3319 3321 3440 3361 cum
3465 3307 3744 3366 didicisset
3763 3354 3791 3380 τ

2208 3399 2450 3451 secessit.
2481 3396 2568 3449 15.
2591 3396 2744 3448 Jesus
2769 3404 2958 3461 autem,
2988 3395 3188 3462 inquit,
3219 3411 3333 3447 cum
3359 3396 3504 3450 sciret
3527 3401 3796 3469 cogitatio-

2209 3503 2298 3540 nes
2316 3501 2509 3552 eorum,
2535 3485 2734 3570 recessit
2759 3483 2896 3538 inde.
2920 3482 3022 3538 Ubi
3050 3493 3175 3538 sunt
3199 3484 3234 3538 ii
3264 3485 3353 3554 qui
3384 3485 3601 3555 dicunt,
3631 3505 3796 3559 oper-

2210 3585 2326 3631 tere
2373 3577 2525 3644 signa
2569 3573 2855 3628 ﬁeri‘illis
2904 3576 3103 3643 quippe
3155 3576 3435 3641 ostendit,
3491 3578 3797 3648 improbam

2210 3669 2439 3722 animam
2465 3680 2534 3721 ne
2561 3665 2728 3734 signis
2758 3663 2975 3734 quidem
3002 3664 3379 3733 obtemperare
3413 3707 3426 3730 ,
3454 3669 3808 3742 ostenditque‘

2210 3763 2368 3817 etiam
2398 3757 2688 3828 discipulos
2713 3756 2830 3812 sine
2857 3771 3017 3812 causa
3060 3759 3321 3812 accusari.
3351 3758 3487 3817 lllud
3517 3775 3677 3829 porro
3701 3763 3801 3820 ob.

2182 3847 2529 3906 servandum
2572 3855 2655 3903 est
2682 3887 2696 3913 ,
2730 3847 2875 3917 ipsos
2914 3845 2982 3900 ob
3025 3844 3281 3901 beneﬁcia
3324 3848 3568 3916 proximo
3604 3847 3797 3907 collata

2207 3941 2374 4011 magis
2400 3939 2653 3994 eﬁ'eratos
2684 3951 2805 3992 esse
2834 3977 2847 3999 .
2895 3943 2951 3989 et
2997 3934 3086 3989 ubi
3133 3936 3314 3991 vident
3356 3938 3586 4007 aliquem
3628 3950 3721 3995 aut
3763 3958 3798 3997 ι

2207 4032 2398 4087 morbo
2418 4039 2509 4084 aut
2537 4042 2567 4082 a
2595 4026 2829 4096 nequitia
2852 4026 3152 4091 liberatum,
3188 4037 3314 4081 tunc
3339 4042 3595 4084 accusare
3617 4071 3632 4096 ,
3669 4041 3797 4087 tunc

2208 4122 2414 4176 feroces
2439 4133 2578 4174 esse.
2610 4117 2741 4171 Nam
2765 4131 2890 4172 cum
2915 4119 3252 4172 meretricem
3279 4118 3344 4171 ad
3374 4121 3798 4188 resipiscentiam

2209 4212 2536 4267 deducturus
2565 4218 2719 4275 erat,
2769 4207 3233 4263 calumniabantur
3277 4223 3440 4275 eum;
3485 4219 3539 4265 et
3581 4213 3799 4281 quando

2210 4317 2334 4357 cum
2379 4299 2674 4372 publicanis
2700 4297 3066 4363 comedebat,
3121 4298 3414 4353 similiter:
3464 4309 3520 4354 ut
3563 4311 3615 4354 et
3652 4318 3798 4360 nunc

2213 4410 2332 4450 cum
2360 4408 2572 4448 nianum
2602 4392 2904 4446 restitutam
2933 4388 3206 4444 viderunt.
3253 4389 3332 4442 Tu
3359 4405 3487 4465 vero
3511 4391 3638 4445 mihi
3660 4407 3795 4453 conc

2213 4485 2387 4540 sidera
2414 4482 2681 4553 quomodo
2708 4491 2761 4535 et
2784 4480 2851 4535 ab
2881 4487 3205 4548 ingratorum
3229 4493 3359 4533 cura
3384 4495 3490 4534 non
3519 4481 3746 4537 absistat
3777 4524 3796 4550 ,

2215 4585 2268 4630 et
2291 4575 2496 4629 illorum
2527 4572 2775 4628 invidiam
2802 4571 3026 4639 mitiget.
3065 4567 3132 4622 Et
3160 4579 3382 4638 sequuta:
3406 4580 3657 4624 suntcum
3686 4583 3799 4626 tur-

2216 4668 2290 4722 bte
2315 4667 2515 4729 multis,
2543 4673 2585 4716 et
2606 4663 2801 4714 curavit
2830 4660 2947 4714 illos
2975 4675 3183 4724 omnes;
3224 4660 3310 4714 16.
3339 4669 3384 4712 et
3408 4660 3682 4730 increpavit
3713 4677 3799 4717 eos

2211 4760 2294 4829 qui
2312 4759 2471 4811 curati
2495 4757 2714 4824 fuerant,
2732 4762 2783 4806 ut
2809 4751 2996 4805 nemini
3022 4751 3189 4819 ipsum
3210 4751 3534 4820 manifestum
3550 4751 3797 4818 facerent.

2211 4848 2402 4902 Turba:
2429 4848 2624 4914 ubique
2667 4855 2715 4897 et
2757 4845 3017 4896 mirantur
3051 4850 3103 4896 et
3144 4851 3442 4909 sequuntur
3473 4858 3485 4894 :
3517 4840 3591 4894 illi
3617 4851 3798 4896 autem

2213 4955 2241 4992 a
2272 4937 2470 4992 malitia
2498 4951 2603 4990 non
2631 4934 2910 4987 absistunt.
2946 4931 3147 4986 Deinde
3189 4945 3255 4985 ne
3292 4931 3519 4985 turberis
3544 4929 3614 4985 de
3633 4933 3800 5000 gestis

2211 5030 2383 5099 deque
2412 5026 2708 5081 incredibili
2737 5026 2949 5078 illorum
2979 5023 3154 5077 lurore
3180 5064 3193 5086 ,
3234 5023 3551 5090 prOphetam
3575 5022 3797 5078 adducit

2213 5120 2329 5174 ha:c
2367 5117 2837 5192 przenuntiantem.
2888 5115 3054 5168 Tanta
3082 5113 3225 5168 enim
3265 5125 3380 5166 erat
3408 5113 3790 5181 prophetarum

2211 5210 2480 5266 accuratiu
2504 5250 2521 5277 ,
2567 5217 2624 5262 ut
2666 5223 2735 5262 ne
2765 5207 2880 5261 haec
2908 5206 3121 5275 quidem
3152 5205 3625 5273 praetermitterent
3658 5246 3673 5270 ,
3703 5207 3799 5260 scd

2213 5305 2323 5357 vias
2350 5302 2465 5372 ejus
2495 5309 2550 5356 et
2576 5299 2829 5354 transitus
2853 5296 3251 5366 prophetarent,
3280 5310 3490 5348 necnon
3512 5310 3614 5364 qua
3647 5312 3800 5349 inen-

2215 5400 2268 5448 t‘e
2291 5395 2405 5449 haec
2429 5392 2628 5447 faceret
2658 5407 2672 5454 ;
2703 5399 2760 5444 ut
2785 5389 2960 5444 discas
2986 5430 3000 5453 ,
3057 5387 3179 5442 illos
3205 5395 3455 5441 movente
3482 5385 3683 5453 Spiritu
3713 5387 3797 5440 lo-

2211 5497 2403 5559 quutos
2430 5501 2571 5541 esse.
2619 5483 2752 5538 Nam
2782 5484 2826 5537 si
2857 5481 3132 5535 hominum
3167 5487 3370 5534 secreta
3411 5478 3662 5546 cognosci
3691 5492 3796 5530 non

2213 5588 2470 5651 possunt,
2495 5577 2662 5631 multo
2701 5573 2867 5643 magis
2910 5571 3105 5625 Christi
3156 5585 3347 5638 scapus
3373 5567 3536 5622 edis-ci
3571 5583 3675 5618 non
3706 5582 3803 5635 po—

2213 5685 2334 5741 test,
2365 5672 2464 5728 nisi
2491 5670 2687 5742 Spiritu
2720 5666 3010 5723 revelante.
3061 5662 3195 5731 Quid
3229 5670 3404 5716 autem
3438 5660 3631 5713 dixerit
3664 5673 3794 5730 pro-
