4076 6438
246 395 348 453 4H

248 510 436 581 pheta,
471 504 552 560 sic
581 498 734 558 aﬂ'ert
761 518 774 552 :
805 498 892 551 Π.
937 493 1002 549 Ut
1046 489 1340 559 impleretur
1385 485 1517 555 quod
1561 485 1751 536 dictum
1779 489 1850 533 est

258 577 353 673 per
381 597 582 652 Isaiam
601 593 898 666 prophetam
924 586 1168 639 dicentem
1195 596 1215 634 :
1242 581 1325 634 l8.
1357 577 1488 629 Ecce
1518 590 1642 644 puer
1669 587 1806 623 meus
1834 609 1849 631 ,

250 665 577 758 quentelegi,
601 683 812 737 dilectus
838 694 991 738 meus,
1018 677 1071 727 in
1099 689 1197 742 quo
1219 667 1516 738 complacuit
1533 665 1701 716 anima
1718 677 1846 713 mea.

257 751 466 834 i’onam
497 751 728 842 s'piritum
755 784 922 822 meum
945 781 1096 833 super
1122 777 1252 822 eunt,
1283 768 1326 812 ct
1347 757 1598 828 judicium
1625 751 1853 822 gentibus

253 870 531 924 nuutiabit.
566 864 652 918 l9.
681 861 804 915 Non
837 856 1131 918 contendet,
1179 865 1336 918 neque
1383 846 1654 907 clamabit,
1699 856 1854 910 neque

253 963 428 1016 audiet
451 958 564 1027 quis
591 959 644 1009 in
675 953 852 1024 plateis
877 964 1048 1003 cocem
1063 948 1204 1015 ejus;
1224 943 1314 997 20.
1338 940 1588 993 calamum
1610 950 1855 1002 conquas-

255 1063 424 1105 satum
456 1067 559 1102 non
589 1047 906 1114 confringet,
947 1049 993 1092 et
1038 1039 1199 1091 linunt
1242 1033 1496 1102 funiigans
1534 1046 1633 1081 non
1667 1027 1857 1080 exstin-

255 1153 374 1213 guet
405 1184 421 1207 ,
466 1144 623 1194 donec
646 1135 862 1190 emiserit
896 1134 946 1183 in
974 1129 1231 1183 uictoriam
1275 1123 1520 1187 iudicium
1559 1119 1579 1190 (
1606 1118 1729 1180 Isai.
1762 1116 1851 1170 4'2.

260 1210 374 1300 i—S)
399 1252 415 1297 ;
447 1232 538 1284 2i.
564 1239 607 1281 et
649 1228 702 1279 in
729 1221 927 1276 nomine
950 1222 1059 1289 ejus
1081 1228 1248 1288 gentes
1273 1212 1563 1283 sperabunt.
1592 1210 1682 1262 llis
1709 1224 1858 1260 man-

260 1324 602 1377 suetudinem
626 1319 740 1386 ejus
767 1357 782 1379 ,
807 1323 860 1368 et
888 1321 1202 1381 potestatem
1229 1304 1550 1360 inell'abilem
1574 1303 1808 1356 celebrat
1837 1341 1852 1364 ,

262 1425 620 1480 magnamque
644 1417 698 1462 et
725 1413 962 1475 apertam
985 1400 1231 1471 gentibus
1255 1405 1460 1465 portam
1491 1393 1658 1461 aperit
1682 1432 1694 1451 ,
1718 1389 1855 1442 imula

261 1503 426 1556 etiam
456 1499 671 1554 Juda‘os
701 1498 946 1549 iuvasura
983 1488 1303 1560 przenuntiat
1331 1502 1343 1550 ;
1389 1494 1444 1539 et
1473 1482 1708 1536 ostendit
1740 1480 1856 1547 ejus

261 1609 388 1646 cum
439 1591 596 1645 Patre
651 1599 972 1640 consensum
999 1599 1011 1632 :
1041 1595 1162 1633 nam
1187 1578 1262 1631 ait
1290 1617 1305 1639 ,
1362 1573 1492 1627 Ecce
1520 1589 1646 1641 puer
1672 1587 1811 1624 meus
1839 1611 1854 1633 ,

261 1699 411 1750 quem
443 1680 588 1747 elegi,
611 1678 820 1728 dilectus
841 1688 997 1732 meus,
1023 1672 1074 1722 in
1095 1684 1193 1735 quo
1213 1665 1514 1733 complacuit
1536 1664 1706 1714 animo
1727 1676 1858 1712 mea.

262 1771 318 1825 Si
348 1779 527 1822 autem
558 1767 714 1834 elegit
742 1780 864 1818 eum
900 1804 914 1824 ,
951 1762 1133 1828 utique
1173 1773 1277 1810 non
1328 1754 1619 1808 adversans
1652 1752 1753 1820 ipsi
1781 1753 1857 1804 lc-

263 1875 387 1929 gem
419 1858 596 1920 solvit,
623 1861 798 1923 neque
825 1862 881 1905 ut
909 1851 1153 1904 inimicus
1171 1845 1488 1917 legislatoris
1515 1843 1566 1896 id
1594 1843 1732 1910 agit,
1765 1841 1858 1894 scd

267 1962 325 2003 ut
351 1949 698 2004 consentiens
730 1987 744 2009 ,
779 1944 1073 2009 eademque
1089 1951 1339 2007 operans.
1370 1933 1569 1989 Deinde
1609 1946 1859 1985 mansue-

268 2041 506 2094 tudinem
537 2038 655 2105 ejus
681 2034 974 2102 przcdicans
1005 2031 1132 2083 dicit
1163 2046 1176 2080 :
1206 2026 1327 2079 Non
1351 2023 1614 2078 contendet
1648 2065 1664 2089 ,
1706 2038 1862 2091 neque

265 2131 524 2184 clamabit.
555 2128 668 2195 Ipse
698 2125 894 2195 quippe
924 2121 1136 2174 volebat
1161 2133 1254 2172 cos
1292 2131 1484 2170 sanare
1523 2133 1535 2168 :
1568 2115 1687 2183 quia
1731 2128 1861 2167 vero

269 2223 442 2289 ipsum
467 2219 729 2287 repulere,
763 2213 852 2267 ille
895 2209 1140 2265 reluctari
1171 2207 1359 2261 noluit.
1392 2206 1591 2260 Deinde
1624 2204 1739 2272 ejus
1766 2217 1860 2271 po-

269 2313 490 2365 tentiam
522 2309 838 2372 illm-umque
875 2299 1291 2355 imbecillitatem
1321 2294 1612 2350 ostendens
1643 2336 1656 2358 ,
1687 2292 1817 2346 dicit
1847 2311 1859 2344 :

267 2402 536 2457 Calamam
578 2403 965 2463 conquassatum
1013 2407 1111 2443 non
1162 2389 1468 2458 confringet.
1527 2384 1660 2438 Nam
1710 2383 1863 2436 facile

268 2500 387 2546 erat
439 2505 530 2543 eos
571 2500 758 2539 omnes
804 2491 861 2536 ut
898 2481 1160 2534 calamum
1205 2478 1540 2545 confringere
1575 2492 1588 2536 ;
1621 2476 1726 2527 imo
1758 2490 1862 2526 non

271 2580 435 2635 modo
457 2577 718 2632 calamum
746 2617 760 2639 ,
783 2573 876 2626 sed
903 2573 1012 2640 jam
1043 2577 1474 2638 conquassatum.
1505 2564 1566 2617 Et
1597 2565 1756 2618 linum
1784 2568 1866 2632 [u-

246 2675 470 2742 ntigans
490 2687 588 2723 non
613 2669 912 2736 exstinguet.
949 2663 1044 2716 llic
1071 2663 1283 2715 illorum
1310 2660 1439 2711 iram
1466 2659 1735 2709 incensam
1767 2656 1865 2708 de-

270 2767 441 2818 clarat
474 2803 486 2820 ,
522 2761 765 2827 illiusque
810 2754 1214 2811 fortitudinem,
1248 2766 1366 2816 qua:
1414 2756 1593 2816 posset
1633 2748 1864 2798 furorem
1949 2753 1952 2764 ⁵

272 2857 510 2923 ipmrum
541 2851 773 2913 solvere,
793 2856 847 2900 et
875 2859 994 2898 eum
1021 2842 1268 2896 facilitate
1302 2855 1486 2908 magna
1505 2838 1863 2905 exstinguere.

275 2947 430 3002 Unde
453 2947 569 3010 ejus
597 2937 950 2994 mansuetudo
976 2937 1159 3004 ingens
1181 2933 1499 2987 ostenditur.
1528 2931 1661 2997 Quid
1688 2929 1866 2998 igitur?

272 3055 340 3091 an
374 3039 486 3091 lucc
517 3049 729 3101 semper
757 3039 912 3083 erunt
939 3028 962 3080 ?
998 3043 1063 3080 an
1093 3040 1305 3092 semper
1333 3023 1468 3076 feret
1493 3037 1586 3076 eos
1613 3020 1866 3073 insidian-

276 3141 358 3184 tes
373 3146 433 3181 ae
466 3124 745 3179 furentes?
769 3123 968 3189 Apage;
1000 3118 1092 3171 scd
1120 3132 1238 3170 cum
1269 3130 1361 3166 Sua
1393 3113 1714 3172 exhibuerit,
1745 3122 1868 3164 tunc

277 3223 334 3278 ut
376 3221 462 3278 illa
505 3223 863 3283 exsequetur:
896 3210 948 3263 id
996 3211 1136 3261 enim
1174 3206 1490 3275 significavit
1530 3204 1610 3254 his
1643 3203 1817 3262 verbis
1851 3219 1864 3252 :

277 3314 450 3366 Donec
469 3311 662 3363 emittat
688 3307 735 3357 in
765 3304 1021 3356 victoriam
1041 3301 1295 3371 judicium
1326 3316 1342 3361 ;
1393 3299 1508 3349 etin
1540 3296 1737 3348 nomine
1761 3295 1868 3362 ejus

276 3415 446 3473 gentes
472 3397 742 3468 sperabunt
769 3412 788 3445 :
819 3392 1265 3462 quemadmodum
1297 3400 1351 3443 ct
1380 3389 1578 3442 Paulus
1608 3388 1680 3439 ait
1715 3403 1726 3436 :
1767 3383 1870 3436 1⁸η-

276 3498 375 3549 rati
400 3511 595 3549 onmem
617 3489 1002 3544 inobcrlienliam
1034 3487 1208 3537 ulcisci
1235 3525 1249 3547 ,
1292 3501 1408 3534 cum
1434 3483 1684 3549 completa
1711 3481 1865 3550 fuerit

278 3586 562 3640 obedientin
592 3592 753 3634 vestra
789 3579 862 3650 (l.
906 3577 1022 3631 Cor.
1069 3577 1152 3629 10.
1183 3576 1258 3644 6).
1288 3574 1424 3640 Quid
1453 3589 1578 3626 vero
1609 3574 1872 3642 significat

282 3679 410 3732 illud
441 3721 454 3742 ,
493 3677 620 3731 Cum
655 3675 871 3728 emiserit
912 3674 964 3724 in
1004 3669 1581 3737 victoriamjudicium?
1607 3667 1740 3720 Cum
1774 3681 1870 3720 sua

281 3770 459 3821 munia
483 3767 806 3833 impleverit,
840 3763 1046 3830 inquit,
1075 3771 1198 3813 tunc
1231 3759 1521 3810 vindictam
1545 3758 1758 3809 inducet
1780 3799 1794 3820 ,
1819 3765 1874 3809 et

283 3859 536 3912 ultionem
594 3855 900 3923 perfectam.
950 3852 1098 3903 'l‘uuc
1148 3850 1327 3918 gravia
1385 3849 1692 3914 patientur,
1748 3862 1869 3900 cum

284 3947 622 4016 Splendidam
653 3943 898 3998 statuerit
928 3952 1212 4008 tropaatm,
1247 3947 1302 3991 et
1325 3937 1440 4005 ejus
1462 3936 1877 4005 justificationes

287 4043 512 4096 vicerint
546 4057 560 4102 ;
594 4054 655 4091 ac
706 4052 772 4090 ne
825 4034 1163 4103 impudenter
1210 4031 1426 4098 quidem
1469 4028 1874 4082 contradicendi

283 4148 467 4186 ausam
496 4130 781 4196 relinquet.
803 4124 1110 4179 Soletenim
1133 4121 1392 4188 judicium
1421 4119 1588 4187 ipsam
1609 4119 1873 4187 justitiam

286 4222 482 4276 dicere.
513 4220 616 4274 Sed
653 4235 754 4270 non
789 4217 839 4269 in
872 4216 970 4268 hoc
998 4223 1199 4266 lillllllnl
1227 4212 1486 4266 consistet
1514 4211 1628 4278 ejus
1654 4223 1875 4262 (nconc-

286 4314 390 4367 tuia
414 4355 429 4377 ,
479 4310 618 4381 quod
651 4307 904 4362 illCl'Cdltil
954 4306 1239 4373 puniantur
1265 4321 1275 4354 :
1311 4317 1494 4355 verum
1520 4301 1678 4353 etiam
1707 4309 1875 4352 totum

285 4404 470 4458 Orbem
499 4401 748 4456 altrahet.
781 4400 1117 4464 Quapropter
1148 4394 1419 4460 subjunxit
1452 4409 1466 4443 :
1497 4390 1562 4443 Et
1587 4393 1639 4442 in
1669 4391 1874 4442 nomine

289 4497 395 4564 ejus
416 4505 583 4566 gentes
605 4491 898 4560 sperabunt.
937 4487 1134 4541 Deinde
1162 4496 1216 4539 ut
1241 4485 1438 4547 discas,
1469 4482 1572 4536 hoc
1601 4481 1760 4535 etiam
1792 4497 1879 4534 se-

293 4587 522 4641 cundum
570 4583 900 4637 voluntatem
947 4578 1118 4632 Patris
1163 4591 1284 4630 esse
1318 4617 1332 4639 ,
1373 4576 1425 4627 in
1459 4575 1574 4642 ipso
1620 4571 1882 4642 principio

294 4681 548 4750 propheta
601 4678 700 4729 hoc
746 4689 867 4726 cum
919 4671 1188 4739 prioribus
1233 4666 1614 4729 confirmavit,
1649 4666 1881 4719 dicens:

294 4769 516 4821 Dilectus
548 4781 712 4827 meus,
754 4765 804 4815 in
835 4779 934 4832 quo
973 4760 1064 4812 sibi
1094 4758 1402 4827 complacuit
1433 4756 1605 4808 anima
1631 4771 1760 4808 mea.
1791 4754 1884 4807 Ει-

293 4860 431 4910 enim
464 4856 636 4924 palam
685 4864 763 4906 est
795 4853 1046 4905 dilectum
1085 4844 1376 4902 secun‘dum
1418 4846 1687 4915 diligentis
1713 4861 1771 4899 se
1795 4861 1886 4896 vo-

296 4951 553 5003 luntatem
579 4946 691 4999 haec
709 4944 918 4998 fecisse.
943 4942 1028 4995 2'2.
1066 4941 1204 4993 Tunc
1229 4940 1512 4992 obtulerunt
1541 4939 1583 4990 ei
1611 4938 1888 4990 dwmonia-

297 5059 430 5105 cum,
462 5055 649 5092 caseum
679 5048 726 5090 et
757 5047 969 5099 mutum,
1001 5044 1047 5087 ει
1088 5035 1274 5086 curavit
1311 5049 1447 5096 eum,
1481 5033 1549 5082 ita
1578 5039 1628 5082 ut
1654 5046 1813 5082 ca'cus
1840 5037 1888 5081 et

299 5146 466 5185 mutus
497 5133 779 5197 loqueretur
806 5137 849 5180 et
877 5127 1081 5179 rideret.

369 5226 422 5278 5.
467 5222 698 5275 Christus
745 5220 994 5285 bene/iens
1023 5258 1037 5280 ,
1095 5216 1475 5269 P/taristeorum
1518 5213 1758 5264 invidiam
1805 5230 1890 5265 ex-

300 5318 440 5367 citat.
492 5313 708 5365 lnvidiw
758 5308 954 5362 nullum
1012 5325 1103 5376 par
1150 5309 1358 5358 malum.
1429 5305 1602 5372 Ipsius
1648 5306 1887 5356 remedia.

297 5434 370 5446 --
407 5404 451 5458 Ο
497 5403 697 5455 malitia
743 5398 1049 5453 daemonis!
1099 5395 1389 5464 Utramque
1442 5396 1578 5448 viam
1620 5436 1633 5456 ,
1691 5412 1792 5462 qua
1848 5397 1890 5447 is

299 5496 603 5550 crediturus
633 5500 770 5554 erat,
802 5492 1164 5550 obstruxerat,
1199 5489 1371 5539 visum
1397 5495 1450 5539 et
1475 5485 1715 5539 auditum
1748 5504 1760 5538 :
1796 5486 1888 5538 sed

303 5600 584 5655 utramque
629 5584 876 5639 Christus
923 5579 1151 5649 aperuit.
1184 5579 1275 5633 9.5.
1315 5577 1374 5629 Et
1425 5579 1691 5646 stupebant
1737 5577 1893 5629 lurst

302 5683 524 5734 dicentes
557 5693 574 5730 :
606 5674 868 5745 Numquid
893 5673 974 5725 hic
1003 5681 1073 5726 est
1102 5670 1241 5739 ﬁlius
1286 5669 1496 5722 David?
1524 5669 1614 5721 9.5.
1645 5667 1893 5720 Phariscei

309 5783 484 5829 autem
502 5772 737 5825 (luerunt
775 5785 794 5821 :
828 5759 1191 5831 liicnonejicit
1211 5758 1492 5828 dwmonia,
1511 5757 1610 5810 nisi
1632 5759 1675 5810 it.-
1693 5759 1893 5814 Beche-

1290 374 1351 428 ΙΝ
1392 369 1801 428 ΜΑΤΊΊΙεΕυΜ
1844 366 2072 422 llOSIIL.
2119 367 2228 421 XL.
2271 367 2341 421 ai.
2387 367 2519 421 XLI.

3454 369 3581 420 iii.

1965 480 2060 532 bub
2094 482 2318 549 principe
2339 480 2722 533 dwmoniorum.
2744 478 2902 547 Atqui
2933 477 3057 548 quid
3081 480 3254 548 magni
3287 481 3455 534 turba:
3478 483 3558 530 di-

1964 584 2151 626 xerant
2176 574 2199 626 ?
2229 577 2481 626 Attamen
2513 571 2563 625 id
2596 572 2854 625 Pharismi
2886 587 2991 624 non
3025 572 3262 624 tulerunt
3293 589 3307 624 :
3335 571 3413 625 sic
3440 572 3511 624 illi
3533 612 3549 634 ,

1964 676 2017 719 ut
2049 680 2207 734 supra
2239 665 2349 717 dixi
2372 704 2387 727 ,
2416 678 2630 730 semper
2657 678 2720 716 ex
2754 662 3029 716 beneﬁciis
3063 663 3310 730 proximo
3340 663 3552 715 collatis

1963 759 2279 812 mordentur
2298 799 2312 822 ,
2344 756 2478 808 nihil
2507 756 2579 808 ita
2606 754 2711 808 illis
2736 753 2977 807 dolorem
3009 753 3175 821 parit,
3203 763 3259 805 ut
3281 751 3555 804 hominum

1964 853 2126 906 salus.
2159 852 2495 917 Quamquam
2522 847 2679 902 Jcsns
2699 854 3024 911 recesserat,
3047 851 3104 899 et
3133 844 3309 898 locum
3338 843 3559 896 dederat

1967 957 2023 996 ut
2049 944 2125 996 ira
2154 942 2475 996 sedaretur:
2515 939 2607 993 sed
2640 951 2824 992 rursus
2867 949 3154 990 accensum
3187 935 3384 1001 malum
3417 935 3511 987 fuit
3544 975 3558 998 ,

1963 1034 2086 1102 quia
2121 1048 2306 1087 rursus
2340 1031 2665 1086 beneficium
2710 1028 2909 1082 factum
2937 1036 3048 1092 est,
3096 1026 3279 1094 iilique
3309 1026 3558 1095 indigna-

1966 1128 2158 1180 bantur
2186 1125 2305 1194 plus
2326 1140 2484 1193 quam
2510 1125 2622 1193 ipse
2643 1122 2877 1187 daamon,
2899 1120 2987 1190 qui
3014 1130 3313 1174 secesserat
3343 1135 3409 1174 ex
3437 1135 3560 1173 cor-

1966 1231 2097 1284 pore
2121 1258 2136 1281 ,
2164 1226 2219 1270 et
2246 1215 2547 1286 aufugerat,
2597 1214 2727 1267 nihil
2757 1212 3007 1282 loquutus
3036 1228 3051 1276 ;
3083 1211 3166 1264 -bi
3194 1221 3369 1264 autem
3399 1211 3560 1263 modo

1969 1309 2115 1361 illum
2165 1309 2462 1361 interficere
2502 1307 2822 1369 tentabant,
2869 1304 3030 1358 modo
3075 1303 3562 1356 calumniabantur.

1967 1399 2101 1464 Quia
2131 1399 2272 1452 enim
2305 1398 2432 1450 illud
2472 1413 2575 1449 non
2616 1406 2761 1450 recte
2793 1393 3116 1464 procedebat
3148 1436 3162 1458 ,
3215 1395 3400 1462 gloriae
3449 1395 3567 1460 ejus

1971 1507 2168 1546 nocere
2192 1491 2457 1544 volebant.
2490 1487 2804 1556 llujusmodi
2837 1501 2925 1540 res
2953 1496 3036 1540 est
3067 1485 3285 1544 invidia,
3324 1487 3406 1538 cui
3438 1487 3558 1538 nul-

1970 1584 2078 1636 lum
2124 1598 2218 1651 par
2260 1582 2480 1634 malum.
2532 1579 2663 1632 Nam
2712 1577 2957 1632 inmchus
2999 1578 3327 1646 voluptatem
3374 1579 3566 1632 saltem

1969 1674 2254 1742 quamdam
2281 1672 2540 1740 percipit,
2562 1681 2617 1724 et
2645 1671 2790 1724 brevi
2825 1678 3067 1737 tempore
3097 1678 3376 1737 peccatum
3407 1684 3566 1722 suum

1973 1764 2212 1832 perficit:
2243 1763 2453 1817 invidus
2482 1779 2607 1816 vero
2636 1778 2696 1816 se
2727 1762 2872 1831 prius
2903 1776 3062 1830 quam
3094 1776 3217 1816 eum
3246 1761 3335 1830 qui
3367 1731 3582 1815 invidet“

1971 1857 2233 1924 supplicio
2260 1854 2445 1918 afficit,
2482 1869 2657 1923 neque
2679 1854 2840 1907 finem
2863 1867 3115 1920 umquam
3138 1853 3396 1922 peccandi
3421 1852 3564 1915 facit,

1970 1960 2022 2002 ct
2047 1949 2099 2000 in
2125 1958 2343 2016 peccato
2371 1956 2639 2000 versatur.
2663 1943 2814 1999 Sicut
2839 1960 2930 1998 sus
2958 1945 3009 1998 in
3033 1945 3144 1998 luto
3169 1985 3182 2009 ,
3208 1953 3264 1998 et
3292 1945 3433 1998 sicut
3462 1943 3571 1998 da:-

1974 2054 2159 2093 moues
2185 2040 2251 2092 de
2276 2039 2475 2092 damno
2505 2046 2688 2090 nostro
2719 2037 2968 2089 [artantur
3001 2053 3014 2087 :
3048 2035 3126 2088 sic
3167 2043 3222 2089 et
3261 2034 3479 2088 invidus
3506 2034 3572 2088 de

1975 2133 2201 2201 proximi
2234 2133 2387 2186 malis
2410 2130 2608 2199 gaudet
2639 2147 2652 2182 :
2681 2136 2736 2182 et
2765 2128 2809 2181 si
2841 2125 2968 2197 quid
3002 2126 3104 2195 ipsi
3146 2128 3298 2180 triste
3338 2133 3392 2178 et
3435 2125 3573 2192 inju-

1973 2223 2204 2275 cundmu
2237 2221 2471 2285 eveniat,
2493 2227 2618 2274 tunc
2649 2218 2740 2272 ille
2770 2217 2997 2286 quiescit
3021 2224 3076 2270 et
3103 2215 3573 2284 respirat,alieuas

1974 2328 2244 2368 aerumnas
2291 2310 2544 2382 gaudium
2583 2324 2704 2365 esse
2759 2325 2916 2363 suum
2963 2318 3197 2377 putans,
3239 2317 3294 2362 et
3346 2306 3572 2360 aliorum

1974 2406 2112 2461 bona
2151 2406 2426 2474 proprium
2471 2404 2572 2458 sibi
2607 2404 2806 2456 malum
2839 2418 2854 2467 ;
2885 2416 3061 2470 neque
3106 2400 3413 2454 considerat
3449 2400 3575 2466 quid

1976 2497 2074 2549 sibi
2103 2511 2288 2560 suave,
2322 2496 2415 2549 sed
2439 2494 2566 2562 quid
2599 2494 2846 2563 proximo
2874 2506 3237 2546 mrumnosum
3266 2492 3355 2544 sit.
3388 2491 3576 2544 Nonne

1976 2586 2110 2639 tales
2134 2585 2377 2638 homines
2405 2583 2676 2652 lapidandi
2706 2593 2762 2638 et
2788 2581 3066 2651 suppliciis
3096 2581 3378 2651 lorqucndi
3411 2590 3536 2634 sunt
3561 2623 3576 2640 ,

1975 2688 2033 2731 ut
2061 2694 2223 2731 canes
2246 2677 2415 2731 rabidi
2441 2719 2456 2742 ,
2491 2687 2550 2730 ut
2579 2677 2854 2730 dwtnones
2886 2674 3064 2727 infesti
3093 2716 3107 2739 ,
3133 2683 3191 2726 ut
3219 2675 3346 2742 ipsa:
3376 2671 3526 2724 furia:
3556 2671 3578 2722 ‘3

1974 2767 2107 2821 Nam
2132 2767 2582 2834 quemadmodum
2616 2766 2872 2819 scarabmi
2902 2766 2952 2817 in
2987 2765 3113 2817 fimo
3135 2765 3444 2816 nutriuntur
3465 2804 3476 2822 ,
3497 2762 3579 2814 sic

1977 2870 2028 2911 et
2058 2859 2109 2910 bi
2135 2859 2184 2910 in
2209 2859 2397 2911 alienis
2426 2858 2818 2910 calamitatibus
2849 2897 2862 2918 ,
2893 2869 3212 2909 communes
3240 2864 3445 2907 natura:
3475 2854 3580 2905 ini-

1979 2950 2098 3000 mici
2130 2958 2181 3001 et
2218 2947 2422 3000 hostes.
2470 2947 2536 2999 Et
2575 2947 2662 2998 alii
2701 2946 2913 3014 quidem
2959 2946 3003 2997 si
3053 2945 3241 2998 brutas
3268 2944 3576 2996 animantes

1974 3039 2241 3108 jugulatas
2291 3039 2517 3091 viderint
2547 3080 2560 3101 ,
2601 3037 2965 3090 llllSCt'lCOl‘lilﬂ
3014 3047 3326 3101 moventur;
3356 3045 3410 3089 tu
3441 3052 3569 3088 vero

1980 3130 2248 3182 hominem
2274 3130 2458 3181 videns
2488 3128 2746 3181 beneficio
2778 3128 3050 3190 affectum,
3079 3128 3342 3190 efferaris,
3372 3128 3580 3189 tremis,

1980 3221 2151 3288 palles
2178 3220 2201 3271 ?
2229 3219 2431 3286 Ecquid
2482 3220 2583 3270 hoc
2629 3218 2809 3270 furore
2831 3218 3074 3270 deterius
3099 3218 3121 3268 ‘t
3152 3217 3276 3270 Ideo
3306 3216 3579 3270 fornicarii

1979 3320 2033 3364 ct
2083 3310 2353 3380 publicani
2400 3309 2451 3361 in
2503 3324 2728 3378 regnum
2779 3308 2982 3362 intrare
3033 3295 3368 3377 potuerunt;
3419 3308 3583 3361 invidi

1981 3419 2130 3468 vero,
2162 3403 2252 3473 qui
2285 3407 2428 3455 intus
2453 3411 2606 3455 erant
2631 3443 2645 3465 ,
2679 3400 2880 3468 egressi
2904 3410 3029 3453 sunt
3057 3419 3068 3452 :
3099 3416 3221 3454 nam
3253 3399 3376 3454 Filii
3410 3404 3578 3469 reqni,

1982 3495 2174 3562 inquit,
2213 3497 2350 3563 foras
2381 3493 2648 3561 ejicientur
2683 3489 2897 3560 (Matth.
2928 3490 2980 3544 3.
3010 3491 3125 3561 12).
3159 3491 3229 3544 Et
3258 3491 3331 3544 illi
3358 3492 3577 3560 quidem

1981 3587 2047 3640 ab
2079 3586 2310 3654 nequitia
2335 3586 2526 3653 erepti,
2552 3599 2670 3653 qum
2697 3598 2987 3653 numquam
3006 3594 3589 3651 exspectavcrautcon—

1982 3679 2190 3747 sequuti
2222 3686 2346 3732 sunt
2371 3695 2382 3730 :
2409 3676 2464 3729 bi
2497 3691 2622 3729 vero
2653 3675 2790 3729 bona
2815 3691 2934 3743 qua:
2963 3674 3072 3743 jam
3107 3675 3366 3729 tenebant
3391 3674 3588 3728 amise-

1983 3777 2110 3822 runt
2141 3785 2154 3831 ;
2188 3768 2380 3837 etjure
2404 3766 2641 3835 quidem.
2665 3764 2776 3819 lloc
2798 3766 2941 3819 enim
2975 3763 3245 3818 diabolum
3277 3782 3344 3819 cx
3368 3765 3590 3817 homine

1984 3860 2148 3926 facit;
2181 3862 2280 3913 hoe
2308 3859 2539 3914 ferocem
2567 3859 2866 3910 dicmonem
2889 3854 3075 3910 efficit.
3112 3855 3201 3910 Sic
3223 3858 3390 3925 prima
3414 3856 3590 3909 cmdcs

1987 3952 2122 4006 facta
2154 3961 2236 4005 cst
2267 3970 2280 4016 ;
2309 3952 2389 4005 sic
2415 3960 2618 4002 natura:
2649 3948 2791 4001 nulla
2823 3946 3002 4000 habita
3032 3947 3170 4000 ratio
3200 3948 3297 4000 fuit
3323 3947 3477 4017 (Gen.
3509 3946 3587 4008 4);

1987 4047 2065 4100 sic
2099 4057 2240 4100 terra
2281 4044 2483 4113 polluta
2529 4053 2648 4106 est;
2679 4041 2757 4093 sic
2805 4048 2991 4107 postea
3036 4054 3100 4093 os
3139 4054 3294 4092 suum
3339 4038 3591 4106 aperiens

1990 4150 2150 4200 terra,
2193 4137 2419 4197 Dathan,
2443 4135 2583 4188 Core
2606 4142 2660 4188 et
2686 4132 2910 4193 Abiron,
2939 4140 3214 4200 totumque
3248 4131 3394 4184 illum
3419 4145 3589 4199 pepu-

1989 4231 2097 4283 lum
2129 4231 2338 4296 excepit
2369 4237 2423 4282 et
2451 4226 2675 4295 perdidit
2701 4224 2886 4294 (Num.
2922 4224 3035 4292 '16).
3069 4225 3170 4285 At,
3205 4224 3402 4277 dixerit
3428 4225 3586 4294 quis-

1992 4325 2156 4393 piam,
2183 4322 2333 4375 facile
2359 4331 2442 4374 cst
2469 4321 2536 4372 de
2563 4319 2758 4373 invidia
2787 4333 3044 4372 accusare
3067 4358 3083 4382 ,
3113 4317 3206 4371 scd
3242 4316 3544 4370 docendum
3571 4317 3585 4348 ⁸

1991 4432 2097 4484 quo
2124 4409 2279 4482 pacto
2311 4411 2473 4464 invidi
2503 4411 2571 4464 ab
2601 4411 2702 4464 hoc
2739 4410 2930 4463 morbo
2962 4409 3278 4461 liberentur.
3309 4406 3595 4470 Quomodo

1993 4519 2120 4573 ergo
2151 4502 2500 4556 liberabimur
2527 4501 2595 4554 ab
2617 4500 2896 4568 iniquitate
2920 4497 3292 4566 hujuscemodi
3315 4498 3337 4548 ?
3362 4495 3416 4549 Si
3449 4500 3608 4570 cegi-

1996 4608 2189 4659 tentus,
2214 4593 2677 4649 sicutfornicatori
2707 4608 2810 4644 non
2842 4593 2965 4645 licet
2987 4591 3186 4644 intrare
3208 4593 3260 4642 iu
3282 4588 3602 4645 ecclesiam.

1994 4688 2072 4740 sic
2099 4701 2272 4756 neque
2301 4684 2518 4747 invido;
2553 4687 2659 4736 imo
2701 4684 2880 4736 minus
2923 4682 3048 4734 huic
3091 4681 3256 4733 licere
3301 4695 3460 4748 quam
3498 4680 3594 4731 ἰΗί.

1994 4778 2146 4833 Nunc
2167 4779 2380 4846 quidem
2404 4776 2600 4829 malum
2632 4773 2762 4826 illud
2790 4773 2940 4842 quasi
2961 4770 3271 4825 indifferens
3301 4784 3421 4824 esse
3452 4769 3598 4822 vide-~

2000 4881 2085 4924 tur
2111 4887 2124 4933 ;
2154 4870 2378 4936 ideoque
2406 4867 2692 4936 negligitur
2719 4881 2732 4917 :
2759 4865 2851 4917 sed
2877 4863 2920 4917 si
2953 4861 3295 4917 manifestum
3328 4861 3494 4914 semel
3527 4863 3597 4913 sit

2000 4964 2196 5018 malum
2236 4977 2359 5016 esse
2383 5003 2397 5024 ,
2432 4960 2586 5013 facile
2616 4960 2683 5012 ab
2722 4974 2786 5012 eo
2815 4958 3138 5012 resilicmus.
3173 4957 3318 5023 Luge
3351 4957 3508 5023 igitur
3540 4967 3595 5008 et

1999 5054 2329 5124 ingemisce;
2358 5052 2657 5105 lamentare
2685 5057 2738 5101 et
2768 5047 2939 5100 Deum
2975 5061 3217 5115 precare.
3257 5045 3413 5105 Disce
3440 5049 3594 5113 quasi

2004 5147 2071 5202 de
2106 5146 2427 5216 gravissimo
2452 5152 2674 5212 peccato
2713 5141 2884 5206 allici,
2925 5140 3367 5208 etpoznitcntiam
3413 5155 3592 5207 agere.

2000 5238 2142 5294 Etsi
2183 5240 2264 5293 sic
2299 5236 2526 5293 affectus
2575 5235 2746 5289 fueris
2773 5276 2786 5299 ,
2824 5234 2933 5288 cito
2977 5233 3045 5286 ab
3070 5233 3172 5285 hoe
3217 5233 3404 5284 morbo
3456 5231 3595 5283 liber

2004 5328 2215 5384 evadt-s.
2253 5329 2445 5396 Ecquis
2491 5328 2737 5395 ignorat,
2767 5324 2976 5392 inquies
3002 5365 3016 5384 ,
3049 5322 3300 5375 invidiam
3333 5336 3452 5374 csse
3481 5337 3596 5372 ma-

2003 5425 2110 5478 lum
2138 5421 2158 5472 ’ἶ
2192 5423 2406 5489 Ignorat
2445 5420 2661 5487 quidem
2692 5433 2851 5470 nemo
2890 5434 2904 5480 ;
2939 5416 3034 5470 sed
3069 5427 3248 5469 tamen
3279 5429 3382 5468 non
3415 5429 3596 5482 parcnt

2003 5529 2122 5568 esse
2164 5513 2406 5565 morluun
2437 5519 2623 5578 putant
2653 5508 2994 5562 fornicationi
3035 5515 3090 5560 ct
3131 5505 3415 5560 adulterio.
3466 5504 3599 5556 Nam

2003 5607 2120 5676 quis
2144 5619 2393 5673 umquam
2428 5616 2549 5655 sese
2574 5600 2867 5665 damnavit,
2897 5599 3036 5669 quod
3075 5597 3220 5668 gravi
3254 5596 3449 5651 invidia
3495 5598 3602 5648 du.-

2070 5758 2081 5787 ³
2108 5759 2244 5822 Lege
2261 5757 2345 5809 sed
2367 5754 2724 5820 inquirendum.
