4076 6440
472 371 580 436 με

475 500 597 545 ctus
617 487 841 544 fuisset?
866 485 1212 554 Quandonam
1245 485 1363 556 quis
1383 487 1593 555 rogavit
1615 481 1804 549 Deum,
1834 490 1893 537 ut
1913 481 2056 537 circa

477 580 617 634 hunc
638 579 897 634 morbum“
913 577 1012 632 sibi
1036 577 1295 648 propitius
1321 578 1511 632 esset?
1537 576 1706 631 Nemo
1724 575 1908 644 utique
1932 590 2056 628 um-
2092 589 2104 599 ο

470 682 652 739 quam;
677 669 768 724 sed
788 669 830 724 si
844 669 1047 738 jejunet
1062 683 1122 721 ac
1143 666 1406 720 tantillum
1429 667 1667 735 pecunia:
1688 666 1779 720 det
1809 665 2052 734 pauperi,

471 763 811 830 quantumvis
828 760 1132 823 sitinvidus,
1146 758 1279 812 nihil
1301 774 1360 813 se
1379 774 1539 828 grave
1559 759 1839 813 admisisse
1863 766 2012 827 putat
2036 774 2051 823 ;

474 853 598 905 licet
638 853 952 921 gravissimo
991 852 1227 904 omnium
1260 851 1446 905 morbo
1465 859 1724 904 teneatur.
1776 848 2051 904 Undenam

471 944 601 998 Cain
622 954 728 1000 tam
741 943 995 998 scelestus
1010 942 1230 998 euectus
1246 943 1362 998 est?
1383 943 1523 998 unde
1539 943 1704 997 Esau?
1725 943 1864 997 unde
1881 942 2054 996 Labu-

471 1038 523 1088 ni
553 1036 681 1090 filii?
701 1038 838 1092 unde
859 1037 952 1091 lilii
975 1035 1196 1091 Jacobi?
1226 1037 1365 1090 unde
1385 1035 1523 1090 Core
1553 1077 1567 1100 ,
1609 1034 1812 1088 Dathan
1843 1041 1899 1088 et
1919 1033 2050 1086 Abi-

473 1128 607 1178 ron?
637 1125 776 1181 unde
810 1126 973 1181 Maria
993 1130 1017 1178 ?
1044 1125 1184 1180 unde
1208 1127 1384 1180 Aaron
1411 1125 1436 1178 ?
1463 1124 1603 1178 unde
1624 1125 1736 1194 ipse
1765 1121 2052 1177 diabolus?

541 1221 594 1275 Δ.
628 1218 760 1274 Cum
798 1217 884 1272 his
912 1218 1016 1273 hoc
1059 1218 1220 1272 etiam
1249 1215 1519 1287 perpende
1543 1257 1559 1279 ,
1594 1226 1643 1270 te
1683 1229 1788 1269 non
1815 1227 1938 1269 eum
1964 1215 2050 1268 cui

470 1311 675 1365 invides
705 1309 906 1365 lzederc
934 1350 949 1374 ,
982 1308 1076 1364 sed
1117 1309 1168 1362 in
1195 1309 1424 1377 teipsum
1457 1307 1688 1378 gladium
1715 1315 1948 1361 vertere.
1992 1305 2047 1357 In

471 1419 575 1471 quo
602 1403 743 1456 enim
775 1400 996 1455 Abelum
1019 1398 1150 1454 Cain
1173 1400 1310 1455 ltesit
1329 1400 1354 1452 ἲ
1373 1399 1521 1453 illum
1551 1400 1708 1453 citius
1737 1402 1820 1452 vel
1853 1397 2051 1450 invitus

471 1497 522 1550 iu
556 1510 774 1566 regnum
805 1494 968 1558 misit,
997 1507 1161 1562 seque
1185 1493 1449 1547 sexcentis
1477 1491 1698 1545 involvit
1727 1490 1900 1543 malis.
1935 1487 2048 1554 Qua

470 1587 522 1639 in
556 1600 616 1639 re
654 1584 854 1639 Jacobo
885 1585 1061 1638 nocuit
1110 1581 1253 1636 Esau
1282 1583 1305 1634 ‘l
1333 1595 1510 1635 annon
1553 1581 1641 1635 ille
1665 1579 1815 1634 dives
1851 1587 1968 1632 erat
1997 1588 2051 1631 ct

470 1675 614 1728 mille
634 1674 788 1728 bonis
815 1672 1104 1734 fruebatur,
1139 1672 1222 1725 hic
1248 1686 1373 1725 vero
1402 1679 1617 1738 paterna
1646 1668 1808 1724 domo
1827 1668 2044 1733 excidit,

475 1775 528 1820 et
571 1773 690 1834 post
732 1773 959 1818 structas
1006 1763 1224 1816 insidias
1253 1762 1305 1815 in
1336 1762 1508 1815 aliena
1553 1759 1772 1829 regione
1800 1757 2054 1815 erravit?

473 1855 610 1922 Quid
657 1861 834 1909 autem
865 1852 1048 1908 Jacobi
1094 1853 1234 1906 ﬁlii?
1267 1868 1334 1906 an
1381 1850 1670 1921 Joscpbum
1713 1851 1767 1912 in
1808 1849 2047 1920 peiorem

467 1956 662 2000 statum
689 1946 1022 2001 adduxerunt
1048 1989 1062 2008 ,
1091 1932 1297 2001 etiamsi
1321 1959 1488 2015 usque
1513 1945 1579 1999 ad
1610 1945 1920 2015 sanguinem
1953 1958 2047 1997 ve-

468 2039 674 2092 nissent
697 2035 721 2089 ?
747 2036 935 2092 Nonne
961 2036 1048 2090 isti
1066 2037 1259 2090 famem
1291 2037 1453 2106 passi,
1482 2050 1545 2089 ac
1573 2035 1641 2089 de
1670 2033 1926 2090 extremis
1955 2048 2048 2102 pe-

466 2127 681 2183 riclitati
708 2140 850 2192 sunt.
880 2129 969 2184 ille
991 2144 1120 2184 vero
1148 2144 1242 2185 rex
1273 2129 1324 2182 in
1353 2137 1457 2183 tota
1489 2127 1722 2198 Egypt!)
1749 2126 1890 2182 fuit?
1914 2125 2047 2181 Nam

467 2233 666 2290 quanto
695 2221 860 2290 magis
887 2220 1083 2274 invidia
1113 2220 1463 2284 laboraveris,
1497 2220 1867 2287 tanto:majora
1893 2217 1942 2272 ei
1963 2217 2047 2271 cui

443 2313 673 2367 invides
699 2312 835 2366 bona
864 2311 1132 2365 concilias.
1158 2311 1296 2365 Deus
1312 2311 1452 2364 enim
1476 2351 1490 2375 ,
1509 2311 1598 2380 qui
1615 2310 1814 2364 'Cuncta
1844 2309 2049 2378 perspi-

453 2407 540 2460 'eit
574 2447 587 2469 ,
625 2419 744 2459 cum
767 2403 912 2457 videt
933 2417 1054 2458 eum
1077 2400 1198 2456 hodi
1225 2402 1315 2471 qui
1346 2401 1474 2456 nihil
1505 2401 1663 2469 lmsit,
1691 2401 1840 2456 illum
1867 2399 2041 2469 erigit,

467 2496 916 2564 illustrioremque
954 2492 1155 2561 efficit;
1205 2493 1443 2547 invidum
1484 2508 1615 2549 vero
1662 2493 1865 2563 plectit.
1910 2491 2043 2546 Nam

466 2589 509 2642 si
534 2603 649 2653 eos,
674 2588 763 2658 qui
780 2587 846 2642 de
872 2587 1025 2642 malis
1051 2587 1386 2642 inimicorum
1404 2576 1670 2651 laetentur,
1689 2601 1794 2640 non
1826 2587 2050 2654 impuni-

467 2689 551 2734 tos
595 2680 723 2733 sinit
767 2678 786 2753 (
809 2679 892 2734 Ne
935 2678 1159 2748 gaudeas
1195 2669 1349 2742 enim,
1376 2678 1563 2745 inquit.
1582 2679 1646 2731 de
1674 2695 1792 2731 casu
1819 2677 2046 2730 inimico-

463 2788 577 2824 rum
612 2781 928 2836 tuorum,”
948 2769 1149 2837 quando
1203 2766 1340 2823 Deus
1389 2769 1571 2834 videat,
1600 2777 1648 2821 et
1689 2767 1952 2838 displiceat
1998 2768 2044 2821 ei

464 2859 645 2933 [Prom
667 2861 758 2916 24.
785 2861 875 2915 17.
893 2857 981 2931 l8]
1006 2860 1026 2930 )
1047 2879 1061 2914 :
1089 2860 1257 2916 multo
1284 2859 1460 2911 minus
1476 2872 1570 2912 eos
1591 2858 1679 2926 qui
1698 2857 1934 2912 invident
1955 2857 2039 2922 iis,

461 2967 490 3003 a
515 2952 710 3020 quibus
731 2950 865 3004 nihil
890 2950 1004 3004 laesi
1030 2957 1176 3004 sunt.
1220 2949 1414 3003 Feram
1437 2948 1618 3018 itaque
1648 2947 1784 3003 hanc
1814 2989 1828 3012 ,
1863 2947 2048 3001 audtis

461 3043 775 3097 instructam
821 3042 1081 3112 capitibus
1109 3081 1125 3106 ,
1167 3041 1563 3097 exseindumus.
1629 3041 1806 3095 Multae
1848 3041 2054 3110 quippe

460 3143 582 3187 sunt
605 3132 812 3187 invidia:
838 3132 1060 3202 Species.
1089 3131 1220 3185 Nam
1246 3133 1289 3184 si
1315 3131 1483 3200 is,qui
1504 3145 1564 3185 se
1590 3139 1855 3185 amantem
1876 3139 2048 3194 amat,

463 3222 596 3276 nihil
637 3223 758 3292 plus
786 3222 967 3283 habet,
997 3236 1154 3291 quam
1187 3221 1500 3291 publicanus
1523 3261 1543 3285 ,
1571 3221 1658 3290 qui
1705 3235 1764 3275 se
1794 3221 1923 3274 nihil
1952 3221 2046 3274 ire-

462 3314 677 3369 dentem
705 3313 829 3367 odio
859 3312 1048 3376 habet,
1081 3327 1187 3381 quo
1217 3313 1266 3364 iu
1294 3312 1410 3365 loco
1435 3310 1639 3364 stabit?
1663 3300 1932 3380 quomodo
1961 3311 2042 3364 cf-

458 3405 622 3474 fugiet
649 3404 944 3475 gehennam
967 3446 982 3470 ,
1026 3418 1147 3458 cum
1177 3401 1406 3458 ethnicis
1441 3403 1592 3472 pejor
1621 3402 1792 3458 factus
1815 3405 1928 3472 sit?
1957 3402 2042 3459 ld-

460 3495 605 3550 circo
669 3494 951 3548 admodum
1019 3493 1178 3547 doleo
1210 3534 1229 3556 ,
1280 3493 1420 3561 quod
1467 3495 1557 3563 qui
1621 3495 1879 3564 angelos,
1933 3495 2042 3549 imo

460 3585 770 3656 angelorum
803 3584 1080 3638 Dominum
1113 3583 1310 3636 imitari
1333 3583 1463 3650 jussi
1506 3598 1724 3649 sumus,
1771 3585 2040 3641 diabolum

459 3676 750 3730 imitemur.
802 3673 932 3728 Nam
979 3673 1145 3727 multa
1187 3683 1240 3728 et
1290 3675 1340 3727 in
1388 3674 1624 3729 Ecclesia
1671 3676 1866 3752 invidia
1917 3685 2039 3741 est;

460 3768 736 3835 multoque
761 3766 928 3836 magis
959 3764 1010 3817 in
1043 3765 1197 3818 nobis
1227 3806 1241 3828 ,
1269 3779 1427 3833 quam
1457 3764 1506 3816 in
1539 3764 1786 3819 subditis.
1823 3765 1947 3821 ideo
1972 3768 2040 3821 ad

459 3873 560 3913 nos
587 3872 764 3911 sermo
791 3864 1046 3909 vertatur.
1081 3855 1256 3920 Quare
1281 3894 1295 3916 ,
1326 3853 1412 3908 dic
1441 3853 1568 3907 mihi
1594 3895 1607 3919 ,
1638 3857 1882 3924 proximo
1904 3856 2042 3910 invi-

459 3948 555 4002 des
579 3947 602 4000 ?
628 3947 760 4014 Quia
787 3945 987 3998 honore
1015 3952 1066 3997 et
1105 3943 1414 3997 celebritate
1439 3940 1701 3997 fruentem
1729 3944 1909 4000 vides?
1931 3945 2041 4001 Nec

457 4040 661 4110 cogitas
689 4045 943 4108 quantum
976 4035 1098 4089 mali
1129 4034 1361 4089 honores
1388 4031 1688 4089 afferantiis
1710 4037 1801 4105 qui
1829 4051 1934 4091 non
1960 4047 2040 4092 at-

457 4129 728 4184 tendunt?
758 4126 817 4180 In
838 4141 1028 4179 vanam
1046 4125 1268 4194 gloriam
1298 4123 1566 4179 extollunt
1592 4165 1607 4188 ,
1639 4126 1691 4179 in
1721 4126 1916 4181 fastum
1942 4169 1957 4192 ,
1984 4127 2041 4181 in

457 4221 838 4291 arrogantiam,
869 4219 922 4272 in
949 4215 1254 4288 superbiam
1281 4257 1296 4281 ,
1326 4217 1742 4286 negligentiores
1762 4219 1994 4275 reddunt
2019 4263 2038 4289 ,

458 4329 523 4368 ac
561 4320 754 4383 praeter
791 4310 904 4363 haec
950 4309 1088 4362 mala
1122 4349 1137 4372 ,
1182 4306 1337 4362 facile
1385 4317 1741 4370 marcescunt,
1782 4308 2039 4379 Quodque

457 4403 826 4474 gravissimum
848 4409 950 4465 est,
973 4398 1107 4453 mala
1133 4397 1257 4452 hinc
1274 4398 1552 4465 importata
1580 4409 1797 4453 manent
1823 4400 2040 4454 immor-

459 4496 582 4551 talia
611 4513 626 4550 :
659 4496 897 4564 voluptas
928 4505 1054 4547 vero
1080 4490 1166 4545 ubi
1211 4489 1436 4560 primum
1467 4491 1733 4559 apparuit,
1784 4493 2035 4547 avolavit.

458 4589 625 4644 Hisne
652 4630 667 4654 ,
712 4601 894 4657 quaeso
914 4625 932 4653 ,
975 4583 1043 4639 de
1082 4584 1258 4638 causis
1304 4582 1558 4637 invides?
1587 4582 1688 4637 Sed
1719 4592 2038 4653 potestatem

461 4682 676 4736 multam
703 4680 861 4734 habet
887 4677 972 4731 ille
988 4665 1124 4745 apud
1148 4677 1517 4745 imperantem,
1547 4677 1723 4728 omnia
1745 4690 1836 4731 sus
1863 4677 2038 4747 deque

459 4782 633 4827 versat
661 4784 754 4840 pro
780 4768 966 4831 lubito,
990 4767 1334 4821 adversantes
1351 4765 1448 4820 sibi
1471 4765 1763 4832 ulciscitur,
1792 4767 2036 4822 adulatov

457 4877 548 4918 res
571 4861 842 4916 beneficiis
870 4856 1034 4912 afficit
1060 4900 1073 4921 ,
1092 4872 1402 4929 lmagnaque
1430 4855 1620 4910 fruitur
1643 4859 1898 4928 potentia.
1926 4860 2038 4915 Sm-

457 4951 714 5006 cularium
742 4947 1014 5002 hominum
1046 4946 1156 5001 hinc
1181 4945 1340 5000 verba
1362 4954 1506 5000 sunt.
1539 4945 1671 5000 Nam
1700 4947 2030 5017 Spiritualem

460 5043 728 5097 hominem
749 5040 888 5096 nulla
922 5055 1007 5094 res
1031 5037 1461 5093 dolore-afficere
1497 5047 1692 5108 potest.
1727 5039 1863 5106 Quid
1892 5042 2032 5095 enim

459 5137 530 5191 illi
561 5135 683 5188 mali
710 5133 913 5188 faciet?
941 5148 1010 5186 an
1038 5146 1067 5185 a
1106 5132 1360 5200 dignitate
1387 5130 1599 5200 dejiciet
1623 5132 1646 5183 ?
1686 5131 1752 5185 Et
1777 5132 1900 5201 quid
1933 5133 2036 5188 hoc

455 5238 535 5284 est
562 5229 585 5283 ?
612 5227 668 5284 Si
699 5229 839 5282 enim
865 5228 1008 5296 juste
1031 5268 1046 5292 ,
1089 5225 1140 5279 id
1183 5226 1313 5280 utile
1340 5225 1437 5293 ipsi
1465 5225 1569 5280 erit
1601 5243 1613 5279 :
1642 5225 1774 5280 nihil
1799 5229 1938 5280 enim
1965 5228 2034 5282 ita

460 5322 568 5378 Deo
586 5320 844 5389 diSplieet,
878 5334 1034 5387 quam
1065 5318 1110 5372 si
1138 5319 1258 5387 quis
1281 5317 1499 5386 indigne
1529 5317 1831 5371 sacerdouu
1857 5320 2035 5388 funga-

456 5422 559 5464 tur.
585 5409 681 5464 Sin
705 5410 899 5478 injuste
923 5451 937 5474 ,
983 5409 1134 5477 culpa
1165 5422 1328 5476 penes
1363 5407 1718 5477 deponentem
1756 5409 1858 5461 erit
1883 5449 1898 5474 ,
1930 5425 2033 5463 non

455 5516 620 5573 penes
646 5501 945 5571 depositum
979 5519 992 5554 :
1026 5515 1146 5554 nam
1173 5500 1260 5569 qui
1304 5498 1497 5568 injuste
1538 5499 1665 5569 quid
1717 5500 1913 5568 patitur
1943 5541 1958 5562 ,
1989 5500 2034 5554 si

456 5594 666 5649 fortiter
693 5591 828 5648 lerat
854 5633 871 5657 ,
912 5591 1167 5659 majorem
1197 5590 1319 5644 hi'nc
1347 5589 1485 5659 apud
1513 5588 1682 5645 Deum
1712 5591 2037 5644 nanciscitur

455 5683 753 5740 libertatem
784 5698 846 5735 ac
869 5679 1134 5738 ﬁduciam.
1182 5679 1268 5735 Ne‘
1287 5672 1467 5750 itaque
1488 5679 1540 5734 id
1564 5680 1614 5734 in
1639 5693 1804 5746 scapo
1835 5679 2029 5733 haben-

458 5789 594 5844 mus,
622 5783 680 5829 ut
700 5772 938 5828 fruamur
961 5770 1213 5842 potentia,
1240 5768 1461 5832 honore,
1494 5768 1827 5832 auctoritate,
1851 5768 1942 5822 sed
1974 5777 2028 5822 ut

1253 374 1308 432 S.
1346 371 1622 430 JOANNIS
1657 366 2130 426 ClliiYSOSTOSﬂ
2171 365 2485 423 ARClllEP.
2527 363 3060 425 CONSTANTINOP.

3641 377 3749 434 ιιι

2161 481 2214 534 in
2249 482 2444 533 virtute
2471 491 2630 549 atque
2655 479 2989 550 philosophia
3017 497 3312 540 versemur.
3355 485 3488 543 Nam
3512 489 3746 562 dignita-

2162 579 2240 624 tes
2267 568 2333 622 ad
2362 570 2527 623 multa
2560 572 2670 625 Deo
2691 587 2794 625 nou
2823 573 3016 642 placita
3039 578 3294 643 patranda
3323 580 3622 651 inducunt,
3654 595 3747 640 at-

2158 675 2262 729 que
2289 659 2487 730 ingenti
2529 675 2660 730 opus
2686 669 2769 714 est
2812 663 3022 726 animo,
3056 673 3112 720 ut
3145 667 3401 739 dignitate
3438 686 3503 726 ac
3551 685 3748 742 poten-

2159 751 2228 804 tia
2267 761 2413 806 reete
2442 762 2684 806 utamur:
2718 755 2805 822 qui
2850 769 2979 808 vero
3025 771 3053 809 a
3099 757 3354 827 dignitate
3394 762 3699 821 detruditur
3721 806 3753 836 ,ς

2156 840 2286 894 velit
2315 842 2450 895 nolit
2477 843 2886 913 philosophatur
2916 861 2929 896 :
2961 854 3017 897 at
3041 847 3133 914 qui
3173 849 3260 902 illa
3294 852 3486 907 fruitur
3517 896 3532 919 ,
3563 855 3744 911 simile

2156 932 2282 1003 quid
2308 935 2530 1003 patitur,
2551 950 2613 990 ac
2636 937 2678 989 si
2712 936 2830 1006 quis
2855 951 2978 992 cum
3008 938 3242 995 formosa
3265 945 3438 1011 puella
3470 945 3741 1014 habitans,

2156 1023 2274 1092 lege
2299 1036 2542 1080 arceatur
2563 1043 2629 1079 ne.
2651 1026 2794 1080 illam
2819 1028 3028 1084 lascivis
3049 1044 3298 1100 umquam
3316 1036 3483 1090 oculis
3496 1038 3747 1106 aspiciat.

2157 1113 2301 1169 Talis
2345 1127 2427 1171 est
2453 1119 2710 1187 potentia.
2739 1118 2972 1190 ideoque
3015 1123 3212 1178 multos
3253 1139 3391 1194 pene
3434 1128 3631 1185 invitos
3674 1132 3749 1187 ad

2155 1209 2532 1263 contumeliam
2559 1210 2888 1266 inferendam
2914 1213 3122 1268 induxit
3143 1255 3158 1276 ,
3190 1215 3257 1268 ad
3293 1215 3424 1271 iram
3455 1219 3691 1276 incitavit
3721 1263 3748 1290 ,

2155 1295 2348 1366 linguae
2375 1297 2584 1353 frenum
2617 1301 2748 1369 ipsis
2766 1302 3006 1367 abstulit,
3036 1313 3089 1359 et
3118 1304 3332 1375 januam
3361 1309 3471 1364 oris
3496 1313 3695 1366 avulsit
3723 1352 3744 1378 ,

2157 1388 2299 1443 venti
2323 1389 2489 1444 instar
2512 1392 2750 1446 animum
2774 1394 3189 1465 circumquaque
3217 1399 3378 1468 agitat
3402 1440 3417 1466 ,
3447 1410 3502 1455 et
3535 1403 3586 1456 in
3615 1419 3744 1472 pro-

2113 1481 2118 1484 ’
2155 1479 2370 1534 fundum
2414 1482 2676 1538 malorum
2713 1484 2964 1554 scapham
3010 1486 3290 1557 demergit.
3323 1491 3458 1556 Quid
3491 1492 3652 1562 igitur
3677 1495 3740 1549 in

2156 1577 2302 1624 tanto
2327 1573 2566 1638 periculo
2599 1574 2810 1628 miraris
2835 1585 2888 1628 et
2915 1575 3256 1631 invidendum
3285 1591 3436 1648 putas
3465 1581 3488 1634 τ
3517 1589 3572 1636 et
3587 1598 3742 1653 qua:-

2153 1673 2274 1713 nam
2299 1659 2412 1714 haec
2439 1670 2523 1716 est
2549 1662 2816 1719 dementia
2840 1664 2870 1716 τ
2893 1666 3022 1720 Cum
3053 1668 3118 1721 iis
3147 1684 3275 1724 vero
3301 1686 3419 1740 qua:
3450 1672 3589 1727 dicta
3616 1683 3745 1730 sunt

2153 1751 2324 1820 cogita
2355 1793 2368 1816 ,
2393 1763 2521 1823 quot
2542 1753 2784 1811 inimicos
2811 1765 2867 1812 et
2891 1768 3250 1826 accusatores,
3276 1771 3408 1840 quot
3433 1763 3742 1822 adulatores

2153 1840 2347 1897 habeat
2366 1858 2424 1898 se
2453 1845 2781 1901 obsidentes.
2811 1847 3056 1904 Haeccine
3096 1850 3256 1920 igitur
3283 1841 3296 1912 ζ
3321 1869 3503 1923 quasso
3526 1897 3540 1918 ,
3581 1856 3750 1926 digna-

2151 1941 2278 1987 snnt
2306 1951 2424 2004 quae
2446 1936 2597 1991 beata
2627 1936 3035 2007 prmdicentur?
3064 1939 3262 2009 Ecquis
3285 1941 3384 1997 hoc
3404 1943 3645 2000 dixerit?
3669 1947 3749 2000 At.

2152 2026 2290 2094 apud
2323 2027 2601 2096 populum,
2631 2029 2864 2099 inquies,
2886 2030 3208 2086 celebratur.
3245 2033 3444 2102 Ecquid
3474 2035 3574 2090 hoc
3605 2045 3688 2092 est
3716 2037 3752 2091 ?‘

2152 2115 2334 2185 Neque
2362 2118 2503 2171 enim
2529 2117 2755 2189 populus
2781 2128 2865 2175 est
2893 2119 3030 2176 Deus
3049 2163 3064 2186 ,
3094 2122 3180 2177 cui
3202 2123 3324 2178 vitae
3352 2127 3588 2181 rationes
3612 2128 3737 2183 ned-

2151 2209 2362 2264 diturus
2381 2212 2471 2265 sit.
2500 2211 2679 2282 itaque
2704 2212 2922 2282 quando
2953 2215 3210 2283 populum
3241 2214 3400 2282 dicis,
3429 2217 3564 2272 nihil
3588 2219 3745 2277 aliud

2149 2315 2419 2355 memoras
2446 2343 2460 2364 ,
2489 2317 2648 2371 quam
2676 2302 2858 2359 obices
2888 2343 2903 2369 ,
2935 2305 3186 2370 scopulos
3211 2346 3225 2368 ,
3263 2305 3448 2361 brevia
3467 2350 3482 2373 ,
3521 2310 3744 2366 latentia
3839 2309 3847 2317 ’

2149 2406 2298 2447 saxa.
2333 2391 2424 2446 Illa
2456 2393 2599 2449 enim
2631 2394 2682 2448 in
2709 2394 2907 2464 populo
2934 2395 3238 2463 celebritas,
3272 2407 3471 2472 quanto
3491 2401 3736 2470 splendi-

2151 2481 2352 2538 diorem
2382 2482 2748 2547 reddit,tanto
2774 2485 3065 2554 majoribus
3097 2496 3240 2555 patet
3267 2489 3539 2557 periculis,
3567 2494 3734 2556 curis,

2151 2573 2492 2627 maeroribus.
2519 2573 2650 2627 Nam
2669 2575 2758 2644 qui
2786 2574 2908 2629 talis
2925 2583 3028 2640 est,
3057 2592 3156 2632 nec
3181 2587 3325 2634 stare
3347 2593 3446 2635 nec
3471 2582 3738 2651 respirare

2149 2671 2347 2732 potest,
2379 2679 2500 2718 cum
2530 2673 2638 2719 tam
2657 2665 2914 2720 acerbum
2938 2665 3130 2723 habeat
3165 2668 3462 2724 dominum.
3508 2672 3574 2727 Et
3603 2675 3739 2743 quid:

2147 2753 2267 2808 dico
2296 2762 2438 2810 stare
2464 2756 2553 2811 vel
2590 2757 2906 2825 respirare?
2934 2758 3153 2815 Etiamsi
3200 2761 3246 2815 is
3281 2765 3549 2820 sexcentis
3579 2767 3740 2823 bonis

2146 2845 2397 2916 operibus
2426 2848 2496 2902 sit
2516 2849 2773 2917 pra-aditus
2791 2891 2806 2912 ,
2829 2850 3043 2906 difficile
3075 2853 3126 2905 in
3155 2867 3375 2925 regnum
3413 2858 3737 2926 ingreditur.

2147 2937 2290 2992 Nihil
2311 2939 2453 2994 enim
2475 2939 2796 2997 labefactare
2826 2943 2961 2996 solet
2990 2985 3005 3008 ,
3051 2953 3110 2998 ut
3140 2947 3430 3002 multorum
3461 2951 3734 3009 existima-

2151 3031 2241 3096 tio,
2274 3047 2391 3101 qua:
2415 3032 2649 3097 timidos,
2683 3035 2971 3090 illiberales
2991 3078 3004 3099 ,
3029 3036 3335 3093 adulatores
3365 3042 3733 3100 simulatores-

2149 3138 2253 3193 que
2279 3123 2424 3179 facit.
2455 3122 2563 3179 Cur
2600 3141 2729 3196 ergo
2757 3127 3006 3183 Pharisaei
3037 3128 3291 3186 dicebant
3314 3132 3586 3190 ChriStum
3615 3136 3732 3191 da!-

2148 3214 2449 3270 moniacum
2495 3217 2664 3271 esse?
2705 3216 2895 3271 Annon
2939 3219 3060 3286 quia
3103 3221 3243 3291 vulgi
3282 3224 3740 3283 existimationem

2147 3306 2479 3376 captabant?
2506 3305 2615 3361 Cur
2661 3316 2838 3362 autem
2881 3310 3033 3364 multi
3064 3320 3267 3366 rectam
3297 3313 3365 3369 de
3395 3315 3488 3369 illo
3517 3315 3735 3374 senten-

2149 3397 2276 3451 tiam
2316 3397 2611 3452 ferebant?
2647 3397 2836 3454 Nonne
2865 3400 2987 3470 quia
3026 3400 3129 3457 hoc
3157 3402 3352 3458 morbo
3385 3421 3492 3460 non
3522 3408 3736 3466 detine-

2146 3487 2386 3543 bantur?
2415 3488 2557 3544 Nihil
2587 3489 2729 3544 enim
2754 3531 2769 3556 ,
2794 3491 2927 3544 nihil
2950 3502 3100 3548 certe
3120 3492 3367 3552 homines
3394 3497 3472 3552 sic
3499 3498 3732 3568 iniquos,

2148 3581 2228 3633 sic
2259 3581 2452 3635 stultos
2479 3579 2666 3646 efﬁcit,
2689 3595 2849 3648 quam
2872 3582 3015 3651 quod
3038 3579 3103 3637 ad
3134 3585 3426 3641 multorum
3455 3589 3731 3645 existima-

2151 3673 2348 3726 tionem
2379 3654 2585 3726 iuhient
2606 3688 2622 3737 ;
2646 3671 2778 3726 nihil
2805 3672 2876 3726 ita
2903 3672 3158 3741 probatos
3178 3685 3338 3744 atque
3354 3677 3730 3736 adamantinos

2146 3761 2340 3825 reddit,
2375 3769 2432 3815 ut
2462 3761 2653 3816 famam
2669 3761 2972 3832 despicere.
2995 3763 3175 3832 Quare
3201 3765 3490 3823 fortissimo
3508 3771 3735 3842 quisque

2145 3866 2282 3922 opus
2310 3852 2471 3907 habet
2495 3854 2676 3908 animo
2702 3895 2716 3917 ,
2747 3863 2808 3908 ut
2833 3853 2993 3924 hujus
3014 3857 3161 3911 venti
3187 3858 3405 3927 impetui
3432 3869 3487 3915 ct
3511 3862 3564 3916 vi
3595 3865 3735 3920 resi-

2145 3957 2288 4000 stere
2312 3945 2498 4014 pessit.
2526 3943 2657 3999 Nam
2686 3945 2899 4015 quando
2920 3959 3178 4015 prospere
3200 3962 3313 4002 rem
3329 3950 3456 4019 agit,
3483 3954 3734 4009 omnibus

2145 4049 2204 4090 se
2231 4035 2506 4105 anteponit
2534 4051 2550 4099 ;
2589 4049 2712 4090 cum
2743 4034 3008 4090 contraria
3037 4037 3290 4092 accidunt
3315 4080 3330 4104 ,
3359 4041 3595 4110 seipsum
3619 4045 3730 4099 suf-

2144 4126 2326 4182 fodere
2352 4127 2499 4196 cupit
2524 4142 2538 4192 ;
2570 4125 2751 4181 ethoc
2779 4126 2878 4196 ipsi
2906 4127 3220 4197 etgehenna
3251 4130 3411 4187 simul
3431 4141 3486 4189 et
3505 4148 3729 4207 regnum

2147 4228 2252 4284 est,
2285 4233 2406 4273 cum
2436 4219 2538 4273 hoc
2556 4218 2720 4272 animi
2748 4218 2934 4273 morbo
2963 4220 3227 4277 obruitur.

2215 4310 2269 4363 5.
2302 4309 2564 4374 Hzcccine,
2591 4323 2790 4378 quaeso,
2826 4308 3018 4364 invidia
3051 4310 3212 4383 digna
3236 4316 3399 4372 sunt?
3423 4332 3601 4374 nonne
3629 4333 3730 4391 pu-

2145 4401 2251 4454 tius
2288 4398 2498 4454 fletibus
2530 4414 2592 4453 ac
2634 4399 2922 4469 lacrymis?
2956 4400 3149 4473 Ulique
3183 4405 3233 4459 id
3265 4408 3514 4465 omnibus
3555 4414 3730 4482 palam

2144 4501 2243 4546 est.
2279 4491 2358 4544 Tu
2386 4505 2515 4546 vero
2539 4490 2765 4560 idipsum
2791 4492 2938 4552 facis.
2972 4510 3093 4550 cum
3124 4498 3179 4551 ei
3204 4499 3392 4569 quisic
3427 4503 3733 4562 celebratur

2144 4581 2458 4648 invides,,ae
2487 4583 2530 4636 si
2572 4584 2691 4652 quis
2721 4584 2986 4640 hominem
3022 4587 3210 4644 videns
3249 4591 3481 4648 vinctura
3528 4613 3592 4650 ac
3629 4598 3732 4652 lla-

2143 4675 2295 4742 gellis
2320 4688 2531 4740 caesum,
2565 4675 2632 4727 ab
2666 4674 3064 4746 innumerisque
3101 4679 3231 4736 feris
3259 4692 3542 4753 raptatum,
3589 4687 3732 4742 invi-

2143 4767 2294 4821 deret
2323 4753 2487 4834 ipsitis
2513 4766 2684 4837 plagis
2721 4777 2776 4822 et
2808 4770 3133 4825 vulneribus.
3165 4770 3297 4826 Nam
3326 4785 3455 4845 quot
3486 4775 3732 4836 homines

2143 4857 2194 4911 in
2227 4858 2420 4926 populo
2448 4866 2590 4924 sunt,
2635 4866 2712 4912 tot
2741 4859 2897 4915 habet
2936 4861 3025 4916 hic
3054 4845 3281 4930 vincula,
3319 4875 3397 4922 tot
3433 4868 3682 4926 dominos
3702 4854 3728 4926 I':

2140 4949 2388 5019 quodque
2412 4953 2625 5019 gravius
2648 4959 2750 5016 est,
2780 4950 3005 5008 diversa:
3026 4961 3150 5010 sunt
3175 4957 3398 5028 singulis
3422 4964 3722 5030 sententize,

2140 5052 2196 5099 et
2217 5059 2334 5114 qua:
2353 5044 2520 5099 menti
2550 5056 2864 5100 succurrunt
2889 5045 2955 5101 de
2976 5049 3332 5106 servientibus
3360 5054 3458 5108 sibi
3488 5064 3731 5113 statuunt

2139 5149 2346 5201 omnes,
2379 5134 2508 5189 nihil
2534 5137 2921 5203 examinantes,
2952 5138 3045 5194 sed
3080 5155 3200 5209 quze
3243 5141 3366 5198 huic
3401 5145 3484 5199 vel
3516 5146 3590 5199 illi
3617 5148 3726 5204 visa

2138 5225 2335 5280 fuerint
2359 5225 2758 5281 continuantes.
2788 5228 2913 5283 llarc
2934 5229 3124 5296 quibus
3152 5230 3423 5298 ﬂuctibus,
3457 5251 3560 5306 qua
3590 5245 3726 5291 tem-

2137 5324 2344 5382 pestate
2373 5316 2614 5386 graviora
2644 5332 2750 5370 non
2777 5320 2939 5373 sunt?
2969 5319 3176 5376 Etenim
3218 5323 3263 5376 is
3303 5323 3455 5379 facile
3493 5328 3669 5381 statim
3696 5345 3727 5383 a

2137 5406 2408 5475 voluptate
2447 5406 2681 5469 inﬂatur,
2719 5416 2772 5461 et
2812 5409 2965 5465 facile
3009 5426 3218 5466 rursum
3250 5413 3630 5485 submergitur,
3675 5418 3725 5472 in

2140 5487 2263 5551 vitae
2288 5497 2701 5566 inaequabilitate
2730 5513 2962 5567 semper,
2997 5502 3049 5553 in
3077 5503 3256 5572 quiete
3288 5521 3574 5575 numquam
3609 5523 3729 5576 pcr-

2139 5598 2305 5643 stans.
2335 5587 2466 5641 Nam
2507 5598 2788 5658 antequam
2823 5592 2873 5644 in
2913 5593 3186 5648 concionis
3220 5593 3484 5651 theatrum
3528 5600 3727 5666 veniat,

2138 5685 2194 5730 et
2217 5687 2498 5746 antequam
2520 5676 2839 5732 laboriosam
2868 5683 3162 5736 orationem
3189 5682 3425 5752 incipiat,
3457 5687 3648 5742 anxius
3675 5698 3730 5742 et

2140 5778 2374 5824 tremens
2392 5777 2507 5833 est;
2536 5777 2657 5838 post
2680 5769 2914 5834 solutum
2944 5787 3071 5829 vero
3093 5772 3359 5830 theatrum
3387 5776 3468 5833 vel
3497 5792 3729 5835 [παι-ονε
