4076 6458
292 555 485 627 φησὶν,
516 554 599 607 ὅτι
631 549 927 623 πονηρὸνὴ
966 548 1263 620 βασκανία;
1309 548 1522 617 Ἀγνοεῖ
1559 550 1658 620 μὲν
1687 550 1880 612 οὐδείς·
1917 551 1980 603 οὐ

295 638 409 708 μὴν
439 636 537 707 τὴν
563 630 731 699 αὐτὴν
751 634 892 706 ,περὶ
916 631 1173 703 πορνείας
1194 632 1286 684 καὶ
1318 632 1567 701 μοιχείας
1595 632 1779 701 έχουσι
1801 631 1979 698 δόξαν,

292 721 391 773 καὶ
421 718 550 787 περὶ
580 717 672 769 τοῦ
703 716 907 778 πάθους
943 714 1156 767 τούτου.
1180 714 1321 767 Πότε
1346 715 1477 783 γοῦν
1510 713 1704 767 ἐαυτοῦ
1739 732 1822 777 τις
1848 732 1982 767 κατ-

290 803 440 871 έγνω
471 800 683 873 πικρῶς
711 799 1016 869 βασκήνας;
1054 798 1187 851 πότε
1224 797 1355 850 Θεόν
1390 795 1626 867 ἠξίωσεν
1671 796 1814 868 ὑπὲρ
1858 796 1983 850 τού-

289 902 387 938 του
427 882 524 937 τοῦ
558 884 885 954 νοσήματος,
916 880 1058 934 ὥστε
1087 881 1343 950 γενέσθαι
1370 882 1521 951 αὐτῷ
1547 882 1744 947 ῖλεων;
1789 881 1982 945 Οὐδεὶς

289 967 574 1022 οὐδέποτε·
610 967 726 1020 ἀλλ’
754 967 802 1018 εί
832 965 1120 1033 νηστεύσει
1146 965 1187 995 ¹⁸
1218 966 1312 1016 καὶ
1341 964 1535 1033 πένητι
1560 963 1635 1033 δῷ
1664 964 1858 1034 μικρὸν
1883 964 1982 1033 ἀρ-

292 1046 508 1117 γύριον,
565 1049 669 1101 κᾶν
714 1043 975 1117 μυριάκις
1024 1042 1291 1113 βάσκανος
1323 1039 1380 1115 ᾖ,
1434 1045 1588 1097 οὐδὲν
1628 1044 1845 1115 ἡγεῖται
1894 1058 1985 1095 πε-

292 1132 586 1201 ποιηκέναι
618 1130 812 1191 δεινὸν,
849 1128 927 1198 τῷ
965 1126 1185 1181 πάντων
1240 1125 1568 1197 μιαρωτέρῳ
1616 1125 1999 1195 κατεχόμενος

294 1215 487 1268 πάθει.
530 1211 702 1266 Πόθεν
740 1210 871 1280 γοῦν
902 1212 932 1263 6
976 1210 1118 1263 Κάῖν
1161 1208 1402 1272 τοιοῦτος
1448 1209 1700 1276 ἐγένετο;
1742 1206 1909 1260 πόθεν
1954 1206 1984 1257 ό

304 1296 510 1361 Ἡσαῦ;
552 1295 717 1348 πόθεν
745 1295 795 1348 οί
823 1293 918 1347 τοῦ
948 1291 1135 1346 Λάϐαν
1172 1292 1391 1357 παῖδες;
1425 1290 1591 1343 πόθεν
1636 1292 1686 1343 οί
1724 1288 1819 1342 τοῦ
1880 1289 1986 1341 Ἰα-

292 1379 414 1432 κὼϐ
440 1378 546 1432 υίοί
565 1396 580 1445 ;
603 1378 769 1431 πόθεν
794 1378 843 1431 οί
878 1372 1006 1447 περὶ
1026 1377 1172 1447 Κορὲ
1206 1376 1300 1429 καὶ
1334 1375 1513 1430 Δαθάν
1552 1376 1649 1429 καὶ
1683 1370 1981 1443 ’Δϐειρὼν;

295 1462 461 1515 πόθεν
489 1461 719 1531 Μαρίας
759 1458 924 1512 πόθεν
981 1456 1223 1530 Ἀαρών;
1262 1457 1429 1511 πόθεν
1458 1458 1622 1521 αὐτὸς
1646 1460 1674 1510 6
1704 1456 1980 1521 διάϐολος;

362 1579 427 1632 δ’.
449 1578 604 1632 Μετά
628 1577 835 1631 τούτων
852 1576 1072 1629 κάκεῖνο
1092 1574 1287 1638 ἐννόει,
1313 1574 1474 1627 ὅτιού
1496 1574 1589 1628 τὸν
1617 1572 1983 1642 φθονούμενον

291 1660 521 1724 ἀδικεῖς,
551 1659 690 1713 ἀλλά
718 1658 860 1712 κατά
889 1657 1089 1711 σαυτοῦ
1118 1657 1179 1710 τὸ
1220 1656 1373 1726 ξίφος
1413 1657 1596 1720 ὠθεῖς.
1646 1656 1711 1709 Τί
1750 1657 1857 1727 γὰρ
1891 1653 1983 1707 τὸν

295 1742 468 1795 Ἀϐελ
492 1742 749 1811 ἠδίκησεν
772 1742 801 1793 ό
822 1739 963 1792 Κάῖν
986 1755 1001 1804 ;
1023 1740 1136 1794 Οὐκ
1152 1740 1360 1792 ἐκεῖνον
1383 1738 1483 1808 μὲν
1503 1740 1545 1771 ⁸³
1567 1738 1866 1810 ταχύτερον
1887 1738 1984 1791 καὶ

291 1824 444 1879 ἀκων
469 1827 549 1888 είς
585 1821 864 1893 βασιλείαν
888 1820 1274 1892 παρέπεμψεν,
1298 1822 1491 1875 ἐαυτὸν
1514 1821 1571 1874 δέ
1595 1820 1814 1892 μυρίοις
1836 1836 1987 1891 περι-

292 1907 483 1979 έπειρε
515 1907 727 1969 κακοῖς.
764 1905 829 1958 Τί
874 1903 966 1956 τὸν
1008 1903 1201 1957 Ἰακὼϐ
1247 1904 1531 1975 Ξϐλαψενό
1569 1903 1777 1970 Ἦσαῦ;
1807 1903 1929 1973 οὐχὶ
1958 1905 1988 1957 6

295 1991 396 2059 μὲν
420 1987 671 2042 ἐπλούτει
714 1990 808 2042 κα)⁸
857 1987 1066 2058 μυρίων
1094 1987 1366 2042 ἀπέλαυεν
1394 1988 1439 2019 ¹³
1463 1986 1707 2055 ἀγαθῶν,
1732 1987 1896 2048 αὐτὸς
1929 1986 1987 2039 δὲ

292 2071 390 2124 καὶ
440 2071 543 2140 τῆς
593 2068 855 2139 πατρῴας
908 2069 1086 2131 οἰκίας
1136 2069 1413 2134 ἐξέπιπτε,
1467 2069 1561 2123 καὶ
1608 2070 1667 2121 ἐν
1726 2068 1987 2139 ἀλλοτρίᾳ

292 2154 567 2207 ἐπλανᾶτο
600 2153 737 2223 μετά
766 2153 866 2223 τὴν
907 2150 1202 2222 ἐπιϐουλὴν
1242 2152 1495 2222 ἐκείνην;
1524 2151 1591 2205 Τί
1616 2151 1674 2204 δὲ
1713 2152 1765 2204 οί
1797 2152 1987 2215 παῖδες

290 2236 480 2290 τούτου
517 2236 609 2289 τὸν
635 2236 680 2267 ιδ
725 2234 921 2306 Ἰωσὴφ
964 2233 1229 2305 ἐποίησαν
1258 2236 1429 2306 χείρω
1454 2236 1519 2294 ⁸³.
1553 2234 1651 2290 καὶ
1681 2234 1856 2289 ταῦτα
1884 2235 1985 2306 μέ-

290 2336 413 2390 χρις
439 2319 673 2389 αἵματος
699 2318 985 2382 ἐλθόντες;
1032 2315 1182 2389 1442]
1209 2320 1330 2389 οὐχὶ
1370 2314 1515 2374 οὗτοι
1551 2320 1651 2386 μὲν
1688 2320 1782 2373 καὶ
1828 2319 1986 2390 λιμὸν

292 2402 593 2473 ὑπέμειναν
618 2402 713 2456 καὶ
746 2401 875 2471 περὶ
907 2400 1017 2455 τῶν
1063 2402 1308 2471 ἐσχάτων
1343 2402 1745 2466 ἐκινδύνευσαν,
1778 2404 1985 2467 ἐκεῖνος

289 2485 348 2538 δέ
382 2482 638 2555 βασιλεὺς
671 2483 864 2552 γέγονε
908 2483 1009 2552 τῆς
1057 2483 1336 2551 Αἰγύπτου
1384 2486 1642 2555 ἀπάσης;
1677 2488 1828 2556 Ὄσῳ
1874 2486 1986 2557 γὰρ

289 2567 358 2619 ἂν
398 2565 618 2637 φθονῇς,
645 2563 887 2633 τοσούτῳ
911 2564 1034 2635 γίνῃ
1074 2565 1116 2595 ’⁸
1154 2566 1416 2634 μειζόνων
1454 2568 1714 2637 πρόξενος
1764 2568 1985 2635 ἀγαθῶν

287 2648 370 2719 τῷ
402 2647 766 2718 φθονουμένῳ.
800 2646 933 2710 Θεὸς
958 2649 1067 2717 γάρ
1094 2647 1241 2700 ἐστιν
1280 2649 1309 2701 6
1340 2648 1513 2702 ταῦτα
1548 2648 1591 2681 ¹⁷
1616 2649 1856 2719 ἐφορῶν·
1889 2650 1986 2702 καὶ

287 2731 419 2786 ὅταν
466 2732 552 2802 ῐδῃ
596 2730 687 2782 τὸν
730 2730 885 2783 οὐδὲν
934 2730 1227 2783 ἀδικοῦντα
1270 2730 1645 2800 ἀδικούμενον,
1690 2732 1855 2784 αὐτὸν
1885 2733 1986 2800 μὲν

290 2815 510 2883 ἐπαίρει
540 2812 740 2883 μᾶλλον
768 2813 864 2866 καὶ
887 2815 1033 2865 ποιεῖ
1057 2812 1311 2884 λαμπρὸν
1342 2813 1535 2882 ταύτῃ,
1570 2814 1630 2866 σὲ
1658 2813 1714 2865 δὲ
1743 2812 1983 2875 κολάζει.

221 2911 227 2916 ‘
288 2898 354 2951 Εἰ
380 2898 489 2967 γάρ
524 2898 654 2959 τοὺς
681 2895 1045 2965 ἐφηδομένους
1072 2897 1185 2957 τοῖς
1218 2893 1434 2964 ἐχθροῖς
1473 2896 1571 2947 οὐκ
1600 2894 1825 2965 ἀφίησιν
1867 2894 1990 2947 ἀτι-

293 2979 509 3051 μωρητὶ
544 2977 856 3047 παρελθεῖν,
878 2977 975 3044 Μὴ
1006 2978 1105 3031 ἐπί
1109 2993 1278 3044 χαιρε
1310 2980 1441 3047 γὰρ,
1471 2976 1661 3046 φησὶν,
1689 2976 1789 3028 ἐπὶ
1828 2975 1983 3029 ,πτώ-

283 3080 427 3132 ματι
453 3060 685 3130 ἐχθρῶν
720 3074 860 3124 σου,
884 3060 971 3129 μή
1018 3077 1163 3113 ποτε
1218 3060 1317 3128 ιδῃ
1363 3063 1395 3113 ὁ
1450 3058 1613 3124 Θεὸς,
1644 3060 1744 3112 καὶ
1787 3061 1861 3113 οὐ
1892 3060 1982 3127 μὴ

289 3144 482 3213 ἀρέσῃ
531 3142 724 3207 αὐτῷ·
779 3142 960 3212 πολλῷ
1011 3137 1210 3212 μᾶλλον
1261 3142 1389 3204 τοὺς
1442 3140 1830 3211 βασκαίνοντας
1872 3144 1986 3207 τοῖς

290 3228 441 3282 οὐδὲν
494 3226 832 3297 ἠδικηκόσιν.
880 3225 1237 3294 Ἐκκόψωμεν
1277 3223 1457 3277 τοίνυν
1500 3224 1561 3275 τὸ
1613 3224 1988 3294 πολυκέφαλον

291 3310 501 3382 θηρίον.
528 3312 638 3366 Καὶ
670 3311 779 3381 γὰρ
811 3309 982 3363 πολλά
1008 3309 1073 3362 τά
1104 3309 1217 3377 εῐδη
1249 3310 1347 3378 τῆς
1374 3306 1692 3377 βασκανίας.
1730 3308 1795 3362 El
1821 3309 1932 3379 γάρ
1958 3308 1988 3361 ό

288 3394 384 3447 τὸν
423 3394 684 3466 φιλοῦντα
726 3392 959 3461 ἀγαπῶν
998 3391 1165 3445 οὐδὲν
1209 3390 1371 3445 πλέον
1401 3389 1515 3460 ἔχει
1554 3389 1651 3442 τοῦ
1677 3389 1932 3457 τελώνου,
1958 3391 1989 3444 ό

288 3478 383 3530 τὸν
412 3477 564 3547 οὐδὲν
601 3466 894 3530 ἀδικοῦντα
933 3474 1106 3545 μισῶν
1146 3472 1248 3526 ποῦ
1302 3473 1600 3542 στήσεται;
1647 3470 1765 3534 πῶς
1801 3472 1857 3525 δὲ
1892 3475 1987 3526 ἐκ⁶

291 3560 551 3627 φεύξεται
595 3558 695 3628 τὴν
726 3560 973 3626 γέενναν,
1005 3556 1112 3609 τῶν
1144 3554 1375 3607 ἐθνικῶν
1413 3554 1611 3624 χείρων
1660 3550 1943 3623 γινόμενος
1971 3571 1986 3619 ;

292 3642 385 3695 Διὸ
424 3641 519 3694 καὶ
556 3640 764 3710 σφόδρα
801 3637 1093 3705 ὀδυνῶμαι,
1125 3636 1207 3687 ὅτι
1240 3637 1290 3686 οἱ
1318 3636 1443 3696 τοὺς
1469 3633 1757 3702 ἀγγέλους,
1787 3636 1989 3704 μᾶλλον

290 3726 350 3778 δὲ
380 3725 424 3756 ⁸⁸
453 3724 561 3777 τῶν
586 3722 835 3791 ἀγγέλων
869 3720 962 3773 τὸν
992 3718 1271 3787 Δεσπότην
1303 3714 1587 3787 μιμεῖσθαι
1621 3715 1987 3785 κελευόμενοι,

292 3807 386 3858 τὸν
414 3804 659 3859 διάϐολον
690 3801 982 3873 ζηλοῦμεν.
1014 3802 1125 3855 Καὶ
1138 3799 1247 3869 γάρ
1273 3798 1441 3867 πολλὴ
1467 3798 1562 3850 καὶ
1580 3798 1637 3848 ἐν
1654 3800 1719 3866 τῇ
1764 3798 1993 3871 Ἐκκλη-

296 3889 389 3959 σία
420 3890 453 3958 ἡ
485 3886 754 3956 βασκανία
771 3898 790 3917 δ
822 3885 1024 3955 μᾶλλον
1047 3882 1105 3934 δὲ
1139 3883 1183 3913 ³⁸
1210 3883 1269 3934 ἐν
1294 3882 1427 3951 ἡμῖν
1454 3880 1486 3950 ἢ
1524 3882 1581 3933 ἐν
1604 3884 1717 3943 τοῖς
1746 3883 1992 3952 ἀρχομέ-

293 3988 425 4033 νοις.
454 3969 546 4027 Διὸ
567 3968 663 4021 καὶ
686 3968 820 4037 ἡμῖν
862 3966 1045 4028 αὐτοῖς
1089 3964 1421 4017 διαλεκτέον.
1455 3961 1611 4024 Τίνος
1642 3960 1751 4032 γὰρ
1779 3961 1988 4024 ἐνεκεν,

294 4053 417 4106 εἰπέ
449 4070 561 4123 μοι,
586 4050 901 4121 βασκαίνεις
925 4048 1003 4118 τῷ
1024 4047 1284 4117 πλησίον;
1316 4046 1439 4098 Ὅτι
1460 4044 1626 4114 τιμῆς
1649 4042 1992 4097 ἀπολαύοντα

296 4137 513 4206 βλέπεις
541 4136 635 4189 καὶ
670 4133 922 4205 χρηστῶν
959 4131 1260 4202 ῥημάτων;
1291 4124 1427 4182 Εἶτα
1462 4129 1563 4181 οὐκ
1592 4129 1991 4199 ἐννοεῖςδπόσον

293 4220 521 4291 φέρουσι
546 4217 717 4271 κακὸν
746 4217 801 4269 αί
832 4215 993 4285 τιμαὶ
1018 4216 1131 4275 τοῖς
1162 4211 1237 4283 μὴ
1272 4210 1670 4281 προσέχουσιν;
1719 4213 1801 4273 εἰς
1840 4226 1993 4263 κενο-

291 4302 474 4367 δοξίαν
525 4301 800 4372 αἴρουσαι,
851 4300 930 4360 είς
972 4296 1169 4364 τῦφον,
1225 4295 1305 4356 είς
1357 4294 1641 4355 ἀπόνοιαν,
1692 4294 1771 4355 είς
1823 4292 1993 4362 ὑπερ-

292 4387 475 4455 οψίαν.
532 4382 943 4456 ρᾳθυμοτέρους
984 4378 1270 4433 ποιοῦσαι·
1320 4376 1413 4429 καὶ
1458 4376 1598 4445 μετά
1638 4376 1842 4428 τούτων
1883 4373 1991 4427 τῶν

295 4468 484 4521 κακῶν
504 4468 600 4520 καὶ
630 4464 982 4537 μαραίνονται
1019 4459 1235 4533 ῥᾳδίως.
1263 4459 1335 4512 Τὸ
1364 4457 1472 4527 γάρ
1502 4458 1566 4527 δὴ
1609 4456 1993 4528 χαλεπώτατον

294 4550 475 4614 τοῦτο,
503 4551 586 4604 ὅτι
624 4549 692 4602 τὰ
725 4548 823 4619 μὲν
865 4546 925 4611 ἐξ
961 4544 1127 4599 αὐτοῦ
1172 4545 1217 4575 ’⁸
1264 4544 1411 4596 κακά
1445 4540 1692 4595 ἀθάνατα
1738 4542 1917 4611 μένει·
1956 4545 1989 4612 ἡ

294 4630 541 4704 δὲῆδονὴ
576 4631 714 4703 ὁμοῦ
761 4647 820 4684 τε
876 4629 1052 4699 ἐφάνη
1103 4628 1199 4682 καὶ
1242 4627 1487 4697 ἀπέπτη.
1535 4626 1636 4679 Διά
1681 4625 1853 4679 ταῦτα
1901 4621 1992 4679 οῦν

299 4717 653 4787 βασκαίνεις;
708 4714 833 4767 εἰπέ
888 4731 997 4784 μοι.
1058 4710 1197 4764 Ἀλλ’
1241 4709 1489 4774 ἐξουσίαν
1542 4708 1655 4779 ἔχει
1709 4708 1860 4779 παρά
1914 4708 1993 4778 τῷ

298 4797 590 4869 κρατοῦντι
625 4798 847 4869 πολλὴν,
876 4796 969 4849 καὶ
1001 4795 1124 4863 άγει
1154 4792 1249 4847 καὶ⁵
1283 4792 1437 4863 φέρει
1469 4792 1646 4845 πάντα
1680 4791 1997 4853 ὅποι-θέλει,⁷

300 4884 394 4935 καὶ
419 4883 546 4945 τοὺς
580 4880 1021 4958 προσκρούοντας
1056 4878 1237 4943 λυπεῖ,
1291 4877 1387 4930 καὶ
1429 4876 1559 4941 τοὺς
1599 4873 1994 4935 κολακεύοντας

282 4966 597 5036 εὐεργετεῖ,
626 4954 722 5018 καὶ
764 4962 963 5033 πολλὴν
997 4962 1109 5032 ἔχει
1150 4960 1400 5029 δύναμιν.
1435 4958 1715 5011 Βιωτικῶν
1742 4958 1787 4989 ’⁸
1820 4954 1995 5008 ταῦτα

299 5048 369 5102 τά
412 5049 656 5119 ῥήματα,
690 5047 785 5099 καὶ
822 5045 930 5099 τῶν
958 5048 1025 5116 τῇ
1083 5047 1153 5116 γῇ
1204 5044 1647 5113 προσηλωμένων
1692 5040 1995 5110 ἀνθρώπων

300 5132 438 5185 ἐστί.
472 5131 577 5185 Τὸν
620 5128 730 5200 γὰρ
780 5130 1148 5197 πνευματικὸν
1194 5128 1347 5181 οὐδὲν
1402 5126 1644 5195 λυπῆσαι
1684 5124 1991 5195 δυνήσεται.

302 5216 383 5268 Τι·
429 5214 539 5286 γὰρ
582 5214 740 5284 αὐτῷ
790 5215 835 5246 ¹²
882 5214 1177 5284 ἐργάσεται
1242 5211 1459 5277 δεινόν;
1520 5208 1995 5280 ἀποχειροτονήσει

301 5296 402 5367 τῆς
458 5295 652 5361 ἀξίας;
706 5296 816 5348 Kal
867 5297 919 5349 τί
979 5297 1170 5361 τοῦτο;
1203 5297 1301 5349 Ἂν
1342 5296 1439 5365 μὲν
1477 5295 1587 5366 γὰρ
1628 5293 1869 5356 δικαίως,
1902 5292 1997 5343 καὶ⁵

301 5378 593 5447 ὠφελεῖται
613 5396 628 5410 ο
656 5380 809 5432 οὐδὲν
839 5380 946 5448 γὰρ
971 5380 1114 5433 οὕτω
1141 5381 1431 5452 παροξύνει
1464 5380 1619 5442 Θεὸν,
1649 5379 1725 5441 ὡς
1770 5377 1831 5430 τὸ
1865 5376 1996 5445 παρ’

1394 430 1466 488 IN
1504 430 1929 488 ΜΑΤἸἪᾸΞΕΜ
1967 427 2203 486 HOMIL.
2243 427 2360 483 XL.
2399 429 2470 485 al.
2514 428 2651 484 XLI.

3686 423 3797 481 ιιι

2091 548 2319 609 ἐκεῖνον,
2348 545 2449 599 οὐκ
2479 544 2574 597 ἐπὶ⁸
2606 543 2795 596 τοῦτον
2824 544 3028 613 χωρεῖ·
3064 541 3092 595 6
3125 540 3235 614 γὰρ
3263 540 3466 606 ἀδίκως
3493 557 3549 596 τι
3580 541 3802 597 παθὼνν

2090 629 2186 681 καὶ
2216 626 2477 695 γενναίως
2509 625 2769 693 ἐνεγκὼν,
2804 625 3026 677 πλείονα
3064 623 3236 693 ταύτῃ
3280 625 3479 677 κτᾶται
3527 622 3664 695 πρὸς
3702 623 3794 677 τὸν

2089 712 2224 765 Θεὸν
2248 710 2348 781 τὴν
2374 708 2711 781 παρρησίαν.
2745 710 2837 780 Μὴ
2877 708 3056 763 τοίνυν
3092 706 3254 760 τοῦτο
3284 713 3598 777 σκοπῶμεν,
3641 708 3792 769 ὅπως

2090 787 2241 862 ὦμεν
2282 794 2340 845 ἐν
2388 790 2753 853 δυναστείαις,
2798 790 2894 843 καὶ
2938 790 2996 842 ἐν
3037 790 3241 859 τιμαῖς,
3284 790 3379 843 καὶ
3407 791 3465 841 ἐν
3500 787 3792 852 ἐξουσίαις,

2089 877 2208 930 ἀλλ’
2235 876 2385 937 ὅπως
2416 868 2566 946 ὦμεν
2598 876 2659 928 ἐν
2681 875 2849 945 ἀρετῇ
2898 874 2994 927 καὶ
3038 873 3346 944 φιλοσοφίᾳ.
3396 873 3485 935 Ὦς
3517 873 3580 925 αἴ
3612 888 3675 939 γε
3707 871 3797 936 ἐξ-

2089 958 2267 1013 ουσίαι
2298 958 2469 1011 πολλά
2491 957 2601 1011 τῶν
2627 957 2706 1027 τῷ
2730 957 2851 1027 Θεῷ
2882 956 2958 1027 μὴ
2984 956 3288 1010 δοκούντων
3314 959 3489 1009 ποιεῖν
3519 954 3789 1017 πείθουσι,

2092 1046 2185 1097 καὶ⁸
2218 1044 2427 1115 σφόδρα
2468 1042 2723 1112 νεανικῆς
2772 1040 2854 1093 δεῖ
2897 1040 3098 1110 ψυχῆς,
3144 1038 3285 1092 ὥστε
3330 1042 3395 1109 τῇ
3450 1036 3671 1107 ἐξουσίᾳ
3713 1038 3801 1099 εἰς

2089 1126 2215 1180 δέον.
2238 1124 2568 1197 χρήσασθαι.
2605 1124 2664 1177 '0
2701 1124 2799 1193 μὲν
2830 1122 2944 1192 γάρ
2977 1120 3425 1191 ἀπεστερημένος
3472 1120 3661 1190 αὐτῆς,
3697 1118 3793 1171 καὶ

2090 1206 2235 1262 ἐκὼν
2265 1207 2359 1260 καὶ
2393 1207 2543 1261 ἀκων
2569 1204 2881 1273 φιλοσοφεῖ⁶
2913 1206 2941 1255 6
2974 1202 3031 1255 δὲ
3064 1202 3355 1255 ἀπολαύων
3394 1202 3588 1272 αὐτῆς,
3616 1199 3796 1254 τοιοῖ-

2096 1293 2181 1344 τόν
2205 1308 2259 1344 τι
2293 1289 2516 1359 πάσχει,
2543 1282 2654 1341 οἷον
2693 1287 2758 1341 ἂν
2787 1286 2841 1339 εί
2865 1302 2952 1349 τις
2986 1285 3126 1357 κόρῃ
3170 1284 3436 1339 συνοικῶν
3464 1284 3661 1337 εὐειδεῖ
3698 1284 3794 1335 καὶ

2092 1374 2252 1444 καλῇ.
2306 1373 2507 1441 νόμους
2552 1371 2765 1435 δέξαιτο
3020 1368 3292 1438 μηδέποτε
3336 1368 3417 1431 είς
3454 1367 3623 1436 αὐτὴν
3662 1367 3807 1420 ίδεῖν-

2091 1456 2423 1517 ἀκολάστως.
2476 1452 2728 1506 Τοιοῦτον
2762 1452 2871 1522 γὰρ
2906 1452 2940 1521 ἡ
2988 1450 3229 1516 ἐξουσία.
3283 1450 3377 1503 Διὸ
3428 1449 3657 1513 πολλοὺς
3696 1450 3794 1503 καὶ

2090 1539 2324 1600 ἄκοντας
2354 1538 2436 1600 είς
2467 1536 2530 1589 τὸ
2559 1534 2802 1606 ὑϐρίζειν
2835 1531 3081 1593 ἐνέϐαλε,
3121 1533 3215 1587 καὶ
3251 1532 3421 1602 θυμὸν
3458 1532 3666 1602 ἤγειρε,
3696 1532 3794 1584 καὶ

2090 1620 2304 1691 χαλινὸν
2338 1618 2583 1690 γλώττης
2614 1616 2823 1686 ἀφεῖλε.
2855 1616 2948 1669 καὶ
2974 1614 3147 1685 θύραν
3184 1614 3460 1667 ἀνέσπασε
3501 1614 3792 1683 στόματος,

2090 1704 2282 1771 ὥσπερ
2304 1702 2411 1754 ὑπὸ
2435 1700 2743 1770 πνεύματος
2771 1698 2868 1769 τὴν
2892 1697 3069 1769 ψυχὴν
3092 1694 3550 1770 ἀναρριπίζουσα,
3584 1696 3678 1749 καὶ
3710 1698 3793 1759 είς

2090 1782 2182 1838 τὸν
2211 1785 2437 1854 ἔσχατον
2469 1782 2579 1835 τῶν
2618 1780 2807 1835 κακῶν
2841 1779 3001 1850 βυθὸν
3047 1778 3523 1842 καταποντίζουσα
3556 1778 3614 1831 τὸ
3655 1778 3792 1832 σκά-

2091 1884 2209 1936 φος.
2239 1867 2344 1919 Τὸν
2381 1862 2474 1920 οὖν
2499 1866 2547 1898 ⁸³
2577 1866 2634 1917 ἐν
2661 1863 2903 1933 τοσούτῳ
2930 1862 3160 1932 κινδύνῳ
3193 1860 3517 1932 θαυμάζεις,
3563 1861 3658 1914 καὶ
3693 1860 3795 1931 ζη-

2089 1948 2258 2002 λωτὸν
2289 1944 2431 2003 εἶναι
2480 1947 2620 2019 (me;
2662 1947 2758 1999 καὶ
2804 1946 2976 2016 πόσης
3016 1944 3191 1998 ταῦτα
3241 1944 3465 2011 ἀνοίας;
3504 1944 3792 2014 Ἐννόησον
3868 1970 3887 1975 -ί

2089 2031 2218 2100 γοῦν
2245 2032 2386 2103 μετά
2411 2030 2523 2084 τῶν
2552 2030 2876 2100 εἰρημένων,
2905 2028 3107 2091 πόσους
3132 2027 3362 2099 ἐχθροὺς
3407 2028 3502 2081 καὶ
3549 2025 3791 2096 κατηγό-

2094 2132 2240 2186 ρους,
2276 2115 2476 2176 πόσους
2516 2112 2575 2165 δέ
2620 2112 2861 2174 κόλακας
2888 2104 3045 2175 οὗτος
3088 2110 3202 2182 ἔχει
3230 2110 3654 2184 πολιορκοῦντας
3687 2110 3792 2165 αὐ-

2089 2199 2200 2252 τόν.
2224 2196 2391 2251 Ταῦτ’
2412 2192 2525 2259 οὖν,
2550 2195 2673 2248 εἰπέ
2709 2211 2821 2265 μοι,
2852 2194 3219 2265 μακαρισμῶν
3250 2192 3411 2259 ἀξιας
3453 2192 3565 2247 Καὶ
3602 2191 3688 2255 τίς
3723 2192 3792 2246 ἀν

2089 2280 2250 2333 τοῦτο
2273 2279 2418 2332 εἴποι
2439 2296 2454 2342 ;
2492 2276 2655 2330 Ἀλλά
2679 2276 2830 2348 παρά
2867 2276 2946 2347 τῷ
2966 2275 3103 2347 λαῷ,
3127 2274 3314 2347 φησὶν,
3342 2274 3640 2345 εὐδοκιμεῖ.
3678 2274 3797 2327 Καὶ

2088 2363 2143 2415 τί
2183 2361 2377 2427 τοῦτο;
2418 2362 2494 2414 Οὐ
2539 2361 2650 2431 γὰρ
2676 2359 2742 2429 δὴ
2783 2361 2811 2411 6
2841 2360 2968 2423 λαός
2998 2362 3144 2413 ἐστιν
3167 2361 3197 2413 ό
3221 2358 3373 2425 Θεὸς,
3397 2352 3441 2425 ᾧ
3462 2357 3647 2429 μέλλει
3687 2356 3795 2421 τὰς

2090 2445 2319 2508 εὐθύνας
2339 2447 2581 2514 ὑπέχειν.
2594 2446 2755 2497 Ὥστε
2776 2445 2905 2497 ὃταν
2922 2443 3049 2497 λαὸν
3070 2440 3254 2514 εἴπῃς,
3273 2442 3428 2495 οὐδὲν
3447 2442 3574 2496 ἀλλο
3586 2441 3791 2509 λέγεις,

2090 2526 2124 2597 ἢ
2164 2527 2462 2597 προϐόλους
2501 2528 2746 2597 ἐτέρους,
2782 2527 2876 2579 καὶ
2910 2526 3226 2591 σκοπέλους,
3262 2524 3359 2578 καὶ
3399 2524 3657 2593 ὑφάλους,
3695 2525 3793 2578 καὶ

2092 2596 2375 2672 σπιλάδας.
2402 2609 2475 2662 Τὸ
2500 2609 2608 2677 γὰρ
2639 2596 2948 2678 εὐδοκιμεῖν
2976 2610 3034 2661 ἐν
3063 2610 3240 2679 δήμῳ,
3269 2605 3380 2677 ὅσῳ
3414 2607 3795 2679 λαμπρότερον

2091 2694 2254 2755 ποιεῖ,
2282 2691 2524 2761 τοσούτῳ
2575 2689 2797 2759 μείζους
2833 2691 2947 2761 ἔχει
2986 2691 3113 2754 τοὺς
3158 2688 3459 2755 κινδύνους,
3491 2686 3592 2752 τὰς
3625 2706 3793 2760 φρον-

2088 2774 2278 2839 τίδας,
2332 2775 2431 2837 τὰς
2480 2774 2740 2844 ἀθυμίας.
2796 2774 3166 2827 Ἀναπνεῦσαι
3220 2772 3329 2843 γάρ
3379 2774 3408 2826 6
3459 2772 3704 2837 τοιοῦτος
3756 2772 3793 2843 ἢ

2091 2858 2286 2925 στῆναι
2320 2859 2380 2908 οὐ
2430 2856 2655 2908 δύναται
2704 2857 2863 2919 ὅλως,
2910 2856 3053 2909 οὕτω
3090 2858 3288 2927 πικρὸν
3334 2857 3475 2927 ἔχων
3501 2858 3794 2928 δεσπότην.

2090 2940 2202 2993 Καὶ
2227 2941 2282 2991 τί
2303 2938 2448 3006 λέγω
2483 2940 2674 3009 στῆναι
2709 2938 2804 2991 καὶ
2820 2939 2868 2970 ’⁸
2897 2939 3272 3004 ἀναπνεῦσαις
3303 2941 3425 2993 Κάν
3469 2940 3638 3013 μυρία
3665 2957 3799 2993 κατ-

2089 3022 2389 3093 ορθώματα
2425 3023 2523 3094 ἔχῃ
2557 3025 2585 3075 6
2625 3022 2889 3085 τοιοῦτος,
2922 3022 3200 3085 δυσκόλως
3244 3024 3323 3085 είς
3367 3022 3647 3092 βασιλείαν
3677 3013 3796 3075 είσέ

2090 3102 2333 3175 έρχεται.
2394 3106 2562 3159 Οὐδὲν
2607 3105 2718 3177 γὰρ
2761 3104 2936 3169 οὕτως
2990 3105 3445 3177 ἐκτραχηλιάζειν
3476 3108 3522 3139 ⁸⁵
3579 3106 3795 3170 εἴωθεν,

2090 3188 2167 3250 ὡς
2189 3190 2221 3258 ὴ
2250 3188 2403 3258 παρὰ
2425 3186 2534 3239 τῶν
2560 3187 2775 3239 πολλῶν
2800 3188 2947 3251 δόξα,
2973 3187 3203 3250 δειλοὺς,
3232 3190 3505 3255 ἀγεννεῖς,
3531 3188 3795 3253 κόλακας,

2091 3270 2396 3339 ὑποκριτάς
2429 3268 2681 3321 ποιοῦσα.
2718 3269 2876 3330 Τίνος
2915 3267 3047 3335 γοῦν
3071 3268 3264 3328 ,ἕνεκεν
3297 3269 3349 3322 οί
3376 3270 3664 3339 Φαρισαῖοι
3703 3268 3796 3322 τὸν

2090 3352 2329 3425 Χριστὸν
2370 3351 2556 3420 ἐλεγον
2605 3351 2907 3421 δαιμονᾷν;
2949 3352 3051 3405 οὑκ
3093 3352 3283 3421 ἐπειδὴ
3337 3353 3440 3419 τῆς
3492 3352 3646 3425 παρὰ
3684 3353 3798 3407 τῶν

2093 3435 2306 3492 πολλῶν
2339 3435 2652 3506 ἐπεθύμουν
2678 3434 2878 3505 δόξης;
2907 3433 3085 3509 Πόθεν
3109 3434 3166 3487 δὲ
3196 3437 3246 3487 οί
3276 3435 3463 3488 πολλοὶ
3496 3436 3596 3506 τὴν
3625 3436 3797 3509 ὀρθὴν

2102 3520 2236 3590 περὶ
2265 3518 2433 3571 αὐτοῦ
2458 3496 2654 3589 ἔφερον
2679 3496 2897 3588 ψῆφονς
2930 3496 3047 3573 όύκ
3068 3517 3262 3589 ἐπειδὴ
3299 3516 3476 3588 τούτῳ
3512 3496 3573 3571 οὑ
3608 3496 3798 3572 κάτεί-

2090 3618 2250 3672 χοντο
2280 3600 2359 3670 τῷ
2396 3603 2708 3671 νοσήματι;
2746 3599 2913 3653 Οὐδὲν
2944 3599 3077 3672 γάρ,
3131 3601 3287 3653 οὐδὲν
3319 3599 3463 3653 οὕτω
3506 3603 3657 3653 ποιεῖ
3692 3618 3799 3655 πα-

2097 3685 2369 3755 ρανόμους
2418 3684 2516 3736 καὶ
2564 3684 2850 3754 ἀνοήτους,
3007 3683 3069 3734 τὸ
3114 3683 3252 3753 πρὸς
3299 3683 3401 3753 τὴν
3429 3684 3539 3737 τῶν
3583 3682 3798 3737 πολλῶν

2093 3768 2386 3837 κεχηνέναι
2435 3765 2630 3830 δόξαν’
2667 3765 2821 3818 οὐδὲν
2861 3762 3184 3835 εὐδοκίμους
3238 3764 3332 3818 καὶ
3374 3764 3795 3835 ἀδαμαντίνους,

2091 3847 2169 3909 ὡς
2218 3849 2281 3901 τὸ
2322 3848 2527 3918 ταύτης
2561 3849 2861 3921 ὐπερορᾷν.
2912 3848 3005 3915 Διὸ
3034 3849 3127 3899 καὶ
3172 3848 3379 3918 σφόδρα
3429 3848 3689 3918 νεανικῆς
3716 3848 3800 3902 δεῖ

2092 3928 2274 4000 ψυχῆς
2313 3929 2394 3999 τῷ
2432 3930 2683 4001 μέλλοντι
2713 3926 2863 4000 πρὸς·
2890 3928 3162 3999 τοσαύτην
3209 3928 3459 3999 ἀντέχειν
3488 3929 3673 4000 ῥύμην
3704 3933 3798 3983 καὶ

2096 4009 2219 4080 βίαν
2247 4013 2581 4082 πνεύματος.
2616 4010 2721 4064 Καὶ
2743 4012 2855 4082 γὰρ
2883 4012 3013 4065 ὅταν
3044 4012 3316 4082 εὐημερῇ,
3350 4010 3568 4065 πάντων
3600 4010 3797 4066 ἐαυτὸν

2095 4094 2387 4166 προτίθησι
2413 4111 2427 4126 ·
2460 4095 2555 4149 x0l
2581 4096 2708 4147 ὅταν
2737 4095 3000 4149 τάναντία
3027 4096 3322 4166 ὑπομείνῃ,
3347 4095 3645 4166 κατορύξαι
3672 4095 3799 4147 ἐαυ-

2093 4176 2186 4230 τὸν
2224 4178 2474 4247 βούλεται
2498 4195 2512 4208 ·
2548 4178 2643 4229 καὶ
2671 4176 2830 4235 τοῦτο
2855 4175 3005 4246 αὐτῷ
3045 4177 3142 4230 καὶ
3172 4176 3371 4245 γέεννα
3397 4177 3493 4231 καὶ
3522 4176 3793 4247 βασιλεία,

2094 4260 2224 4313 ὅταν
2249 4260 2583 4333 ὑποϐρύχιος
2614 4264 2720 4316 ὑπὸ
2742 4263 2844 4339 ,τοῦ
2876 4263 3083 4327 πάθους
3111 4264 3337 4334 γένηται
3364 4262 3581 4317 τούτου.
3624 4297 3629 4301 ~

2167 4380 2229 4434 ε’.
2258 4380 2444 4438 Ταῦτα
2484 4377 2579 4435 οὖν
2628 4382 2841 4452 φθόνων
2886 4380 3035 4448 ἀξια,
3082 4380 3203 4433 είπέ
3258 4397 3348 4450 μοι
3376 4381 3459 4446 ²⁶;
3508 4380 3626 4435 ἀλλ’
3674 4380 3801 4453 οὐχὶ

2096 4462 2311 4533 θρήνων
2342 4467 2435 4518 καὶ
2472 4465 2765 4541 δακρύωγς
2812 4466 2985 4520 Παντί
3032 4482 3134 4518 που
3179 4464 3462 4535 δῆλον.Σύ
3512 4465 3571 4521 δέ
3598 4464 3798 4520 ταύτὸν

2096 4548 2271 4609 ποιεῖς
2297 4546 2508 4616 φθονῶν
2542 4547 2621 4617 τῷ
2659 4544 2834 4612 οὑτως
2860 4545 3260 4617 εὐδοκιμοῦντι,
3292 4546 3482 4618 ῶσπερ
3526 4546 3594 4601 ἀν
3624 4547 3678 4601 ιῖ
3712 4564 3799 4611 τις

2094 4626 2379 4697 δεδεμένον
2430 4628 2555 4683 ἰδὼν
2605 4631 2702 4683 καὶ
2749 4630 3244 4701 μεμαστιγωμένον
3280 4631 3376 4684 καὶ
3437 4630 3542 4685 ὐπὸ
3583 4630 3800 4704 μυρίων

2098 4710 2391 4781 ἑλκόμενον
2419 4712 2647 4786 θηρίων,
2679 4713 3005 4769 ἐϐάσκαινεν
3035 4714 3188 4784 αὐτῷ
3210 4714 3322 4767 τῶν
3347 4715 3683 4785 τραυμάτων
3704 4717 3800 4769 καὶ

2101 4793 2402 4865 μαστίγων.
2447 4796 2557 4849 Καὶ
2590 4796 2701 4867 γὰρ
2738 4798 2897 4860 ὅσους
2943 4796 3010 4850 ἀν
3046 4795 3367 4867 ἀνθρώπους
3412 4797 3441 4849 ό
3470 4796 3643 4867 δῆμος
3674 4798 3795 4869 ἔχῃ.

2096 4876 2385 4941 τοσούτους
2425 4880 2520 4932 καὶ
2558 4876 2714 4944 οὗτος
2736 4880 3005 4951 δεσμοὺς,
3043 4881 3334 4943 τοσούτους
3367 4880 3667 4943 δεσπόταςο
3703 4883 3799 4935 καὶ

2098 4957 2159 5011 τὸ
2186 4958 2249 5029 δὴ
2303 4960 2707 5033 χαλεπώτερον,
2750 4964 2834 5015 ὅτι
2885 4964 2981 5016 καὶ
3026 4962 3285 5034 διάφορον
3315 4961 3520 5018 τούτων
3562 4962 3799 5029 ἕκαστος

2098 5040 2327 5111 γνώμην
2356 5042 2491 5113 ἔχει,
2527 5046 2622 5097 καὶ
2659 5046 2728 5098 τὰ
2760 5045 2984 5098 ἐπιόντα
3027 5046 3157 5117 περὶ
3184 5044 3281 5099 τοῦ
3323 5046 3670 5110 δουλεύοντος
3700 5047 3797 5100 αὐο

2099 5124 2570 5196 τοῖς-ψηφίζονται
2608 5127 2833 5192 πάντες,
2860 5128 3017 5182 οὐδὲν
3046 5128 3458 5199 βασανίζοντες,
3501 5127 3617 5181 ἀλλ’
3651 5128 3799 5199 άπερ

2101 5208 2167 5261 ἂν
2188 5210 2267 5279 τῷ
2288 5210 2421 5264 δεῖνι
2448 5210 2577 5285 δόξῃ
2610 5213 2707 5265 καὶ
2740 5210 2819 5283 τῷ
2846 5212 3002 5279 δεῖνι,
3036 5210 3212 5266 ταῦτα
3243 5211 3338 5265 καὶ
3376 5213 3533 5265 αὐτοὶ
3566 5210 3800 5283 κυροῦνο

2099 5309 2211 5356 τες.
2246 5294 2421 5347 Ποίων
2453 5290 2547 5348 οὖν
2574 5294 2749 5349 ταῦτα
2789 5296 3074 5366 κυμάτων,
3106 5294 3261 5348 ποίου
3302 5294 3575 5357 κλύδωνος
3602 5296 3664 5348 οὐ
3694 5310 3798 5365 x0-

2098 5375 2385 5449 λεπώτερα
2410 5394 2425 5443 ;
2459 5378 2574 5432 Καὶ
2603 5379 2711 5451 γὰρ
2734 5377 2833 5431 καὶ
2857 5379 3098 5447 φυσᾶται
3128 5377 3326 5448 ἀθρόον
3351 5379 3459 5432 ὑπὸ
3476 5382 3574 5449 τῆς
3604 5376 3799 5448 ἡδονῆς

302 5462 461 5527 ἀξίαν
492 5462 773 5535 ίερᾶσθαι’
807 5462 873 5518 ἂν
910 5462 968 5517 δὲ
1003 5463 1225 5528 ἀδίκως,
1280 5464 1339 5516 τὸ
1387 5462 1641 5533 ἔγκλημα
1696 5459 1858 5513 πάλιν
1909 5459 2008 5510 ἐπὶ
2097 5463 2127 5514 6
2158 5461 2421 5527 τοιοῦτος,
2455 5464 2551 5517 καὶ
2588 5462 2911 5535 βαπτίζεται
2938 5462 3103 5517 πάλιν
3137 5463 3398 5529 εὐκόλως,
3430 5466 3489 5517 ἐν
3511 5460 3799 5532 ἀνωμαλίᾳ

376 5638 703 5712 ’ζνηστιύιι
742 5624 881 5712 ΕΜ·
909 5654 960 5696 et
992 5642 1073 5697 sic
1106 5658 1189 5711 pr.
1228 5642 1291 5712 Ε.
1327 5639 1404 5712 De
1435 5634 1974 5712 solcccismo_dixi_in

2130 5636 2377 5712 )t._§d_p.
2402 5632 2719 5712 ιρι-ερε-
2758 5640 2872 5694 Οὐκ
2901 5638 3266 5712 ἐκεῖνονςμέν]
3298 5638 3390 5712 Sic
3413 5637 3480 5712 __F.
3514 5638 3610 5691 Ge.
3640 5638 3794 5712 lyp}.

305 5708 544 5765 eLFloi'.
586 5727 640 5780 p.
673 5712 802 5766 245.
822 5711 1061 5766 Ἐκεῖνον
1094 5708 1211 5779 μέν.
1238 5710 1299 5766 C.
1345 5711 1409 5765 D.
1447 5711 1684 5780 Ἐκεῖνον

307 5850 409 5905 Ge.
476 5851 531 5922 _"
571 5849 943 5922 δέλωάᾼηκαί
972 5851 1114 5907 Edd.
1192 5853 1236 5885 "
1277 5852 1374 5922 ml
1402 5850 1602 5921 μᾶλλον
1632 5850 1691 5901 δέ
1724 5846 1783 5900 F.

311 5704 544 5765 ELFloi'.
586 5727 640 5780 p.
673 5712 802 5766 ἳ45.
822 5711 1061 5766 Ἐκεῖνον
1094 5704 1211 5779 μέν.
1238 5710 1299 5766 C.
1345 5711 1409 5765 D.
1447 5711 1684 5762 Ἐκεῖνον
1717 5706 1816 5777 μὲν
1832 5706 1983 5775 γάρλ

311 5782 355 5857 ξ
391 5781 713 5857 τούτου)ῄού
737 5780 837 5857 τὸν
868 5782 941 5857 Α..
975 5782 1254 5857 ουιιιιτι
1288 5780 1435 5857 Ὲιριι.
1453 5779 1763 5857 ει-νρι-Δεε...
1804 5775 1983 5857 "let;

2208 5707 2252 5737 "
2293 5704 2385 5761 Sic
2410 5706 2473 5763 E.
2498 5707 2561 5763 F.
2589 5707 2738 5764 Flor.
2777 5726 2792 5765 ‹

2130 5775 2397 5857 βλχεῖρον
2431 5777 2581 5833 Flor.
2613 5850 2626 5857 _
2650 5780 2705 5857 _"
2727 5779 2792 5857 γέ

1861 5844 1982 5898 πα

2130 5844 2135 5917 |
2170 5844 2263 5920 δίε
2289 5844 2506 5920 Μοι-ηει
2527 5850 2688 5920 codd.
2720 5844 2903 5905 αὐτῶν
2940 5848 3069 5905 Sav.
3088 5851 3226 5906 Ben.
3269 5853 3314 5884 ’ί
3349 5844 3643 5920 βιωτικῶν]
3668 5844 3795 5914 add.

302 5916 712 5991 5.9006)me
738 5920 865 5991 add.
889 5923 1233 5991 πραγμάτων
1252 5923 1311 5976 C.
1331 5916 1591 5973 Ne'mrum
1610 5917 1983 5991 agnn‘qunl‘lr]

2130 5933 2171 5985 ρ.
2204 5916 2328 5991 Mox
2365 5917 2670 5991 ἀνθρώπων
2699 5935 2812 5991 om.
2836 5922 2902 5976 A.
2981 5922 3028 5954 “
3057 5922 3223 5977 αὐτόν
3252 5922 3319 5976 Δ.

2337 5710 2385 5761 ic
2589 5707 2738 5781 Flor.
2777 5713 2961 5781 anteiri
2991 5706 3291 5781 ἀπήλαυιν.
3316 5709 3627 5781 ἀπέλαυσεν

2885 5780 3021 5836 Edd.
3094 5776 3145 5813 ’⁸⁷
3170 5778 3372 5836 ταῦταῖ
3423 5779 3601 5833 πάντα
3646 5776 3795 5831 Flor.

3396 5959 3409 5972 .
3436 5928 3489 5973 et
3514 5932 3659 5973 COl'l'.
3686 5931 3798 5971 τοῦ.

302 5976 375 6046 ὐἱ
454 5990 501 6022 ’³
540 5990 605 6043 Τί
634 5986 723 6043 οὖν
758 5990 897 6047 Mor.
926 5976 1067 6067 Bell:
1090 6010 1186 6045 (ειν
1216 5993 1379 6062 igitur
1410 5991 1507 6045 Ge.
1586 5976 1791 6059 ιδνκαί]
1825 5987 1859 6057 ῆ
1885 5985 1983 6041 (5.1

2130 5976 2132 5985 ι
2206 5988 2254 6021 ’⁸
2292 5976 2710 6061 ἐκτραὶιηλιξειν
2735 5988 2798 6045 F.
2877 5992 2925 6026 "
2970 5976 3093 6056 είπέ
3132 5991 3247 6065 μοι]
3283 5992 3502 6061 εἴποιμι
3517 5988 3579 6042 Α.
3599 5986 3659 6047 C-
3695 5984 3761 6041 ί)-

1422 6170 1431 6215 3
