4076 6430
304 519 509 581 delicit,
553 515 633 572 vel
673 515 789 570 sine
827 527 1074 568 mensura
1119 511 1361 574 laetatur;
1394 510 1536 578 quod
1578 509 1692 576 ipso
1717 507 1902 562 dolore

303 609 539 662 deterius
567 616 668 661 est.
702 603 850 669 Quod
873 611 1051 656 autem
1083 600 1324 666 voluptas
1363 613 1466 650 non
1493 599 1560 650 sit
1587 597 1762 650 minus
1787 611 1902 648 ma-

304 701 432 761 lum,
467 715 624 766 quam
653 698 825 759 dolor,
857 694 1190 748 manifestum
1231 703 1312 746 est
1340 707 1405 746 ex
1444 691 1604 745 modo
1647 705 1753 760 quo
1779 692 1898 743 ani-

303 809 450 845 mum
479 803 716 845 nostrum
746 789 938 849 afficit;
974 788 1142 841 levem
1172 787 1311 839 enim
1343 786 1489 838 illum
1513 784 1707 846 reddit,
1734 783 1898 837 subli-

303 897 443 935 mem
473 891 526 935 et
555 881 706 950 quasi
747 880 843 932 alis
874 881 1215 932 instructum.
1255 876 1318 930 Et
1347 876 1448 928 hoc
1475 891 1504 928 a
1538 875 1726 942 priscis
1768 875 1897 928 viris

298 985 526 1024 cernere
557 981 656 1024 est.
683 967 1030 1036 Quandonam
1063 969 1221 1036 igitur
1245 966 1441 1034 probus
1470 976 1582 1018 erat
1609 965 1809 1017 David?
1829 980 1896 1018 an

299 1078 422 1116 cum
478 1061 778 1130 gaudebat.
845 1075 911 1112 an
969 1073 1090 1113 cum
1145 1059 1194 1112 in
1248 1057 1488 1127 angustia
1546 1055 1898 1110 versabatur?

295 1156 524 1221 Quando
547 1154 796 1208 Judaicus
821 1152 1084 1224 populus?
1109 1167 1175 1204 an
1198 1166 1319 1203 cum
1346 1148 1628 1217 gemebant
1652 1158 1704 1201 et
1729 1148 1894 1201 Deum

299 1247 641 1310 invocabant,
663 1262 729 1299 an
751 1262 869 1299 cum
900 1245 1215 1299 laetabantur
1247 1243 1297 1295 in
1326 1242 1560 1304 deserto,
1592 1251 1646 1330 ps
1668 1239 1892 1293 vitulum

296 1337 639 1390 adorabant?
677 1338 1012 1404 QuaprOpter
1046 1333 1322 1397 Salomon,
1372 1331 1460 1400 qui
1508 1333 1736 1385 maxime
1775 1346 1893 1384 oin-

299 1428 446 1480 uium
479 1427 677 1481 sciebat
707 1425 834 1496 quid
863 1434 1007 1479 essiet
1036 1425 1298 1491 voluptas,
1329 1422 1478 1482 dicit,
1511 1420 1698 1474 Melius
1723 1430 1795 1472 est
1819 1421 1895 1474 ire

295 1519 350 1570 in
379 1520 588 1570 domum
627 1519 809 1579 luctus,
840 1533 993 1584 quam
1020 1517 1070 1567 in
1099 1515 1304 1566 domum
1334 1513 1464 1565 risus
1503 1511 1694 1581 (Eccle.
1726 1511 1778 1564 7.
1813 1511 1888 1579 5).

293 1609 364 1662 Et
407 1608 651 1663 Christus
702 1609 820 1662 illos
864 1607 1078 1678 quidem
1124 1606 1307 1659 beatos
1342 1605 1622 1674 prtedicat,
1667 1603 1886 1666 dicens,

1321 395 1388 450 IN
1428 392 1835 450 ΜᾹΤΤΙΙλΕωῘ
1875 392 2102 448 ιῐυὶῐιῐλ.
2147 394 2282 450 XLI.
2323 396 2394 449 al.
2436 393 2598 451 XLII.

3499 405 3606 459 446

2008 506 2149 559 Beati
2169 510 2257 574 qui
2284 509 2457 577 lugent
2492 507 2701 575 (Matth.
2727 508 2780 562 5.
2807 508 2883 576 5),
2913 506 3010 562 hos
3038 523 3165 564 vero
3187 510 3412 566 miseros
3433 513 3563 568 dicit
3589 533 3600 566 :

2017 595 2105 650 Va:
2133 596 2287 659 vobis,
2333 597 2420 665 qui
2461 597 2654 662 ridetis,
2699 598 2816 662 quia
2855 598 3036 665 ﬂebitis
3087 596 3237 667 (Luc.
3284 602 3338 654 6.
3387 602 3495 670 25).
3537 608 3606 660 Et

2000 685 2119 752 jure
2145 686 2360 754 quidem
2391 687 2582 740 merito
2610 703 2622 738 :
2656 702 2774 738 nam
2811 689 2860 738 iii
2885 687 3156 754 voluptate
3189 690 3402 743 mollior
3429 703 3481 745 et
3510 709 3601 746 So-

2007 777 2168 830 lutior
2196 788 2275 831 est
2305 779 2506 844 anima,
2540 779 2596 832 in
2624 778 2766 832 luctu
2804 779 3164 844 eontrahitur,
3192 790 3245 833 et
3287 783 3443 848 sapit,
3481 795 3531 836 et
3571 803 3600 836 a

2002 867 2254 936 congerie
2282 869 2297 899 ⁸
2326 870 2634 923 morborum
2670 870 2832 923 animi
2863 869 3136 934 liberatur,
3169 872 3448 925 sublimior
3475 874 3600 927 item

2001 967 2056 1011 et
2101 957 2288 1012 fortior
2323 968 2426 1014 est.
2456 959 2584 1013 llzec
2626 960 2802 1012 omnia
2851 975 2971 1013 cum
3026 962 3280 1028 sciamus,
3336 962 3601 1030 fugiamus

2003 1049 2146 1101 illam
2190 1049 2477 1102 multorum
2514 1049 2963 1104 existimationem
2994 1050 3216 1120 ejusque
3246 1053 3597 1120 voluptatem,

2002 1150 2061 1194 ut
2091 1156 2272 1194 veram
2319 1151 2374 1195 et
2422 1152 2726 1196 manentem
2771 1157 2988 1209 semper
3028 1143 3250 1212 gloriam
3302 1159 3600 1213 consequa-

1999 1247 2122 1286 mur
2151 1249 2166 1283 :
2195 1247 2354 1300 quam
2381 1232 2583 1284 utinam
2604 1247 2792 1285 omnes
2818 1235 3130 1298 sortiantur,
3160 1213 3330 1303 gratia
3359 1245 3412 1288 ct
3443 1235 3599 1289 beni-

1998 1323 2202 1393 gnitate
2231 1323 2440 1377 Domini
2483 1324 2651 1378 nostri
2680 1323 2806 1378 Jesu
2846 1323 3068 1388 Christi,
3099 1325 3180 1378 cui
3212 1327 3380 1394 gloria
3411 1336 3463 1380 et
3493 1326 3596 1380 im-

2002 1415 2226 1485 perium,
2260 1416 2313 1470 in
2342 1417 2534 1471 Saecula
2566 1417 2906 1472 smculorum.
2935 1419 3128 1471 Amen.

2061 1612 2078 1644 ι
2114 1610 2256 1660 Savil.
2284 1619 2336 1662 et
2354 1611 2519 1662 Morel.
2548 1612 2750 1672 habent,
2773 1610 2978 1670 vinculo,
3004 1625 3110 1674 pro,
3134 1613 3376 1675 congerie.

1458 1812 1808 1874 HOMILIA
1867 1813 2036 1876 XLI.
2083 1814 2172 1875 al.
2217 1814 2416 1876 XLII.

293 1960 428 2016 ΟΑΡ.
455 1959 538 2014 12.
565 1975 614 2014 v.
641 1960 734 2013 9.5.
760 1959 938 2013 Sciens
967 1968 1134 2009 autem
1160 1957 1308 2010 Iesus
1336 1955 1661 2024 cogitationes
1688 1969 1883 2015 eorum,

366 2052 493 2104 dixit
523 2054 630 2103 eis:
658 2049 819 2102 Omne
857 2065 1065 2117 regnum
1097 2059 1270 2100 contra
1305 2064 1358 2100 se
1377 2036 1612 2106 divisum,
1638 2045 1889 2098 desolttbi-

369 2152 449 2192 tur
471 2141 668 2192 :omuis
683 2157 725 2192 Ct
735 2141 856 2192 vitas
867 2149 910 2191 et
929 2139 1107 2191 domus
1123 2148 1298 2189 contra
1315 2153 1366 2189 se
1397 2136 1576 2195 divisa,
1593 2153 1693 2188 non
1714 2136 1883 2189 stabit.

362 2231 452 2284 26.
489 2231 550 2283 Et
580 2233 623 2284 si
647 2240 850 2284 satanas
879 2242 1108 2283 satanam
1137 2230 1290 2298 ejicit,
1340 2230 1576 2281 adversus
1606 2245 1659 2281 se
1699 2229 1886 2282 dirisus

362 2333 454 2376 est.
487 2323 750 2385 Quomodo
774 2339 890 2390 ergo
912 2321 1058 2373 stabit
1091 2337 1298 2388 regnum
1326 2321 1432 2388 eius
1454 2322 1478 2373 ?

363 2413 417 2466 1.
446 2410 675 2465 Christus
716 2429 803 2480 per
833 2428 1135 2463 arcanorum
1181 2411 1428 2474 notitiam,
1476 2411 1712 2463 deitatem
1738 2428 1884 2464 suam

288 2504 754 2558 (cuman—iam
786 2512 1169 2558 aceusaverant
1199 2503 1366 2565 illum,
1407 2502 1546 2568 quod
1571 2503 1620 2553 in
1671 2503 1883 2555 Beelze-

287 2596 397 2650 bub
429 2598 443 2626 ¹
471 2595 688 2663 ejiceret
709 2595 989 2647 tlzL-monia.
1020 2594 1122 2648 Sed
1147 2604 1269 2646 tunc
1299 2607 1402 2646 non
1428 2593 1720 2660 increpavit
1749 2607 1877 2655 eos;

286 2701 473 2738 verum
501 2701 564 2738 ex
595 2685 759 2753 signis
789 2684 1027 2752 plurimis
1054 2684 1357 2735 facultatem
1383 2681 1531 2734 dedit
1553 2683 1631 2734 eis
1657 2697 1766 2733 suae
1791 2696 1882 2734 co-

285 2777 606 2845 gnoscenda:
641 2776 932 2842 potesmtis,
963 2789 1136 2840 exime
1176 2773 1417 2824 doctrina
1459 2771 1878 2840 magnitudinem

285 2882 438 2919 suam
469 2867 697 2920 edocuit.
722 2866 852 2930 Quia
877 2880 1002 2917 vero
1023 2864 1210 2917 eadem
1237 2861 1415 2915 dicere
1440 2861 1874 2929 perseverabant,

285 2957 406 3009 illos
435 2956 646 3009 demum
691 2956 928 3023 increpat
957 2971 970 3004 :
1001 2953 1101 3006 hoc
1150 2954 1319 3020 primo
1345 2961 1660 3019 argumento
1703 2951 1878 3004 deita-

285 3055 393 3100 tem
424 3061 574 3098 suam
614 3045 924 3106 ostendens,
958 3042 1095 3111 quod
1149 3056 1338 3108 nempe
1379 3055 1571 3093 areana
1606 3057 1790 3093 eorum
1826 3043 1876 3094 iu

285 3137 521 3191 medium
556 3135 875 3197 adduceret;
903 3133 1136 3186 secundo
1177 3141 1376 3196 autem,
1420 3131 1560 3198 quod
1605 3130 1877 3185 ὼιειιιοηίιε

284 3230 440 3284 facile
465 3229 704 3297 ejiceret.
733 3228 1061 3294 Quamquam
1093 3224 1377 3277 admodum
1409 3223 1690 3292 impudens
1715 3239 1876 3277 accu-

283 3321 574 3374 Satioerat.
617 3319 770 3383 Nam,
806 3331 860 3371 ut
907 3319 1033 3380 dixi,
1075 3317 1268 3370 invidia
1316 3333 1421 3370 non
1462 3318 1706 3385 explorat
1750 3318 1877 3386 quid

282 3413 442 3473 dicat,
475 3412 570 3465 sed
614 3422 812 3467 temere
844 3411 1094 3479 loquitur.
1141 3411 1386 3463 Attamen
1422 3425 1498 3468 ne
1537 3409 1614 3463 sic
1659 3410 1875 3478 quidem

284 3499 502 3573 figentes
523 3503 768 3571 despexit
795 3503 1059 3566 Christus,
1086 3503 1179 3556 sed
1201 3518 1321 3556 eum
1352 3502 1719 3557 moderatiune
1741 3519 1874 3556 con-

280 3593 488 3662 gruenti
516 3607 635 3647 sese
663 3604 870 3663 purgat,
915 3609 1010 3644 nos
1043 3594 1321 3646 instituens
1362 3601 1417 3646 ut
1465 3607 1591 3661 erga
1632 3582 1878 3648 inimicos

281 3685 439 3738 mites
487 3683 655 3738 simus
695 3702 708 3736 :
754 3685 963 3738 etiamsi
1012 3684 1098 3737 illa
1142 3684 1342 3746 dicant,
1375 3682 1441 3736 de
1484 3683 1678 3752 quibus
1722 3684 1876 3736 nobis

281 3776 482 3830 conscii
513 3793 618 3829 non
648 3791 864 3837 sumus;
911 3785 1070 3843 utque
1119 3790 1223 3828 non
1254 3777 1548 3838 turbemur,
1581 3775 1673 3828 sed
1719 3791 1876 3843 {equo

281 3867 462 3921 animo
492 3867 726 3920 rationes
777 3866 906 3934 ipsis
953 3866 1258 3918 reddamus.
1307 3865 1458 3930 Quod
1495 3875 1548 3917 et
1599 3866 1710 3933 ipse
1753 3876 1874 3918 time

282 3960 538 4029 prteclare
577 3959 820 4022 faciebat,
868 3960 1073 4026 signum
1121 3958 1409 4010 maximum
1455 3959 1698 4026 praebens
1743 3957 1874 4011 falsa

284 4052 370 4105 illa
395 4065 516 4105 esse
542 4066 658 4120 qua:
688 4050 755 4104 ab
787 4050 912 4116 ipsis
935 4049 1266 4101 dicebantur.
1296 4047 1479 4115 Neque
1509 4049 1651 4102 enim
1675 4048 1876 4102 dmino-

283 4146 428 4198 nium
459 4144 702 4196 habentis
727 4151 843 4196 erat
867 4151 1062 4194 tantam
1086 4140 1341 4194 exhibere
1369 4141 1830 4194 mansuetudinem
1857 4158 1870 4192 :

284 4251 388 4288 non
436 4234 760 4287 dmmonium
813 4232 1055 4285 habentis
1101 4241 1217 4285 erat
1263 4242 1468 4284 secreta
1524 4247 1871 4300 cognoscere.

286 4325 496 4380 Etenim
529 4325 669 4393 quod
710 4324 1015 4391 hujusmodi
1060 4325 1240 4391 opinio
1277 4322 1563 4375 admodum
1598 4323 1875 4391 impudens

284 4429 445 4480 esset,
477 4426 530 4471 et
568 4418 707 4486 quod
752 4417 956 4485 plebem
992 4417 1260 4478 timerent,
1313 4430 1417 4467 non
1467 4415 1734 4468 audebant
1782 4415 1876 4467 has

284 4511 652 4562 accusationes
682 4506 891 4576 publice
924 4508 1182 4574 proferre,
1213 4506 1305 4558 sed
1336 4521 1426 4558 cas
1459 4506 1508 4557 in
1542 4517 1720 4559 mente
1752 4521 1873 4558 ver-

286 4601 494 4654 sabaut.
525 4599 640 4667 Ipse
665 4613 793 4652 vero
833 4597 1122 4650 ostendens
1152 4598 1299 4664 ipsis,
1343 4611 1400 4650 se
1429 4597 1516 4650 illa
1556 4612 1733 4660 nosse,
1769 4613 1873 4648 non

288 4701 463 4744 tamen
501 4690 709 4743 illorum
755 4689 1147 4742 accusationem
1191 4689 1476 4756 expromit,
1512 4704 1684 4754 neque
1731 4689 1874 4755 ipso-

287 4797 403 4834 rum
434 4782 722 4850 nequitiam
749 4779 985 4834 declarat
1011 4795 1024 4840 ;
1057 4779 1149 4830 sed
1181 4779 1500 4831 solutionem
1532 4779 1704 4840 aliert,
1746 4792 1877 4830 cou-

289 4872 526 4925 scientia:
578 4871 811 4938 ipsorum
862 4869 1277 4923 coniutationem
1323 4870 1648 4936 relinquens.
1702 4867 1875 4922 Unum

289 4967 430 5020 enim
458 4968 628 5018 solum
657 4967 898 5026 curabat,
932 4973 1238 5032 peccatores
1273 4964 1481 5032 juvare,
1529 4981 1632 5016 non
1664 4965 1714 5016 iu
1764 4963 1875 5016 vul-

289 5071 384 5124 gus
411 5057 712 5109 traducere.
741 5057 1070 5124 Quamquam
1095 5056 1136 5108 si
1163 5055 1414 5108 voluisset
1454 5057 1667 5124 longum
1700 5066 1878 5109 texere

289 5163 616 5212 sermonem,
665 5149 888 5216 illosque
938 5149 1188 5201 ridiculos
1233 5147 1506 5209 exhibere,
1558 5150 1879 5216 insuperque

291 5251 558 5294 extremas
587 5241 652 5290 ab
693 5240 795 5292 illis
841 5254 1025 5307 pennas
1051 5253 1360 5306 exposcere,
1407 5240 1534 5292 nihil
1567 5239 1832 5293 ofﬁciebat
1862 5258 1875 5292 :

293 5341 656 5382 verumtauu'n
689 5329 865 5382 missis
894 5330 996 5382 illis
1018 5329 1283 5390 omnibus,
1318 5346 1478 5380 unum
1513 5330 1738 5382 habebat
1763 5344 1880 5382 sco-

294 5435 440 5487 pum,
470 5432 523 5472 ut
557 5437 622 5473 ne
663 5421 779 5473 illos
825 5421 1271 5474 COlllClllltDSltil‘CS
1316 5425 1528 5482 faceret,
1578 5421 1671 5472 sed
1726 5437 1880 5474 man-

291 5512 573 5574 suetiores,
627 5522 680 5565 et
733 5513 832 5564 hoc
885 5522 1036 5575 pacto
1078 5511 1142 5563 ad
1184 5512 1607 5564 emendationem
1649 5513 1880 5578 aptiores

291 5607 559 5662 redderet.
613 5605 892 5672 Quomodo
939 5617 1119 5657 autem
1180 5621 1298 5657 sese
1345 5605 1570 5672 purgat?
1623 5603 1765 5658 Nihil
1815 5620 1881 5658 cx

355 5741 370 5770 ι
411 5746 538 5797 Post,
567 5736 842 5796 Lectzcbub,
883 5736 1098 5786 nonnulli
1131 5735 1329 5793 addunt,
1363 5734 1580 5798 principe
1617 5735 1878 5786 dwmonio-

306 5818 430 5855 runt.

1997 1954 2288 2024 Scripturis
2315 1955 2467 2010 aﬂ‘ert
2509 1957 2711 2026 (neque
2739 1959 2880 2012 enim
2934 1957 3007 2012 illi
3049 1957 3284 2011 animum
3321 1959 3592 2014 adhibuis-

1994 2056 2134 2110 sent,
2167 2046 2261 2100 sed
2311 2063 2474 2116 prave
2525 2049 2921 2116 interpretaturi
2962 2050 3158 2118 erant),
3202 2065 3386 2103 verum
3429 2051 3496 2102 ab
3526 2051 3593 2104 iis

1993 2152 2112 2206 qua:
2137 2138 2293 2206 vulgo
2322 2140 2577 2192 eveniunt
2606 2140 2766 2192 verba
2798 2139 2920 2193 iacit
2945 2156 2958 2190 :
2991 2139 3152 2192 Omne
3181 2157 3388 2210 regnum
3416 2151 3592 2193 contra

1990 2229 2211 2296 seipsum
2265 2229 2480 2282 dirisum
2534 2247 2635 2282 non
2687 2230 2836 2282 stabit
2893 2246 2910 2284 :
2967 2240 3010 2283 et
3067 2231 3241 2283 civitas
3290 2231 3368 2282 rel
3413 2233 3592 2285 domus

1992 2317 2224 2381 discissa,
2259 2320 2356 2372 cito
2396 2321 2713 2373 dissolvetur.
2747 2319 2926 2390 Neque
2955 2321 3095 2373 enim
3143 2321 3220 2374 sic
3268 2332 3486 2374 externa
3532 2330 3591 2374 ut

1988 2410 2164 2464 civilia
2195 2412 2331 2466 bella
2367 2421 2582 2466 noeent.
2613 2412 2665 2466 Id
2698 2415 2856 2466 etiam
2886 2413 2936 2464 in
2966 2414 3281 2481 corporibus
3305 2415 3503 2476 cvi-nit,
3534 2413 3587 2467 iu

1989 2501 2344 2571 omnibusque
2390 2503 2570 2556 rebus.
2617 2502 2719 2557 Sed
2764 2504 2974 2556 interitu
3021 2518 3050 2556 a
3095 2503 3386 2556 notioribus
3430 2504 3590 2558 rebus

1988 2591 2232 2659 exempla
2263 2593 2496 2646 adducit.
2542 2593 2680 2658 Quid
2717 2594 2864 2646 enim
2917 2594 2968 2646 in
3003 2604 3143 2647 terra
3185 2604 3266 2649 est
3293 2611 3456 2663 regno
3493 2611 3589 2664 po-

1988 2681 2241 2735 tentius?
2301 2681 2466 2736 Nihil.
2528 2685 2780 2737 Attamen
2838 2683 3192 2737 seditionibus
3255 2684 3584 2741 dissolvitur.

1997 2767 2154 2831 Quod
2192 2769 2237 2823 si
2270 2770 2376 2824 illic
2422 2772 2764 2839 negotiorum
2811 2775 3007 2827 molem
3050 2777 3119 2828 in.
3150 2792 3314 2831 causa
3349 2794 3471 2833 esse
3498 2781 3584 2833 in-

1999 2859 2201 2924 nuerit,
2230 2861 2358 2929 quia
2388 2876 2586 2930 nempe
2615 2879 2796 2917 secum
2833 2866 3093 2926 decertat,
3125 2869 3254 2935 quid
3280 2871 3485 2923 dixeris
3517 2873 3586 2925 de

1985 2953 2220 3016 civitate,
2249 2963 2340 3006 aut
2366 2954 2432 3007 de
2449 2955 2645 3008 domo?
2665 2956 2796 3009 Nam
2821 2936 2934 3010 sive
2953 2974 3170 3025 parvum
3194 2960 3306 3012 sive
3333 2976 3582 3029 magnum

1983 3043 2114 3112 quid
2154 3045 2328 3106 fuerit,
2363 3047 2406 3099 si
2453 3061 2636 3099 secum
2679 3047 2958 3113 dissideat,
2995 3049 3152 3116 perit.
3203 3049 3257 3103 Si
3292 3051 3448 3120 igitur
3476 3052 3585 3104 d:e-

1984 3139 2221 3190 mouium
2247 3137 2449 3192 habens
2469 3155 2591 3207 ego,
2620 3141 2735 3208 ejus
2765 3157 2866 3210 ope
2895 3142 3168 3196 dmmonas
3202 3145 3357 3213 pello,
3390 3147 3583 3200 seditio

1983 3237 2037 3280 et
2061 3243 2233 3296 pugna
2264 3238 2344 3282 est
2370 3229 2508 3282 inter
2534 3231 2829 3292 daemonas,
2860 3233 3001 3300 iique
3039 3242 3182 3286 stant
3211 3234 3361 3288 divisi
3400 3249 3453 3290 et
3483 3237 3581 3291 ad-

1989 3317 2232 3370 versarii.
2264 3315 2318 3370 Si
2350 3318 2438 3371 alii
2480 3331 2665 3373 contra
2696 3319 2833 3373 alios
2871 3328 3037 3386 stant,
3080 3323 3287 3377 illorum
3328 3324 3582 3382 fortitudo

1985 3406 2141 3474 periit
2167 3416 2220 3461 et
2249 3407 2563 3462 labefactata
2593 3417 2694 3464 est.
2740 3408 2801 3464 Si
2825 3410 2968 3465 enim
2999 3423 3205 3466 satanas
3230 3425 3461 3468 satanam
3489 3419 3582 3487 eji-

1981 3500 2046 3552 cit
2087 3501 2214 3565 (non
2265 3499 2416 3563 dixit,
2472 3499 2755 3555 Dmmouas
2787 3501 2954 3571 ejicit,
3012 3503 3302 3558 ostendens
3356 3507 3576 3560 multam

1981 3604 2101 3645 esse
2129 3592 2265 3645 inter
2289 3591 2408 3644 illos
2436 3592 2826 3662 concordiam),
2873 3593 2926 3646 in
2955 3594 3174 3660 seipsum
3220 3611 3349 3664 ergo
3389 3597 3580 3651 divisus

1981 3692 2075 3745 est,
2106 3681 2297 3750 inquit.
2330 3681 2382 3736 Si
2409 3683 2610 3736 divisus
2637 3692 2744 3748 est,
2774 3699 2903 3753 ergo
2930 3685 3249 3739 imbecillior
3278 3686 3446 3740 factus
3472 3697 3578 3752 est,

1979 3780 2034 3824 et
2059 3773 2218 3839 periit
2249 3789 2260 3824 :
2297 3773 2570 3841 si'pcriit,
2607 3774 2878 3842 quomodo
2914 3784 3090 3843 potest
3131 3778 3291 3830 alium
3334 3779 3579 3846 ejicere?

1981 3860 2169 3914 Viden'
2191 3879 2350 3930 quam
2375 3864 2594 3916 ridicula
2627 3867 2696 3916 sit
2721 3865 3008 3930 accusatio,
3033 3882 3192 3934 quam
3216 3869 3392 3929 stulta,
3420 3886 3578 3937 quam

1981 3966 2164 4007 secum
2186 3952 2297 4021 ipsa
2342 3956 2619 4022 pugnans?
2649 3953 2765 4006 Non
2809 3966 2980 4022 potest
3015 3958 3155 4008 enim
3191 3958 3329 4012 idem
3365 3959 3474 4027 ipse
3500 3960 3582 4013 di-

1981 4059 2125 4106 cere,
2158 4054 2398 4098 satanatu
2431 4055 2578 4098 stare
2617 4055 2670 4098 et
2701 4047 2899 4111 ejicere
2929 4047 3223 4112 daemonas,
3266 4066 3327 4103 ac
3365 4061 3581 4118 prOpter

1983 4134 2110 4188 illud
2143 4145 2308 4197 stare,
2337 4145 2552 4203 pr0pter
2571 4136 2712 4204 quod
2739 4136 2846 4204 jam
2875 4140 3144 4193 corruisse
3165 4139 3343 4195 debet.
3373 4143 3432 4194 Et
3463 4144 3578 4200 luce

1982 4241 2064 4285 est
2097 4231 2265 4300 prima
2301 4232 2497 4286 solutio
2528 4251 2539 4284 :
2575 4232 2811 4285 secunda
2853 4232 3051 4286 solutio
3097 4235 3238 4288 circa
3286 4237 3581 4307 discipulos

1982 4333 2226 4377 versatur
2255 4341 2271 4400 ς
2303 4338 2474 4392 neque
2500 4322 2642 4377 enim
2671 4339 2776 4376 uno
2805 4331 3006 4376 tantum
3037 4339 3250 4392 semper
3283 4329 3464 4388 modo,
3485 4332 3578 4383 sed

1983 4417 2141 4469 etiam
2172 4415 2410 4469 secundo
2440 4424 2495 4470 et
2527 4417 2685 4470 tertio
2720 4417 3049 4483 objectiones
3080 4419 3257 4483 solvit,
3291 4422 3431 4488 quod
3462 4423 3578 4474 illo—

1983 4522 2100 4560 rum
2140 4505 2525 4574 impudentiam
2569 4520 2631 4560 ex
2665 4506 2954 4559 abundanti
2990 4509 3292 4574 reprimere
3325 4510 3472 4564 velit.
3524 4513 3578 4566 ld

1983 4596 2123 4662 quod
2153 4596 2312 4648 etiam
2344 4595 2489 4660 fecit,
2522 4610 2641 4650 cum
2671 4597 2738 4649 de
2770 4597 2991 4651 sabbato
3020 4607 3287 4665 ageretur,
3321 4599 3576 4656 Dat-idem

1983 4687 2257 4742 adducens
2287 4687 2338 4740 in
2366 4687 2622 4750 medium,
2661 4687 2893 4756 itemque
2922 4689 3230 4744 sacerdotes
3256 4701 3311 4744 et
3343 4695 3580 4748 testimo-

1987 4781 2130 4834 nium
2173 4796 2277 4849 quo
2321 4780 2535 4844 dicitur,
2573 4779 2970 4833 Misericordiam
3014 4781 3145 4846 colo,
3178 4792 3222 4835 et
3257 4800 3356 4836 non
3387 4787 3585 4853 sacriﬁ-

1985 4874 2116 4925 rium
2151 4871 2303 4941 (Osee
2355 4872 2408 4926 6.
2442 4872 2534 4940 6);
2565 4886 2781 4924 Causam
2825 4871 3055 4940 denique
3094 4872 3163 4924 ob
3201 4888 3359 4941 quam
3394 4876 3584 4928 sabba-

1985 4974 2097 5017 tum
2129 4963 2225 5016 fuit
2273 4964 2569 5017 institutum
2597 4979 2610 5015 :
2640 4961 2859 5027 Propter
2888 4962 3139 5014 hominem
3173 4963 3338 5027 enim,
3387 4967 3580 5033 inquit,

1985 5065 2054 5107 est
2082 5056 2345 5108 sabbatum
2375 5054 2566 5121 (Marc.
2595 5051 2649 5105 2.
2681 5052 2774 5123 Ξῖ)
2808 5069 2821 5106 :
2852 5053 2952 5105 hoc
2983 5068 3109 5122 ergo
3132 5052 3218 5106 hic
3248 5054 3407 5106 etiam
3433 5053 3581 5110 facit.

1985 5146 2116 5200 Nam
2170 5157 2290 5216 post
2342 5148 2564 5212 primam
2612 5145 2937 5198 solutionem
2990 5143 3056 5197 ad
3099 5143 3389 5198 secundani
3442 5148 3586 5199 venit

1988 5240 2164 5307 priore
2191 5239 2492 5293 clariorem.
2527 5238 2614 5288 Ait
2643 5237 2784 5288 enim
2820 5253 2831 5286 :
2861 5234 2950 5288 9.7.
2988 5234 3047 5288 Si
3089 5252 3179 5304 ego
3209 5238 3262 5288 iu
3307 5235 3583 5291 Beelzebub

1987 5331 2132 5399 ejicio
2159 5331 2430 5391 dwmouia,
2456 5328 2549 5396 ﬁlii
2580 5329 2726 5381 vestri
2753 5328 2804 5378 in
2831 5344 2928 5396 quo
2959 5328 3206 5396 ejiriuut?

2061 5421 2113 5472 ἓ.
2149 5421 2244 5474 llic
2287 5435 2502 5489 quoque
2540 5418 2658 5484 ejus
2696 5417 3157 5470 mansuetudinem
3198 5418 3582 5474 animadverte.

1991 5511 2105 5565 Non
2138 5513 2281 5565 enim
2330 5511 2479 5574 dicit,
2527 5509 2781 5578 Discipuli
2829 5506 2955 5571 mei,
3005 5523 3120 5569 nec,
3173 5509 3412 5576 Apostoli
3458 5513 3581 5572 mei,

1989 5603 2106 5666 sed,
2140 5602 2264 5654 Filii
2291 5601 2459 5662 vestri,
2501 5609 2558 5653 ut
2586 5599 2632 5653 si
2664 5599 2833 5652 velint
2873 5597 2938 5650 ad
2969 5597 3212 5651 eamdem
3254 5600 3583 5654 nobilitatem

1991 5695 2195 5756 venire,
2239 5691 2363 5746 hinc
2409 5706 2592 5744 ansam
2623 5689 2880 5759 arripiant
2911 5707 2922 5741 :
2958 5689 3040 5742 sin
3073 5689 3263 5758 ingrati
3306 5691 3356 5742 iu
3397 5688 3584 5744 iisdem

1991 5786 2359 5856 persistercnt,
2385 5799 2451 5838 ne
2483 5781 2842 5852 impudentem
2865 5779 3078 5854 quidem
3110 5790 3327 5853 possent
3364 5794 3589 5837 excusa-
