4076 6446
477 414 583 471 447

473 525 674 579 tionem
716 521 970 591 proferre.
1017 521 1167 586 Quod
1209 531 1382 575 autem
1422 521 1549 576 dicit
1593 519 1696 574 hoc
1740 516 2043 588 signiﬁcat:

471 614 711 682 Apostoli
756 613 807 666 in
856 627 962 681 quo
1006 611 1252 681 ejiciunt?
1277 610 1566 665 Jam'enim
1609 609 1894 678 ejccerant,
1926 622 2048 662 cum

474 712 788 771 potestatem
817 703 883 757 ab
912 703 1000 756 illo
1026 702 1376 771 accepissent,
1409 716 1583 771 neque
1607 711 1781 754 tamen
1809 701 1930 754 illos
1953 713 2047 753 ac-

447 793 726 856 cusabant
753 811 767 847 :
796 808 966 864 neque
992 792 1132 848 enim
1173 803 1357 847 contra
1403 808 1492 848 res
1534 794 1695 863 ipsas,
1725 790 1817 846 sed
1863 799 2046 846 contra

472 899 754 952 personam
795 893 992 937 tantum
1026 882 1316 953 litigabant.
1354 881 1424 939 Ut
1461 882 1706 936 ostendat
1735 882 1914 953 igitur.
1952 895 2046 936 eos

468 989 534 1027 ex
582 973 774 1027 invidia
823 973 992 1026 sotum
1036 972 1124 1026 illa
1161 971 1378 1040 dixisse,
1405 975 1673 1039 apostolos
1720 972 1770 1026 in
1810 968 2043 1027 medium

468 1063 702 1118 adducit.
731 1061 865 1117 Nam
886 1064 927 1116 si
955 1079 1053 1132 ego
1079 1064 1155 1118 sic
1176 1064 1350 1134 ejicio,
1380 1063 1546 1118 multo
1575 1065 1740 1134 magis
1777 1062 1873 1129 illi,
1896 1063 1982 1132 qui
2012 1076 2042 1116 a

469 1168 556 1207 me
582 1161 895 1223 potestatem
919 1164 1257 1224 acceperunt.
1287 1158 1534 1211 Attamen
1561 1156 1692 1210 nihil
1711 1155 1881 1210 simile
1909 1154 2044 1208 dixi-

467 1244 564 1298 stis
595 1244 720 1299 illis.
747 1243 856 1299 Cur
874 1261 1001 1316 ergo
1029 1261 1114 1302 me
1136 1249 1417 1312 accusatis,
1449 1250 1534 1318 qui
1560 1257 1743 1303 auctor
1767 1247 1872 1304 illis
1887 1263 2039 1315 sum;

468 1333 587 1388 illos
627 1349 755 1391 vero
797 1336 1020 1392 crimine
1056 1337 1255 1393 liberos
1294 1338 1540 1393 mittitis?
1580 1339 1695 1394 Non
1751 1341 1853 1395 hoc
1880 1355 1976 1395 vos
2012 1357 2040 1398 a

466 1425 726 1495 supplicio
753 1427 1016 1495 liberabit,
1044 1429 1137 1484 sed
1179 1431 1366 1500 majori
1400 1431 1723 1486 damnationi
1750 1431 1993 1500 subjiciet
2022 1447 2038 1483 :

466 1513 588 1571 idco
613 1516 908 1587 subjunxit,
935 1517 1044 1587 Ipsi
1061 1519 1262 1590 judices
1289 1523 1436 1575 vestri
1459 1532 1622 1576 erunt.
1644 1520 1776 1577 Cum
1807 1524 1946 1578 enim
1973 1538 2042 1580 ex
2101 1587 2105 1591 1

463 1607 616 1662 vobis
643 1610 751 1663 sint
779 1612 902 1675 orti,
931 1621 985 1666 et
1027 1610 1139 1666 hme
1167 1621 1475 1679 exerceant,
1507 1629 1627 1670 cum
1665 1615 1794 1669 mihi
1839 1616 2042 1671 obtem-

464 1709 653 1768 perent
683 1709 737 1755 et
770 1701 1039 1767 obeiliant,
1071 1703 1283 1772 planum
1321 1698 1404 1762 est
1433 1707 1552 1761 illos
1587 1708 2040 1766 condemnaturus

461 1800 583 1842 esse
607 1803 701 1844 eos
727 1791 815 1858 qui
845 1794 1108 1847 contraria
1155 1793 1357 1850 faciunt
1386 1805 1441 1851 et
1483 1797 1684 1853 dicunt.
1724 1799 1812 1858 28.
1856 1800 1925 1856 Si
1941 1817 2033 1853 au-

463 1888 559 1933 tem
588 1879 642 1932 in
689 1880 886 1949 Spiritu
929 1881 1027 1936 Dei
1053 1885 1305 1940 dwmonia
1351 1889 1518 1958 ejicio,
1554 1892 1783 1959 profecta
1821 1887 2040 1961 pervenit

458 1967 516 2022 in
551 1983 635 2023 vos
689 1987 900 2040 regnum
950 1971 1062 2026 Dei.
1108 1973 1242 2043 Quid
1291 1987 1400 2040 est,
1454 1971 2038 2049 Regnumfe'Adventus

463 2073 636 2114 meus.
667 2059 803 2115 Vide
828 2063 1094 2147 quomqth
1121 2080 1305 2121 rursus
1332 2082 1425 2121 eos
1453 2069 1649 2125 alliciat
1688 2082 1743 2126 et
1771 2082 1939 2138 curet,
1971 2071 2036 2126 ad

461 2164 722 2219 suamque
764 2153 1161 2221 cognitionem’
1185 2157 1477 2226 pertrabat,
1525 2161 1872 2232 osten‘datque
1919 2164 2040 2219 illos

459 2239 597 2294 bona
627 2249 723 2296 'sna
769 2242 1097 2314 impugnare,
1126 2255 1180 2302 et
1228 2257 1412 2304 contra
1460 2251 1687 2309 salutem
1731 2268 1880 2309 suam
1927 2256 2037 2310 liti-

457 2331 624 2399 gare?
647 2329 778 2385 Cum
824 2344 1112 2402 oporteret,
1149 2321 1339 2406 inquit,
1382 2339 1613 2409 gaudere
1655 2351 1713 2399 et
1747 2345 2033 2410 exsultare.

458 2420 581 2490 quia
610 2437 798 2493 magna
845 2423 931 2478 illa
981 2434 1038 2480 et
1087 2426 1368 2483 inelfabilia
1413 2430 1632 2506 daturus
1653 2432 1891 2500 advenit,
1919 2451 2036 2506 qua:

456 2511 584 2566 olim
615 2513 886 2582 propheta:
914 2516 1240 2585 cecinerunt,
1287 2528 1342 2575 et
1390 2503 1530 2592 quod
1580 2524 1730 2577 vobis
1775 2525 1914 2580 bene
1937 2503 2032 2596 ge-

460 2600 609 2656 rendi
641 2611 845 2673 tempus
881 2605 1157 2662 advenerit
1183 2624 1198 2661 :
1232 2624 1326 2664 vos
1357 2613 1680 2667 centrarium
1709 2613 1899 2679 facitis,
1931 2631 2035 2672 non

457 2689 619 2745 tnodo
643 2691 779 2746 bona
815 2709 919 2747 non
962 2691 1424 2768 accipientegps'ed
1455 2701 1614 2755 etiam
1653 2704 2036 2759 calumniantes

454 2787 720 2834 etcansas
739 2767 1538 2842 comminiscentes:’Mattha‘us
1576 2791 1786 2859 quidem
1836 2794 1944 2846 ait:
1978 2794 2035 2846 Si

452 2882 621 2923 auem
650 2887 740 2941 ego
763 2872 815 2925 in
841 2872 1036 2941 Spiritu
1063 2874 1155 2930 Dei
1176 2877 1322 2945 ejirio
1350 2894 1367 2939 ;
1393 2879 1563 2934 Lucas
1589 2897 1716 2935 vero
1746 2901 1757 2934 :
1784 2881 1846 2937 Si
1871 2895 2036 2939 autem

455 2974 548 3028 ego
572 2959 627 3013 in
649 2959 806 3030 digito
832 2961 924 3015 Dei
948 2965 1094 3034 cjicio
1119 2966 1367 3020 demonia
1395 2968 1544 3039 (Luc.
1580 2972 1664 3025 ll.
1693 2972 1784 3043 20)
1816 2993 1827 3028 :
1851 2980 2036 3031 estcu-

453 3048 590 3103 dens
625 3052 876 3106 maxima:
916 3056 1165 3120 potentiae
1199 3046 1334 3138 opus
1386 3074 1506 3114 esse
1557 3061 1706 3128 illud,
1764 3065 2035 3120 daunonas

453 3137 670 3208 ejicere,
701 3154 762 3195 ac
790 3143 972 3211 gratia:
1009 3158 1114 3198 non
1149 3144 1399 3216 vulgaris.
1442 3148 1576 3205 Hinc
1613 3160 1789 3206 autem
1818 3157 2034 3210 ratioci-

454 3227 568 3281 nari
597 3228 709 3283 vult
745 3238 799 3283 et
833 3230 1032 3294 dicere,
1065 3232 1122 3288 Si
1168 3235 1268 3289 lioe
1313 3237 1383 3289 ita
1425 3248 1527 3305 est,
1573 3255 1700 3310 ergo
1733 3241 1898 3298 Filius
1941 3245 2032 3302 Dei

452 3318 686 3374 advenit.
743 3320 850 3376 Sed
891 3323 994 3377 hoc
1027 3339 1136 3378 non
1177 3326 1323 3392 dicit,
1360 3343 1540 3384 verum
1582 3332 1828 3401 obscure,
1869 3336 1937 3390 ita
1978 3349 2037 3392 ut

453 3408 558 3464 illis
577 3423 861 3465 onerosum
888 3427 992 3466 non
1020 3422 1179 3480 esset,
1215 3415 1266 3470 id
1312 3417 1611 3475 subindicat
1635 3423 1860 3481 dicens:
1897 3426 2034 3498 Ergo

452 3501 673 3568 pervenit
703 3501 756 3554 in
784 3517 870 3556 vos
894 3520 1104 3574 regnum
1133 3505 1247 3560 Dei.
1277 3506 1460 3564 Viden’
1487 3514 1798 3582 sapientiam
1839 3517 2030 3588 ingen-

453 3589 604 3645 tem?
635 3591 711 3645 Ex
732 3593 816 3659 iis,
844 3609 962 3664 qua:
988 3596 1064 3649 illi
1093 3596 1436 3666 objiciebant,
1477 3607 1760 3673 conSpicue
1803 3609 2037 3664 ostendit

452 3678 737 3736 adventum
759 3697 934 3738 suum.
965 3684 1164 3742 Deinde
1189 3697 1241 3742 ut
1271 3690 1389 3746 illos
1415 3695 1728 3763 attraheret,
1758 3714 1867 3754 non
1907 3700 2037 3772 dicit

451 3769 784 3840 simpliciter,
809 3772 1046 3828 Peruenit
1071 3793 1298 3847 regnum,
1344 3782 1438 3836 sed
1479 3785 1680 3853 adjicit,
1711 3787 1793 3840 Ad
1817 3805 1905 3844 uos
1922 3808 1943 3856 ;
1972 3770 2035 3845 ac

451 3857 496 3911 si
525 3858 746 3935 diceret,
781 3861 943 3918 Vobis
966 3863 1252 3925 adveniunt
1275 3868 1430 3946 bona,
1460 3872 1567 3928 Cur
1590 3891 1716 3945 ergo
1738 3877 1788 3931 in
1817 3881 2030 3949 propria

451 3946 589 4003 bona
615 3951 733 4006 sine
777 3965 935 4007 sensu
979 3954 1148 4008 estis?
1172 3971 1268 4011 cur
1303 3971 1485 4014 contra
1536 3973 1765 4020 vestram
1807 3946 2030 4025 salu—tem

450 4038 550 4108 ipsi
579 4042 861 4113 pugn'atis?
888 4043 1000 4100 Hoc
1022 4055 1105 4101 est
1132 4057 1337 4118 tempus
1375 4051 1527 4117 illud,
1568 4055 1710 4124 quod
1739 4059 1863 4113 olim
1909 4077 2034 4130 pro-

448 4127 624 4200 phetze
657 4131 1055 4200 praedixerunt:
1087 4135 1188 4192 hoc
1224 4139 1431 4207 signum
1480 4143 1740 4201 adventus
1781 4165 1875 4217 per
1911 4127 2030 4207 illos

446 4220 734 4290 deeantati,
766 4226 906 4294 quod
950 4243 1144 4298 nempe
1186 4230 1360 4285 divina
1414 4238 1648 4302 potentia
1688 4238 1804 4296 hzec
1853 4243 2026 4298 ﬁant‘.

447 4311 578 4369 Nam
604 4316 744 4385 quod
774 4316 920 4383 llant,
949 4334 1048 4374 vos
1074 4321 1280 4387 nostis;
1317 4324 1458 4393 quod
1498 4338 1673 4382 autem
1715 4331 1888 4386 divina
1930 4350 2029 4403 po-

449 4405 635 4470 tentia,
665 4421 754 4462 res
790 4407 918 4476 ipsa:
951 4409 1202 4466 clamant.
1233 4411 1414 4484 Neque
1451 4404 1592 4472 enim
1627 4419 1743 4474 ﬂeri
1775 4432 1946 4492 potest
1974 4435 2032 4482 ut

449 4505 662 4551 satanas
692 4513 836 4553 nunc
861 4499 931 4554 sit
966 4501 1172 4570 fortior,
1202 4505 1308 4560 imo
1336 4511 1639 4565 necessario
1667 4521 1751 4567 est
1786 4515 2028 4573 imbecil-

445 4584 530 4638 lus
561 4603 576 4638 :
607 4600 713 4640 non
738 4594 912 4656 potest
931 4597 1105 4646 autem
1134 4592 1424 4652 imbecillus
1451 4600 1571 4668 quis
1598 4598 1790 4657 fortem
1829 4605 2028 4662 daemoo

445 4689 568 4730 nem
584 4677 808 4746 ejicere.
851 4679 974 4735 llaec
1010 4697 1168 4751 porro
1194 4685 1422 4754 dicebat,
1445 4691 1679 4747 caritatis
1696 4694 1807 4760 vim
1843 4707 2027 4754 osten-

439 4765 600 4831 dens,
621 4781 682 4822 ac
709 4767 912 4824 dissidii
943 4766 1100 4842 atque
1133 4773 1281 4845 litigii
1318 4779 1753 4839 imbecillitatem.
1796 4785 2025 4859 Ideoque

443 4859 559 4939 ipse
587 4859 888 4930 frequenter
921 4864 1209 4935 discipulos
1250 4868 1392 4925 circa
1429 4874 1705 4930 caritatem
1757 4877 2019 4949 hortatur,

443 4950 787 5020 declaratque
815 4953 1081 5009 diabolum
1109 4957 1238 5012 nihil
1279 4975 1383 5015 non
1420 4977 1580 5033 agere
1609 4975 1666 5020 ut
1693 4968 1848 5024 illam
1867 4973 2021 5028 aufe-

441 5052 542 5097 rat.
578 5041 704 5097 P0st
735 5044 1020 5098 secundam
1061 5061 1189 5116 ergo
1223 5050 1543 5109 solutionem
1576 5058 1784 5129 tertiam
1809 5074 2020 5133 quoque

445 5129 847 5188 inducitdicens
880 5135 1006 5191 :29.
1039 5137 1303 5204 Quomodo
1343 5152 1500 5210 potest
1529 5145 1710 5217 aliquis
1749 5129 1949 5207 intrare
1966 5155 2020 5209 in

439 5223 642 5285 domum
668 5225 831 5294 fortis,
861 5235 907 5278 et
933 5243 1052 5280 vasa
1075 5229 1211 5283 illius
1237 5231 1474 5302 diripere,
1501 5237 1600 5290 nisi
1628 5239 1770 5308 prius
1793 5242 2021 5320 ligaverit

441 5313 638 5380 fortem,
672 5322 719 5366 et
743 5322 866 5398 tunc
883 5331 1002 5368 vasa
1025 5319 1132 5387 ejus
1169 5321 1377 5390 diripiat
1398 5325 1424 5376 .’
1447 5323 1598 5393 Quod
1621 5344 1726 5383 non
1747 5313 1915 5400 possit
1933 5315 2018 5392 αλ

437 5408 590 5454 tonas
611 5395 1088 5475 satanam‘ejicere,
1115 5423 1180 5463 ex
1209 5416 1628 5479 przccedcntibus
1658 5395 1852 5491 liquet;
1874 5427 2016 5494 quod

434 5501 613 5546 autem
645 5508 750 5548 non
769 5497 987 5553 omnino
1018 5501 1182 5568 possit
1211 5505 1329 5572 quis
1358 5505 1504 5561 illum
1530 5508 1749 5579 ejicere,
1769 5516 1884 5570 nisi
1908 5519 2015 5586 pri-

437 5586 902 5653 tnumsuperarit,
948 5589 1087 5658 apud
1125 5606 1312 5649 omnes
1349 5594 1401 5650 in
1448 5598 1695 5658 confesso
1732 5615 1831 5660 est.
1876 5605 2012 5676 Quid

499 5716 520 5811 ί
1325 5738 1645 5788 καταθείη--

1181 408 1236 466 S.
1275 406 1552 466 JOANN'IS
1588 399 2062 464 CllBYSOSTO!“
2099 400 2413 461 ARCHIEP.
2440 406 2979 466 CONSTANTINOP.

3627 420 3734 474 M8

2159 515 2316 588 igitur
2335 532 2405 573 ex.
2441 519 2524 574 liis
2556 521 2871 577 conﬁcitur?
2909 522 3060 590 Quod
3098 523 3243 594 prius
3272 524 3469 582 dictum
3501 536 3603 597 est,
3638 535 3736 588 sed

2152 607 2308 678 longe
2335 608 2580 665 validius.
2601 611 2826 666 Tantum
2847 612 3019 677 abest,
3045 614 3232 683 inquit,
3257 626 3312 669 ut
3337 617 3583 685 adjutore
3617 628 3737 676 utar

2150 696 2384 766 diabolo,
2413 709 2471 755 ut
2494 715 2615 756 eum
2643 702 2802 755 etiam
2838 701 3142 773 impngnem
3190 716 3244 760 et
3285 708 3549 774 vinciam;
3581 712 3738 781 cujus

2148 786 2228 842 rei
2261 788 2469 858 signum
2501 799 2600 857 est,
2640 792 2782 862 quod
2827 808 2952 848 vasa
2982 795 3099 864 ejus
3125 796 3391 867 diripiam.
3433 800 3563 856 Vide
3598 817 3734 872 quo-

2150 876 2306 930 modo
2329 879 2677 948 contrarium,
2705 896 2862 952 quam
2889 882 2964 936 illi
3003 896 3164 952 supra
3199 896 3433 944 statuere
3459 888 3736 946 conaban-

2150 973 2266 1030 tur,
2319 965 2731 1024 demonstretur.
2783 972 2860 1026 llli
2907 973 3049 1028 enim
3104 977 3390 1034 ostendere
3440 979 3732 1050 volebant,

2149 1055 2324 1124 ipsum
2348 1073 2453 1113 non
2475 1058 2526 1112 vi
2553 1062 2762 1129 propria
2798 1062 3070 1119 daemonas
3103 1066 3297 1135 ejicere
3322 1085 3336 1120 :
3361 1070 3451 1125 ille
3473 1085 3603 1125 vero
3631 1070 3733 1127 dc-

2148 1147 2432 1215 monstrat,
2461 1163 2520 1204 se
2555 1165 2659 1204 non
2695 1152 2858 1208 modo
2888 1155 3179 1224 daemonas,
3211 1158 3303 1212 sed
3342 1159 3552 1216 illorum
3580 1164 3734 1233 prin-

2147 1239 2318 1308 cipem
2346 1238 2561 1309 ligatum
2590 1241 2642 1296 vi
2666 1241 2928 1311 detinere,
2969 1245 3223 1316 illumque
3259 1249 3489 1317 priorem
3517 1252 3733 1322 propria

2149 1341 2406 1401 potestate
2434 1333 2658 1399 vicisse;
2696 1335 2838 1404 quod
2875 1350 2905 1389 a
2933 1337 3093 1393 rebus
3136 1339 3303 1410 gestis
3333 1342 3731 1410 comprobatur.

2144 1417 2275 1478 Nam
2295 1424 2339 1479 si
2370 1424 2456 1480 hic
2478 1425 2725 1494 princeps
2740 1435 2839 1491 est,
2863 1429 3150 1500 caeterique
3169 1429 3363 1485 subditi
3393 1447 3406 1483 :
3434 1432 3728 1501 quomodo.

2145 1512 2235 1568 illo
2275 1528 2380 1568 non
2426 1515 2568 1570 victo
2596 1518 2636 1582 ί,
2668 1531 2766 1572 nec
2807 1517 3050 1584 cedente,
3099 1519 3152 1573 hi
3197 1519 3594 1590 diriperentur?
3635 1523 3733 1578 llic

2143 1619 2271 1659 vero
2301 1604 2510 1660 videtur
2532 1606 2659 1660 mihi
2690 1607 2964 1678 prophetia
2993 1624 3115 1666 esse
3143 1611 3284 1679 quod
3309 1611 3520 1668 dicitur.
3546 1613 3734 1685 Neque

2098 1738 2100 1740 τ
2143 1696 2286 1750 enim
2312 1697 2475 1753 modo
2491 1698 2764 1755 daemones
2791 1716 2912 1755 vasa
2941 1701 3139 1758 diaboli
3170 1713 3312 1769 sunt,
3335 1705 3429 1761 sed
3461 1707 3620 1762 etiam
3643 1707 3734 1762 lio-

2141 1786 2319 1849 mines
2381 1788 2471 1859 qui
2513 1791 2805 1864 secundum
2847 1793 3019 1862 ipsum
3065 1807 3372 1864 operantur.
3422 1797 3601 1853 Palam
3650 1809 3738 1855 est

2142 1877 2300 1947 igitur
2332 1877 2421 1934 hic
2448 1879 2550 1936 diei
2581 1895 2702 1937 eum
2732 1897 2837 1936 non
2869 1883 3141 1940 daemonas
3175 1887 3345 1941 solum
3383 1889 3600 1956 ejicere.
3635 1892 3730 1946 sed

2140 1970 2301 2024 etiam
2331 1984 2569 2026 errorem
2600 1987 2665 2027 ex
2692 1980 2809 2028 toto
2846 1975 2976 2030 orbe
3001 1975 3394 2032 eliminatnrnm
3434 1993 3574 2045 esse,
3610 1979 3731 2034 dia-

2141 2057 2356 2129 bolique
2384 2062 2678 2130 prmstigias
2723 2065 3040 2130 soluturum,
3089 2076 3145 2120 et
3196 2069 3372 2122 omnia
3422 2084 3542 2139 qum
3587 2070 3730 2125 illius

2141 2160 2267 2203 sunt
2291 2149 2492 2204 inutilia
2530 2149 2880 2207 redditurum.
2932 2154 3116 2225 Neque
3160 2157 3312 2223 dixit,
3362 2157 3570 2229 Rapiet,
3613 2160 3746 2228 sed,

2143 2240 2390 2309 Diripiet;
2411 2240 2690 2297 declarans
2719 2244 2844 2299 illud
2875 2260 2995 2298 cum
3019 2255 3279 2315 potestate
3302 2247 3494 2302 factum
3518 2264 3660 2305 esse.

2210 2333 2264 2386 5.
2286 2332 2510 2405 Fortem
2542 2344 2718 2390 autem
2748 2336 2895 2390 illum
2922 2337 3194 2406 appellat,
3224 2355 3329 2395 non
3368 2340 3509 2410 quod
3539 2335 3728 2396 natura

2141 2423 2260 2478 talis
2288 2412 2402 2482 sit:
2435 2423 2608 2490 absit;
2637 2425 2732 2481 sed
2775 2428 3006 2495 priorem
3048 2429 3352 2498 signiﬁcans
3393 2434 3730 2503 tyrannidem

2140 2531 2206 2570 ex
2237 2515 2554 2585 negligentia
2585 2526 2768 2570 nostra
2798 2519 3102 2574 stabilitam.
3136 2521 3224 2576 30.
3257 2522 3356 2588 Qui
3394 2540 3496 2578 non
3523 2535 3594 2578 est
3625 2541 3732 2579 me-

2141 2621 2274 2670 cum,
2304 2615 2480 2659 contra
2504 2620 2584 2660 me
2609 2615 2718 2671 est;
2748 2617 2796 2662 et
2815 2611 2900 2678 qui
2923 2627 3116 2664 mecum
3139 2629 3241 2666 non
3264 2614 3479 2684 colligit,
3509 2616 3728 2686 spargit.

2140 2694 2280 2749 Ecce
2302 2704 2543 2766 quartam
2570 2697 2912 2757 solutionem.
2935 2700 3072 2768 Quid
3103 2702 3262 2758 volo?
3292 2703 3481 2774 inquit.
3507 2705 3616 2761 Deo
3643 2706 3731 2762 of-

2140 2782 2280 2838 ferre
2315 2825 2329 2847 ,
2381 2786 2631 2842 virtutem
2672 2787 2902 2855 docere,
2946 2806 3166 2860 regnum
3212 2794 3547 2852 annuntiare.
3592 2798 3729 2864 Quid

2140 2873 2385 2929 diabolus
2409 2884 2466 2931 et
2491 2876 2763 2936 daemones
2783 2879 3002 2934 volunt?
3024 2882 3116 2938 His
3136 2887 3423 2940 contraria.
3449 2877 3732 2954 Quomodo

2141 2965 2301 3036 igitur
2325 2966 2389 3031 is,
2416 2966 2504 3034 qui
2536 2983 2744 3024 mecum
2773 2985 2879 3024 non
2912 2973 3145 3043 colligit,
3177 2991 3350 3046 neque
3375 2993 3580 3033 meeum
3606 2987 3693 3036 est
3711 3020 3727 3048 ,

2139 3071 2346 3110 mecum
2389 3068 2705 3127 operaturus
2727 3059 2851 3115 est?
2877 3063 3076 3133 etquid
3118 3064 3240 3120 dico
3285 3083 3494 3123 meeum
3535 3083 3730 3140 opera-

2141 3149 2328 3201 turus?
2377 3147 2489 3204 lmo
2543 3152 2910 3220 contrarium;
2961 3157 3108 3226 cupit
3153 3157 3294 3212 enim
3354 3173 3474 3215 mea
3518 3159 3731 3230 disper-

2139 3253 2282 3306 gere.
2316 3239 2413 3306 Qui
2445 3254 2573 3313 ergo
2611 3256 2719 3296 non
2758 3243 2918 3298 modo
2951 3261 3160 3302 mecum
3189 3265 3294 3303 non
3328 3232 3603 3320 opeiat'ur,
3632 3251 3731 3313 sed

2139 3329 2299 3382 etiam
2349 3329 2640 3402 dispergit,
2683 3333 2950 3404 quomodo
3001 3344 3200 3392 tantam
3244 3355 3454 3396 mecum
3500 3359 3732 3403 concor-

2139 3417 2279 3472 diam
2302 3419 2598 3486 exhiberet,
2614 3429 2904 3479 ut.mecum
2925 3425 3197 3482 daemonas
3225 3430 3482 3498 ejiceret?
3504 3433 3614 3490 lloe
3633 3451 3737 3491 au-

2138 3515 2243 3598 tem
2293 3525 2400 3566 non
2448 3510 2516 3565 de
2557 3509 2772 3569 diabolo
2812 3523 3054 3583 tantumr
3086 3517 3181 3574 sed
3229 3521 3400 3589 ipsum
3441 3522 3509 3582 de
3548 3526 3730 3598 seipso

2137 3592 2426 3654 verisimile
2448 3610 2532 3655 est
2556 3601 2776 3664 dixisse,
2800 3612 2986 3672 utpote
3011 3607 3100 3675 qui
3122 3621 3306 3664 contra
3335 3612 3606 3669 diabolum
3631 3592 3727 3683 sit,

2140 3695 2337 3756 ct-qntc
2375 3689 2685 3745 illius'sunt
2729 3692 3020 3763 dispergat.
3053 3695 3119 3751 Et
3147 3702 3437 3768 quomodo,
3485 3704 3725 3776 inquies,

2138 3777 2233 3845 qui
2257 3791 2362 3830 non
2401 3787 2484 3832 est
2529 3793 2769 3846 meeum,
2800 3792 2984 3837 contra
3025 3799 3112 3840 me
3151 3789 3268 3842 est?
3296 3790 3349 3845 ld
3380 3802 3483 3860 cst,
3515 3809 3583 3851 eo
3612 3797 3729 3865 ipso

2137 3866 2279 3936 quod
2328 3882 2434 3922 non
2475 3869 2712 3941 colligat.
2755 3872 2810 3928 Si
2849 3883 3025 3929 autem
3058 3876 3160 3932 hoc
3199 3895 3381 3936 verum
3408 3894 3520 3950 cst,
3555 3887 3728 3942 multo

2136 3960 2304 4028 magis
2326 3961 2417 4029 qui
2444 3969 2630 4016 contra
2673 3964 2842 4032 ipsum
2889 3974 2991 4032 est,
3023 3982 3144 4023 cum
3184 3971 3273 4025 illo
3313 3987 3418 4029 non
3447 3988 3722 4045 operatur.

2135 4047 2266 4104 Nam
2296 4051 2339 4104 si
2370 4050 2414 4104 is
2439 4052 2526 4121 qui
2558 4067 2680 4107 cum
2730 4053 2822 4109 illo
2850 4070 2956 4110 non
2996 4070 3280 4128 operatur,
3310 4063 3555 4121 inimicus
3591 4082 3672 4124 cst
3705 4087 3720 4124 :

2135 4140 2302 4194 multo
2331 4141 2503 4211 magis
2518 4141 2608 4212 qui
2633 4143 2924 4213 impugnat.
2951 4146 3078 4203 Haec
3107 4165 3266 4218 porro
3292 4155 3470 4210 omnia
3491 4156 3638 4226 dicit,
3663 4171 3724 4218 ut

2134 4232 2382 4286 ostendat
2411 4248 2655 4304 magnam
2683 4235 2782 4290 sibi
2816 4252 2934 4292 cum
2962 4239 3174 4294 diabolo
3215 4243 3546 4302 inimicitiam
3571 4264 3714 4306 esse.

2137 4321 2231 4374 Dic
2270 4319 2421 4384 mihi.
2453 4337 2656 4391 quaeso,
2687 4325 2730 4378 si
2777 4327 2915 4395 quis,
2944 4344 3064 4383 cum
3109 4332 3177 4385 sit
3218 4335 3554 4403 pugnandum
3577 4381 3592 4404 ,
3623 4341 3718 4396 tibi

2136 4410 2334 4465 auxilio
2363 4426 2482 4468 esse
2509 4413 2669 4480 nolit,
2699 4430 2878 4472 nonne
2915 4419 2999 4473 vel
3027 4435 3092 4475 eo
3121 4422 3237 4492 ipso
3280 4435 3463 4480 contra
3493 4437 3545 4482 te
3571 4431 3673 4484 crit
3693 4432 3730 4485 ?‘

2135 4501 2286 4568 Quod
2319 4503 2360 4557 si
2387 4504 2509 4558 alibi
2532 4505 2707 4572 dicat,
2740 4508 2840 4572 Qui
2865 4526 2966 4563 non
3009 4522 3081 4567 est
3109 4516 3282 4568 contrd
3309 4533 3422 4582 vos,
3465 4535 3556 4588 pro
3580 4522 3718 4578 vobis

2136 4605 2209 4645 est
2233 4590 2385 4663 (Luc.
2415 4594 2466 4648 9.
2495 4596 2611 4665 50),
2641 4612 2748 4651 non
2780 4607 2862 4653 est
2887 4599 3013 4656 huic
3040 4602 3185 4657 dicto
3211 4608 3556 4663 contrarium.
3583 4610 3714 4667 Nam

2133 4668 2608 4742 liic'adversarium
2638 4690 2716 4744 eis
2743 4692 2997 4760 ostendit,
3030 4694 3138 4750 illic
3165 4711 3293 4752 vero
3317 4712 3384 4753 ex
3413 4711 3569 4770 parte
3613 4704 3714 4757 ad-

2133 4778 2447 4834 versarium.
2491 4779 2645 4846 Nam,
2673 4781 2744 4835 1n.
2767 4786 2968 4839 nomine
2987 4796 3092 4850 tuo,
3125 4788 3324 4858 inquit,
3361 4792 3569 4862 ejiciunt
3607 4795 3715 4849 dte-

2130 4871 2316 4922 monia:
2342 4870 2552 4938 (Matth.
2583 4874 2637 4929 7.
2688 4873 2806 4946 22).
2835 4876 2961 4931 Mihi
2991 4894 3121 4934 vero
3143 4881 3348 4938 videtur
3379 4883 3464 4940 hic
3494 4885 3711 4943 Iudaeos

2127 4958 2486 5028 subindicare,
2515 4979 2650 5034 quos
2673 4979 2791 5020 eum
2810 4965 3026 5024 diabolo
3049 4972 3344 5029 constituit.
3369 4975 3504 5032 Nam
3531 4988 3586 5032 et
3607 4979 3712 5049 ipsi

2131 5047 2574 5120 adversabantur,
2621 5064 2675 5110 et
2717 5072 2834 5125 quae
2861 5059 2976 5127 ipse
3020 5075 3395 5135 congregasset
3438 5047 3710 5140 disperge-

2124 5139 2272 5197 bant.
2301 5143 2452 5211 Quod
2498 5146 2641 5200 cnim
2680 5148 2824 5216 ipsos
2866 5152 3263 5220 snbindicarct,
3305 5157 3595 5214 declaravit
3622 5139 3707 5216 liis

2124 5234 2302 5323 verbis
2327 5252 2339 5288 :
2361 5236 2448 5291 31.
2475 5236 2602 5292 Ideo
2625 5238 2737 5293 dico
2757 5242 2911 5309 vobis,
2935 5241 3097 5297 Omne
3117 5257 3372 5316 peccatum
3395 5259 3442 5304 et
3462 5252 3704 5323 blasphe-

2125 5325 2230 5378 mia
2249 5307 2540 5381 ianittetur
2581 5307 2905 5386 hominibusa
2924 5307 3271 5406 Posteaquam
3301 5341 3443 5395 enim
3475 5307 3702 5412 respon-

2122 5414 2278 5470 derat
2303 5419 2749 5488 etobjectionem
2799 5423 3064 5491 solverat,
3100 5430 3514 5502 ostenderatque
3555 5434 3702 5503 ipsos

2114 5503 2318 5565 ﬂustra
2336 5506 2857 5583 impudenteragere,
2883 5515 3094 5572 demum
3117 5527 3299 5576 terret.
3313 5523 3533 5580 Consilii
3555 5527 3698 5582 enim

2119 5596 2564 5656 et-co'rrectionis
2609 5601 2727 5658 lucc
2769 5619 2874 5661 non
2919 5611 3218 5677 spernenda
3265 5627 3393 5682 pars
3439 5624 3539 5683 est,
3587 5631 3698 5673 non

2118 5687 2278 5744 modo
2303 5689 2525 5760 objectis
2567 5696 2893 5764 respondere
2918 5705 2974 5755 et
3018 5702 3360 5774 persuadere,
3392 5705 3487 5762 sed
3532 5707 3694 5764 etiam

2179 5799 2195 5831 ³
2221 5805 2340 5872 Alii,
2357 5804 2444 5858 illo
2457 5819 2550 5859 non
2566 5813 2736 5860 uncto.
