4076 6468
176 4272 217 4284 -ε

350 345 471 435 stiti

349 489 687 550 comminari
709 527 723 552 .
753 486 895 558 quod
924 485 1017 543 ille
1042 483 1364 557 plerumque
1402 481 1534 537 facit
1558 480 1685 537 dum
1721 478 1869 549 leges
1906 486 1961 531 et

348 583 588 638 consilia
613 578 839 651 profert.

429 673 552 737 Quo
573 687 722 726 sensu
742 667 1060 738 blasphemia
1078 666 1307 738 Spiritus
1326 681 1427 719 non
1451 663 1757 718 remittatur.
1776 689 1847 701 -—
1867 658 1961 713 Vi—

349 765 523 819 detur
548 772 725 817 autem
768 761 821 814 id
850 759 993 829 quod
1036 759 1235 812 dictum
1279 766 1362 812 est
1390 757 1678 809 obscurum
1723 766 1884 807 esse:
1915 749 1959 804 si

351 869 494 909 vero
543 853 904 917 attendamus,
950 851 1121 905 facilis
1150 851 1266 921 erit
1312 848 1533 909 solutio.
1577 846 1759 900 Primo
1802 843 1963 913 igitur

352 947 485 1014 ejus
508 955 633 1000 sunt
655 942 922 998 audienda
951 942 1115 997 verba
1145 960 1157 995 :
1186 940 1349 995 Omne
1374 948 1635 1008 peccatum
1659 948 1707 991 et
1722 936 1960 1005 blasphe-

352 1040 467 1090 mia
492 1037 771 1089 remittetur
792 1032 1081 1087 hominibus
1098 1046 1116 1086 :
1136 1030 1451 1101 blasphemia
1474 1046 1589 1083 vero
1613 1027 1838 1095 Spiritus
1859 1043 1961 1079 non

350 1128 645 1182 remittetur
668 1126 757 1178 eis.
789 1124 879 1179 5‘2.
914 1123 975 1177 Et
1004 1123 1309 1194 quicumque
1336 1122 1525 1175 dixerit
1555 1121 1756 1175 uerbum
1784 1110 1961 1171 contra

357 1202 563 1275 Filium
588 1219 819 1289 .lwnmiis
837 1257 853 1283 ,
885 1214 1165 1271 remittetur
1186 1218 1232 1269 ei
1258 1231 1275 1268 :
1298 1215 1600 1284 quicumque
1637 1229 1750 1266 vero
1777 1212 1961 1265 dixerit

354 1322 545 1365 contra
569 1306 1096 1381 Spiritum'sanctnm,
1115 1324 1216 1361 non
1241 1307 1521 1361 remittetur
1542 1306 1587 1357 ei
1614 1320 1771 1375 neque
1790 1305 1843 1356 in
1866 1303 1961 1356 hoc

356 1396 583 1468 sci-uio,
616 1418 772 1471 neque
810 1402 863 1453 in
895 1401 1089 1470 futuro.
1118 1397 1255 1465 Quid
1302 1397 1403 1451 sibi
1450 1398 1563 1449 vult
1602 1394 1959 1466 ergoillulta

355 1502 549 1545 contra
583 1506 667 1544 me
696 1490 907 1544 dixistis
927 1529 942 1553 ,
975 1488 1317 1543 seductorem
1349 1487 1569 1555 Deoque
1592 1484 1958 1539 adversarium

355 1583 612 1638 vocastis.
640 1581 765 1635 llaec
786 1581 937 1634 vobis
966 1579 1350 1649 paenitentibus
1373 1578 1610 1641 remitto,
1646 1591 1819 1645 neque
1847 1591 1961 1644 pa:-

358 1689 459 1727 uas
482 1682 711 1742 expeto;
742 1673 1073 1740 blasphemia
1120 1679 1299 1724 autem
1339 1669 1570 1739 Spiritus
1617 1684 1725 1722 non
1772 1667 1958 1722 remit-

360 1767 511 1825 titur,
536 1780 603 1819 ne
634 1765 1017 1832 pmnitentibus
1044 1763 1278 1831 quidem.
1320 1761 1388 1815 Et
1427 1776 1529 1830 qua
1572 1762 1777 1815 ratione
1815 1769 1958 1817 stare

359 1856 533 1925 possit
572 1854 742 1908 illud?
764 1853 897 1907 Nam
924 1862 977 1907 et
1006 1852 1108 1906 hoc
1146 1860 1423 1920 peccaturo
1457 1851 1840 1921 paenitentibus
1867 1867 1956 1905 re-

359 1949 580 2001 missum
623 1945 741 2000 fuit.
786 1944 934 1999 Multi
966 1945 1109 1999 enim
1143 1959 1351 2008 eorum,
1389 1943 1479 2011 qui
1526 1943 1647 1996 talia
1682 1942 1955 2005 dixerunt,

358 2050 542 2110 postea
562 2039 929 2103 crediderunt,
958 2036 1245 2105 omniaque
1266 2035 1395 2103 ipsis
1411 2035 1633 2089 remissa
1656 2046 1798 2089 sunt.
1818 2034 1956 2102 Quid

361 2131 519 2200 igitur
554 2130 646 2187 hic
677 2129 839 2184 dicit?
877 2125 1080 2197 Nempe
1133 2128 1238 2182 hoc
1286 2132 1481 2197 peccat

358 2326 472 2369 stus
504 2314 818 2385 ignorabant
844 2334 856 2367 :
903 2314 1137 2381 Spiritus
1159 2328 1285 2367 vero
1310 2325 1694 2383 congruentem
1716 2315 1827 2383 jam
1853 2331 1953 2369 no-

358 2406 526 2457 titiam
549 2414 887 2473 acceperant.
912 2404 1184 2473 Siquidem
1205 2420 1301 2473 per
1322 2420 1446 2459 cum
1476 2406 1752 2476 praphetze
1771 2408 1955 2477 loque-

358 2498 571 2561 bantur,
600 2509 654 2550 ct
682 2498 731 2550 in
757 2498 923 2551 veteri
954 2496 1071 2566 lege
1096 2512 1283 2550 omnes
1308 2498 1472 2551 multa
1492 2497 1559 2553 de
1588 2499 1703 2567 ipso
1727 2514 1950 2569 accepe-

357 2596 478 2641 rant
507 2587 848 2643 documenta.
877 2588 989 2641 Hoc
1028 2588 1184 2658 igitur
1203 2590 1317 2642 vult
1342 2590 1523 2643 dicere
1552 2605 1565 2643 :
1610 2590 1758 2654 Esto,
1789 2590 1839 2643 in
1867 2608 1953 2647 me

356 2690 575 2750 fal‘Ojliel'
595 2693 922 2751 assumptam
946 2698 1162 2737 carnem
1187 2682 1486 2738 offenditis:
1510 2700 1636 2737 num
1657 2688 1816 2739 etiam
1835 2686 1954 2754 Spi-

358 2772 519 2825 ritmn
547 2783 789 2827 sanctum
823 2788 917 2827 vos
944 2788 1049 2828 non
1090 2773 1523 2845 novissedicturi
1554 2774 1719 2829 estis?
1748 2775 1952 2831 Idcirco

356 2863 512 2931 hujus
539 2864 885 2931 blasphemia:
915 2863 1067 2918 venia
1098 2878 1205 2921 non
1226 2864 1453 2933 dabitur
1479 2865 1630 2921 vobis
1660 2884 1672 2918 :
1708 2877 1761 2922 ct
1788 2868 1874 2923 hic
1897 2879 1952 2925 et

354 2955 460 3008 illic
494 2970 677 3024 pmnas
709 2954 924 3009 dabitis.
956 2955 1103 3008 Multi
1146 2938 1363 3025 quidem
1408 2957 1494 3010 hic
1526 2966 1731 3011 tantum
1764 2974 1949 3027 pennas

352 3043 638 3105 dederunt,
671 3055 727 3098 ut
759 3045 847 3098 ille
877 3045 965 3114 qui
1004 3044 1297 3098 fornicatus
1323 3055 1460 3110 erat,
1485 3056 1545 3100 ut
1586 3048 1723 3117 apud
1757 3050 1947 3103 Cerin-

352 3135 494 3189 thios
521 3136 552 3191 ii
581 3137 669 3213 qui
711 3136 925 3204 indigne
978 3138 1351 3207 mysteriorum
1406 3149 1691 3195 ecusortes
1738 3139 1950 3195 fuerant

348 3235 423 3305 (ἒ.
445 3235 563 3289 Cor.
586 3238 637 3290 2.
665 3246 709 3289 et
736 3238 781 3290 l.
804 3230 920 3291 Cor.
940 3231 956 3286 1
976 3229 1021 3306 1)
1044 3245 1165 3292 :vos
1181 3241 1357 3287 autem
1377 3242 1428 3287 et
1446 3233 1530 3287 hie
1550 3242 1605 3290 et
1634 3235 1741 3292 illic
1762 3251 1946 3305 pmnas

345 3327 559 3379 dabitis.
611 3327 968 3397 Quaecumque
992 3344 1120 3400 ergo
1155 3340 1340 3385 contra
1384 3348 1469 3384 me
1510 3342 1790 3401 antequam
1824 3348 1943 3388 cru-

350 3422 598 3486 citigercr
621 3408 1051 3489 blasphemastis,
1079 3424 1329 3477 remitto:
1356 3427 1463 3478 imo
1480 3429 1640 3479 etiam
1662 3428 1723 3479 iis
1740 3428 1828 3496 qui
1857 3442 1942 3481 me

344 3507 697 3578 cruciﬁgeut;
729 3525 903 3579 neque
954 3526 1049 3578 pro
1090 3512 1465 3568 incredulitate
1508 3516 1621 3568 sola
1665 3515 1941 3569 damnabi-

334 3600 493 3652 miui.
528 3598 711 3667 Neque
752 3602 897 3654 enim
944 3601 979 3654 ii
1024 3602 1112 3671 qui
1145 3614 1269 3657 ante
1320 3619 1532 3659 crucem
1573 3606 1935 3673 crediderunt,

332 3689 553 3757 plenam
583 3689 744 3743 {idem
774 3690 1043 3744 habebant
1068 3711 1079 3743 :
1105 3694 1395 3760 multisque
1428 3696 1478 3746 in
1506 3694 1636 3748 locis
1662 3696 1933 3761 admonet,

341 3794 408 3832 ne
428 3788 552 3832 ante
565 3781 877 3848 passionem
899 3783 1023 3850 quis
1050 3782 1165 3851 ipse
1194 3785 1263 3837 sit
1288 3784 1596 3841 declarent:
1621 3795 1675 3839 et
1701 3787 1751 3839 in
1777 3802 1937 3842 cruce

332 3871 566 3933 dicebat,
601 3880 658 3925 ut
683 3872 786 3927 illis
814 3873 915 3927 hoc
937 3884 1216 3943 peccatum
1240 3878 1623 3953 remitteretur.
1651 3879 1781 3945 Qua:
1802 3896 1934 3935 vero

336 3963 404 4015 de
431 3962 634 4031 Spiritu
674 3964 919 4026 dixistis,
952 3966 1162 4020 veniam
1210 3983 1315 4021 non
1369 3970 1742 4037 impetrabunt.
1780 3971 1931 4037 Quod

337 4063 516 4117 autem
546 4054 613 4108 de
644 4056 728 4117 iis,
751 4072 873 4126 qua:
902 4068 1026 4112 ante
1050 4072 1263 4114 crucem
1297 4060 1435 4113 dicta
1465 4061 1679 4125 fuerint,
1711 4062 1824 4116 iure
1853 4065 1933 4116 in-

336 4142 561 4212 telligat,
596 4144 646 4197 id
700 4144 937 4200 declarat
981 4162 1102 4202 cum
1134 4150 1355 4218 adjicit:
1392 4152 1701 4221 Quicumque
1745 4154 1929 4208 dixerit

334 4232 536 4285 t-ctbum
564 4247 742 4287 contra
769 4235 967 4290 Filium
992 4238 1211 4292 hominis
1229 4283 1242 4303 ,
1275 4243 1554 4295 remittetur
1574 4246 1621 4297 ei
1646 4262 1662 4308 ;
1691 4247 1927 4314 quicum—

325 4336 423 4386 que
449 4334 617 4378 autem
648 4324 830 4380 dixerit
855 4340 1031 4382 contra
1058 4330 1312 4400 Spiritum
1342 4342 1602 4399 sanctum,
1638 4353 1741 4391 non
1774 4342 1922 4395 item.

326 4412 541 4478 Quare?
581 4416 713 4482 Quia
759 4417 987 4487 Spiritus
1037 4431 1254 4475 sanctus
1301 4434 1459 4477 notus
1509 4428 1658 4480 vobis
1701 4439 1821 4493 est;
1870 4442 1924 4485 ei.

326 4513 510 4559 contra
534 4522 645 4560 rem
675 4510 1007 4565 manifestam
1039 4511 1376 4581 impudenter
1401 4516 1573 4585 agitis.
1608 4516 1740 4573 Nam
1770 4521 1810 4573 si
1836 4537 1921 4576 me

324 4610 419 4648 vos
462 4598 713 4666 ignorare
750 4599 946 4666 dicitis,
998 4603 1126 4656 illud
1157 4613 1303 4658 certe
1346 4621 1451 4660 non
1502 4608 1774 4677 ignoratis.
1804 4611 1915 4665 du:-

320 4701 511 4739 manas
540 4687 736 4756 ejicere
768 4700 820 4745 et
859 4691 1076 4746 morbos
1107 4709 1298 4749 curare
1338 4696 1573 4764 Spiritus
1599 4702 1771 4755 sancti
1795 4718 1916 4758 esse

312 4790 472 4845 opus.
499 4774 614 4829 Non
638 4792 767 4847 ergo
792 4794 880 4835 me
904 4790 1105 4835 tantum
1131 4787 1457 4841 contumelia
1482 4788 1713 4855 efﬁcitis,
1740 4792 1831 4846 sed
1862 4802 1915 4847 et

307 4868 447 4935 Spiri
461 4874 572 4921 tum
598 4883 861 4925 sanctum.
892 4874 1227 4944 Quapropter
1248 4888 1301 4932 et
1329 4878 1413 4934 hic
1438 4890 1491 4935 et
1518 4882 1624 4936 illic
1647 4887 1763 4939 sine
1805 4888 1910 4940 ulla

312 4958 465 5013 venia
504 4975 693 5028 poenas
725 4963 937 5018 dabitis.
966 4966 1098 5022 Nam
1130 4986 1198 5022 ex
1230 4971 1535 5029 hominibus
1558 4978 1647 5031 alii
1672 4986 1725 5032 et
1752 4978 1838 5034 hic
1856 4990 1910 5034 et

308 5049 414 5100 illic
448 5052 769 5119 supplicium
804 5056 987 5112 luunt:
1022 5060 1108 5113 alii
1138 5062 1224 5115 hic
1254 5072 1456 5118 tantum
1478 5106 1493 5130 ,
1527 5069 1615 5122 alii
1649 5071 1757 5126 illic
1788 5081 1905 5127 tan-

307 5153 415 5194 tum
445 5160 463 5205 ;
496 5146 582 5197 alii
613 5163 785 5217 neque
831 5148 919 5205 hic
950 5168 1124 5221 neque
1153 5154 1260 5211 illic
1293 5172 1306 5208 :
1342 5157 1431 5213 bic
1461 5168 1517 5215 et
1564 5162 1671 5218 illic
1705 5165 1817 5231 alii,
1849 5178 1907 5221 ut

308 5233 380 5284 illi
419 5236 539 5303 ipsi.
572 5236 702 5290 Nam
728 5249 783 5294 et
810 5240 895 5295 hic
917 5242 1181 5299 dederunt
1203 5262 1411 5315 ptenas,
1435 5252 1649 5319 quando
1676 5254 1727 5308 in
1754 5257 1903 5312 urbis

309 5325 519 5379 excidio
551 5328 904 5384 intolerabilia
939 5334 1079 5402 passi
1110 5346 1272 5402 sunt;
1302 5349 1357 5393 et
1383 5340 1493 5396 illic
1522 5346 1901 5412 gravissimum

306 5415 622 5484 supplicium
645 5419 814 5484 luent,
839 5432 895 5475 ut
918 5423 1228 5491 Sodomitas,
1256 5438 1314 5483 et
1335 5429 1427 5483 alii
1448 5433 1622 5487 multi.
1646 5432 1757 5491 Illic
1773 5451 1900 5492 vero

308 5514 530 5568 tantum.
562 5517 619 5561 ut
647 5509 797 5563 dives
829 5510 916 5566 ille
944 5515 1034 5583 qui
1067 5516 1117 5570 in
1146 5516 1357 5573 ﬂamma
1386 5524 1655 5579 cruciatus
1682 5541 1750 5581 ne
1779 5530 1895 5584 stil-

307 5596 411 5651 lam
439 5598 654 5674 quidcm
686 5616 839 5671 aqua:
868 5602 1069 5662 habuit.
1105 5608 1202 5663 llic
1229 5625 1379 5675 vero,
1416 5622 1474 5667 ut
1504 5614 1593 5669 ille
1620 5619 1759 5686 apud
1788 5619 1897 5675 Co-

305 5687 553 5757 rinthios,
602 5692 688 5759 qui
723 5692 1014 5751 fornicatus
1048 5713 1183 5753 erat.
1216 5700 1399 5772 Neque
1430 5703 1519 5759 hic
1549 5721 1723 5778 neque
1755 5710 1891 5775 illic,

305 5790 360 5835 ut
390 5782 649 5851 apostoli,
685 5794 743 5836 ut
773 5784 1064 5857 prephctzc,
1101 5801 1157 5844 ut
1197 5792 1383 5849 beatus
1420 5795 1523 5852 Job
1558 5818 1570 5853 :
1603 5815 1725 5855 nam
1770 5818 1891 5871 quas

1395 367 1462 423 IN
1498 362 1907 423 MATTIIIEUM
1946 361 2178 419 HOMIL.
2212 361 2351 420 XLI.
2389 361 2463 417 al.
2502 362 2661 421 XL".

1635 2142 1747 2197 prae
1770 2142 1957 2180 omm-

345 2220 461 2273 .bns
487 2221 642 2275 venia
666 2232 876 2272 carere.
909 2220 1020 2288 Qua
1043 2217 1109 2270 de
1126 2216 1321 2270 causa?
1338 2216 1471 2282 Quia
1494 2216 1612 2285 duis
1629 2226 1773 2271 esset
1801 2216 1957 2270 Chri-

3568 368 3676 429 ‘50

2071 475 2149 530 illi
2170 478 2312 546 passi
2331 485 2477 542 sunt,
2500 492 2607 533 non
2636 476 2957 551 supplicium
2979 485 3152 543 erant,
3177 477 3271 535 sed
3295 482 3586 538 certamina
3608 492 3675 540 et

2065 582 2277 637 pugnas.
2314 614 2317 618 Α

2137 662 2191 716 4.
2228 661 2494 730 Quomodo
2522 664 2585 716 de
2600 664 2743 718 nobis
2758 663 3001 734 judicare
3018 680 3305 733 possumus.
3334 663 3674 730 Compunctio

2065 769 2182 806 ocra
2206 770 2337 821 quae.
2361 786 2433 795 —
2458 756 2783 811 Studeamus
2812 771 2943 825 ergo
2985 767 3044 809 ut
3084 757 3136 810 in
3182 756 3374 811 eadem
3419 759 3671 826 portione

2065 845 2234 898 simus
2263 861 2276 897 :
2312 848 2355 899 si
2386 862 2491 901 non
2524 847 2736 912 horum,
2771 847 2961 902 saltem
2992 862 3182 901 eorum
3213 849 3300 917 qui
3331 848 3418 903 hic
3449 862 3669 918 peccata

2065 950 2157 989 sua
2194 937 2499 1005 expiarunt.
2540 937 2670 991 Nam
2716 938 2955 992 terribile
2988 937 3113 991 illud
3155 938 3414 1007 judicium
3458 950 3563 1001 est,
3614 952 3670 993 et

2067 1027 2379 1091 inevitabile
2408 1028 2731 1097 supplicium
2775 1029 3250 1099 intolerabilesque
3291 1046 3481 1099 licente.
3514 1030 3671 1096 Quod

2064 1117 2108 1169 si
2142 1118 2280 1173 nolis
2298 1116 2389 1171 hic
2414 1133 2604 1188 pmnas
2624 1119 2775 1181 dare.
2808 1120 2875 1173 de
2904 1120 3297 1189 teipsojudica,
3330 1136 3359 1174 a
3393 1124 3567 1191 teipso
3588 1137 3672 1174 ra—

2066 1208 2240 1264 tiones
2284 1221 2498 1280 expete.
2542 1211 2678 1264 Audi
2722 1211 2941 1265 Paulum
2984 1212 3251 1268 dicentem
3286 1233 3299 1269 :
3336 1214 3591 1280 thniam
3626 1215 3672 1266 si

2065 1303 2397 1371 nosmetipsos
2444 1303 2837 1371 judicaremus,
2917 1320 3019 1357 non
3082 1306 3255 1372 utique
3320 1306 3670 1374 iudicaremur

2067 1392 2143 1464 (l.
2174 1393 2295 1446 Cor.
2329 1394 2413 1446 ll.
2445 1394 2556 1464 51).
2586 1394 2642 1447 Si
2677 1394 2726 1447 id
2759 1393 2969 1455 feceris,
3000 1394 3254 1463 paulatim
3286 1396 3662 1468 progrediens,

2065 1483 2131 1536 ad
2164 1498 2420 1538 coronam
2468 1484 2673 1538 venies.
2723 1484 2789 1537 Et
2818 1484 3123 1553 quomodo,
3156 1485 3387 1554 inquies,
3420 1487 3487 1539 de
3513 1487 3666 1541 nobis

2059 1574 2454 1644 judicabimus,
2501 1586 2550 1629 et
2599 1591 2628 1629 a
2676 1575 2832 1630 nobis
2877 1577 3111 1630 rationes
3161 1579 3512 1646 expetemus?
3562 1578 3666 1632 Lu-

2062 1681 2158 1734 ge,
2209 1666 2400 1720 acerbe
2444 1667 2770 1735 ingemisce,
2822 1669 3052 1737 tcipsum
3105 1668 3328 1724 humilia
3370 1680 3423 1723 et
3463 1670 3663 1743 aiiiige,

2063 1757 2347 1811 recordare
2385 1768 2729 1827 peccatorum
2778 1769 2993 1813 tuorum
3032 1762 3331 1829 speciatim.
3373 1762 3490 1817 Non
3538 1780 3665 1833 par-

2061 1866 2159 1904 vus
2207 1859 2289 1905 est
2338 1851 2426 1905 hic
2473 1853 2743 1905 cruciatus
2791 1853 2974 1906 animi.
3029 1852 3082 1907 Si
3132 1852 3252 1923 quis
3299 1855 3352 1908 in
3400 1871 3665 1925 compun-

2061 1946 2240 1998 ctione
2305 1944 2436 2010 fuit,
2500 1946 2647 2000 norit
2702 1945 2940 1999 animum
3006 1946 3104 1999 bac
3160 1948 3394 2000 maxime
3457 1950 3665 2005 ratione

2061 2035 2307 2097 cruciari.
2358 2035 2413 2089 Si
2457 2037 2577 2105 quis
2626 2044 2845 2106 peccata
2896 2037 2945 2088 in
2994 2038 3312 2091 memoriam
3359 2040 3659 2106 revocavit,

2062 2129 2211 2181 novit
2276 2128 2554 2183 dolorcm'
2586 2130 2676 2199 qui
2744 2129 2865 2183 inde
2928 2129 3251 2200 concipitur.
3320 2132 3663 2201 Quapropter

2062 2217 2370 2287 bujusmodi
2416 2220 2749 2288 poenitentia:
2794 2220 2931 2274 Deus
2970 2220 3235 2289 justitiam
3282 2222 3335 2276 in
3378 2226 3661 2293 praemium

2058 2304 2369 2374 consuluit,
2424 2313 2665 2368 dicens:
2724 2312 2823 2366 Dic
2873 2324 2925 2367 tu
2985 2315 3125 2381 prior
3166 2325 3371 2382 peccata
3421 2326 3549 2383 tua,
3607 2329 3662 2371 ut

2048 2402 2349 2468 justi/iretis
2390 2401 2543 2471 (Iani.
2590 2407 2678 2458 45.
2726 2405 2851 2473 26).
2900 2404 3015 2459 Non
3070 2407 3211 2460 enim
3254 2418 3376 2473 est,
3425 2424 3531 2463 non
3579 2420 3663 2466 est

2059 2494 2242 2560 utique
2291 2510 2448 2563 parva
2500 2496 2567 2549 ad
2614 2498 3047 2553 emendationem
3108 2500 3287 2563 ratio.
3341 2503 3385 2555 si
3442 2513 3659 2571 peccata

2056 2586 2232 2637 omnia
2297 2587 2589 2640 secundum
2643 2590 2878 2657 speciem
2922 2590 3150 2644 collecta
3200 2592 3253 2645 in
3300 2594 3488 2647 animo
3539 2610 3660 2649 ver-

2056 2688 2145 2728 ses
2169 2685 2222 2729 et
2254 2677 2454 2729 volvas.
2493 2677 2626 2731 Nam
2654 2681 2743 2747 qui
2775 2679 2873 2732 hoc
2899 2680 3043 2745 facit,
3075 2682 3144 2735 ita
3168 2695 3581 2752 compungatur,
3608 2696 3661 2739 ut

2056 2783 2125 2822 nc
2152 2769 2256 2822 vita
2286 2768 2497 2837 quidem
2529 2784 2588 2822 se
2617 2769 2834 2839 dignum
2870 2772 3161 2826 existimet.
3202 2775 3302 2839 Qui
3348 2785 3524 2827 autem
3560 2774 3660 2831 hoc

2055 2862 2364 2923 existimat,
2397 2874 2519 2915 cera
2553 2860 2768 2914 mollior
2796 2862 3008 2916 evadet.
3040 2862 3118 2917 Ne
3142 2865 3270 2916 mihi
3298 2864 3468 2917 solum
3500 2865 3660 2919 dixe-

2057 2954 2129 3005 ris
2157 2951 2541 3005 fornicationcs
2562 2993 2575 3014 ,
2608 2952 2691 3005 vel
2724 2944 2985 3006 adul'teria
3019 2961 3075 3008 ei
3104 2955 3321 3017 similia,
3357 2973 3531 3026 neque
3554 2959 3658 3013 alia

2053 3059 2171 3111 qua:
2197 3044 2375 3112 gravia
2407 3058 2527 3096 esse
2555 3045 2693 3113 apud
2728 3060 2919 3098 omnes
2956 3046 3005 3096 in
3035 3045 3281 3099 confesso
3309 3057 3429 3111 est;
3472 3065 3656 3103 verum

2052 3133 2211 3186 etiam
2241 3132 2470 3187 latentes
2496 3134 2737 3196 insidias,
2768 3134 3089 3196 calumnias,
3120 3136 3424 3201 maledicta,
3457 3156 3648 3196 vanam

2049 3221 2273 3291 gloriam
2300 3264 2313 3285 ,
2354 3224 2649 3286 invidiam,
2700 3233 3005 3292 carteraque
3053 3228 3230 3280 omnia
3276 3230 3488 3297 collige.
3533 3232 3661 3287 llzec

2046 3316 2245 3388 quippe
2273 3332 2382 3386 ηομ
2416 3331 2580 3386 parvo
2604 3319 2868 3387 supplicio
2895 3315 3195 3390 plectentur
3216 3336 3228 3370 :
3253 3334 3371 3387 nam
3389 3323 3646 3371 convicia-

2049 3422 2133 3464 tor
2163 3412 2211 3471 in
2245 3406 2549 3480 gehennam
2580 3412 2799 3476 incidet,
2830 3402 3184 3482 ebriositsque
3215 3414 3343 3466 nihil
3369 3430 3659 3469 Commune

2045 3501 2210 3555 habet
2233 3516 2351 3555 cum
2385 3519 2573 3573 regno,
2598 3513 2649 3557 ct
2678 3506 2765 3573 qui
2798 3521 2906 3558 non
2938 3514 3081 3558 amat
3111 3507 3435 3573 proximum,
3464 3509 3540 3563 sic
3569 3511 3646 3562 of-

2044 3590 2215 3648 fendit
2237 3592 2427 3656 Deum.
2452 3604 2508 3647 ut
2540 3610 2715 3664 neque
2741 3596 3002 3667 martyrio
3036 3598 3275 3664 juvetur.
3304 3597 3370 3651 Et
3399 3602 3488 3668 qui
3522 3614 3646 3666 pro-

2042 3686 2272 3753 pinquos
2299 3687 2543 3755 negligit,
2577 3686 2733 3741 iidem
2758 3698 2936 3757 negat,
2969 3699 3021 3742 ct
3046 3689 3137 3757 qui
3174 3704 3440 3759 pauperes
3465 3691 3643 3760 despi-

2040 3776 2149 3839 cit,
2176 3774 2228 3827 in
2260 3774 2435 3844 ignem
2464 3777 2712 3829 mittitur.
2740 3775 2819 3831 Ne
2852 3792 3011 3845 parva
3042 3793 3173 3847 ergo
3198 3779 3287 3832 illa
3321 3789 3476 3849 putes
3498 3824 3513 3846 ,
3548 3781 3643 3836 sed

2040 3865 2219 3919 omnia
2251 3866 2463 3934 collige,
2493 3877 2548 3921 et
2574 3867 2725 3934 quasi
2756 3868 2808 3919 in
2838 3867 2974 3920 libro
3001 3868 3197 3923 scribe.
3217 3868 3350 3923 Nam
3371 3871 3487 3925 situ
3516 3873 3641 3927 scri-

2038 3957 2233 4024 pseris,
2258 3955 2401 4009 Deus
2426 3955 2660 4021 delebit;
2684 3967 2870 4012 contra
2899 3959 2941 4011 si
2971 3966 3022 4012 tu
3048 3975 3152 4013 non
3177 3962 3477 4031 scripseris,
3507 3965 3641 4019 Deus

2038 4047 2124 4098 illa
2147 4046 2433 4111 describet,
2469 4063 2761 4117 poenasque
2788 4058 3013 4120 repetet.
3046 4050 3230 4122 Longe
3264 4069 3425 4123 porro
3452 4058 3640 4116 melius

2035 4145 2119 4191 est
2148 4146 2205 4189 ut
2233 4136 2348 4192 lucc
2376 4153 2405 4191 a
2431 4139 2590 4192 nobis
2616 4140 2923 4194 scribantur
2945 4184 2959 4205 ,
2986 4144 3112 4196 etin
3141 4146 3291 4199 caelis
3316 4146 3638 4217 deleantur,

2032 4245 2191 4299 quam
2223 4232 2267 4284 si
2316 4231 2472 4285 nobis
2501 4231 2893 4286 occultantibus
2919 4274 2934 4298 ,
2983 4233 3125 4288 Deus
3156 4236 3207 4288 in
3251 4236 3343 4289 illo
3386 4238 3473 4294 die
3512 4250 3639 4296 ante

2030 4320 2454 4397 oculosnOstros
2476 4337 2536 4374 ea
2564 4321 2787 4376 deierat.
2810 4320 2889 4377 Ne
2918 4324 3077 4391 igitur
3100 4324 3203 4379 hoc
3222 4326 3451 4394 accidat,
3477 4346 3636 4385 accn-

2027 4420 2143 4465 rate
2172 4413 2351 4464 omuia
2382 4411 2719 4480 colligamus,
2753 4421 2808 4466 et
2834 4427 2932 4467 nos
2962 4416 3253 4470 multorum
3284 4432 3406 4472 reos
3434 4420 3627 4487 depre-

2026 4502 2344 4559 lteudcmus.
2388 4503 2519 4569 Quis
2560 4504 2704 4557 enim
2750 4505 2817 4558 ab
2860 4506 3083 4560 avaritia
3133 4509 3365 4563 mundus
3401 4513 3529 4565 est?

2025 4594 2153 4647 mihi
2185 4594 2325 4646 enim
2350 4595 2571 4657 dixeris,
2608 4604 2659 4648 te
2690 4594 3037 4649 mediocriter
3064 4612 3285 4653 avarum
3313 4616 3472 4657 esse:
3507 4619 3650 4681 ηειιη⁸

2022 4698 2123 4754 pro
2145 4682 2357 4737 modico
2387 4683 2546 4737 ctiam
2577 4699 2765 4753 poenas
2789 4685 3061 4743 dabimus.
3090 4687 3217 4744 Hmc
3236 4693 3431 4763 cogita,
3456 4702 3511 4748 et
3534 4711 3632 4761 age

2017 4775 2409 4843 paenitentiam.
2435 4775 2565 4843 Quis
2592 4791 2698 4830 non
2723 4792 2846 4831 reus
2869 4778 3027 4832 illata:
3051 4785 3499 4837 eluitumelitehrt
3529 4785 3629 4840 hoc

2017 4867 2174 4921 etiam
2220 4868 2271 4921 in
2323 4869 2622 4938 gehennam
2675 4870 2917 4939 conjicit.
2969 4872 3097 4939 Quis
3144 4890 3250 4929 non
3308 4886 3512 4931 occnf-v
3573 4880 3623 4933 le

2017 4960 2259 5025 proximo
2290 4960 2428 5013 male
2478 4960 2649 5013 dixit?
2678 4970 2734 5014 ct
2783 4962 2887 5017 hoc
2918 4964 3079 5017 etiam
3113 4980 3141 5018 a
3176 4982 3341 5036 regno
3384 4970 3541 5037 exigu
3582 4974 3617 5026 ξ.

2013 5049 2141 5113 Quis
2173 5051 2421 5118 Superbia
2456 5068 2557 5102 non
2594 5052 2888 5107 intumuit?
2939 5053 3035 5110 Hic
3068 5072 3198 5109 vero
3240 5059 3478 5112 omnium
3519 5061 3612 5114 im—

2012 5142 2396 5197 mundissimus
2425 5152 2526 5199 est.
2556 5144 2687 5211 Quis
2719 5147 3001 5216 impudicis
3030 5150 3201 5203 oculis
3233 5166 3337 5203 non
3370 5155 3617 5222 aspexit?

2009 5235 2106 5291 llic
2138 5253 2299 5306 porro
2332 5238 2576 5293 mmcbus
2606 5240 2828 5293 omnino
2857 5251 2959 5296 est.
2993 5241 3123 5309 Quis
3161 5258 3265 5297 non
3307 5244 3425 5299 sine
3450 5261 3613 5302 caesa

2006 5329 2155 5386 fratri
2180 5346 2279 5386 suo
2308 5331 2472 5385 iratus
2499 5331 2628 5387 est?
2661 5331 2757 5387 llic
2784 5348 2915 5387 vero
2940 5348 3066 5388 reus
3090 5344 3170 5389 est
3196 5336 3446 5390 concilio.
3477 5340 3611 5405 Quis

2006 5437 2114 5476 non
2137 5424 2375 5490 juravit?
2407 5423 2519 5479 lluc
2556 5433 2735 5479 autem
2782 5439 2812 5479 a
2855 5424 2998 5480 malo
3024 5436 3127 5481 est.
3154 5428 3281 5494 Quis
3314 5446 3419 5485 non
3454 5433 3609 5500 peje-

2003 5514 2184 5567 ravit?
2211 5514 2309 5569 Hic
2339 5531 2500 5585 porro
2523 5515 2641 5584 plus
2671 5531 2832 5585 quam
2858 5531 2888 5571 a
2916 5518 3058 5572 malo
3079 5530 3178 5574 est.
3201 5519 3332 5587 Quis
3364 5537 3470 5575 non
3500 5538 3605 5577 ser-

2004 5606 2132 5661 \it'il
2172 5607 2479 5662 mamonae?
2508 5607 2605 5662 Hic
2642 5622 2772 5663 vero
2807 5624 2835 5663 a
2862 5608 3071 5665 sincera
3104 5608 3299 5665 Christi
3345 5617 3603 5666 servitute

2000 5697 2218 5753 excidit.
2252 5700 2371 5753 Alia
2415 5698 2499 5752 bis
2544 5701 2746 5769 majora
2792 5700 3033 5771 proferre
3063 5716 3276 5771 possem
3307 5718 3323 5759 :
3358 5701 3451 5757 sed
3483 5700 3600 5757 hac

2068 5812 2082 5843 ι
2120 5819 2301 5875 meo,“
2320 5812 2407 5863 hoc
2431 5814 2576 5893 etiam
2599 5827 2629 5863 a
2654 5826 2801 5878 regno
2819 5812 2989 5877 exigit,
3015 5815 3061 5863 in
3085 5814 3243 5864 tribus
3263 5822 3367 5864 Mss.
3392 5812 3602 5864 desunt.
