4076 6440
512 305 611 364 t5!
1125 373 1131 380 ο
1208 305 1265 356 s.
1307 305 1583 355 somnus
1617 305 2081 356 murenarum

513 395 647 455 satis
671 400 828 460 sunt,
852 400 908 450 et
948 399 1164 464 possent
1199 389 1267 446 ad
1286 388 1750 460 eompuuctionem
1776 386 2041 446 deducere
2064 430 2081 456 ,

509 485 617 543 nisi
637 484 757 556 quis
782 482 1022 552 lapideos
1040 481 1150 545 sit,
1177 488 1234 535 et
1257 477 1403 533 omni
1444 491 1664 548 prorsus
1693 491 1856 534 sensu
1884 487 2084 534 careat.

506 572 568 631 Si
595 575 738 630 enim
763 585 948 629 eorum
973 570 1177 640 singula
1201 569 1253 624 in
1278 567 1576 640 gehennam
1600 566 1928 636 conjiciunt,
1959 567 2085 639 quid

513 677 624 719 non
648 665 840 719 facient
864 660 1049 718 omnia
1069 659 1228 714 simul
1250 657 1576 733 conjuncta?
1601 656 1882 724 Quomodo
1906 657 2080 727 igitur,

513 755 740 824 inquies,
768 753 990 808 salutem
1018 751 1270 820 consequi
1296 762 1576 819 possumus
1595 747 1621 800 τ
1647 747 1702 804 Si
1729 748 1984 819 opposita
2001 745 2103 801 his.

512 843 744 902 remedia
784 841 1132 897 adhibeamus
1154 879 1171 906 ,
1209 840 1604 910 eleemosynam
1630 880 1646 902 ,
1674 851 1860 907 preces
1883 873 1900 904 ,
1926 851 2080 908 com-

508 935 847 1005 punctionem
872 973 888 998 ,
919 931 1282 1002 ptenitentiam
1307 971 1320 994 ,
1350 929 1702 984 humilitatem
1723 969 1736 992 ,
1764 941 1859 982 cor
1875 925 2084 982 contri-

509 1036 642 1092 tum,
673 1039 848 1082 rerum
871 1025 1206 1095 praiscntium
1228 1029 1609 1090 contemptum.
1627 1019 1920 1075 Sexcentas
1939 1018 2085 1074 enim

506 1119 694 1175 salutis
723 1133 835 1189 vias
856 1118 998 1172 Deus
1023 1115 1268 1186 aperuit,
1299 1116 1346 1168 si
1370 1111 1648 1167 attendere
1677 1110 1922 1167 velimus.
1954 1107 2086 1164 Ani-
2124 1196 2129 1201 ι

1208 298 1265 356 s.
1307 295 1583 355 JDANNIS
1617 294 2096 356 cnnrsosrom
2131 295 2450 354 meum.
2489 276 3028 352 CONSTANTINOP.

3660 302 3771 356 45?.

2192 403 2336 443 mum
2367 386 2714 442 adhibeamus
2749 401 2878 456 ergo
2901 428 2917 454 ,
2949 395 3000 442 et
3043 401 3137 456 per
3163 386 3280 443 huic
3302 388 3482 445 omnia
3523 405 3775 448 curemus

2191 480 2431 544 vulnera,
2459 479 2854 547 eleemosynam
2877 489 3178 549 erogantes,
3209 480 3340 535 iram
3368 482 3419 536 in
3441 498 3536 538 eos
3562 485 3649 554 qui
3676 499 3776 542 nos

2188 568 2446 625 [mserum
2469 571 2840 640 reprimentes,
2873 583 2969 638 pro
2985 570 3237 626 omnibus
3260 571 3371 626 Deo
3393 575 3590 643 gratias
3615 591 3777 645 agen-

2189 668 2271 715 tes
2288 701 2303 724 ,
2337 675 2436 730 pro
2465 659 2666 714 viribus
2688 659 3012 727 jejunantes,
3040 660 3251 717 sincero
3278 663 3440 717 corde
3469 675 3772 734 precantes,

2187 750 2390 816 amicos
2428 749 2582 805 nobis
2629 748 2884 804 facientes
2909 765 2974 804 ex
3020 765 3270 808 mamona
3321 754 3632 824 iniquitatis.
3683 755 3776 812 Sic

2189 840 2332 894 enim
2366 842 2656 910 poterimus
2683 848 2738 895 et
2762 841 2972 918 veniam
3015 849 3357 910 peccatorum
3384 885 3399 911 ,
3430 854 3485 900 et
3512 835 3776 914 promissa

2188 930 2444 1000 consequi
2471 929 2608 985 bona
2635 946 2651 983 :
2683 921 2833 999 queis
2861 930 3061 984 utinam
3093 946 3192 986 nos
3220 947 3410 989 omnes
3451 935 3734 1005 dignemur
3753 977 3772 1003 ,

2187 1021 2358 1090 gratia
2386 1029 2440 1075 et
2464 1020 2789 1088 benignitate
2829 1022 3040 1077 Domini
3070 1025 3239 1078 nostri
3263 1023 3392 1081 Iesu
3421 1026 3656 1095 Christi,
3684 1029 3774 1086 cui

2189 1110 2359 1182 gloria
2386 1121 2440 1167 ct
2467 1111 2747 1184 imperium
2797 1111 2852 1168 in
2881 1113 3074 1169 saecula
3105 1116 3446 1173 saeculorum.
3472 1118 3665 1186 Am

1659 1317 2008 1380 HOMILIA
2050 1316 2248 1378 XLII.
2294 1320 2381 1381 al.
2430 1312 2656 1384 XLIII.

502 1467 632 1524 CAP.
661 1465 747 1522 12.
787 1481 840 1520 v.
869 1465 960 1521 '53.
990 1425 1092 1518 ᾎιιε
1116 1464 1268 1534 facile
1295 1461 1520 1516 arborem
1548 1460 1728 1513 bonum
1747 1497 1764 1523 ,
1792 1467 1838 1511 ct
1863 1460 2082 1527 fructum
2108 1426 2112 1428 ἓ

573 1560 682 1627 ejus
706 1558 888 1611 bonum
905 1571 926 1619 ;
963 1563 1050 1608 aut
1080 1554 1231 1624 facite
1269 1552 1498 1606 arborem
1526 1549 1714 1603 malum
1734 1591 1750 1612 ,
1782 1559 1827 1601 ct
1857 1553 2082 1619 fructum

570 1650 680 1718 ejus
708 1647 929 1701 malum:
953 1661 1017 1700 ea:
1043 1647 1212 1716 fructu
1235 1645 1366 1701 enim
1394 1644 1543 1696 arbor
1567 1641 1901 1712 cognoscitur.

570 1737 624 1792 1.
649 1736 853 1791 Rursus
882 1735 1003 1789 illos
1028 1733 1229 1803 pudore
1256 1733 1422 1787 allicit
1445 1774 1458 1795 ,
1493 1746 1590 1786 nec
1617 1740 1740 1785 sunt
1783 1730 1857 1783 illi
1903 1729 2078 1798 priora

499 1833 807 1896 argumenta
837 1824 988 1878 satis.
1020 1822 1130 1877 lloc
1150 1832 1326 1876 autem
1351 1821 1516 1887 facit,
1549 1835 1652 1874 non
1693 1829 1750 1873 ut
1781 1833 1840 1874 se
1866 1834 1896 1873 a
1926 1819 2078 1888 culpa

492 1915 752 1983 defendat
777 1916 929 1986 (satis
949 1914 1099 1970 enim
1124 1923 1304 1969 essent
1328 1929 1448 1981 qua:
1468 1914 1578 1981 jam
1599 1911 1761 1965 edicta
1788 1908 1956 1981 sunt),
1984 1909 2080 1965 sed

502 2015 560 2060 ut
582 2006 700 2061 illos
723 2005 788 2058 ad
819 2005 1244 2060 emendationem
1269 2003 1516 2058 deducat.
1543 1998 1695 2073 Quod
1729 2011 1902 2056 autem
1929 2001 2078 2064 dicit,

500 2095 604 2151 hoc
637 2095 894 2165 significat
924 2111 938 2150 :
969 2093 1139 2149 Nemo
1173 2103 1417 2148 vestrum
1439 2102 1656 2147 curatos
1697 2090 2076 2161 reprehendit,

497 2187 651 2258 quasi
676 2201 800 2241 vere
825 2187 995 2241 curati
1021 2200 1126 2239 non
1154 2193 1354 2248 essent,
1381 2179 1554 2255 neque
1571 2183 1724 2246 dixit,
1749 2183 1940 2236 malam
1966 2198 2076 2236 rem

498 2293 619 2335 esse
654 2293 686 2333 a
725 2278 968 2333 dmmone
1018 2275 1266 2330 liberare.
1376 2274 1548 2336 tiamsi
1597 2275 1740 2330 enim
1793 2271 2076 2326 admodum

499 2367 833 2421 imnudeutes
861 2375 1083 2421 essent.
1117 2366 1220 2419 hoc
1261 2273 1442 2421 ditius
1485 2378 1589 2419 non
1636 2371 1900 2421 DOterant.
1944 2360 2076 2421 Quia

499 2367 833 2439 impudentes
861 2375 1083 2430 essent,
1117 2366 1220 2419 hoc
1261 2360 1442 2439 dichre
1485 2378 1589 2419 non
1636 2371 1900 2432 poterant.
1944 2360 2077 2437 Quia

499 2474 627 2530 ergo
647 2473 810 2528 opera
835 2460 948 2527 ipsa
972 2457 1248 2511 traducere
1275 2469 1381 2524 non
1412 2455 1678 2520 valebant,
1706 2453 1799 2508 sed
1828 2452 1940 2507 haec
1959 2468 2080 2522 ope-

504 2561 713 2606 rantem
760 2549 1218 2604 calumniabantur
1245 2548 1264 2579 ¹
1287 2589 1306 2612 ,
1332 2547 1664 2602 demonstrat
1687 2547 2078 2600 accusationem

498 2649 691 2695 etcum
721 2639 991 2694 Communi
1022 2627 1321 2703 ratiocinio,
1338 2646 1529 2692 etcum
1556 2651 1733 2691 rerum
1754 2650 2080 2704 consequen-

500 2733 571 2789 tia
593 2729 1001 2804 pugnare.Quod
1023 2731 1251 2802 ingentis
1274 2729 1616 2802 impudentia:
1637 2739 1739 2798 cst,
1760 2743 1950 2801 nempe
1967 2743 2072 2785 non

500 2823 660 2879 modo
687 2825 914 2893 maligne
941 2838 1115 2892 agerc,
1151 2822 1246 2878 sed
1266 2823 1426 2877 etiam
1446 2822 1532 2877 illa
1558 2823 1882 2879 comminisci
1913 2862 1928 2888 ,
1957 2839 2075 2893 qua:

500 2920 686 2967 contra
707 2926 1043 2967 communem
1063 2913 1298 2964 omnium
1326 2920 1556 2966 mentem
1579 2921 1828 2980 pugnant.
1863 2913 1935 2966 Ac
1957 2912 2077 2968 vide

497 3018 654 3071 quam
667 3013 816 3056 extra
837 2989 1233 3072 contentionem
1251 3001 1320 3056 sit
1338 3000 1389 3056 id
1400 3000 1539 3071 quod
1558 3003 1773 3071 profert.
1789 3002 1905 3056 Non
1932 3006 2076 3060 enim

497 3093 628 3148 dicit
653 3108 665 3144 :
698 3091 879 3146 Facite
905 3093 1153 3147 arborem
1175 3075 1378 3164 lienam
1403 3133 1419 3156 ,
1447 3093 1693 3161 quoniam
1725 3092 1928 3148 fructus
1957 3093 2076 3164 ejus

497 3183 667 3238 bonus
693 3192 812 3248 est;
859 3183 950 3237 sed
978 3186 1192 3252 egregie
1218 3182 1338 3237 illos
1361 3196 1616 3239 coemens
1636 3224 1650 3249 ,
1679 3192 1735 3239 et
1763 3195 2072 3241 mansuetu-

497 3274 677 3329 dinem
710 3287 858 3328 suam
886 3283 938 3327 et
960 3274 1341 3343 impudentiam
1363 3289 1550 3329 eorum
1573 3276 1945 3333 demonstrans
1964 3278 2072 3337 ait:

497 3367 552 3423 Si
589 3383 748 3438 opera
781 3369 938 3421 vultis
965 3350 1358 3437 reprehendere
1383 3409 1398 3433 ,
1433 3384 1538 3423 non
1571 3370 1866 3440 prohibeo:
1900 3371 2074 3426 solum

499 3475 568 3514 ne
595 3459 662 3513 de
690 3460 756 3512 iis
784 3475 900 3527 tunc
931 3473 1030 3512 nec
1066 3459 1363 3513 consistere
1385 3502 1398 3522 ,
1427 3475 1526 3514 nec
1554 3471 1946 3529 consequenter
1971 3462 2075 3516 dici

501 3557 723 3620 possunt
744 3589 759 3612 ,
792 3564 879 3603 me
909 3549 1192 3603 accusetis.
1225 3549 1312 3603 Sic
1354 3549 1497 3603 enim
1521 3551 1717 3604 clarius
1748 3551 2074 3621 deprehendi

499 3646 743 3708 poterant
766 3647 947 3690 contra
973 3651 1058 3690 res
1075 3638 1529 3692 manilestissimas
1551 3639 1886 3708 impudenter
1906 3639 2070 3708 loqui.

500 3732 682 3800 Itaque
713 3728 908 3782 frustra
939 3727 1320 3795 malignamini,
1347 3729 1535 3797 inquit,
1565 3743 1663 3782 nec
1692 3730 2074 3798 consequentia

497 3819 794 3890 loquimini.
821 3817 952 3873 Nam
986 3816 1236 3872 arborum
1267 3812 1560 3871 diderentia
1589 3833 1652 3873 ex
1684 3817 1856 3873 fructu
1887 3819 2078 3889 digno-

496 3912 681 3975 scitur,
721 3923 827 3964 non
858 3917 1032 3964 autem
1061 3907 1261 3963 fructus
1286 3907 1570 3981 abalarhore
1601 3927 1614 3962 :
1646 3924 1744 3964 vos
1770 3926 1899 3966 vero
1927 3926 2076 3966 con-

499 4000 721 4054 trarium
745 3997 936 4053 facitis.
965 3998 1186 4052 Etiamsi
1213 3999 1353 4052 enim
1375 3999 1539 4055 arbor
1567 3999 1769 4056 fructus
1789 4001 1859 4056 sit
1885 4016 2068 4068 causa,

495 4099 728 4144 attamen
759 4089 963 4144 fructus
987 4081 1196 4142 arboris
1238 4089 1470 4158 speciem
1509 4089 1762 4145 declarat.
1785 4093 1854 4147 At
1877 4107 2071 4149 consc-

495 4197 664 4253 quens
689 4193 822 4246 erat,
855 4192 914 4236 ut
938 4182 1052 4251 ipsa
1098 4194 1265 4249 opera
1295 4189 1348 4236 et
1392 4194 1490 4235 nos
1528 4181 1686 4235 simul
1712 4183 2070 4250 reprehende-

496 4276 625 4330 retis
647 4316 664 4340 ,
691 4273 772 4328 vel
804 4273 849 4327 si
871 4287 1031 4344 opera
1062 4271 1366 4336 laudaretis,
1401 4261 1502 4326 nos
1517 4281 1800 4340 operantes
1828 4289 1894 4330 ne
1920 4275 2071 4330 incu.

494 4366 705 4420 sanctis.
719 4362 868 4419 Nunc
889 4379 1016 4419 vero
1032 4365 1357 4420 contrarium
1376 4361 1546 4417 facitis
1565 4380 1579 4415 :
1600 4377 1724 4417 nam
1746 4379 1866 4419 cum
1886 4380 2067 4435 opera,

494 4472 617 4524 quae
646 4464 769 4510 sunt
798 4453 1028 4516 fructus,
1061 4454 1369 4509 calumniari
1401 4455 1710 4522 nequeatis,
1742 4457 2070 4527 contrarium

492 4555 678 4603 contra
694 4547 943 4601 arborem
964 4544 1117 4600 fertis
1137 4545 1420 4611 calculum,
1436 4543 1561 4600 dum
1579 4561 1664 4603 me
1683 4547 2069 4606 daemoniacum

494 4639 719 4704 vocatis,
747 4639 888 4709 quod
910 4647 1164 4692 extrema:
1192 4647 1273 4691 est
1296 4638 1597 4692 dementire.
1618 4639 1746 4696 Nam
1765 4640 1905 4710 quod
1924 4645 2069 4712 prius

493 4732 704 4788 dicebat
724 4773 739 4797 ,
769 4731 867 4786 hoc
893 4731 1052 4786 etiam
1080 4745 1223 4785 nunc
1249 4731 1438 4785 asserit
1462 4772 1479 4794 ,
1511 4745 1615 4785 non
1643 4747 1795 4800 posse
1823 4734 2067 4790 arborem

494 4827 688 4881 bonam
731 4824 933 4878 fructus
969 4824 1136 4877 malos
1174 4822 1396 4887 facere,
1440 4838 1613 4894 neque
1659 4826 1849 4881 malam
1900 4829 2069 4884 honos

495 4918 709 4986 (Mariti.
741 4917 796 4970 7.
825 4917 938 4987 48).
967 4916 1148 4984 Itaque
1173 4916 1538 4972 accusationes
1578 4934 1759 4974 eorum
1789 4922 1958 4988 palam
1986 4936 2068 4977 est

496 5008 629 5063 nihil
658 5022 1007 5076 consequens,
1040 5007 1178 5061 nihil
1200 5009 1493 5064 secundum
1517 5017 1758 5064 naturam
1787 5028 1961 5067 rerum
1979 5013 2069 5068 ha-

491 5098 641 5154 bere.
670 5099 868 5153 Deinde
907 5098 1027 5167 quia
1053 5113 1160 5151 non
1194 5112 1288 5167 pro
1313 5114 1372 5154 se
1396 5142 1409 5162 ,
1437 5099 1531 5155 sed
1562 5116 1657 5167 pro
1677 5102 1874 5169 Spiritu
1906 5104 2063 5159 verba

495 5190 619 5245 facit
639 5229 656 5255 ,
690 5190 882 5245 acriter
908 5188 1174 5244 invehitur
1201 5190 1418 5246 dicens:
1446 5192 1537 5246 34.
1562 5190 1838 5264 Progenies
1863 5196 2062 5264 vipera-

495 5298 626 5347 rum,
652 5281 901 5348 quomodo
933 5282 1134 5349 potestis
1162 5281 1290 5334 bona
1311 5281 1465 5353 loqui,
1493 5299 1604 5337 cum
1634 5285 1743 5339 silis
1769 5286 1890 5340 ntali
1911 5289 1934 5340 ?
1955 5287 2065 5344 Hoc

492 5386 623 5426 vero
647 5371 806 5425 simul
831 5380 886 5426 et
905 5373 1206 5427 accusantis
1230 5384 1332 5437 cst,
1364 5383 1418 5428 et
1443 5374 1702 5430 dictorum
1729 5377 2064 5434 demonstra-

491 5465 690 5519 tionem
720 5464 842 5518 inde
871 5465 1176 5530 pra-bentis.
1217 5466 1356 5522 Ecce
1400 5483 1626 5538 namque
1673 5484 1804 5538 vos,
1850 5471 2061 5542 inquit,

491 5571 610 5610 cum
640 5555 754 5610 sitis
780 5555 1000 5610 arbores
1030 5557 1217 5624 malai,
1249 5573 1354 5611 non
1377 5561 1619 5628 potestis
1658 5561 1796 5618 ferre
1836 5560 2060 5618 fructum

553 5691 570 5722 ⁸
607 5695 750 5744 Unus,
781 5688 1019 5739 diabolum
1041 5704 1141 5741 esse
1161 5689 1392 5741 dicebant.

2186 1455 2404 1543 bonum.
2438 1459 2554 1515 Non
2585 1463 2926 1535 miror'ergo,
2953 1467 3092 1536 quod
3122 1457 3241 1523 talia
3270 1469 3559 1540 loquamini
3584 1488 3600 1538 ;
3629 1474 3772 1530 male

2183 1547 2382 1618 quippe
2408 1550 2618 1607 educati
2636 1555 2787 1621 estis,
2808 1571 2838 1609 a
2859 1557 3014 1611 malis
3035 1561 3465 1629 progenitoribus
3481 1563 3602 1629 orti,
3625 1579 3775 1618 men-

2183 1646 2400 1709 temque
2419 1642 2622 1722 ~malam
2649 1643 2875 1700 habetis.
2905 1646 2973 1700 Et
2996 1649 3116 1703 vide
3145 1666 3302 1718 quam
3326 1664 3574 1708 accurate
3597 1694 3612 1717 ,
3640 1654 3768 1708 nul.

2183 1727 2288 1782 lam
2335 1731 2578 1799 praebens
2605 1732 2709 1788 illis
2735 1748 2921 1789 ansam
2950 1776 2967 1802 ,
3014 1740 3379 1796 accusationes
3421 1729 3765 1811 disposuerit.

2181 1818 2298 1874 Non
2333 1822 2475 1876 enim
2505 1822 2640 1878 dixit
2671 1843 2686 1878 :
2716 1824 2994 1894 Quomodo
3018 1829 3246 1900 potestis
3270 1831 3406 1885 bona
3439 1832 3618 1903 loqui,
3640 1849 3768 1892 cum

2181 1910 2302 1966 sitis
2342 1913 2606 1982 genimina
2637 1916 2981 1985 viperarum?
3017 1919 3119 1976 hoc
3160 1922 3303 1976 enim
3334 1923 3463 1977 nihil
3491 1925 3557 1979 ad
3599 1926 3766 1989 illud;

2183 2001 2298 2067 sed,
2332 2003 2597 2069 Quomodo
2623 2009 2828 2075 potestis
2856 2009 2986 2065 bona
3011 2010 3168 2082 loqui,
3198 2016 3321 2068 mali
3344 2032 3459 2069 cum
3484 2017 3594 2072 sitis
3613 2018 3639 2072 .’
3663 2018 3770 2074 Gc-

2183 2094 2382 2150 nimina
2411 2108 2589 2152 autem
2621 2101 2923 2171 viperarum
2964 2104 3114 2173 ipsos
3136 2107 3366 2172 vocavit,
3395 2110 3516 2177 quia
3543 2110 3611 2165 de
3635 2125 3768 2180 pro-

2178 2188 2512 2255 genitoribus
2535 2189 2923 2260 gloriabantur.
2971 2194 3274 2252 Ostendens
3299 2198 3460 2268 igitur
3497 2199 3630 2255 nihil
3662 2203 3767 2258 sibi

2181 2276 2306 2332 inde
2334 2278 2540 2334 lucrum
2582 2284 2860 2350 provenire
2883 2324 2900 2352 ,
2930 2299 2996 2340 ex
3028 2286 3255 2343 Abrahae
3295 2291 3612 2358 cognatione
3642 2292 3766 2347 illos

2180 2369 2371 2438 ejecit;
2394 2375 2760 2443 progenitores
2777 2385 2956 2432 autem
2982 2377 3220 2447 ejusdem
3252 2379 3443 2434 indolis
3471 2381 3561 2436 dat
3582 2383 3707 2449 illis,
3732 2399 3764 2438 a

2181 2460 2458 2518 nobilitate
2486 2463 2706 2533 pristina
2748 2467 2978 2522 nudatis.
3010 2468 3150 2523 Nam
3176 2487 3240 2525 ea:
3262 2472 3573 2527 abundantia
3596 2477 3766 2531 cordis

2180 2567 2236 2606 os
2287 2551 2524 2622 loquitur.
2575 2554 2673 2610 l-lic
2717 2571 2928 2628 quoque
2972 2575 3181 2614 rursum
3231 2561 3563 2620 divinitatem
3608 2581 3764 2621 suam

2180 2653 2564 2698 commonstrat
2587 2687 2600 2710 ,
2627 2661 2745 2715 qua:
2765 2659 2970 2702 secreta
2996 2661 3315 2719 cognoscat;
3353 2654 3590 2725 sciatque
3618 2655 3767 2725 ipsos

2178 2747 2288 2789 non
2312 2735 2595 2792 verborum
2626 2747 2852 2803 tantum,
2881 2741 2975 2797 sed
3000 2742 3160 2798 etiam
3191 2744 3451 2801 malarum
3480 2747 3766 2819 cogitatio-

2180 2841 2306 2881 num
2350 2828 2614 2884 rationcm
2662 2830 2964 2886 reddituros
2983 2848 3136 2898 esse;
3172 2826 3444 2907 Deumque
3485 2839 3629 2907 ipsas
3672 2855 3771 2910 co-_

2147 2905 2157 2918 “
2178 2930 2457 2990 gnoscere.
2481 2917 2617 2971 Dicit
2637 2934 2784 2984 vero,
2808 2935 2963 2989 posse
2982 2923 3142 2978 etiam
3161 2905 3403 2981 homines
3424 2905 3542 2983 hinc
3567 2943 3764 2996 nosse;

2182 3003 2303 3076 quia
2337 3008 2450 3061 haec
2480 3018 2683 3063 natura:
2711 3015 3091 3082 consequentia
3115 3026 3218 3079 est,
3247 3026 3300 3070 ut
3327 3018 3374 3072 si
3409 3018 3552 3074 intus
3575 3022 3766 3092 nequi-

2181 3097 2252 3150 tia
2295 3098 2730 3167 superabundet,
2773 3117 2870 3171 per
2911 3105 3021 3158 oris
3059 3106 3216 3160 verba
3267 3107 3395 3164 foris
3441 3110 3761 3168 effundatur.

2181 3186 2364 3256 Itaque
2393 3202 2512 3242 cum
2551 3191 2788 3245 audieris
2815 3193 3088 3248 hominem
3132 3198 3269 3250 mula
3298 3199 3625 3269 loquentem,
3655 3220 3766 3260 non

2179 3278 2440 3347 aequalem
2468 3279 2639 3334 solum
2681 3282 2731 3336 ei
2778 3285 3064 3353 nequitiam
3102 3288 3158 3340 in
3198 3289 3314 3356 ipso
3365 3291 3540 3347 ineSsc
3569 3305 3763 3364 putes,

2177 3383 2336 3438 quam
2352 3370 2513 3424 verba
2528 3371 2777 3427 exhibent
2793 3391 2808 3437 ;
2825 3373 2920 3429 sed
2936 3376 3090 3446 longe
3112 3379 3365 3448 majorem
3386 3395 3506 3437 esse
3521 3385 3730 3453 coujice
3749 3404 3764 3442 :

2180 3458 2319 3526 quod
2351 3459 2494 3514 enim
2520 3471 2672 3514 extra
2704 3462 2990 3530 profertur,
3022 3466 3165 3522 intus
3194 3468 3546 3538 supercﬂluit.
3576 3473 3768 3530 Videu’

2181 3557 2338 3614 quam
2362 3548 2558 3602 acriter
2587 3549 2706 3604 illos
2734 3553 3009 3621 tetigerit?
3034 3553 3164 3609 Nam
3195 3557 3240 3610 si
3268 3558 3405 3614 dicta
3437 3576 3624 3616 eorum
3655 3573 3766 3620 tam

2179 3654 2342 3708 prava
2386 3651 2545 3708 sunt,
2576 3651 2632 3697 et
2668 3645 2960 3699 secundum
3003 3645 3204 3704 diaboli
3247 3660 3500 3715 mentem,
3527 3654 3679 3709 radix
3709 3665 3769 3713 et

2179 3730 2318 3796 lous,
2336 3746 2453 3800 qua:
2476 3733 2585 3786 sint
2607 3734 2800 3803 cogita.
2823 3735 2934 3791 lloc
2957 3750 3137 3792 autem
3159 3739 3236 3794 sic
3255 3743 3564 3813 contingere
3585 3747 3760 3810 solet;

2181 3819 2356 3891 lingua
2377 3835 2519 3890 saepe
2547 3822 2745 3893 pudore
2759 3823 3005 3912 detenta,
3040 3842 3145 3883 non
3177 3823 3374 3885 tan'tam
3401 3833 3562 3888 simul
3586 3838 3770 3907 nequi-
3813 3898 3816 3901 ,

2181 3911 2305 3967 tiam
2339 3911 2600 3968 effundit:
2643 3911 2997 3984 cor'autem,
3041 3920 3124 3974 cui
3170 3922 3348 3976 nullus
3399 3923 3560 3980 homo
3613 3932 3769 3987 testis

2177 4004 2368 4072 adest,
2414 4006 2532 4061 sine
2579 4016 2724 4062 metu
2792 4022 3140 4080 qumcumque
3187 4014 3315 4067 velit
3358 4017 3496 4069 mala
3549 4019 3764 4090 gignit;
3815 3997 3821 4003 ’

2178 4095 2348 4152 Deum
2376 4097 2572 4166 quippe
2607 4097 2734 4151 nihil
2780 4109 2952 4158 curat.
2979 4101 3240 4167 Quoniam
3279 4120 3407 4175 ergo
3436 4122 3499 4161 ea
3527 4126 3648 4179 qua:
3675 4111 3763 4168 di-

2177 4198 2390 4253 cuntur,
2414 4187 2468 4242 in
2492 4203 2714 4245 examen
2742 4190 2959 4245 veniunt
2985 4201 3038 4247 et
3065 4194 3312 4249 omnibus
3341 4207 3466 4252 sunt
3493 4202 3760 4271 exposita,

2177 4291 2273 4332 cor
2301 4289 2477 4334 autem
2504 4281 2633 4334 latet
2671 4291 2724 4335 et
2748 4282 2898 4352 quasi
2927 4283 3110 4337 umbra
3147 4284 3457 4342 obvolutum
3486 4300 3569 4345 est
3591 4333 3606 4359 ,
3639 4293 3765 4349 ideo

2178 4368 2382 4423 minora
2423 4381 2549 4425 sunt
2591 4387 2710 4440 qua:
2754 4387 2821 4426 ex
2863 4371 3039 4444 lingua
3081 4377 3526 4446 proﬁciscuntur,
3559 4366 3678 4453 qua:
3706 4385 3763 4441 in

2178 4459 2340 4515 corde
2365 4460 2530 4517 latent
2575 4464 2796 4531 majora.
2827 4463 2960 4520 Cum
3005 4476 3184 4522 autem
3220 4469 3404 4538 ingens
3434 4474 3587 4541 copia
3615 4475 3764 4531 intus

2177 4561 2260 4609 est
2283 4565 2435 4636 ,tum
2465 4570 2655 4623 magno
2687 4567 2884 4627 impetu
2931 4558 3194 4628 prodeunt
3235 4562 3323 4616 illa
3354 4578 3473 4633 qua:
3500 4567 3762 4626 hactenus

2177 4631 2380 4701 occuita
2404 4654 2575 4702 erant.
2605 4647 2843 4704 Ac‘si'cut
2869 4648 2904 4702 ii
2929 4650 3021 4719 qui
3047 4665 3265 4706 vomunt
3284 4696 3298 4720 ,
3331 4631 3482 4710 initio
3511 4657 3761 4716 videntur

2176 4739 2481 4793 cxsilientes
2520 4739 2771 4795 humores
2807 4740 2860 4794 vi
2913 4741 3142 4797 retinere
3189 4743 3369 4811 velle“;
3411 4762 3533 4802 cum
3578 4758 3758 4806 autem

2175 4833 2254 4884 vis
2277 4831 2363 4885 illa
2392 4831 2591 4895 deficit,
2612 4841 2736 4887 tunc
2763 4830 2903 4888 fmde
2925 4834 3211 4889 admodum
3238 4836 3536 4905 prodeunt:
3567 4841 3645 4896 sic
3666 4844 3758 4912 qui

2175 4921 2351 4991 praeit;
2373 4922 2610 4977 consiliis
2641 4922 2778 4993 pleni
2806 4933 2931 4980 sunt
2953 4967 2970 4992 ,
3001 4929 3299 4994 proximum
3327 4929 3757 4988 maledictis'im-

2174 5024 2381 5084 petunt.
2413 5016 2499 5070 35.
2531 5013 2705 5070 Bonus
2734 5016 2904 5080 homo,
2933 5018 3124 5088 inquit,
3149 5019 3358 5075 eabono
3387 5023 3624 5078 thesauro
3641 5042 3756 5080 cor-

2173 5107 2254 5161 dis
2276 5108 2356 5161 sui
2385 5107 2579 5178 profert
2608 5109 2735 5162 bona
2753 5126 2771 5163 :
2800 5119 2848 5163 et
2886 5111 3052 5163 malus
3091 5110 3240 5166 homo
3269 5130 3333 5168 ea:
3356 5115 3490 5169 malo
3516 5117 3757 5174 thesauro

2151 5245 2153 5254 γ
2174 5198 2344 5254 cordis
2370 5199 2452 5252 sui
2477 5200 2667 5270 profert
2693 5203 2847 5254 mala.

2231 5294 2299 5372 ἴ.
2327 5313 2406 5369 Ne
2432 5325 2605 5384 putes,
2633 5315 2818 5386 inquit,
2857 5316 2908 5371 id
2939 5317 2991 5370 in
3025 5316 3175 5372 malis
3203 5327 3404 5373 tantum
3427 5321 3676 5385 evenire;
3700 5322 3751 5378 in

2169 5406 2326 5463 benis
2353 5402 2562 5477 quippe
2605 5406 2831 5477 idipsum
2882 5408 3112 5466 accidit:
3163 5412 3363 5466 ctenim
3392 5412 3564 5481 major
3601 5414 3748 5469 intus

2170 5500 2340 5554 virtus
2363 5508 2466 5563 est,
2495 5515 2653 5570 quam
2678 5499 2837 5555 verba
2858 5499 3162 5556 exhibeant.
3183 5501 3335 5558 Unde
3354 5504 3612 5574 arguitur,
3633 5505 3753 5563 illos

2170 5591 2379 5662 pejores
2390 5592 2546 5650 etiam
2560 5591 2900 5660 fuissc,quam
2911 5591 3070 5648 verba
3083 5602 3459 5654 monstrarent,
3475 5592 3754 5666 ipsumque

2171 5687 2465 5754 meliorem,
2487 5702 2643 5758 quam
2660 5702 2720 5743 cx
2750 5686 2903 5742 dictis
2929 5685 3042 5758 ejus
3067 5696 3397 5762 argueretur.
3419 5685 3750 5746 Thesaurum
