4076 6430
264 472 368 527 555

263 598 442 644 autem
485 589 787 646 memorat,
821 590 1064 648 magnam
1113 575 1323 643 copiam
1371 573 1632 627 indicans.
1663 571 1863 624 Deinde

263 692 454 732 rursus
484 689 734 744 magnum
764 670 964 726 excitat
995 666 1265 720 timorem.
1295 663 1374 720 Ne
1406 665 1620 732 putetis,
1658 663 1823 730 inquit
1847 702 1861 723 ,

262 784 370 822 non
399 767 544 821 ultra
574 762 812 833 procedi,
844 762 1004 829 inque
1033 757 1156 810 facti
1186 753 1637 810 condemnatione
1667 752 1861 806 sisten-

260 859 388 913 dum
441 873 562 914 esse
606 855 916 923 negotium:
965 865 1090 905 nam
1136 857 1405 904 extremas
1441 845 1643 900 dabunt
1677 858 1863 914 poenas

261 958 529 1019 quotquot
577 947 698 1000 talia
747 942 1129 1013 perpetrarint.
1157 939 1342 1008 Neque
1368 936 1538 1001 dixit,
1571 936 1678 988 Vos
1705 953 1719 1000 ;
1753 947 1861 988 tum

261 1051 320 1095 ut
347 1054 540 1096 omnes
567 1036 824 1103 erudiret,
847 1044 956 1088 tum
979 1048 1047 1088 ne
1072 1031 1353 1087 onerosior
1377 1044 1555 1085 sermo
1575 1039 1740 1084 esset.
1770 1027 1858 1084 36.

261 1132 394 1187 Dico
421 1140 591 1185 autem
610 1129 768 1195 vobis,
787 1128 1025 1198 quoniam
1045 1140 1192 1178 omne
1213 1123 1422 1177 verbum
1447 1122 1683 1185 otiosum,
1710 1120 1865 1191 quod-

261 1239 481 1293 cumque
530 1223 798 1291 loquentur
823 1219 1051 1272 homines
1068 1257 1086 1283 ,
1113 1216 1302 1270 dabunt
1322 1215 1386 1270 de
1419 1215 1510 1269 illo
1538 1215 1786 1268 rationem
1811 1214 1863 1267 in

261 1314 346 1368 die
371 1313 583 1384 judicii.
623 1312 863 1366 Otiosum
905 1318 1102 1375 autem,
1128 1306 1270 1376 quod
1298 1308 1374 1361 rei
1414 1322 1520 1360 non
1567 1305 1816 1359 convenit
1841 1345 1855 1364 ,

263 1404 520 1470 mendax,
551 1403 954 1472 sycophantiam
977 1401 1299 1462 continens;
1330 1399 1436 1451 imo
1467 1398 1646 1463 inane,
1674 1396 1862 1464 utqui-

260 1495 386 1551 dam
414 1495 622 1561 dicunt,
649 1494 792 1564 quod
821 1491 1094 1562 profusum
1125 1492 1289 1544 risum
1315 1498 1546 1553 moveat,
1572 1488 1655 1543 vel
1685 1499 1857 1555 turpe,

263 1585 571 1657 impudens,
595 1585 877 1640 illiberale.
911 1585 1000 1638 3'7.
1036 1582 1116 1636 Ετ
1141 1583 1302 1635 verbis
1330 1581 1462 1633 enim
1490 1581 1588 1633 tuis
1601 1579 1862 1649 justiﬁca-

261 1681 419 1746 beris,
444 1689 492 1733 et
517 1697 580 1733 ea:
605 1679 765 1732 verbis
790 1678 885 1730 tuis
906 1675 1336 1729 condemnaberis.
1369 1672 1554 1727 Viden'
1584 1686 1688 1726 non
1738 1685 1858 1724 mo-

264 1772 457 1828 lestum
485 1771 766 1840 judicium,
798 1771 1047 1836 levesque
1080 1768 1302 1835 ptrnas?
1332 1766 1514 1835 Neque
1533 1765 1676 1818 enim
1702 1780 1767 1818 ex
1796 1765 1859 1818 iis

261 1879 383 1932 qua:
417 1863 558 1916 alius
586 1862 652 1916 de
690 1869 741 1916 te
768 1861 939 1922 dixit,
973 1859 1068 1913 sed
1116 1874 1178 1911 cx
1212 1858 1276 1911 iis
1307 1873 1425 1927 qua:
1467 1858 1580 1927 ipse
1609 1858 1858 1924 loquutus

260 1969 354 2018 es,
383 1953 553 2023 judex
582 1952 846 2007 calculum
875 1950 1042 2014 feret;
1075 1949 1215 2018 quod
1261 1949 1497 2004 omnium
1527 1950 1856 2018 estjustissi.

261 2061 433 2100 mum.
467 2045 547 2112 Tu
573 2044 715 2098 enim
742 2052 796 2098 et
822 2040 1035 2096 dicendi
1066 2050 1120 2096 et
1145 2056 1250 2095 non
1295 2040 1504 2096 dicendi
1537 2050 1856 2111 potesmtem

261 2136 448 2192 habes.
474 2136 588 2190 Non
619 2136 778 2204 igitur
803 2148 898 2189 eos
925 2133 1014 2203 qui
1044 2133 1331 2186 calumniis
1375 2133 1705 2200 impetuntur
1734 2133 1854 2203 angi

258 2237 314 2283 et
345 2228 533 2282 timere
559 2241 655 2296 par
694 2234 816 2288 est,
845 2223 939 2279 sed
976 2237 1070 2280 eos
1096 2224 1186 2292 qui
1230 2223 1641 2278 calumniantur.
1673 2222 1857 2292 Neque

258 2321 403 2376 enim
434 2318 509 2372 illi
537 2325 800 2388 coguntur
823 2330 942 2370 sese
967 2329 1213 2385 purgare,
1235 2314 1378 2383 quod
1397 2313 1537 2368 male
1557 2313 1852 2379 audierint;

258 2409 355 2465 sed
386 2409 460 2472 hi,
492 2406 634 2478 quod
657 2407 798 2462 male
821 2406 1085 2460 dixerint:
1113 2405 1352 2476 ipsisque
1374 2420 1535 2460 omne
1562 2405 1853 2474 periculum

258 2499 525 2553 imminet.
553 2497 730 2563 Quare
756 2510 852 2552 eos
891 2496 984 2565 qui
1015 2494 1155 2551 male
1194 2495 1465 2551 audierint
1507 2495 1637 2548 nihil
1666 2509 1855 2549 curare

253 2598 716 2660 Oportet:~neque
746 2588 887 2642 enim
925 2600 1112 2658 poenas
1158 2585 1363 2641 dabunt
1413 2601 1512 2654 pro
1555 2584 1854 2639 maledictis

253 2682 521 2744 aliorum;
552 2694 646 2734 eos
674 2688 850 2734 autem
877 2679 968 2748 qui
995 2676 1376 2733 maledixerint
1402 2676 1591 2731 anxios
1617 2689 1737 2731 esse
1761 2690 1855 2745 par

254 2780 341 2826 est
367 2782 421 2826 et
454 2779 716 2834 tremere,
745 2776 928 2838 utpote
958 2769 1009 2822 in
1031 2767 1286 2836 judicium
1318 2769 1421 2823 hac
1452 2767 1520 2822 de
1549 2782 1609 2822 re
1636 2769 1853 2824 trahen-

255 2861 374 2916 dos.
406 2860 539 2915 Nam
565 2860 865 2915 diabolicus
889 2868 973 2914 est
1000 2859 1222 2928 laqueus
1245 2867 1524 2928 peccatum
1551 2859 1676 2914 illud
1707 2861 1850 2930 quod

253 2952 454 3006 nullam
484 2951 641 3006 habet
670 2950 994 3020 voluptatem
1015 2990 1030 3016 ,
1061 2949 1156 3004 sed
1202 2947 1541 3005 solummodo
1574 2949 1849 3010 damnum.

254 3041 388 3098 Nam
421 3042 541 3096 talis
569 3041 730 3095 homo
753 3040 950 3094 malum
980 3041 1033 3093 in
1063 3039 1244 3094 animo
1276 3040 1581 3096 thesaurum
1607 3041 1847 3113 deponit.

252 3132 311 3186 Si
345 3145 476 3186 vero
505 3131 552 3185 is
592 3130 680 3201 qui
710 3145 933 3201 pravum
965 3129 1128 3184 habet
1169 3130 1449 3184 humorem
1474 3171 1489 3196 ,
1525 3131 1576 3184 in
1603 3132 1847 3187 morbum

225 3225 366 3295 .ipse
398 3222 623 3286 incidit,
655 3223 821 3275 multo
850 3221 1020 3292 magis
1050 3221 1140 3275 ille
1166 3223 1255 3291 qui
1287 3222 1392 3276 bile
1417 3221 1678 3277 acriorem
1711 3225 1761 3277 iu
1789 3239 1849 3280 se

251 3315 542 3385 nequitiam
571 3314 912 3379 thesaurizat,
944 3322 1182 3368 extrema
1205 3313 1456 3382 patietur,
1475 3314 1598 3383 quia
1625 3327 1846 3385 gravem

249 3408 351 3461 sibi
403 3406 648 3460 morbum
694 3405 919 3475 paravit.
962 3403 1124 3473 quue
1171 3402 1512 3458 manifestum
1551 3411 1634 3458 est
1676 3419 1740 3458 ex
1781 3405 1846 3460 iis

251 3513 372 3567 quae
402 3499 518 3568 ipse
543 3507 772 3552 eructat.
811 3497 944 3552 Nam
974 3496 1020 3551 si
1057 3496 1194 3551 alios
1243 3505 1390 3551 tanto
1431 3497 1618 3552 dolore
1646 3497 1842 3565 afficit,

247 3588 416 3643 multo
443 3589 610 3658 magis
637 3590 868 3642 animam
901 3603 1052 3643 suam
1086 3589 1172 3641 illa
1204 3591 1522 3656 parientem.
1570 3592 1666 3657 Qui
1698 3591 1842 3645 enim

247 3679 467 3734 insidias
492 3688 662 3750 parat,
697 3681 930 3748 seipsum
954 3680 1184 3748 primum
1206 3681 1431 3734 occidit:
1471 3680 1736 3748 siquidem
1754 3681 1844 3749 qui

246 3772 421 3842 ignem
525 3776 721 3838 calcat,
793 3771 1028 3841 seipsum
1061 3770 1326 3825 comburit
1354 3787 1368 3835 ;
1397 3779 1450 3826 et
1470 3771 1559 3840 qui
1588 3772 1843 3826 adaman-

247 3869 353 3916 tem
382 3861 628 3929 percutit,
658 3860 756 3914 sibi
787 3860 883 3928 ipsi
917 3869 1292 3915 uocumentum
1317 3861 1491 3927 parit;
1518 3875 1580 3914 ac
1603 3864 1691 3930 qui
1714 3877 1842 3917 cou-

246 3961 326 4005 tra
355 3951 629 4005 stimulum
661 3949 924 4015 calcitrat,
954 3949 1190 4018 seipsum
1216 3959 1480 4004 cruentat.

315 4041 573 4112 lujuriam
612 4041 873 4111 inferentis
916 4041 1073 4093 multo
1117 4042 1260 4111 pejor
1298 4052 1370 4094 est
1410 4043 1633 4097 conditio
1676 4060 1830 4110 quam

247 4134 500 4200 patientis.
527 4161 600 4170 —-—
620 4131 829 4185 Etenim
861 4130 948 4201 qui
984 4131 1140 4185 laesus
1171 4133 1379 4187 fortiter
1419 4133 1666 4203 iujuriam
1699 4137 1839 4191 ferre

246 4224 413 4286 novit,
445 4223 490 4275 is
516 4230 598 4276 est
622 4221 864 4287 adamas,
909 4221 1157 4275 stimulus
1185 4231 1240 4276 et
1272 4223 1406 4292 ignis
1439 4241 1452 4277 :
1482 4228 1570 4293 qui
1603 4242 1731 4279 vero
1759 4228 1839 4279 in-

238 4316 431 4386 iuriam
464 4314 605 4369 ferre
634 4313 940 4376 meditatur,
965 4314 1076 4368 luto
1098 4314 1418 4370 imbecillior
1444 4325 1546 4371 est.
1570 4318 1686 4372 Non
1709 4333 1838 4388 ergo

243 4405 607 4476 injuriaaftici
653 4405 851 4460 malum
895 4415 999 4469 est,
1041 4407 1136 4461 sed
1187 4406 1434 4476 injuriam
1469 4409 1684 4470 inferre.
1739 4426 1838 4465 nec

241 4513 403 4566 posse
460 4497 708 4565 injuriam
764 4496 927 4552 ferre.
971 4497 1242 4563 Quantum
1295 4499 1455 4553 laesus
1498 4512 1580 4554 est
1635 4501 1837 4554 David?

238 4589 507 4658 Quantum
548 4588 685 4641 ltesit
730 4588 897 4642 Saul?
943 4590 1074 4656 Quis
1119 4605 1249 4659 ergo
1295 4590 1481 4644 fortior
1528 4592 1836 4662 heatiorque

239 4681 380 4736 fuit?
410 4683 529 4751 quis
576 4683 860 4736 miserior?
889 4682 1076 4738 Nonne
1117 4685 1160 4737 is
1205 4685 1293 4753 qui
1325 4686 1499 4739 Imsit?
1540 4685 1672 4739 Rem
1709 4703 1835 4740 vero

240 4772 533 4842 perpende.
570 4772 846 4826 Pollicitus
893 4783 978 4827 est
1017 4774 1145 4828 Saul
1193 4775 1237 4828 si
1282 4774 1449 4829 David
1480 4775 1832 4848 alienigenam

239 4867 496 4930 vinceret,
538 4882 597 4922 se
629 4867 800 4934 ipsmn
831 4868 884 4921 in
924 4882 1180 4937 generum
1221 4878 1639 4937 assumpturum,
1679 4885 1741 4924 ac
1770 4869 1834 4924 fio

240 4960 364 5012 liam
409 4974 564 5012 suam
622 4960 695 5013 illi
754 4958 1107 5014 libentissime
1154 4959 1403 5016 daturum
1462 4964 1555 5032 (1.
1591 4964 1714 5033 Reg.
1742 4965 1827 5018 l7.

238 5061 285 5104 et
314 5051 426 5122 18).
465 5051 830 5120 Alienigenam
862 5052 950 5104 ille
978 5051 1174 5106 occidit
1208 5069 1222 5104 :
1247 5052 1370 5106 Saﬁl
1391 5068 1517 5107 vero
1543 5065 1692 5122 pacta
1715 5055 1832 5108 vio-

238 5145 366 5198 lavit
390 5162 404 5200 :
434 5159 531 5197 nec
554 5143 714 5197 modo
740 5157 844 5196 non
873 5143 1020 5197 dedit
1051 5143 1216 5197 filiam
1235 5143 1334 5214 (a),
1359 5146 1451 5198 sed
1486 5161 1671 5200 necem
1698 5162 1834 5216 quo-

232 5253 338 5304 que
384 5237 482 5306 ipsi
527 5235 952 5289 machinabatur.
996 5234 1128 5301 Quis
1172 5249 1300 5303 ergo
1329 5235 1658 5304 splendidior
1698 5238 1833 5293 fuit?

238 5330 428 5380 Annon
461 5326 548 5378 ille
577 5340 808 5380 maerore
835 5326 999 5379 animi
1042 5335 1097 5380 et
1120 5340 1288 5396 pravo
1314 5325 1560 5381 daemone
1603 5327 1832 5383 suffoca-

239 5416 413 5483 hutur,
463 5418 547 5469 hic
585 5432 714 5471 vero
746 5418 962 5486 tropaeis
1005 5426 1060 5472 et
1087 5419 1255 5488 gratia
1300 5418 1477 5474 divina
1509 5420 1627 5489 plus
1671 5435 1830 5490 quam

298 5657 369 5716 (rt)
407 5659 542 5720 Atqui
563 5658 700 5724 dedit
718 5657 882 5706 Michol
909 5658 1052 5724 ﬁliam
1073 5671 1210 5724 suam
1233 5661 1281 5708 in
1301 5661 1581 5723 oonjugeni.
1601 5659 1692 5710 sed
1712 5668 1831 5724 puto

236 5717 626 5780 Ciirysostomum
649 5720 724 5767 hic
745 5733 833 5780 pro
855 5733 950 5767 non
969 5721 1080 5780 data
1101 5722 1288 5770 habere
1322 5717 1582 5780 eainfqum
1603 5717 1832 5773 simulate

237 5779 420 5828 tantum
462 5780 573 5826 data
611 5779 718 5836 fuit,
749 5779 810 5828 ut
839 5781 932 5829 hoc
966 5779 1174 5830 allectus
1203 5784 1443 5832 bent-ficio
1463 5779 1616 5832 David
1644 5785 1831 5838 facilius

235 5845 332 5890 ulti:
353 5861 428 5889 :tttt
449 5856 709 5893 .‘tt‘.-lttl'.——-
727 5847 847 5894 Vide.
875 5851 1045 5896 Adnot.
1078 5849 1232 5898 Held.
1262 5852 1318 5899 ad
1344 5864 1455 5913 pztg.
1489 5849 1595 5896 454.

1235 459 1296 513 ΙΝ
1338 455 1746 513 ΜᾹΤΤΙΙίΕυΜ
1789 455 2019 512 IIOMIL.
2065 456 2226 513 XLH.
2266 459 2337 512 al.
2384 459 2564 513 XLIII.

3472 461 3572 513 451

1975 571 2054 627 Sol
2075 571 2394 640 Splendebat
2411 572 2435 625 ?
2455 573 2660 628 Rursus
2683 572 2822 627 circa
2847 571 3128 627 mulierum
3148 571 3370 626 ehorunt
3397 587 3574 627 nonne

1974 661 2062 715 ille
2105 663 2302 716 invidia
2332 662 2741 731 prmincabatur,
2789 660 2876 715 hic
2919 661 3134 715 silentio
3163 661 3342 717 ferens
3367 664 3569 724 omnia.

1969 767 2161 806 omnes
2188 755 2427 816 attraxit,
2458 753 2669 823 sibique
2689 751 3004 819 conjunxit?
3032 752 3167 806 Cum
3195 765 3374 807 autem
3409 754 3570 808 David

1972 842 2120 898 illum
2148 859 2268 912 pra:
2288 843 2533 900 manibus
2560 844 2762 904 habuit.
2781 844 2988 913 ipsique
3014 844 3275 913 pepercit,
3304 847 3423 914 quis
3450 864 3571 900 l‘ltl‘-
3607 844 3617 856 ’

1971 947 2088 988 Sum
2118 934 2305 988 beatus
2334 947 2468 998 erat,
2511 937 2632 1005 quis
2663 933 2863 988 miser?
2891 936 3011 1003 quis
3056 935 3413 989 imbecillior?
3451 937 3571 1006 quis

1911 1039 1924 1054 '
1972 1024 2398 1080 fortior?Nonue
2419 1027 2603 1090 David,
2624 1027 2711 1094 qui
2730 1026 2877 1080 illum
2903 1040 3007 1080 non
3024 1026 3169 1080 ultus
3185 1037 3287 1089 est,
3304 1027 3407 1082 etsi
3426 1027 3570 1097 juste

1971 1117 2186 1186 posset?
2215 1116 2282 1172 Et
2305 1117 2426 1186 jure
2455 1116 2690 1187 quidem.
2716 1116 2846 1171 Nam
2871 1117 2959 1171 ille
2987 1126 3222 1170 armatus
3249 1117 3447 1172 milites
3477 1118 3574 1171 ha-

1971 1207 2152 1275 bebat,
2199 1207 2287 1264 hic
2312 1210 2572 1277 justitiam
2625 1209 2893 1263 sexcentis
2921 1208 3248 1262 exercitibus
3293 1207 3570 1264 fortiorem

1969 1301 2361 1357 auxiliatricem
2391 1301 2597 1354 habuit.
2642 1301 2874 1370 Ideoque
2899 1300 3105 1356 insidiis
3132 1301 3329 1370 injuste
3359 1303 3573 1372 impeti-

1971 1399 2075 1457 tus,
2109 1408 2177 1446 tte
2195 1391 2339 1461 justc
2378 1391 2592 1461 quidem
2622 1390 2788 1444 voluit
2817 1384 3024 1444 hostem
3053 1391 3319 1445 occidere.
3356 1391 3572 1447 Sciebat

1968 1484 2110 1538 enim
2138 1498 2205 1540 ex
2239 1483 2306 1538 iis
2339 1499 2457 1554 qua:
2488 1492 2613 1538 ante
2647 1483 2973 1545 acciderant,
3007 1498 3111 1536 non
3153 1497 3275 1536 cum
3307 1485 3394 1553 qui
3430 1484 3570 1540 male

1969 1572 2114 1640 facit,
2157 1574 2252 1631 sed
2280 1588 2401 1630 eum
2433 1575 2523 1644 qui
2566 1574 2704 1630 male
2739 1575 2954 1644 patitur,
3003 1573 3231 1628 evadere
3263 1574 3568 1630 fortiorem.

1965 1664 2120 1731 Quod
2147 1673 2204 1720 et
2250 1667 2302 1720 in
2346 1665 2662 1734 corporibus
2711 1673 2767 1719 et
2818 1665 2869 1717 in
2910 1663 3195 1717 arboribus
3235 1663 3419 1719 videre
3460 1675 3564 1746 est.

1964 1754 2102 1822 Quid
2127 1768 2256 1824 ergo
2280 1757 2485 1810 Jacob?
2510 1771 2687 1809 annon
2714 1756 2873 1810 Imsus
2903 1766 2983 1808 est
3011 1771 3041 1810 a
3071 1755 3308 1816 Labano,
3336 1765 3388 1809 et
3427 1756 3568 1812 male

1967 1863 2156 1917 passus
2184 1850 2309 1903 est?
2343 1848 2473 1916 Quis
2501 1863 2630 1918 ergo
2669 1847 2900 1903 fortior?
2937 1863 3002 1901 an
3035 1849 3078 1900 is
3103 1849 3192 1917 qui
3222 1851 3364 1918 cepit
3395 1850 3565 1916 illum,

1966 1956 2065 1996 nec
2092 1956 2261 1997 ausus
2279 1953 2363 1996 est
2405 1951 2642 2011 tangere,
2674 1940 2768 1995 sed
2799 1941 2976 1995 timuit
3006 1955 3067 1994 ac
3099 1943 3333 2002 tremuit,
3367 1959 3437 1996 an
3477 1942 3567 1997 hie

1963 2032 2053 2101 qui
2078 2031 2196 2085 sine
2234 2033 2399 2087 armis
2423 2046 2488 2086 ac
2516 2031 2771 2085 militibus
2803 2032 2920 2100 plus
2952 2032 3026 2084 illi
3059 2029 3414 2086 formidabilis
3439 2032 3563 2100 fuit,

1962 2136 2120 2191 quam
2149 2136 2303 2192 reges
2334 2121 2480 2177 mille
2509 2121 2769 2176 fuissent?

2034 2216 2088 2269 5.
2131 2213 2472 2283 Conﬁrmatur
2499 2216 2673 2268 eadem
2723 2215 2894 2268 thesis.
2931 2213 3064 2268 Vitia
3093 2218 3338 2289 proximi,
3371 2219 3565 2271 etiamsi

1961 2320 2098 2372 vera,
2126 2321 2227 2360 non
2256 2306 2546 2359 revelanda.
2576 2305 2804 2360 Exnmen
2835 2307 3174 2362 conscientiw.
3206 2339 3272 2347 —
3303 2307 3373 2364 Ut
3396 2310 3565 2377 majo-

1961 2413 2073 2453 rem
2123 2407 2303 2452 autem
2356 2397 2621 2454 dictorum
2669 2399 3188 2456 demOustrationem
3233 2403 3385 2456 vobis
3427 2418 3564 2473 pm:-

1960 2488 2135 2552 beam,
2179 2488 2244 2543 ad
2287 2489 2459 2558 ipsum
2506 2491 2698 2545 iterum
2743 2490 2933 2558 David,
2965 2491 3058 2547 sed
3097 2494 3372 2548 contrario
3400 2495 3564 2550 modo

1959 2588 2275 2648 spectatum,
2309 2595 2617 2638 sermonem
2642 2591 3044 2639 convertemus.
3071 2583 3203 2638 Nam
3237 2585 3324 2640 hic
3351 2587 3441 2656 qui
3471 2587 3565 2642 lte-

1958 2682 2050 2723 sus
2092 2669 2390 2737 praevaluit,
2440 2684 2564 2726 cum
2607 2672 2743 2728 Itesit
2783 2683 2991 2743 postea,
3030 2675 3355 2731 imbecillior
3395 2677 3566 2734 factus

1956 2769 2056 2814 est.
2087 2761 2315 2828 Quando
2345 2762 2505 2832 igitur
2531 2762 2717 2820 Uriam
2760 2765 2920 2830 laesit,
2953 2776 3194 2822 mutatus
3216 2779 3300 2823 est
3324 2770 3480 2836 ordo,
3511 2781 3566 2827 et

1957 2851 2296 2908 imbecillitas
2343 2855 2394 2908 in
2445 2856 2769 2922 lmdentem,
2822 2859 2992 2914 virtus
3039 2872 3218 2916 autem
3271 2863 3322 2916 in
3375 2853 3562 2919 laesum

1957 2945 2204 3000 transivit
2252 2947 2328 3018 (2.
2357 2948 2485 3020 Reg.
2519 2950 2608 3019 ll)
2641 2968 2653 3003 :
2683 2965 2806 3004 nam
2856 2963 3102 3007 mortuus
3144 2954 3296 3009 Urias
3340 2956 3562 3013 Davidis

1954 3035 2172 3090 domum
2204 3037 2478 3107 eXpilavit.
2509 3038 2576 3093 Et
2617 3039 2702 3120 hic
2728 3040 2944 3110 quidem
2974 3057 3094 3096 cum
3134 3059 3224 3098 rex
3256 3054 3309 3098 et
3341 3047 3393 3098 in
3423 3047 3560 3103 vivis

1954 3134 2120 3192 esset,
2152 3127 2283 3182 nihil
2307 3131 2517 3200 potuit;
2555 3132 2643 3185 ille
2669 3146 2802 3187 vero
2822 3147 2942 3186 cum
2972 3133 3126 3188 miles
3152 3146 3313 3204 atque
3340 3138 3561 3193 interfe-

1952 3227 2070 3274 ctus
2097 3229 2262 3284 esset,
2293 3222 2438 3276 illius
2460 3225 2639 3276 omnia
2668 3224 2951 3280 subvertit.
2985 3225 3226 3281 Vultisnc
3257 3238 3316 3282 ut
3343 3231 3559 3288 aliunde

1953 3324 2066 3363 rem
2098 3310 2246 3365 vobis
2267 3311 2549 3367 clariorem
2576 3312 2852 3368 efficiam?
2879 3314 3237 3386 Explorcmus
3259 3333 3356 3374 eos
3381 3323 3470 3391 qui
3497 3338 3558 3376 se

1952 3399 2188 3471 legitime
2215 3402 2312 3456 ulti
2343 3413 2488 3457 sunt.
2517 3403 2652 3458 Nam
2689 3417 2805 3472 eos,
2834 3405 2924 3476 qui
2955 3406 3154 3476 injuste
3182 3409 3406 3476 Iredunt,
3433 3426 3555 3467 om-

1951 3492 2098 3546 nium
2129 3506 2250 3548 esse
2279 3493 2590 3562 vilissimos,
2619 3494 2712 3565 qui
2740 3496 2978 3552 animam
3019 3511 3174 3552 suam
3202 3498 3418 3568 lzedant,
3455 3519 3554 3558 ne-

1951 3583 2079 3637 mini
2121 3598 2227 3638 non
2259 3585 2431 3653 palam
2463 3595 2564 3640 est.
2601 3586 2799 3642 Verum
2839 3589 2956 3659 quis
2989 3604 3048 3645 se
3067 3588 3217 3659 juste
3265 3593 3408 3648 ultus
3445 3607 3550 3661 εει,

1952 3673 2338 3744 innumeraque
2362 3677 2617 3731 excitavit
2642 3679 2808 3744 mala,
2830 3680 3119 3750 multisque
3150 3682 3385 3750 seipsum
3408 3685 3554 3738 cala-
3583 3700 3642 3724 ιί

1951 3767 2223 3847 mitatibus
2269 3767 2654 3839 doloribusque
2686 3770 2946 3826 involvit?
2980 3773 3195 3828 Davidis
3221 3775 3330 3844 dux
3347 3775 3548 3850 (Joab).

1950 3857 2046 3918 llic
2072 3859 2215 3911 enim
2243 3874 2410 3927 grave
2439 3861 2637 3914 bellum
2667 3865 2974 3930 concitavit,
3008 3877 3063 3919 et
3112 3867 3391 3922 innumera
3425 3885 3550 3938 pas-

1947 3963 2040 4003 sus
2065 3958 2150 4003 est
2177 3950 2337 4014 mala,
2371 3967 2596 4020 quorum
2625 3969 2696 4008 ne
2726 3970 2891 4009 unum
2921 3958 3137 4025 quidem
3162 3959 3475 4027 accidisset,
3507 3966 3550 4016 si

1948 4037 2064 4107 ipse
2092 4039 2337 4094 scivissct
2376 4041 2765 4110 philosophari.
2814 4043 3106 4114 Fugiamus
3149 4049 3325 4117 itaque
3357 4065 3548 4119 pecca-

1948 4139 2058 4184 tum
2097 4131 2228 4185 illud
2262 4150 2274 4182 :
2306 4148 2369 4186 ac
2396 4148 2494 4187 nec
2526 4134 2723 4199 verbis,
2751 4151 2850 4190 nec
2876 4137 3028 4194 factis
3071 4142 3316 4209 proximo
3357 4158 3551 4198 nocea-

1946 4236 2086 4278 mus.
2113 4221 2298 4293 Neque
2329 4225 2472 4279 enim
2500 4225 2656 4292 dixit,
2707 4226 2766 4282 Si
2807 4233 3148 4285 accusaveris
3177 4244 3232 4289 et
3252 4233 3340 4302 jus
3369 4237 3550 4292 dicere

1943 4315 2303 4383 compuleris;
2330 4315 2423 4369 sed
2457 4309 2798 4384 simpliciter,
2828 4318 2882 4373 Si
2913 4319 3051 4374 male
3079 4321 3301 4386 dixeris,
3336 4327 3547 4380 etiamsi

1945 4405 2194 4469 scorsim,
2240 4417 2512 4461 extremas
2538 4407 2693 4462 dabis
2725 4424 2935 4479 pmnas.
2970 4410 3191 4467 Etiamsi
3235 4414 3285 4469 id
3315 4417 3457 4485 quod
3492 4429 3547 4475 tu

1943 4496 2076 4559 dicis
2097 4510 2282 4551 verum
2311 4499 2398 4562 sit,
2429 4499 2636 4553 etiamsi
2662 4514 2726 4554 ea
2755 4500 2822 4555 de
2845 4517 2906 4557 re
2935 4517 3225 4577 persuasus
3255 4508 3328 4561 sis
3353 4510 3392 4573 ί,
3427 4525 3541 4579 poe-

1944 4601 2040 4640 nas
2068 4597 2244 4642 tamen
2273 4588 2445 4642 dabis.
2477 4588 2593 4643 Non
2622 4590 2765 4644 enim
2794 4606 2857 4647 ex
2891 4594 2955 4647 iis
2998 4610 3117 4664 qua:
3148 4597 3236 4651 ille
3265 4599 3409 4664 fecit,
3448 4603 3542 4656 sed

1941 4695 2006 4734 ex
2036 4681 2098 4734 iis
2121 4696 2240 4751 quae
2273 4688 2326 4735 tu
2355 4680 2556 4746 dixisti,
2586 4685 2912 4740 sententiam
2942 4687 3083 4742 feret
3108 4689 3247 4744 Deus
3273 4709 3285 4745 :
3315 4691 3454 4746 Nam
3482 4713 3544 4750 ea:

1939 4771 2100 4825 verbis
2141 4776 2240 4826 tuis
2284 4773 2718 4840 condemnaberis,
2764 4776 2956 4847 inquit.
2998 4778 3116 4834 Non
3156 4782 3310 4837 audis
3357 4784 3544 4841 Phari-

1939 4876 2106 4917 satum
2135 4879 2259 4919 vera
2281 4865 2561 4935 loquutum
2589 4882 2730 4930 esse,
2766 4871 3122 4942 omnibusque
3150 4883 3295 4938 nota,
3326 4893 3426 4931 nec
3447 4893 3542 4932 oc-

1939 4955 2082 5009 culta
2118 4957 2429 5012 revelasse?
2471 4958 2578 5014 Sed
2627 4969 2810 5016 tamen
2841 4971 3114 5018 extremas
3141 4965 3289 5021 dedit
3331 4983 3539 5037 pmnas.

1940 5043 1998 5099 Si
2027 5061 2155 5100 vero
2178 5046 2246 5101 de
2276 5047 2340 5102 iis
2364 5063 2482 5118 quae
2501 5051 2786 5120 perspicua
2809 5062 2939 5107 sunt
2965 5069 3072 5108 non
3105 5055 3228 5110 licet
3258 5073 3538 5124 accusare,

1939 5139 2109 5193 multo
2151 5140 2330 5195 minus
2373 5140 2444 5196 de
2486 5141 2662 5196 dubiis
2690 5163 2704 5198 :
2736 5157 2858 5198 nam
2900 5145 3134 5214 judicem
3168 5147 3327 5202 habet
3366 5149 3413 5205 is
3450 5156 3539 5221 qui

1940 5231 2206 5298 peccavit.
2234 5230 2314 5286 Ne
2353 5232 2634 5302 praeripias
2661 5248 2792 5305 ergo
2823 5234 3093 5307 Unigeniti
3139 5243 3534 5298 auctoritatem.

1941 5321 2019 5374 illi
2050 5322 2242 5376 solium
2270 5323 2454 5392 judicii
2486 5335 2817 5381 reservatum
2858 5339 2961 5382 est.
3004 5328 3108 5383 Sed
3153 5330 3232 5385 vis
3255 5332 3534 5400 judicare?

1938 5412 2035 5468 Est
2064 5414 2156 5468 tibi
2183 5415 2464 5485 judicium,
2493 5417 2720 5472 multum
2746 5429 3007 5488 qumstum
3039 5423 3304 5490 praebens,
3328 5435 3384 5479 et
3410 5428 3537 5482 nulli

1937 5502 2228 5559 obnoxium
2259 5507 2493 5562 crimini.
2525 5508 2580 5562 In
2626 5511 2952 5566 conscientia
2985 5521 3075 5568 tua
3119 5515 3385 5571 rationem
3425 5530 3537 5573 sta-

1939 5605 2030 5652 tue
2049 5597 2402 5668 judicantem,
2431 5602 2482 5656 in
2529 5604 2872 5675 mediumque
2898 5606 3072 5662 adduc
3103 5610 3283 5664 omnia
3313 5622 3530 5680 peccata

1941 5698 2046 5743 tua.
2094 5692 2303 5757 Anima:
2351 5701 2454 5746 ture
2484 5705 2700 5764 peccata
2747 5699 3021 5764 examina,
3074 5712 3261 5757 exacte
3302 5705 3534 5761 rationes

2002 5855 2016 5882 ¹
2055 5852 2242 5915 alorci,
2267 5854 2418 5905 Etiam
2444 5854 2484 5905 si
2507 5855 2594 5906 tibi
2615 5856 2793 5909 dicent:
2825 5871 2916 5910 non
2939 5862 3180 5914 creditum
3205 5863 3282 5913 sit.
