4076 6518
537 440 642 496 455

533 560 716 622 repete
737 559 792 607 ct
810 551 894 606 dic
918 568 930 604 :
956 550 1062 607 Cur
1088 548 1188 604 hoc
1215 558 1268 603 et
1293 548 1394 603 hoc
1424 563 1582 603 ausus
1607 547 1701 602 es?
1729 545 1785 603 Si
1813 545 1926 601 hair.
1947 559 2099 602 recu-

1208 433 1260 490 S.
1299 432 1573 490 JOANNIS
1611 428 2079 489 CIIRYSOSTOIII
2120 426 2436 487 ARCHIEP.
2477 433 3014 495 CONSTANTINOP.

3684 446 3792 503 ‘56

2217 542 2440 599 lationes
2485 546 2828 604 introducunt
2859 567 2874 615 ;
2907 551 2998 606 alii
3038 550 3240 608 faenora
3265 590 3281 617 ,
3322 564 3470 622 pacta
3497 597 3511 622 ,
3552 565 3605 612 et
3634 572 3792 620 ctu-as

532 651 631 707 set,
666 650 721 698 et
747 641 970 695 aliorum
997 638 1131 694 facta
1161 641 1416 708 exploret,
1445 639 1532 694 dic
1557 639 1627 693 illi
1661 637 1814 693 :Non
1841 636 1908 691 de
1940 637 2020 692 his
2051 646 2099 692 te
2208 633 2396 691 ﬂuxas.
2427 636 2666 710 Cumque
2696 640 2856 695 tiliam
2887 642 3144 712 virginem
3170 643 3448 712 habemus,
3482 662 3598 703 eam
3629 663 3788 704 accu-

531 733 728 802 judico,
757 747 854 788 nec
881 723 950 787 de
991 732 1074 786 llis
1104 740 1207 786 tete
1235 731 1665 800 purgare'debcs.
1695 729 1830 798 Quid
1858 732 2000 784 enim
2030 730 2095 784 ad

2206 734 2319 782 rate
2362 742 2674 786 servamus:
2707 733 2939 788 animam
2973 751 3100 791 vero
3122 777 3138 802 ,
3169 737 3321 792 nobis
3356 737 3460 792 lilia
3497 742 3784 809 pretiosio-

533 833 585 878 te
611 823 655 877 si
700 822 790 877 ille
828 822 1000 879 malus
1026 821 1139 876 est?
1167 820 1246 876 Tu
1275 836 1436 890 quare
1466 821 1567 875 hoc
1586 827 1640 873 et
1665 818 1792 872 illud
1822 820 2100 888 peccasti?
2205 831 2338 885 rem,
2363 820 2585 878 sinimus
2611 821 2860 880 fornicari
2885 835 2939 882 et
2963 827 3150 896 pollui,
3175 829 3368 885 multas
3392 831 3465 884 illi
3497 833 3663 888 malas
3691 849 3784 888 co-

532 912 771 969 Defcnde
813 921 882 978 te,
931 927 997 967 ne
1025 926 1280 967 accuses:
1310 927 1426 982 qum
1455 913 1522 968 ad
1561 921 1611 967 te
1651 921 1894 982 spectant
1917 928 2090 977 cures,

529 1018 634 1057 non
672 1002 864 1056 aliena.
903 1000 1160 1071 Saepeque
1198 1002 1342 1056 illam
1388 1003 1437 1056 in
1483 1003 1617 1056 lianc
1646 1003 2093 1057 concertationem

529 1095 718 1150 deduc.
763 1093 986 1159 Deinde.
1034 1094 1077 1147 si
1109 1094 1236 1148 nihil
1280 1093 1706 1163 respondendum
1753 1093 1964 1160 habeat,
1997 1094 2090 1149 sed

525 1183 909 1253 subterfugiat;
943 1185 1084 1238 illam
1116 1184 1339 1254 flagellis
1372 1184 1538 1251 caede,
1568 1186 1706 1239 sicut
1729 1185 1973 1242 ancillam
2001 1200 2092 1240 su-

525 1274 739 1344 perbam
772 1283 827 1330 et
853 1277 1206 1340 meretricem,
1236 1285 1288 1329 et
1309 1275 1409 1329 hoc
1428 1275 1662 1344 quotidie
1676 1274 1933 1344 judicium
1963 1289 2091 1330 con-

520 1367 680 1420 stitue
715 1383 729 1420 :
760 1365 1002 1421 describe
1039 1364 1253 1420 fluvium
1301 1367 1527 1435 igneum,
1573 1380 1809 1422 vermem
1853 1380 2087 1421 veneno-

519 1469 658 1517 sum,
688 1456 897 1525 aliaque
939 1463 1196 1510 tormenta
1235 1472 1248 1508 :
1281 1469 1380 1510 nec
1423 1455 1567 1509 sinas
1604 1469 1722 1523 eam
1749 1453 1941 1510 deinde
1965 1469 2085 1509 cum

519 1548 728 1602 diabolo
753 1547 917 1609 coire,
963 1561 1062 1601 nec
1090 1545 1228 1600 feras
1261 1544 1593 1614 impudenter
1629 1546 1707 1601 sic
1734 1545 2036 1615 loquentem
2067 1564 2080 1601 :

519 1637 614 1692 llic
651 1637 715 1690 ad
748 1651 834 1692 me
860 1636 1020 1700 venit,
1068 1637 1159 1690 ille
1188 1636 1407 1690 insidias
1435 1640 1610 1702 struit,
1640 1637 1726 1691 ille
1769 1650 1859 1692 me
1879 1643 2078 1702 tentat;

515 1728 609 1784 sed
632 1728 715 1782 dic
737 1727 810 1781 illi
831 1745 844 1779 :
863 1726 916 1782 Si
941 1735 994 1779 tu
1018 1726 1268 1788 nolueris,
1291 1726 1378 1783 illa
1404 1727 1582 1780 omnia
1609 1725 1874 1795 superﬂua
1900 1733 2076 1780 erunt.

513 1820 568 1875 Si
598 1834 808 1874 rursum
851 1818 1058 1882 dixerit,
1092 1817 1314 1888 Corpori
1341 1819 1583 1889 colligata
1623 1833 1761 1881 sum,
1791 1833 1955 1874 carne
1995 1819 2075 1873 in.

513 1908 658 1974 duta,
694 1909 748 1962 in
776 1907 970 1962 mundo
997 1921 1136 1972 sum,
1183 1909 1233 1961 in
1279 1917 1415 1963 terra
1444 1923 1629 1964 versor
1658 1926 1670 1961 :
1700 1907 1786 1964 dic
1814 1909 1886 1963 illi
1911 1926 1924 1961 :
1954 1909 2077 1965 Hice

511 1998 687 2052 omnia
714 1997 960 2054 obtentus
984 1987 1125 2052 sunt.
1158 1995 1290 2052 Nam
1318 1998 1405 2051 ille
1439 2013 1596 2053 carne
1624 1996 1958 2065 induebatur,
1989 1999 2078 2054 ille

513 2090 563 2142 in
611 2087 811 2142 mundo
846 2098 902 2144 et
938 2088 991 2142 in
1018 2096 1156 2142 terra
1184 2102 1402 2142 versans
1429 2089 1687 2159 praeclare
1715 2089 1844 2143 vixit
1873 2105 1886 2142 :
1918 2098 1972 2144 et
2020 2099 2076 2144 tu

510 2195 738 2250 quoque,
767 2193 885 2233 cum
911 2185 1056 2235 recte
1081 2179 1216 2250 agis,
1244 2192 1402 2233 carne
1427 2194 1484 2234 es
1510 2179 1712 2234 induu.
1753 2179 1807 2235 Si
1839 2179 1952 2235 haec
1978 2173 2073 2235 ati-

510 2272 658 2340 iliens
681 2279 922 2340 angatur,
953 2284 1020 2323 no
1046 2268 1327 2324 subtrahas
1356 2284 1568 2324 manum
1600 2284 1751 2324 :non
1786 2271 1926 2324 enim
1955 2285 2075 2325 mo-

509 2337 692 2424 rieiur,
715 2337 1130 2428 si'percusscris,
1154 2358 1263 2412 imo
1290 2358 1434 2413 illam
1461 2373 1490 2412 a
1517 2367 1687 2416 morte
1716 2358 1987 2413 liberabis.
2016 2359 2072 2414 Si

509 2463 717 2502 rursum
755 2447 967 2511 dixerit,
1007 2445 1102 2503 Ille
1128 2463 1214 2503 me
1261 2447 1506 2516 irritavit,
1547 2449 1634 2505 dic
1663 2449 1735 2504 illi
1768 2448 1915 2504 :Sed
1953 2448 2074 2505 licet

507 2538 596 2592 tibi
624 2552 728 2592 non
757 2537 990 2603 irritari;
1021 2551 1163 2608 sape
1190 2537 1332 2592 enim
1361 2538 1493 2594 iram
1522 2538 1809 2607 superasti.
1837 2538 1895 2593 Si
1919 2537 2075 2594 dixe-

504 2632 591 2693 rit,
636 2630 780 2685 illius
823 2629 1033 2686 feminae
1081 2631 1414 2702 pulchritudo
1457 2648 1543 2688 me
1580 2632 1944 2699 inflammavit,
1987 2633 2076 2688 dic

501 2723 574 2776 illi
605 2740 618 2775 :
647 2722 750 2779 Sed
777 2734 988 2794 poteras
1017 2723 1119 2780 hoc
1145 2737 1418 2794 superare.
1446 2723 1593 2780 Ader
1617 2724 1860 2795 exempla
1885 2739 2072 2780 eorum

503 2813 590 2882 qui
622 2811 673 2868 id
702 2822 1017 2883 superarunt
1037 2815 1077 2881 ‘,
1104 2813 1236 2870 affer
1261 2814 1562 2888 exemplum
1589 2816 1776 2886 prima:
1809 2815 2068 2883 mulieris,

501 2919 619 2974 quae
646 2905 801 2973 dixit,
847 2905 1067 2976 Serpens
1105 2907 1296 2977 decepit
1341 2923 1421 2961 me
1449 2905 1601 2978 (Gen.
1627 2907 1680 2962 3.
1712 2906 1826 2977 15),
1855 2921 1953 2964 nec
1991 2915 2071 2964 ta-

501 3010 622 3050 men
651 2995 873 3050 crimine
899 2995 1062 3051 libera
1091 2996 1202 3051 fuit.

569 3087 622 3141 4.
654 3085 785 3141 Cum
817 3086 931 3141 haec
958 3088 1197 3157 inquiris,
1225 3097 1384 3144 nemo
1402 3090 1560 3157 adsit,
1584 3105 1742 3146 nemo
1764 3091 2067 3160 perturbet,

499 3177 591 3232 sed
618 3176 1058 3247 quemadmodum
1097 3179 1301 3247 iudices
1329 3194 1468 3249 pone
1492 3181 1665 3236 velum
1703 3180 1953 3236 sedentes
1983 3182 2069 3250 ju-

498 3267 676 3320 dicant
706 3263 799 3338 (a),
831 3267 907 3322 sic
927 3276 981 3322 et
1012 3276 1064 3321 tu
1092 3282 1189 3338 pro
1209 3267 1328 3329 velo
1354 3277 1560 3339 tempus
1587 3280 1638 3325 et
1669 3270 1844 3325 locum
1873 3270 2067 3341 quietis

497 3371 692 3427 quaere.
721 3356 854 3413 Cum
880 3365 1000 3428 post
1025 3371 1230 3414 caenam
1260 3359 1433 3429 Surgis
1458 3400 1472 3425 ,
1499 3371 1553 3415 et
1579 3360 1774 3416 lectum
1808 3363 2067 3431 petiturus

495 3465 586 3516 es,
629 3449 732 3505 hoc
771 3449 1024 3520 judicium
1071 3448 1219 3506 ineas
1250 3469 1264 3505 :
1295 3449 1398 3506 huc
1429 3461 1637 3522 tempus
1673 3453 1917 3510 idoneum
1943 3463 2062 3510 est:

496 3542 644 3594 locus
671 3555 799 3594 vero
836 3539 1003 3594 lectus
1027 3549 1110 3595 est
1137 3551 1192 3595 et
1217 3537 1496 3619 thalamus.
1538 3541 1668 3596 Illud
1711 3551 1764 3598 et
1805 3534 2064 3613 propheta

495 3631 671 3700 iussit,
699 3630 880 3685 dicens
911 3647 922 3683 :
956 3630 1082 3697 Qua:
1107 3631 1272 3684 dicitis
1297 3636 1349 3684 in
1376 3630 1610 3684 cordibus
1637 3635 1830 3697 uestris,
1855 3634 1909 3685 in
1929 3633 2068 3687 cubi-

496 3721 624 3774 tibus
643 3722 814 3774 vestris
833 3721 1224 3789 eompungimini
1239 3717 1406 3791 (Psal.
1422 3721 1475 3775 ι.
1498 3721 1574 3790 5).
1596 3721 1884 3776 Parvarum
1907 3723 2065 3777 etiam

494 3825 669 3866 rerum
693 3823 910 3880 magnas
938 3812 1168 3865 rationes
1194 3810 1368 3881 exige,
1394 3825 1460 3865 ne
1481 3825 1728 3881 umquam
1751 3811 1818 3865 ad
1845 3825 2064 3881 magnas

495 3916 579 3956 res
605 3899 846 3956 accedas.
869 3898 925 3956 Si
955 3899 1056 3954 hoc
1077 3899 1312 3968 quotidie
1341 3900 1552 3965 feceris,
1577 3915 1698 3955 cum
1738 3900 1928 3956 ﬁducia
1947 3911 2063 3957 sta-

495 3992 576 4046 bis
603 3999 728 4046 ante
749 3990 979 4044 tribunal
1008 3989 1134 4044 illud
1166 3985 1418 4046 terribile.
1449 3989 1538 4047 Sic
1565 3991 1760 4048 Paulus
1789 4007 1952 4064 purus
1978 3993 2061 4049 ef-

492 4083 661 4138 fectus
683 4091 803 4148 est;
835 4083 955 4137 ideo
981 4081 1190 4137 dicebat
1220 4101 1234 4136 :
1267 4081 1330 4136 Si
1346 4084 1674 4152 nosmetipsos
1688 4085 2057 4156 judicia-emas,

492 4190 591 4227 non
621 4174 786 4244 utique
809 4173 1153 4241 iudicaremur
1181 4173 1200 4242 (
1226 4173 1276 4228 I.
1307 4172 1425 4228 Cor.
1451 4175 1544 4230 .ll.
1596 4176 1657 4230 3i
1675 4173 1720 4245 ).
1748 4175 1836 4233 Sic
1863 4175 1965 4232 Job
1995 4177 2060 4232 ii-

492 4265 592 4320 lios
613 4278 737 4319 suos
767 4254 1017 4335 purgabat
1060 4263 1203 4333 (Job.
1236 4265 1286 4318 l.
1313 4261 1406 4335 5).
1436 4261 1568 4318 Nam
1595 4268 1683 4335 qui
1715 4281 1811 4335 pro
1839 4267 2061 4324 occultis

490 4356 744 4412 sacrificia
771 4353 1048 4421 offerebat,
1078 4343 1244 4410 multo
1273 4355 1441 4424 magis
1468 4367 1565 4424 pro
1591 4355 1884 4410 manifestis
1903 4360 2063 4413 ratio-

491 4464 586 4503 nes
611 4447 912 4517 expetebat.
953 4448 1024 4503 At
1060 4462 1158 4502 nos
1184 4463 1288 4502 non
1329 4449 1399 4502 ita
1440 4445 1693 4514 facimus;
1722 4448 1814 4504 sed
1844 4450 2062 4505 omnino

490 4553 664 4596 secus.
691 4538 862 4594 Simul
882 4539 1024 4595 enim
1049 4548 1208 4608 atque
1234 4538 1620 4608 decumbimus,
1651 4541 1926 4595 saecularia
1948 4556 2063 4595 om-

492 4629 580 4685 nia
605 4629 657 4683 in
681 4636 859 4685 mente
874 4643 1156 4684 versamus
1179 4645 1193 4694 ;
1221 4635 1277 4683 et
1294 4628 1382 4682 alii
1410 4627 1622 4698 quidem
1649 4628 1898 4701 impurus
1909 4630 2059 4701 cogi.

551 4787 569 4817 ί
603 4790 729 4846 llaec,
755 4784 874 4847 απιτ-
898 4784 1120 4846 εεεηιρια
1157 4794 1322 4835 conum
1343 4783 1427 4846 qui
1458 4783 1510 4833 id
1551 4792 1856 4848 superarunt,
1879 4785 2060 4837 desunt

480 4842 535 4894 in
863 4852 972 4911 Ias.
1218 4905 1231 4911 _
1415 4905 1427 4911 -
1463 4906 1475 4911 _
1649 4906 1660 4911 _
1765 4908 1777 4911 _
1917 4910 1922 4911 ν

551 4905 624 4970 (it)
637 4907 851 4977 iudices
870 4907 986 4956 olim
1007 4919 1134 4968 pone
1155 4905 1317 4956 velum
1340 4905 1598 4977 sedebant.
1619 4906 1692 4956 sic
1711 4908 1990 4977 Athanasius
2002 4916 2055 4957 τ.

488 4969 723 5042 θηρέξθῖ
748 4982 762 5018 :
783 4979 1332 5042 ὡξξςᾼτὺγάηῄαῗιτὺτώ
1358 4980 1492 5028 me»,
1526 4969 1627 5042 ipse
1648 4980 1758 5042 vero
1777 4970 1927 5042 stabat
1949 4979 2058 5042 ante

488 5030 659 5090 etiam,
677 5036 731 5080 et
754 5044 800 5092 p.
823 5030 1036 5082 570:“.
1053 5043 1105 5082 τε
1119 5030 1219 5090 in.
1234 5045 1296 5089 τῆς
1314 5042 1497 5088 nam
1511 5069 1525 5090 ,
1549 5030 1712 5101 etyela
1732 5033 1964 5101 ecclesiw.
2002 5035 2056 5082 In

490 5089 726 5142 analectis
741 5091 919 5141 nostris
939 5104 989 5154 p.
1006 5090 1098 5141 380
1122 5105 1135 5140 :
1162 5102 1314 5153 διελς-λς
1335 5107 1399 5142 τοῦ
1425 5103 1534 5153 mw
1548 5127 1560 5151 ,
1577 5091 1739 5152 )udea:
1765 5092 1868 5142 υειι.

2200 907 2482 976 gitationes
2525 913 2871 972 immittentes
2901 933 2916 970 :
2957 931 3021 971 ac
3055 917 3167 972 sive
3202 921 3439 976 avaritiae
3467 936 3640 988 amor,
3666 925 3785 980 sive

2199 997 2533 1068 deliciarum,
2555 1003 2670 1059 sive
2687 1004 3041 1061 formosorum
3064 1021 3370 1076 corporum,
3394 1011 3506 1065 sive
3529 1012 3640 1077 irae,
3666 1013 3786 1068 sive

2196 1087 2329 1142 alius
2349 1091 2521 1159 quivis
2539 1107 2689 1148 amor
2712 1093 2912 1151 intrare
2932 1097 3178 1161 voluerit,
3201 1099 3402 1166 apertis
3425 1100 3604 1169 januis
3629 1101 3779 1157 illum

2195 1180 2490 1248 excipimus
2518 1191 2573 1262 et
2607 1183 2929 1241 advocemus
2950 1227 2964 1250 ,
2994 1195 3050 1242 et
3078 1187 3244 1243 libere
3272 1202 3392 1242 cum
3429 1188 3520 1249 illa
3561 1191 3772 1248 misceri

2193 1267 2436 1324 sinimus.
2469 1269 2585 1338 Quo
2614 1274 2740 1343 quid
2766 1275 2934 1345 magis
2959 1275 3269 1342 barbarum,
3301 1278 3542 1337 omnium
3573 1282 3759 1350 pretio-

2191 1357 2471 1414 sissimam.
2493 1362 2723 1417 animam
2753 1378 2782 1418 a
2817 1372 2892 1419 tot
2934 1366 3159 1420 moechis
3187 1363 3439 1422 foedatam
3469 1369 3768 1440 negligens,

2191 1456 2243 1502 et
2275 1450 2471 1504 tamdiu
2511 1462 2788 1508 coeuntem
2831 1453 3003 1509 donec
3044 1455 3118 1509 illi
3158 1457 3403 1511 exsatiati
3447 1457 3686 1514 fuerint?
3712 1458 3775 1516 Id

2188 1537 2327 1605 quod
2355 1546 2530 1594 tamen
2560 1556 2844 1612 numquam
2869 1543 2990 1602 erit.
3023 1545 3223 1600 Idcirco
3249 1545 3337 1599 ubi
3369 1561 3587 1601 somnus
3615 1547 3772 1603 inva-

2186 1629 2301 1694 dit,
2334 1638 2457 1687 tunc
2492 1641 2696 1689 lanium
2733 1635 3064 1702 abscedunt;
3107 1638 3214 1692 imo
3255 1652 3320 1692 ne
3349 1647 3473 1694 tunc
3503 1639 3716 1709 quidem
3753 1659 3769 1696 :

2185 1734 2308 1776 nam
2339 1724 2545 1778 somnia
2575 1725 2760 1780 eadem
2799 1726 2898 1796 ipsi
2928 1725 3210 1782 simulacra
3240 1726 3491 1784 offerunt.
3524 1729 3770 1798 Quapro-

2183 1819 2302 1879 pter
2327 1812 2666 1869 illucescente
2685 1815 2794 1882 die,
2817 1830 2935 1886 quae
2960 1817 3047 1870 illa
3079 1817 3356 1886 imaginata
3383 1828 3465 1872 est
3486 1819 3685 1885 anima,
3710 1821 3768 1874 in

2182 1913 2316 1968 opus
2340 1915 2485 1970 saepe
2505 1903 2710 1957 illarum
2735 1903 3022 1974 imaginum
3042 1918 3145 1974 Ope
3166 1904 3388 1960 deducta
3409 1917 3509 1961 est.
3531 1907 3610 1962 Tu
3635 1923 3770 1964 vero

2181 1996 2234 2050 in
2270 1993 2523 2063 pupillam
2564 1993 2706 2050 oculi
2747 2009 2816 2050 ne
2845 1996 3123 2051 minimum
3153 1997 3366 2066 quidem
3410 1998 3645 2068 pulveris
3681 2000 3766 2054 in-

2179 2088 2328 2159 gredi
2352 2088 2484 2143 sinis
2506 2127 2521 2152 ,
2549 2087 2778 2142 animam
2807 2102 2936 2142 vero
2961 2095 3226 2142 tantorum
3267 2089 3530 2144 malorum
3567 2105 3768 2162 conge-

2182 2181 2312 2235 riem
2341 2178 2552 2235 trahere
2591 2179 2916 2249 negligenter
2945 2179 3182 2247 pateris?
3225 2177 3573 2247 Quandonam
3604 2181 3766 2252 igitur

2178 2268 2364 2323 sordes
2390 2268 2505 2322 illas
2529 2281 2661 2338 quas
2684 2267 2918 2336 quotidie
2944 2268 3231 2338 ingerimus
3253 2282 3470 2338 prorsus
3492 2269 3764 2339 deponere

2179 2358 2471 2428 poterimus
2485 2358 2509 2410 ?
2523 2356 2733 2426 quando
2756 2357 2936 2426 spinas
2957 2357 3301 2412 exscindere?
3320 2358 3533 2428 quando
3554 2361 3762 2421 semina

2172 2449 2395 2520 jacere?
2425 2448 2608 2504 Nescis
2631 2459 2686 2503 tu
2708 2488 2724 2514 ,
2753 2455 2966 2518 tempus
3007 2449 3201 2504 messis
3231 2450 3469 2505 instare?
3495 2450 3601 2506 Nos
3628 2467 3763 2508 vero

2177 2556 2246 2597 ne
2273 2541 2491 2597 novales
2517 2539 2730 2610 quidem
2760 2540 2935 2596 adhuc
2963 2541 3284 2596 curavimus.
3312 2539 3368 2597 Si
3399 2556 3527 2611 ergo
3552 2544 3764 2600 venerit

2177 2633 2406 2705 agricola
2431 2674 2448 2700 ,
2482 2641 2537 2688 et
2562 2647 2662 2687 nos
2688 2632 3006 2686 incusaverit
3025 2672 3039 2696 ,
3067 2631 3192 2701 quid
3222 2631 3497 2688 dicemus?
3515 2633 3643 2701 quid
3671 2648 3761 2690 re-

2175 2721 2594 2795 spondebimus?
2621 2722 2703 2776 An
2748 2723 3017 2777 neminem
3062 2723 3267 2778 semina
3307 2721 3566 2780 dedisse?
3594 2723 3759 2794 Atqui

2175 2814 2263 2868 illa
2292 2813 2528 2884 quotidie
2551 2811 2840 2881 iaciuntur.
2875 2813 2955 2866 An
2987 2813 3253 2867 neminem
3282 2814 3464 2882 spinas
3491 2814 3759 2870 succidis-

2172 2905 2273 2959 sc?
2297 2902 2491 2959 Verum
2521 2901 2972 2972 quotidie‘falcem
2998 2902 3257 2959 acuimus.
3291 2906 3372 2958 An
3401 2919 3504 2962 nos
3527 2904 3757 2960 sarcula-

2173 2993 2319 3049 ribus
2347 2993 2534 3049 abduci
2576 2993 2720 3046 curis
2762 3002 2816 3047 et
2857 2994 3306 3048 necessitatibus?
3335 2995 3402 3049 Et
3436 3009 3602 3065 quare
3646 3010 3756 3052 non

2173 3085 2397 3158 teipsum
2424 3084 2620 3139 mundo
2647 3083 2988 3139 crucifixisli?
3010 3083 3144 3139 Nam
3174 3086 3216 3140 si
3249 3085 3338 3141 ille
3366 3086 3538 3141 malus
3558 3095 3640 3142 est
3660 3089 3753 3158 qui

2172 3176 2299 3232 illud
2326 3175 2501 3229 solum
2528 3173 2723 3240 reddit,
2745 3173 2886 3244 quod
2915 3173 3015 3228 sibi
3044 3175 3228 3228 datum
3257 3173 3465 3241 fuerat,
3496 3177 3618 3245 quia
3645 3192 3754 3233 non

2169 3265 2457 3336 duplicavit
2483 3279 2775 3320 summam:
2798 3264 2888 3334 qui
2912 3263 3091 3318 datum
3117 3263 3474 3332 labefactavit,
3499 3265 3624 3336 quid
3651 3282 3756 3323 au-

2167 3356 2320 3412 diet?
2344 3354 2401 3410 Si
2429 3354 2517 3410 ille
2552 3345 2742 3424 ligatus
2777 3367 2844 3408 eo
2873 3351 3143 3422 proiectus
3171 3360 3257 3407 est
3285 3353 3371 3408 ubi
3396 3354 3595 3410 stridor
3617 3354 3753 3412 deuo

2166 3445 2321 3512 tium,
2348 3444 2477 3516 quid
2503 3458 2600 3499 nos
2626 3444 2906 3514 patiemur,
2929 3441 3054 3495 dum
3083 3451 3352 3497 sexcenta:
3379 3458 3467 3499 res
3486 3445 3755 3516 sunt'quzb

2166 3551 2267 3594 nos
2286 3535 2352 3592 ad
2373 3536 2620 3590 virtutem
2639 3532 2873 3598 trahunt,
2896 3546 3101 3602 nosque
3129 3531 3420 3602 refugimus
3437 3542 3493 3589 et
3516 3536 3761 3605 segniter

2169 3627 2408 3698 agimus?
2429 3625 2566 3693 Quid
2588 3625 2730 3678 enim
2753 3637 2857 3677 non
2878 3622 3125 3678 idoneum
3146 3624 3215 3678 sit
3234 3622 3301 3678 ad
3319 3632 3368 3678 te
3385 3624 3712 3681 incitandum
3729 3626 3757 3680 ?

2169 3721 2359 3775 Annon
2385 3716 2537 3772 vides
2563 3730 2720 3791 quam
2752 3713 2874 3768 vilis
2897 3757 2912 3779 ,
2942 3730 3101 3783 quam
3129 3714 3331 3770 incerta
3357 3715 3428 3770 sit
3457 3716 3572 3770 hac
3602 3716 3758 3773 vita?

2166 3817 2393 3879 quantus
2423 3806 2509 3861 hic
2533 3805 2683 3860 labor
2708 3802 2822 3858 sit?
2861 3809 3091 3872 quantus
3129 3801 3333 3857 sudor?
3377 3803 3565 3860 Nonne
3602 3806 3754 3863 enim

2165 3900 2244 3955 sic
2273 3911 2360 3952 res
2385 3905 2487 3962 est,
2519 3902 2577 3949 ut
2601 3895 2768 3947 virtus
2787 3908 2908 3948 cum
2935 3885 3139 3957 labore,
3167 3900 3229 3947 et-
3249 3891 3434 3947 vitium
3459 3893 3576 3948 sine
3599 3893 3756 3952 labo-

2165 3990 2313 4044 ribus
2332 3986 2585 4042 adeatur?
2603 3984 2660 4040 Si
2680 3991 2733 4037 et
2757 3984 2809 4037 in
2832 3981 2934 4036 hoc
2953 3989 3009 4036 et
3035 3982 3089 4035 in
3114 3981 3205 4035 illo
3225 3981 3376 4036 labor
3395 3991 3497 4048 est,
3520 3999 3617 4040 cur
3641 4001 3750 4042 non

2165 4080 2412 4134 virtutem
2443 4077 2594 4147 eligis
2619 4089 2738 4144 quae
2772 4081 2975 4127 tantum
3007 4081 3264 4142 quaestum
3292 4074 3472 4143 parit?
3500 4073 3613 4130 Imo
3642 4077 3757 4133 vir-

2165 4179 2304 4226 tutes
2320 4167 2561 4239 quedam
2587 4171 2729 4229 sunt,
2756 4179 2874 4232 quae
2897 4163 3100 4217 nullum
3127 4162 3322 4218 habent
3344 4162 3600 4220 laborem.
3630 4165 3754 4235 Quo

2163 4261 2346 4317 labore
2369 4255 2625 4313 utendum
2655 4262 2713 4308 ut
2739 4267 2843 4307 non
2875 4251 3154 4308 maledicta
3185 4252 3445 4323 proferas,
3471 4270 3572 4311 nec
3598 4273 3750 4313 men—

2165 4351 2313 4406 tiaris
2332 4389 2347 4411 ,
2384 4361 2482 4403 nec
2503 4345 2650 4416 jures
2671 4384 2688 4410 ,
2717 4352 2776 4396 ut
2804 4343 2938 4396 iram
2971 4341 3214 4411 proximo
3240 4343 3520 4398 remittas?
3549 4343 3749 4401 Contra

2163 4453 2294 4494 vero
2323 4436 2496 4492 facere
2521 4430 2844 4488 laboriosum
2869 4437 2972 4498 est,
3001 4445 3350 4502 magnamque
3373 4431 3527 4487 δῆθε-ι
3549 4433 3750 4490 εοιιίοί.

2165 4530 2424 4585 tudinem.
2451 4525 2580 4593 Quae
2606 4524 2766 4594 igitur
2789 4522 2945 4576 nobis
2970 4523 3074 4577 erit
3100 4523 3391 4587 excusatio,
3419 4538 3538 4592 quae
3566 4525 3745 4591 venia,

2165 4621 2254 4691 qui
2285 4635 2352 4676 ne
2377 4617 2492 4673 haec
2518 4615 2731 4687 quidem
2763 4612 2938 4668 facere
2964 4613 3232 4667 velimus?
3256 4612 3390 4669 Hinc
3414 4629 3542 4669 vero
3567 4616 3750 4685 palam

2163 4708 2626 4780 estptaoofiosiora
2645 4706 2732 4760 illa
2751 4720 2844 4775 per
2859 4702 3115 4759 desidiam
3134 4711 3186 4757 et
3201 4702 3498 4758 socordiam
3529 4720 3627 4760 nos
3656 4707 3744 4760 fu-

2161 4819 2307 4876 gere.
2331 4801 2460 4869 Qua:
2477 4798 2657 4854 omnia
2681 4797 2995 4868 cogitantes,
3020 4794 3307 4863 nequitiam
3333 4791 3620 4864 fugiamus,
3635 4795 3746 4849 vir.
3782 4795 3792 4802 '

2161 4905 2325 4952 tatem
2341 4893 2642 4961 diligamus,
2663 4895 2720 4942 ut
2741 4895 2794 4942 et
2817 4883 3099 4957 praesentia
3119 4894 3172 4938 et
3189 4883 3361 4939 futura
3391 4884 3527 4940 bona
3548 4899 3747 4941 conse-

2157 5003 2404 5061 quamur,
2430 4983 2598 5055 gratia
2614 4990 2668 5035 et
2684 4978 3009 5046 benignitate
3025 4975 3234 5031 Domini
3261 4979 3424 5031 nostri
3441 4976 3571 5032 Iesu
3599 4977 3746 5032 Chri-

2157 5086 2247 5150 sti,
2265 5080 2347 5138 cui
2364 5079 2527 5150 gloria
2545 5084 2600 5128 et
2615 5071 2892 5141 imperium
2909 5068 2960 5124 in
2979 5069 3170 5123 saecula
3185 5069 3521 5126 saeculorum.
3547 5071 3742 5127 Amen.

1588 5250 1926 5314 HOMILIA
1972 5255 2197 5316 XLIII.
2243 5251 2329 5312 al.
2375 5243 2595 5309 XLIV.

486 5376 615 5428 Car.
650 5371 735 5427 12.
767 5388 818 5426 v.
842 5372 928 5427 38.
957 5368 1100 5424 Tunc
1119 5373 1479 5441 responderunt
1505 5370 1550 5423 ei
1590 5371 1794 5442 quidam
1836 5373 1898 5425 de
1931 5373 2055 5426 scri-

558 5463 632 5517 bis
663 5471 707 5516 et
737 5460 1032 5522 Phariswis,
1064 5462 1278 5514 dicentes
1306 5476 1324 5514 :
1354 5459 1614 5531 Magister,
1670 5462 1897 5515 volumus
1937 5481 1968 5514 α
2013 5474 2060 5517 te

557 5556 755 5626 signum
781 5553 965 5607 videre.
1007 5552 1095 5607 59.
1129 5552 1227 5616 Qui
1269 5553 1522 5620 respondit
1551 5569 1570 5606 :
1600 5552 1865 5607 Generatio
1905 5571 2058 5622 prava

557 5655 602 5698 et
647 5645 876 5699 adultera
920 5644 1117 5714 signum
1169 5645 1366 5713 quierit,
1398 5653 1442 5698 et
1478 5645 1673 5715 signum
1713 5660 1814 5698 non
1861 5645 2061 5698 dabitur

560 5741 624 5805 ei,
652 5739 750 5793 nisi
767 5740 959 5809 signum
979 5736 1127 5791 lanae
1153 5736 1425 5807 praphenz.
1631 5801 1633 5803 ι

569 5835 615 5888 I.
643 5831 776 5900 Quid
806 5831 888 5886 his
933 5831 1163 5897 stultius,
1194 5828 1318 5899 quid
1347 5830 1512 5900 magis
1540 5828 1802 5899 impium?
1828 5827 1953 5883 I‘ost
1983 5835 2060 5883 tot

2165 5371 2421 5440 signa:ac
2445 5365 2487 5420 si
2517 5362 2713 5417 nullum
2763 5359 2955 5413 factum
3011 5366 3175 5422 esset,
3218 5354 3398 5411 dicunt
3445 5372 3459 5409 :
3503 5355 3746 5414 Volumus

2166 5480 2198 5516 a
2228 5473 2275 5516 te
2297 5461 2494 5530 signum
2521 5454 2704 5509 videre.
2753 5451 2859 5506 Cur
2888 5464 3016 5518 ergo
3043 5448 3157 5502 haec
3203 5449 3491 5504 dicebant?
3524 5447 3592 5505 Ut
3621 5465 3738 5505 car.

2167 5551 2324 5622 pendi
2348 5550 2522 5604 locum
2548 5546 2736 5599 iterum
2762 5541 3040 5595 haberent.
3063 5538 3196 5605 Quia
3217 5539 3358 5592 enim
3382 5539 3524 5606 ipsos
3553 5541 3742 5602 semel,

2166 5644 2246 5696 bis
2269 5650 2323 5696 et
2350 5638 2543 5708 smpius
2587 5641 2937 5705 represserat,
2984 5638 3037 5684 et
3089 5627 3446 5697 impudentem
3507 5629 3743 5697 ipsorum

2165 5735 2394 5803 linguam
2443 5729 2711 5790 fraenarat,
2755 5722 2821 5776 ad
2869 5735 3030 5790 opera
3073 5733 3258 5774 rursus
3304 5720 3560 5773 veniunt:
3601 5720 3742 5787 quml

2163 5823 2428 5879 admirans
2453 5816 2772 5888 evangelista
2803 5827 2986 5868 rursus
3016 5809 3224 5865 dicebat
3254 5828 3265 5862 :
3299 5809 3444 5863 Tunc
3470 5809 3739 5876 responde-
