  <div class='ocr_page' id='page_1' title='image "/cluster/home/n/w/nwhite01/storage/ocr_20150623/57/ien.35556001660844/388.png"; bbox 0 0 4076 6440; ppageno 0'>
   <div class='ocr_carea' id='block_1_1' title="bbox 229 335 326 395">
    <p class='ocr_par' dir='ltr' id='par_1_1' title="bbox 229 335 326 395">
     <span class='ocr_line' id='line_1_1' title="bbox 229 335 326 395; baseline -0.031 0"><span class='ocrx_word' id='word_1_1' title='bbox 229 335 326 395; x_wconf 77' lang='lat' dir='ltr'><strong>I57</strong></span> 
     </span>
    </p>
   </div>
   <div class='ocr_carea' id='block_1_2' title="bbox 228 425 1829 514">
    <p class='ocr_par' dir='ltr' id='par_1_2' title="bbox 228 425 1829 514">
     <span class='ocr_line' id='line_1_2' title="bbox 228 425 1829 514; baseline -0.02 -10"><span class='ocrx_word' id='word_1_2' title='bbox 228 457 341 504; x_wconf 75' lang='lat' dir='ltr'><strong>mit</strong></span> <span class='ocrx_word' id='word_1_3' title='bbox 362 445 416 502; x_wconf 76' lang='lat' dir='ltr'><strong>si</strong></span> <span class='ocrx_word' id='word_1_4' title='bbox 433 446 646 514; x_wconf 69' lang='lat' dir='ltr'><strong>quidam</strong></span> <span class='ocrx_word' id='word_1_5' title='bbox 671 439 952 498; x_wconf 74' lang='lat' dir='ltr'><strong>scribarum</strong></span> <span class='ocrx_word' id='word_1_6' title='bbox 976 435 1177 507; x_wconf 83' lang='lat' dir='ltr'><strong>signum</strong></span> <span class='ocrx_word' id='word_1_7' title='bbox 1201 439 1439 502; x_wconf 81' lang='lat' dir='ltr'><strong>petentes.</strong></span> <span class='ocrx_word' id='word_1_8' title='bbox 1466 425 1632 490; x_wconf 82' lang='lat' dir='ltr'><strong>Tunc,</strong></span> <span class='ocrx_word' id='word_1_9' title='bbox 1658 436 1829 493; x_wconf 81' lang='lat' dir='ltr'><strong>quan-</strong></span> 
     </span>
    </p>
   </div>
   <div class='ocr_carea' id='block_1_3' title="bbox 230 517 1830 599">
    <p class='ocr_par' dir='ltr' id='par_1_3' title="bbox 230 517 1830 599">
     <span class='ocr_line' id='line_1_3' title="bbox 230 517 1830 599; baseline -0.021 -1"><span class='ocrx_word' id='word_1_10' title='bbox 230 537 467 598; x_wconf 78' lang='lat' dir='ltr'><strong>dunam?</strong></span> <span class='ocrx_word' id='word_1_11' title='bbox 493 536 628 593; x_wconf 88' lang='lat' dir='ltr'><strong>Cum</strong></span> <span class='ocrx_word' id='word_1_12' title='bbox 657 545 862 588; x_wconf 88' lang='lat' dir='ltr'><strong>morem</strong></span> <span class='ocrx_word' id='word_1_13' title='bbox 906 538 1130 599; x_wconf 83' lang='lat' dir='ltr'><strong>gerere,</strong></span> <span class='ocrx_word' id='word_1_14' title='bbox 1161 520 1343 577; x_wconf 89' lang='lat' dir='ltr'><strong>mirari</strong></span> <span class='ocrx_word' id='word_1_15' title='bbox 1367 561 1383 585; x_wconf 93' lang='lat'><strong>,</strong></span> <span class='ocrx_word' id='word_1_16' title='bbox 1415 517 1794 585; x_wconf 76' lang='lat' dir='ltr'><strong>obstupescere</strong></span> <span class='ocrx_word' id='word_1_17' title='bbox 1813 551 1830 579; x_wconf 96' lang='lat'><strong>,</strong></span> 
     </span>
    </p>
   </div>
   <div class='ocr_carea' id='block_1_4' title="bbox 231 604 1830 694">
    <p class='ocr_par' dir='ltr' id='par_1_4' title="bbox 231 604 1830 694">
     <span class='ocr_line' id='line_1_4' title="bbox 231 604 1830 694; baseline -0.021 -7"><span class='ocrx_word' id='word_1_18' title='bbox 231 628 489 688; x_wconf 75' lang='lat' dir='ltr'><strong>recedere</strong></span> <span class='ocrx_word' id='word_1_19' title='bbox 539 621 842 694; x_wconf 88' lang='lat' dir='ltr'><strong>oportebat,</strong></span> <span class='ocrx_word' id='word_1_20' title='bbox 875 628 1004 673; x_wconf 90' lang='lat' dir='ltr'><strong>tunc</strong></span> <span class='ocrx_word' id='word_1_21' title='bbox 1029 631 1060 670; x_wconf 90' lang='lat' dir='ltr'><strong>a</strong></span> <span class='ocrx_word' id='word_1_22' title='bbox 1089 611 1328 683; x_wconf 74' lang='lat' dir='ltr'><strong>nequitia</strong></span> <span class='ocrx_word' id='word_1_23' title='bbox 1382 623 1487 663; x_wconf 89' lang='lat' dir='ltr'><strong>non</strong></span> <span class='ocrx_word' id='word_1_24' title='bbox 1540 604 1830 660; x_wconf 86' lang='lat' dir='ltr'><strong>absistunt.</strong></span> 
     </span>
    </p>
   </div>
   <div class='ocr_carea' id='block_1_5' title="bbox 231 694 1836 774">
    <p class='ocr_par' dir='ltr' id='par_1_5' title="bbox 231 694 1836 774">
     <span class='ocr_line' id='line_1_5' title="bbox 231 694 1836 774; baseline -0.017 1"><span class='ocrx_word' id='word_1_25' title='bbox 231 718 555 774; x_wconf 70' lang='lat' dir='ltr'><strong>Consideres</strong></span> <span class='ocrx_word' id='word_1_26' title='bbox 580 723 760 769; x_wconf 82' lang='lat' dir='ltr'><strong>autem</strong></span> <span class='ocrx_word' id='word_1_27' title='bbox 786 709 949 766; x_wconf 87' lang='lat' dir='ltr'><strong>velim</strong></span> <span class='ocrx_word' id='word_1_28' title='bbox 970 707 1132 762; x_wconf 82' lang='lat' dir='ltr'><strong>verba</strong></span> <span class='ocrx_word' id='word_1_29' title='bbox 1157 701 1462 758; x_wconf 71' lang='lat' dir='ltr'><strong>adulatione</strong></span> <span class='ocrx_word' id='word_1_30' title='bbox 1488 708 1542 752; x_wconf 91' lang='lat' dir='ltr'><strong>et</strong></span> <span class='ocrx_word' id='word_1_31' title='bbox 1567 694 1836 749; x_wconf 86' lang='lat' dir='ltr'><strong>derisione</strong></span> 
     </span>
    </p>
   </div>
   <div class='ocr_carea' id='block_1_6' title="bbox 230 786 1836 880">
    <p class='ocr_par' dir='ltr' id='par_1_6' title="bbox 230 786 1836 880">
     <span class='ocr_line' id='line_1_6' title="bbox 230 786 1836 880; baseline -0.017 -15"><span class='ocrx_word' id='word_1_32' title='bbox 230 810 404 880; x_wconf 80' lang='lat' dir='ltr'><strong>plena.</strong></span> <span class='ocrx_word' id='word_1_33' title='bbox 423 803 819 876; x_wconf 77' lang='lat' dir='ltr'><strong>Exspectabam</strong></span> <span class='ocrx_word' id='word_1_34' title='bbox 835 800 977 855; x_wconf 87' lang='lat' dir='ltr'><strong>enim</strong></span> <span class='ocrx_word' id='word_1_35' title='bbox 999 797 1103 852; x_wconf 88' lang='lat' dir='ltr'><strong>hac</strong></span> <span class='ocrx_word' id='word_1_36' title='bbox 1122 795 1329 851; x_wconf 76' lang='lat' dir='ltr'><strong>ratione</strong></span> <span class='ocrx_word' id='word_1_37' title='bbox 1347 805 1408 846; x_wconf 87' lang='lat' dir='ltr'><strong>se</strong></span> <span class='ocrx_word' id='word_1_38' title='bbox 1421 790 1569 880; x_wconf 88' lang='lat' dir='ltr'><strong>illum</strong></span> <span class='ocrx_word' id='word_1_39' title='bbox 1587 786 1836 857; x_wconf 85' lang='lat' dir='ltr'><strong>pellectu-</strong></span> 
     </span>
    </p>
   </div>
   <div class='ocr_carea' id='block_1_7' title="bbox 233 879 1837 962">
    <p class='ocr_par' dir='ltr' id='par_1_7' title="bbox 233 879 1837 962">
     <span class='ocr_line' id='line_1_7' title="bbox 233 879 1837 962; baseline -0.016 -6"><span class='ocrx_word' id='word_1_40' title='bbox 233 879 322 955; x_wconf 83' lang='lat' dir='ltr'><strong>ros</strong></span> <span class='ocrx_word' id='word_1_41' title='bbox 345 911 496 954; x_wconf 81' lang='lat' dir='ltr'><strong>esse.</strong></span> <span class='ocrx_word' id='word_1_42' title='bbox 526 895 594 950; x_wconf 82' lang='lat' dir='ltr'><strong>Et</strong></span> <span class='ocrx_word' id='word_1_43' title='bbox 620 907 762 948; x_wconf 88' lang='lat' dir='ltr'><strong>nunc</strong></span> <span class='ocrx_word' id='word_1_44' title='bbox 789 888 1006 962; x_wconf 80' lang='lat' dir='ltr'><strong>quidem</strong></span> <span class='ocrx_word' id='word_1_45' title='bbox 1044 882 1369 942; x_wconf 82' lang='lat' dir='ltr'><strong>contumelia</strong></span> <span class='ocrx_word' id='word_1_46' title='bbox 1393 879 1665 941; x_wconf 77' lang='lat' dir='ltr'><strong>alliciunt,</strong></span> <span class='ocrx_word' id='word_1_47' title='bbox 1695 890 1837 931; x_wconf 88' lang='lat' dir='ltr'><strong>nunc</strong></span> 
     </span>
    </p>
   </div>
   <div class='ocr_carea' id='block_1_8' title="bbox 227 972 1838 1045">
    <p class='ocr_par' dir='ltr' id='par_1_8' title="bbox 227 972 1838 1045">
     <span class='ocr_line' id='line_1_8' title="bbox 227 972 1838 1045; baseline -0.015 -3"><span class='ocrx_word' id='word_1_48' title='bbox 227 999 411 1044; x_wconf 84' lang='lat' dir='ltr'><strong>autem</strong></span> <span class='ocrx_word' id='word_1_49' title='bbox 461 983 784 1045; x_wconf 82' lang='lat' dir='ltr'><strong>adulantur,</strong></span> <span class='ocrx_word' id='word_1_50' title='bbox 811 992 952 1034; x_wconf 86' lang='lat' dir='ltr'><strong>nunc</strong></span> <span class='ocrx_word' id='word_1_51' title='bbox 999 972 1394 1032; x_wconf 78' lang='lat' dir='ltr'><strong>dannoniacum</strong></span> <span class='ocrx_word' id='word_1_52' title='bbox 1435 976 1662 1034; x_wconf 89' lang='lat' dir='ltr'><strong>vocant,</strong></span> <span class='ocrx_word' id='word_1_53' title='bbox 1693 979 1838 1020; x_wconf 89' lang='lat' dir='ltr'><strong>nunc</strong></span> 
     </span>
    </p>
   </div>
   <div class='ocr_carea' id='block_1_9' title="bbox 231 1055 1836 1149">
    <p class='ocr_par' dir='ltr' id='par_1_9' title="bbox 231 1055 1836 1149">
     <span class='ocr_line' id='line_1_9' title="bbox 231 1055 1836 1149; baseline -0.016 -14"><span class='ocrx_word' id='word_1_54' title='bbox 231 1080 547 1149; x_wconf 78' lang='lat' dir='ltr'><strong>magistrum</strong></span> <span class='ocrx_word' id='word_1_55' title='bbox 563 1117 578 1140; x_wconf 93' lang='lat'><strong>,</strong></span> <span class='ocrx_word' id='word_1_56' title='bbox 604 1081 891 1142; x_wconf 84' lang='lat' dir='ltr'><strong>utrumque</strong></span> <span class='ocrx_word' id='word_1_57' title='bbox 920 1067 1064 1124; x_wconf 84' lang='lat' dir='ltr'><strong>malo</strong></span> <span class='ocrx_word' id='word_1_58' title='bbox 1085 1066 1266 1121; x_wconf 87' lang='lat' dir='ltr'><strong>animo</strong></span> <span class='ocrx_word' id='word_1_59' title='bbox 1285 1103 1300 1126; x_wconf 92' lang='lat'><strong>,</strong></span> <span class='ocrx_word' id='word_1_60' title='bbox 1326 1061 1538 1116; x_wconf 87' lang='lat' dir='ltr'><strong>etiamsi</strong></span> <span class='ocrx_word' id='word_1_61' title='bbox 1567 1055 1836 1114; x_wconf 87' lang='lat' dir='ltr'><strong>contraria</strong></span> 
     </span>
    </p>
   </div>
   <div class='ocr_carea' id='block_1_10' title="bbox 230 1147 1837 1225">
    <p class='ocr_par' dir='ltr' id='par_1_10' title="bbox 230 1147 1837 1225">
     <span class='ocr_line' id='line_1_10' title="bbox 230 1147 1837 1225; baseline -0.016 0"><span class='ocrx_word' id='word_1_62' title='bbox 230 1147 376 1225; x_wconf 76' lang='lat' dir='ltr'><strong>dicta</strong></span> <span class='ocrx_word' id='word_1_63' title='bbox 404 1168 534 1222; x_wconf 86' lang='lat' dir='ltr'><strong>sint.</strong></span> <span class='ocrx_word' id='word_1_64' title='bbox 567 1163 692 1219; x_wconf 91' lang='lat' dir='ltr'><strong>Ideo</strong></span> <span class='ocrx_word' id='word_1_65' title='bbox 708 1163 771 1224; x_wconf 59' lang='lat' dir='ltr'><strong>in,</strong></span> <span class='ocrx_word' id='word_1_66' title='bbox 789 1161 912 1215; x_wconf 89' lang='lat' dir='ltr'><strong>illos</strong></span> <span class='ocrx_word' id='word_1_67' title='bbox 931 1156 1279 1215; x_wconf 89' lang='lat' dir='ltr'><strong>vehementer</strong></span> <span class='ocrx_word' id='word_1_68' title='bbox 1303 1151 1590 1208; x_wconf 82' lang='lat' dir='ltr'><strong>invehitur.</strong></span> <span class='ocrx_word' id='word_1_69' title='bbox 1614 1147 1837 1215; x_wconf 82' lang='lat' dir='ltr'><strong>Quando</strong></span> 
     </span>
    </p>
   </div>
   <div class='ocr_carea' id='block_1_11' title="bbox 227 1235 1839 1323">
    <p class='ocr_par' dir='ltr' id='par_1_11' title="bbox 227 1235 1839 1323">
     <span class='ocr_line' id='line_1_11' title="bbox 227 1235 1839 1323; baseline -0.016 -8"><span class='ocrx_word' id='word_1_70' title='bbox 227 1238 412 1314; x_wconf 64' lang='lat' dir='ltr'><strong>autem</strong></span> <span class='ocrx_word' id='word_1_71' title='bbox 446 1257 595 1312; x_wconf 89' lang='lat' dir='ltr'><strong>illum</strong></span> <span class='ocrx_word' id='word_1_72' title='bbox 625 1265 818 1323; x_wconf 80' lang='lat' dir='ltr'><strong>aspere</strong></span> <span class='ocrx_word' id='word_1_73' title='bbox 847 1244 1266 1317; x_wconf 88' lang='lat' dir='ltr'><strong>interrogabant,</strong></span> <span class='ocrx_word' id='word_1_74' title='bbox 1287 1252 1344 1298; x_wconf 90' lang='lat' dir='ltr'><strong>et</strong></span> <span class='ocrx_word' id='word_1_75' title='bbox 1368 1238 1692 1296; x_wconf 84' lang='lat' dir='ltr'><strong>contumelia</strong></span> <span class='ocrx_word' id='word_1_76' title='bbox 1720 1235 1839 1291; x_wconf 81' lang='lat' dir='ltr'><strong>alli-</strong></span> 
     </span>
    </p>
   </div>
   <div class='ocr_carea' id='block_1_12' title="bbox 231 1332 1837 1414">
    <p class='ocr_par' dir='ltr' id='par_1_12' title="bbox 231 1332 1837 1414">
     <span class='ocr_line' id='line_1_12' title="bbox 231 1332 1837 1414; baseline -0.017 -8"><span class='ocrx_word' id='word_1_77' title='bbox 231 1349 468 1414; x_wconf 83' lang='lat' dir='ltr'><strong>ciebant,</strong></span> <span class='ocrx_word' id='word_1_78' title='bbox 501 1343 783 1400; x_wconf 76' lang='lat' dir='ltr'><strong>madente</strong></span> <span class='ocrx_word' id='word_1_79' title='bbox 808 1353 932 1395; x_wconf 88' lang='lat' dir='ltr'><strong>cum</strong></span> <span class='ocrx_word' id='word_1_80' title='bbox 980 1337 1086 1392; x_wconf 91' lang='lat' dir='ltr'><strong>illis</strong></span> <span class='ocrx_word' id='word_1_81' title='bbox 1123 1332 1477 1404; x_wconf 78' lang='lat' dir='ltr'><strong>loquebatur;</strong></span> <span class='ocrx_word' id='word_1_82' title='bbox 1509 1343 1630 1383; x_wconf 88' lang='lat' dir='ltr'><strong>cum</strong></span> <span class='ocrx_word' id='word_1_83' title='bbox 1657 1334 1837 1381; x_wconf 86' lang='lat' dir='ltr'><strong>autem</strong></span> 
     </span>
    </p>
   </div>
   <div class='ocr_carea' id='block_1_13' title="bbox 233 1420 1838 1503">
    <p class='ocr_par' dir='ltr' id='par_1_13' title="bbox 233 1420 1838 1503">
     <span class='ocr_line' id='line_1_13' title="bbox 233 1420 1838 1503; baseline -0.016 -8"><span class='ocrx_word' id='word_1_84' title='bbox 233 1425 614 1503; x_wconf 84' lang='lat' dir='ltr'><strong>adulabantur,</strong></span> <span class='ocrx_word' id='word_1_85' title='bbox 635 1432 832 1488; x_wconf 83' lang='lat' dir='ltr'><strong>acriter</strong></span> <span class='ocrx_word' id='word_1_86' title='bbox 858 1439 913 1485; x_wconf 90' lang='lat' dir='ltr'><strong>et</strong></span> <span class='ocrx_word' id='word_1_87' title='bbox 936 1442 1058 1484; x_wconf 89' lang='lat' dir='ltr'><strong>cum</strong></span> <span class='ocrx_word' id='word_1_88' title='bbox 1083 1425 1248 1481; x_wconf 88' lang='lat' dir='ltr'><strong>multa</strong></span> <span class='ocrx_word' id='word_1_89' title='bbox 1276 1420 1632 1483; x_wconf 89' lang='lat' dir='ltr'><strong>vehementia,</strong></span> <span class='ocrx_word' id='word_1_90' title='bbox 1654 1425 1838 1471; x_wconf 80' lang='lat' dir='ltr'><strong>osten-</strong></span> 
     </span>
    </p>
   </div>
   <div class='ocr_carea' id='block_1_14' title="bbox 234 1512 1838 1596">
    <p class='ocr_par' dir='ltr' id='par_1_14' title="bbox 234 1512 1838 1596">
     <span class='ocr_line' id='line_1_14' title="bbox 234 1512 1838 1596; baseline -0.012 -10"><span class='ocrx_word' id='word_1_91' title='bbox 234 1531 373 1586; x_wconf 90' lang='lat' dir='ltr'><strong>dens</strong></span> <span class='ocrx_word' id='word_1_92' title='bbox 400 1543 462 1584; x_wconf 88' lang='lat' dir='ltr'><strong>se</strong></span> <span class='ocrx_word' id='word_1_93' title='bbox 490 1536 717 1596; x_wconf 88' lang='lat' dir='ltr'><strong>utroque</strong></span> <span class='ocrx_word' id='word_1_94' title='bbox 743 1523 836 1578; x_wconf 93' lang='lat' dir='ltr'><strong>illo</strong></span> <span class='ocrx_word' id='word_1_95' title='bbox 859 1512 1053 1576; x_wconf 69' lang='lat' dir='ltr'><strong>amictu</strong></span> <span class='ocrx_word' id='word_1_96' title='bbox 1085 1534 1207 1574; x_wconf 86' lang='lat' dir='ltr'><strong>esse</strong></span> <span class='ocrx_word' id='word_1_97' title='bbox 1237 1516 1572 1588; x_wconf 82' lang='lat' dir='ltr'><strong>superiorem</strong></span> <span class='ocrx_word' id='word_1_98' title='bbox 1607 1531 1620 1567; x_wconf 93' lang='lat'>:</span> <span class='ocrx_word' id='word_1_99' title='bbox 1650 1526 1713 1566; x_wconf 89' lang='lat' dir='ltr'><strong>ac</strong></span> <span class='ocrx_word' id='word_1_100' title='bbox 1742 1525 1838 1566; x_wconf 85' lang='lat' dir='ltr'><strong>ne-</strong></span> 
     </span>
    </p>
   </div>
   <div class='ocr_carea' id='block_1_15' title="bbox 235 1603 1840 1692">
    <p class='ocr_par' dir='ltr' id='par_1_15' title="bbox 235 1603 1840 1692">
     <span class='ocr_line' id='line_1_15' title="bbox 235 1603 1840 1692; baseline -0.011 -15"><span class='ocrx_word' id='word_1_101' title='bbox 235 1637 342 1692; x_wconf 89' lang='lat' dir='ltr'><strong>que</strong></span> <span class='ocrx_word' id='word_1_102' title='bbox 382 1629 512 1674; x_wconf 89' lang='lat' dir='ltr'><strong>tunc</strong></span> <span class='ocrx_word' id='word_1_103' title='bbox 566 1617 617 1671; x_wconf 89' lang='lat' dir='ltr'><strong>in</strong></span> <span class='ocrx_word' id='word_1_104' title='bbox 668 1616 802 1670; x_wconf 86' lang='lat' dir='ltr'><strong>iram</strong></span> <span class='ocrx_word' id='word_1_105' title='bbox 845 1610 1179 1678; x_wconf 79' lang='lat' dir='ltr'><strong>concitatur,</strong></span> <span class='ocrx_word' id='word_1_106' title='bbox 1205 1622 1378 1678; x_wconf 87' lang='lat' dir='ltr'><strong>neque</strong></span> <span class='ocrx_word' id='word_1_107' title='bbox 1421 1621 1488 1660; x_wconf 85' lang='lat' dir='ltr'><strong>ex</strong></span> <span class='ocrx_word' id='word_1_108' title='bbox 1535 1603 1840 1659; x_wconf 82' lang='lat' dir='ltr'><strong>adulatione</strong></span> 
     </span>
    </p>
   </div>
   <div class='ocr_carea' id='block_1_16' title="bbox 233 1692 1841 1772">
    <p class='ocr_par' dir='ltr' id='par_1_16' title="bbox 233 1692 1841 1772">
     <span class='ocr_line' id='line_1_16' title="bbox 233 1692 1841 1772; baseline -0.014 -3"><span class='ocrx_word' id='word_1_109' title='bbox 233 1712 511 1768; x_wconf 79' lang='lat' dir='ltr'><strong>deliniutr.</strong></span> <span class='ocrx_word' id='word_1_110' title='bbox 543 1705 677 1762; x_wconf 73' lang='lat' dir='ltr'><strong>Vide</strong></span> <span class='ocrx_word' id='word_1_111' title='bbox 703 1716 883 1761; x_wconf 90' lang='lat' dir='ltr'><strong>autem</strong></span> <span class='ocrx_word' id='word_1_112' title='bbox 914 1700 1366 1772; x_wconf 83' lang='lat' dir='ltr'><strong>objurgationetn,</strong></span> <span class='ocrx_word' id='word_1_113' title='bbox 1387 1711 1507 1768; x_wconf 69' lang='lat' dir='ltr'><strong>quae</strong></span> <span class='ocrx_word' id='word_1_114' title='bbox 1529 1709 1639 1750; x_wconf 88' lang='lat' dir='ltr'><strong>non</strong></span> <span class='ocrx_word' id='word_1_115' title='bbox 1664 1692 1841 1750; x_wconf 86' lang='lat' dir='ltr'><strong>solum</strong></span> 
     </span>
    </p>
   </div>
   <div class='ocr_carea' id='block_1_17' title="bbox 232 1784 1840 1863">
    <p class='ocr_par' dir='ltr' id='par_1_17' title="bbox 232 1784 1840 1863">
     <span class='ocr_line' id='line_1_17' title="bbox 232 1784 1840 1863; baseline -0.012 -5"><span class='ocrx_word' id='word_1_116' title='bbox 232 1799 540 1859; x_wconf 84' lang='lat' dir='ltr'><strong>criminatio</strong></span> <span class='ocrx_word' id='word_1_117' title='bbox 581 1798 684 1863; x_wconf 87' lang='lat' dir='ltr'><strong>sit,</strong></span> <span class='ocrx_word' id='word_1_118' title='bbox 729 1809 914 1850; x_wconf 89' lang='lat' dir='ltr'><strong>verum</strong></span> <span class='ocrx_word' id='word_1_119' title='bbox 962 1793 1124 1848; x_wconf 88' lang='lat' dir='ltr'><strong>etiam</strong></span> <span class='ocrx_word' id='word_1_120' title='bbox 1163 1787 1550 1845; x_wconf 83' lang='lat' dir='ltr'><strong>demonstratio</strong></span> <span class='ocrx_word' id='word_1_121' title='bbox 1589 1784 1840 1856; x_wconf 66' lang='lat' dir='ltr'><strong>nequitia:</strong></span> 
     </span>
    </p>
   </div>
   <div class='ocr_carea' id='block_1_18' title="bbox 236 1875 1844 1957">
    <p class='ocr_par' dir='ltr' id='par_1_18' title="bbox 236 1875 1844 1957">
     <span class='ocr_line' id='line_1_18' title="bbox 236 1875 1844 1957; baseline -0.014 -8"><span class='ocrx_word' id='word_1_122' title='bbox 236 1908 445 1949; x_wconf 85' lang='lat' dir='ltr'><strong>eorum.</strong></span> <span class='ocrx_word' id='word_1_123' title='bbox 475 1888 613 1957; x_wconf 83' lang='lat' dir='ltr'><strong>Quid</strong></span> <span class='ocrx_word' id='word_1_124' title='bbox 647 1887 790 1942; x_wconf 91' lang='lat' dir='ltr'><strong>enim</strong></span> <span class='ocrx_word' id='word_1_125' title='bbox 821 1885 931 1938; x_wconf 74' lang='lat' dir='ltr'><strong>ait?</strong></span> <span class='ocrx_word' id='word_1_126' title='bbox 961 1882 1229 1938; x_wconf 78' lang='lat' dir='ltr'><strong>Generatio</strong></span> <span class='ocrx_word' id='word_1_127' title='bbox 1273 1877 1416 1933; x_wconf 65' lang='lat' dir='ltr'><strong>mala“</strong></span> <span class='ocrx_word' id='word_1_128' title='bbox 1437 1887 1486 1931; x_wconf 86' lang='lat' dir='ltr'><strong>et</strong></span> <span class='ocrx_word' id='word_1_129' title='bbox 1510 1875 1744 1930; x_wconf 82' lang='lat' dir='ltr'><strong>adultera</strong></span> <span class='ocrx_word' id='word_1_130' title='bbox 1758 1875 1844 1953; x_wconf 61' lang='grc' dir='ltr'><strong>,σὶ-</strong></span> 
     </span>
    </p>
   </div>
   <div class='ocr_carea' id='block_1_19' title="bbox 233 1966 1842 2054">
    <p class='ocr_par' dir='ltr' id='par_1_19' title="bbox 233 1966 1842 2054">
     <span class='ocr_line' id='line_1_19' title="bbox 233 1966 1842 2054; baseline -0.011 -18"><span class='ocrx_word' id='word_1_131' title='bbox 233 1999 391 2054; x_wconf 75' lang='lat' dir='ltr'><strong>gnum</strong></span> <span class='ocrx_word' id='word_1_132' title='bbox 413 1979 613 2052; x_wconf 71' lang='lat' dir='ltr'><strong>quaerit.</strong></span> <span class='ocrx_word' id='word_1_133' title='bbox 636 1976 691 2032; x_wconf 91' lang='lat' dir='ltr'><strong>Id</strong></span> <span class='ocrx_word' id='word_1_134' title='bbox 719 1983 796 2031; x_wconf 87' lang='lat' dir='ltr'><strong>est</strong></span> <span class='ocrx_word' id='word_1_135' title='bbox 819 1995 833 2031; x_wconf 85' lang='lat'><strong><em>:</em></strong></span> <span class='ocrx_word' id='word_1_136' title='bbox 856 1973 994 2042; x_wconf 86' lang='lat' dir='ltr'><strong>Quid</strong></span> <span class='ocrx_word' id='word_1_137' title='bbox 1016 1973 1208 2027; x_wconf 88' lang='lat' dir='ltr'><strong>mirum</strong></span> <span class='ocrx_word' id='word_1_138' title='bbox 1240 1970 1283 2025; x_wconf 87' lang='lat' dir='ltr'><strong>si</strong></span> <span class='ocrx_word' id='word_1_139' title='bbox 1310 1968 1425 2023; x_wconf 71' lang='lat' dir='ltr'><strong>haec</strong></span> <span class='ocrx_word' id='word_1_140' title='bbox 1443 1966 1726 2022; x_wconf 78' lang='lat' dir='ltr'><strong>adversum</strong></span> <span class='ocrx_word' id='word_1_141' title='bbox 1752 1979 1842 2020; x_wconf 85' lang='lat' dir='ltr'><strong>me</strong></span> 
     </span>
    </p>
   </div>
   <div class='ocr_carea' id='block_1_20' title="bbox 237 2055 1843 2144">
    <p class='ocr_par' dir='ltr' id='par_1_20' title="bbox 237 2055 1843 2144">
     <span class='ocr_line' id='line_1_20' title="bbox 237 2055 1843 2144; baseline -0.012 -14"><span class='ocrx_word' id='word_1_142' title='bbox 237 2076 446 2141; x_wconf 79' lang='lat' dir='ltr'><strong>facitis,</strong></span> <span class='ocrx_word' id='word_1_143' title='bbox 499 2072 589 2144; x_wconf 91' lang='lat' dir='ltr'><strong>qui</strong></span> <span class='ocrx_word' id='word_1_144' title='bbox 630 2069 804 2125; x_wconf 87' lang='lat' dir='ltr'><strong>adhuc</strong></span> <span class='ocrx_word' id='word_1_145' title='bbox 849 2066 1003 2122; x_wconf 85' lang='lat' dir='ltr'><strong>vobis</strong></span> <span class='ocrx_word' id='word_1_146' title='bbox 1047 2072 1208 2120; x_wconf 87' lang='lat' dir='ltr'><strong>notus</strong></span> <span class='ocrx_word' id='word_1_147' title='bbox 1261 2078 1366 2117; x_wconf 89' lang='lat' dir='ltr'><strong>non</strong></span> <span class='ocrx_word' id='word_1_148' title='bbox 1420 2075 1576 2126; x_wconf 85' lang='lat' dir='ltr'><strong>sum,</strong></span> <span class='ocrx_word' id='word_1_149' title='bbox 1625 2055 1843 2128; x_wconf 83' lang='lat' dir='ltr'><strong>quando</strong></span> 
     </span>
    </p>
   </div>
   <div class='ocr_carea' id='block_1_21' title="bbox 233 2147 1844 2236">
    <p class='ocr_par' dir='ltr' id='par_1_21' title="bbox 233 2147 1844 2236">
     <span class='ocr_line' id='line_1_21' title="bbox 233 2147 1844 2236; baseline -0.012 -15"><span class='ocrx_word' id='word_1_150' title='bbox 233 2181 362 2236; x_wconf 83' lang='lat' dir='ltr'><strong>erga</strong></span> <span class='ocrx_word' id='word_1_151' title='bbox 385 2164 623 2226; x_wconf 81' lang='lat' dir='ltr'><strong>Patrem,</strong></span> <span class='ocrx_word' id='word_1_152' title='bbox 647 2159 798 2230; x_wconf 85' lang='lat' dir='ltr'><strong>cujus</strong></span> <span class='ocrx_word' id='word_1_153' title='bbox 819 2156 1070 2227; x_wconf 79' lang='lat' dir='ltr'><strong>potentia:</strong></span> <span class='ocrx_word' id='word_1_154' title='bbox 1099 2163 1241 2208; x_wconf 88' lang='lat' dir='ltr'><strong>tanta</strong></span> <span class='ocrx_word' id='word_1_155' title='bbox 1266 2153 1632 2223; x_wconf 82' lang='lat' dir='ltr'><strong>experimenta</strong></span> <span class='ocrx_word' id='word_1_156' title='bbox 1654 2147 1844 2205; x_wconf 81' lang='lat' dir='ltr'><strong>habui-</strong></span> 
     </span>
    </p>
   </div>
   <div class='ocr_carea' id='block_1_22' title="bbox 235 2241 1840 2323">
    <p class='ocr_par' dir='ltr' id='par_1_22' title="bbox 235 2241 1840 2323">
     <span class='ocr_line' id='line_1_22' title="bbox 235 2241 1840 2323; baseline -0.009 -14"><span class='ocrx_word' id='word_1_157' title='bbox 235 2257 353 2320; x_wconf 87' lang='lat' dir='ltr'><strong>stis,</strong></span> <span class='ocrx_word' id='word_1_158' title='bbox 387 2254 620 2323; x_wconf 87' lang='lat' dir='ltr'><strong>idipsum</strong></span> <span class='ocrx_word' id='word_1_159' title='bbox 654 2248 896 2305; x_wconf 75' lang='lat' dir='ltr'><strong>fecistis?</strong></span> <span class='ocrx_word' id='word_1_160' title='bbox 922 2245 1054 2302; x_wconf 81' lang='lat' dir='ltr'><strong>Nam</strong></span> <span class='ocrx_word' id='word_1_161' title='bbox 1089 2246 1178 2300; x_wconf 86' lang='lat' dir='ltr'><strong>illo</strong></span> <span class='ocrx_word' id='word_1_162' title='bbox 1224 2244 1412 2299; x_wconf 89' lang='lat' dir='ltr'><strong>relicto</strong></span> <span class='ocrx_word' id='word_1_163' title='bbox 1433 2283 1450 2308; x_wconf 95' lang='lat'><strong>,</strong></span> <span class='ocrx_word' id='word_1_164' title='bbox 1475 2242 1541 2296; x_wconf 92' lang='lat' dir='ltr'><strong>ad</strong></span> <span class='ocrx_word' id='word_1_165' title='bbox 1567 2241 1840 2296; x_wconf 76' lang='lat' dir='ltr'><strong>daemonas</strong></span> 
     </span>
    </p>
   </div>
   <div class='ocr_carea' id='block_1_23' title="bbox 236 2331 1840 2412">
    <p class='ocr_par' dir='ltr' id='par_1_23' title="bbox 236 2331 1840 2412">
     <span class='ocr_line' id='line_1_23' title="bbox 236 2331 1840 2412; baseline -0.011 -7"><span class='ocrx_word' id='word_1_166' title='bbox 236 2347 573 2411; x_wconf 83' lang='lat' dir='ltr'><strong>currebatis,</strong></span> <span class='ocrx_word' id='word_1_167' title='bbox 603 2353 873 2399; x_wconf 81' lang='lat' dir='ltr'><strong>atuatores</strong></span> <span class='ocrx_word' id='word_1_168' title='bbox 903 2353 1102 2412; x_wconf 87' lang='lat' dir='ltr'><strong>pravos</strong></span> <span class='ocrx_word' id='word_1_169' title='bbox 1145 2337 1518 2400; x_wconf 83' lang='lat' dir='ltr'><strong>attrahentes;</strong></span> <span class='ocrx_word' id='word_1_170' title='bbox 1547 2333 1688 2405; x_wconf 91' lang='lat' dir='ltr'><strong>quod</strong></span> <span class='ocrx_word' id='word_1_171' title='bbox 1730 2331 1840 2387; x_wconf 79' lang='lat' dir='ltr'><strong>fre-</strong></span> 
     </span>
    </p>
   </div>
   <div class='ocr_carea' id='block_1_24' title="bbox 235 2425 1840 2515">
    <p class='ocr_par' dir='ltr' id='par_1_24' title="bbox 235 2425 1840 2515">
     <span class='ocr_line' id='line_1_24' title="bbox 235 2425 1840 2515; baseline -0.01 -18"><span class='ocrx_word' id='word_1_172' title='bbox 235 2453 463 2515; x_wconf 89' lang='lat' dir='ltr'><strong>quenter</strong></span> <span class='ocrx_word' id='word_1_173' title='bbox 485 2440 589 2495; x_wconf 84' lang='lat' dir='ltr'><strong>illis</strong></span> <span class='ocrx_word' id='word_1_174' title='bbox 620 2436 869 2494; x_wconf 80' lang='lat' dir='ltr'><strong>Ezechiel</strong></span> <span class='ocrx_word' id='word_1_175' title='bbox 899 2434 1097 2505; x_wconf 88' lang='lat' dir='ltr'><strong>probro</strong></span> <span class='ocrx_word' id='word_1_176' title='bbox 1124 2433 1319 2501; x_wconf 85' lang='lat' dir='ltr'><strong>vertit(</strong></span> <span class='ocrx_word' id='word_1_177' title='bbox 1346 2429 1531 2484; x_wconf 80' lang='lat' dir='ltr'><strong>Ezech.</strong></span> <span class='ocrx_word' id='word_1_178' title='bbox 1558 2429 1626 2483; x_wconf 75' lang='grc'>16</span> <span class='ocrx_word' id='word_1_179' title='bbox 1645 2428 1690 2498; x_wconf 87' lang='grc'><strong>).</strong></span> <span class='ocrx_word' id='word_1_180' title='bbox 1716 2425 1840 2481; x_wconf 76' lang='lat' dir='ltr'><strong>lltcc</strong></span> 
     </span>
    </p>
   </div>
   <div class='ocr_carea' id='block_1_25' title="bbox 233 2517 1836 2595">
    <p class='ocr_par' dir='ltr' id='par_1_25' title="bbox 233 2517 1836 2595">
     <span class='ocr_line' id='line_1_25' title="bbox 233 2517 1836 2595; baseline -0.012 -7"><span class='ocrx_word' id='word_1_181' title='bbox 233 2543 413 2588; x_wconf 87' lang='lat' dir='ltr'><strong>autem</strong></span> <span class='ocrx_word' id='word_1_182' title='bbox 443 2530 694 2595; x_wconf 82' lang='lat' dir='ltr'><strong>dicebat,</strong></span> <span class='ocrx_word' id='word_1_183' title='bbox 723 2525 1016 2584; x_wconf 84' lang='lat' dir='ltr'><strong>ostendens</strong></span> <span class='ocrx_word' id='word_1_184' title='bbox 1045 2539 1106 2580; x_wconf 86' lang='lat' dir='ltr'><strong>se</strong></span> <span class='ocrx_word' id='word_1_185' title='bbox 1135 2537 1257 2578; x_wconf 90' lang='lat' dir='ltr'><strong>cum</strong></span> <span class='ocrx_word' id='word_1_186' title='bbox 1293 2522 1451 2576; x_wconf 84' lang='lat' dir='ltr'><strong>Patre</strong></span> <span class='ocrx_word' id='word_1_187' title='bbox 1493 2517 1798 2574; x_wconf 89' lang='lat' dir='ltr'><strong>consentire</strong></span> <span class='ocrx_word' id='word_1_188' title='bbox 1820 2558 1836 2584; x_wconf 90' lang='lat'><strong>,</strong></span> 
     </span>
    </p>
   </div>
   <div class='ocr_carea' id='block_1_26' title="bbox 236 2610 1843 2696">
    <p class='ocr_par' dir='ltr' id='par_1_26' title="bbox 236 2610 1843 2696">
     <span class='ocr_line' id='line_1_26' title="bbox 236 2610 1843 2696; baseline -0.01 -15"><span class='ocrx_word' id='word_1_189' title='bbox 236 2627 490 2696; x_wconf 82' lang='lat' dir='ltr'><strong>ipsosque</strong></span> <span class='ocrx_word' id='word_1_190' title='bbox 538 2623 669 2678; x_wconf 89' lang='lat' dir='ltr'><strong>nihil</strong></span> <span class='ocrx_word' id='word_1_191' title='bbox 720 2620 993 2676; x_wconf 89' lang='lat' dir='ltr'><strong>insolitum</strong></span> <span class='ocrx_word' id='word_1_192' title='bbox 1046 2616 1261 2676; x_wconf 76' lang='lat' dir='ltr'><strong>facere;</strong></span> <span class='ocrx_word' id='word_1_193' title='bbox 1291 2627 1592 2683; x_wconf 83' lang='lat' dir='ltr'><strong>arcanaque</strong></span> <span class='ocrx_word' id='word_1_194' title='bbox 1643 2610 1843 2665; x_wconf 83' lang='lat' dir='ltr'><strong>mentis</strong></span> 
     </span>
    </p>
   </div>
   <div class='ocr_carea' id='block_1_27' title="bbox 237 2696 1840 2786">
    <p class='ocr_par' dir='ltr' id='par_1_27' title="bbox 237 2696 1840 2786">
     <span class='ocr_line' id='line_1_27' title="bbox 237 2696 1840 2786; baseline -0.009 -16"><span class='ocrx_word' id='word_1_195' title='bbox 237 2696 482 2786; x_wconf 29' lang='lat' dir='ltr'><strong>ipsorum.</strong></span> <span class='ocrx_word' id='word_1_196' title='bbox 517 2714 756 2776; x_wconf 84' lang='lat' dir='ltr'><strong>revelat,</strong></span> <span class='ocrx_word' id='word_1_197' title='bbox 787 2709 931 2782; x_wconf 90' lang='lat' dir='ltr'><strong>quod</strong></span> <span class='ocrx_word' id='word_1_198' title='bbox 959 2722 1150 2779; x_wconf 72' lang='lat' dir='ltr'><strong>nempe</strong></span> <span class='ocrx_word' id='word_1_199' title='bbox 1177 2719 1300 2760; x_wconf 88' lang='lat' dir='ltr'><strong>cum</strong></span> <span class='ocrx_word' id='word_1_200' title='bbox 1326 2701 1661 2758; x_wconf 88' lang='lat' dir='ltr'><strong>simulatione</strong></span> <span class='ocrx_word' id='word_1_201' title='bbox 1681 2708 1840 2770; x_wconf 88' lang='lat' dir='ltr'><strong>atque</strong></span> 
     </span>
    </p>
   </div>
   <div class='ocr_carea' id='block_1_28' title="bbox 238 2806 906 2880">
    <p class='ocr_par' dir='ltr' id='par_1_28' title="bbox 238 2806 906 2880">
     <span class='ocr_line' id='line_1_28' title="bbox 238 2806 906 2880; baseline -0.01 -16"><span class='ocrx_word' id='word_1_202' title='bbox 238 2820 292 2864; x_wconf 89' lang='lat' dir='ltr'><strong>ut</strong></span> <span class='ocrx_word' id='word_1_203' title='bbox 335 2808 537 2864; x_wconf 86' lang='lat' dir='ltr'><strong>inimici</strong></span> <span class='ocrx_word' id='word_1_204' title='bbox 565 2806 616 2880; x_wconf 89' lang='lat' dir='ltr'><strong>id</strong></span> <span class='ocrx_word' id='word_1_205' title='bbox 645 2812 906 2876; x_wconf 82' lang='lat' dir='ltr'><strong>peterent.</strong></span> 
     </span>
    </p>
   </div>
   <div class='ocr_carea' id='block_1_29' title="bbox 338 2883 1841 2963">
    <p class='ocr_par' dir='ltr' id='par_1_29' title="bbox 338 2883 1841 2963">
     <span class='ocr_line' id='line_1_29' title="bbox 338 2883 1841 2963; baseline -0.011 -9"><span class='ocrx_word' id='word_1_206' title='bbox 338 2899 572 2954; x_wconf 72' lang='lat' dir='ltr'><strong>Christus</strong></span> <span class='ocrx_word' id='word_1_207' title='bbox 616 2913 672 2951; x_wconf 80' lang='lat' dir='ltr'><strong>se</strong></span> <span class='ocrx_word' id='word_1_208' title='bbox 741 2893 890 2948; x_wconf 84' lang='lat' dir='ltr'><strong>Patri</strong></span> <span class='ocrx_word' id='word_1_209' title='bbox 959 2891 1205 2963; x_wconf 66' lang='lat' dir='ltr'><strong>aqualem</strong></span> <span class='ocrx_word' id='word_1_210' title='bbox 1275 2886 1509 2942; x_wconf 84' lang='lat' dir='ltr'><strong>ostendit.</strong></span> <span class='ocrx_word' id='word_1_211' title='bbox 1537 2916 1609 2926; x_wconf 90' lang='lat'><strong><em>—</em></strong></span> <span class='ocrx_word' id='word_1_212' title='bbox 1636 2883 1841 2940; x_wconf 88' lang='lat' dir='ltr'><strong>Idcirco</strong></span> 
     </span>
    </p>
   </div>
   <div class='ocr_carea' id='block_1_30' title="bbox 240 2977 1842 3060">
    <p class='ocr_par' dir='ltr' id='par_1_30' title="bbox 240 2977 1842 3060">
     <span class='ocr_line' id='line_1_30' title="bbox 240 2977 1842 3060; baseline -0.009 -16"><span class='ocrx_word' id='word_1_213' title='bbox 240 2991 359 3046; x_wconf 89' lang='lat' dir='ltr'><strong>illos</strong></span> <span class='ocrx_word' id='word_1_214' title='bbox 396 2988 799 3060; x_wconf 76' lang='lat' dir='ltr'><strong>generationem</strong></span> <span class='ocrx_word' id='word_1_215' title='bbox 839 2998 1051 3055; x_wconf 80' lang='lat' dir='ltr'><strong>pravam</strong></span> <span class='ocrx_word' id='word_1_216' title='bbox 1092 2989 1270 3047; x_wconf 87' lang='lat' dir='ltr'><strong>vocat,</strong></span> <span class='ocrx_word' id='word_1_217' title='bbox 1302 2979 1423 3050; x_wconf 88' lang='lat' dir='ltr'><strong>quia</strong></span> <span class='ocrx_word' id='word_1_218' title='bbox 1461 2977 1653 3048; x_wconf 76' lang='lat' dir='ltr'><strong>ingrati</strong></span> <span class='ocrx_word' id='word_1_219' title='bbox 1701 2991 1842 3032; x_wconf 86' lang='lat' dir='ltr'><strong>sem-</strong></span> 
     </span>
    </p>
   </div>
   <div class='ocr_carea' id='block_1_31' title="bbox 239 3067 1840 3152">
    <p class='ocr_par' dir='ltr' id='par_1_31' title="bbox 239 3067 1840 3152">
     <span class='ocr_line' id='line_1_31' title="bbox 239 3067 1840 3152; baseline -0.011 -14"><span class='ocrx_word' id='word_1_220' title='bbox 239 3099 333 3152; x_wconf 83' lang='lat' dir='ltr'><strong>per</strong></span> <span class='ocrx_word' id='word_1_221' title='bbox 359 3089 487 3137; x_wconf 90' lang='lat' dir='ltr'><strong>sunt</strong></span> <span class='ocrx_word' id='word_1_222' title='bbox 514 3093 640 3149; x_wconf 86' lang='lat' dir='ltr'><strong>erga</strong></span> <span class='ocrx_word' id='word_1_223' title='bbox 667 3075 968 3139; x_wconf 82' lang='lat' dir='ltr'><strong>beneﬁcos;</strong></span> <span class='ocrx_word' id='word_1_224' title='bbox 998 3083 1054 3131; x_wconf 91' lang='lat' dir='ltr'><strong>et</strong></span> <span class='ocrx_word' id='word_1_225' title='bbox 1087 3073 1132 3127; x_wconf 94' lang='lat' dir='ltr'><strong>si</strong></span> <span class='ocrx_word' id='word_1_226' title='bbox 1170 3072 1304 3126; x_wconf 87' lang='lat' dir='ltr'><strong>bene</strong></span> <span class='ocrx_word' id='word_1_227' title='bbox 1335 3084 1455 3124; x_wconf 91' lang='lat' dir='ltr'><strong>cum</strong></span> <span class='ocrx_word' id='word_1_228' title='bbox 1495 3069 1598 3125; x_wconf 87' lang='lat' dir='ltr'><strong>illis</strong></span> <span class='ocrx_word' id='word_1_229' title='bbox 1643 3067 1840 3136; x_wconf 85' lang='lat' dir='ltr'><strong>agitur,</strong></span> 
     </span>
    </p>
   </div>
   <div class='ocr_carea' id='block_1_32' title="bbox 237 3158 1841 3243">
    <p class='ocr_par' dir='ltr' id='par_1_32' title="bbox 237 3158 1841 3243">
     <span class='ocr_line' id='line_1_32' title="bbox 237 3158 1841 3243; baseline -0.009 -16"><span class='ocrx_word' id='word_1_230' title='bbox 237 3173 449 3243; x_wconf 76' lang='lat' dir='ltr'><strong>pejores</strong></span> <span class='ocrx_word' id='word_1_231' title='bbox 475 3169 644 3235; x_wconf 85' lang='lat' dir='ltr'><strong>llunt;</strong></span> <span class='ocrx_word' id='word_1_232' title='bbox 667 3166 809 3238; x_wconf 87' lang='lat' dir='ltr'><strong>quod</strong></span> <span class='ocrx_word' id='word_1_233' title='bbox 833 3175 915 3221; x_wconf 90' lang='lat' dir='ltr'><strong>est</strong></span> <span class='ocrx_word' id='word_1_234' title='bbox 937 3174 1192 3220; x_wconf 73' lang='lat' dir='ltr'><strong>extrema:</strong></span> <span class='ocrx_word' id='word_1_235' title='bbox 1214 3161 1602 3230; x_wconf 79' lang='lat' dir='ltr'><strong>improbitatis;</strong></span> <span class='ocrx_word' id='word_1_236' title='bbox 1633 3158 1841 3212; x_wconf 83' lang='lat' dir='ltr'><strong>adulte-</strong></span> 
     </span>
    </p>
   </div>
   <div class='ocr_carea' id='block_1_33' title="bbox 240 3249 1848 3326">
    <p class='ocr_par' dir='ltr' id='par_1_33' title="bbox 240 3249 1848 3326">
     <span class='ocr_line' id='line_1_33' title="bbox 240 3249 1848 3326; baseline -0.011 -6"><span class='ocrx_word' id='word_1_237' title='bbox 240 3280 352 3320; x_wconf 88' lang='lat' dir='ltr'><strong>ram</strong></span> <span class='ocrx_word' id='word_1_238' title='bbox 386 3277 518 3317; x_wconf 84' lang='lat' dir='ltr'><strong>vero</strong></span> <span class='ocrx_word' id='word_1_239' title='bbox 557 3260 799 3326; x_wconf 87' lang='lat' dir='ltr'><strong>vocavit,</strong></span> <span class='ocrx_word' id='word_1_240' title='bbox 830 3268 888 3314; x_wconf 89' lang='lat' dir='ltr'><strong>et</strong></span> <span class='ocrx_word' id='word_1_241' title='bbox 911 3258 1140 3326; x_wconf 88' lang='lat' dir='ltr'><strong>priorem</strong></span> <span class='ocrx_word' id='word_1_242' title='bbox 1168 3263 1222 3308; x_wconf 90' lang='lat' dir='ltr'><strong>ct</strong></span> <span class='ocrx_word' id='word_1_243' title='bbox 1251 3263 1568 3323; x_wconf 66' lang='lat' dir='ltr'><strong>praesentem</strong></span> <span class='ocrx_word' id='word_1_244' title='bbox 1597 3249 1848 3305; x_wconf 90' lang='lat' dir='ltr'><strong>incredu-</strong></span> 
     </span>
    </p>
   </div>
   <div class='ocr_carea' id='block_1_34' title="bbox 239 3342 1844 3421">
    <p class='ocr_par' dir='ltr' id='par_1_34' title="bbox 239 3342 1844 3421">
     <span class='ocr_line' id='line_1_34' title="bbox 239 3342 1844 3421; baseline -0.009 -11"><span class='ocrx_word' id='word_1_245' title='bbox 239 3357 440 3410; x_wconf 88' lang='lat' dir='ltr'><strong>litatem</strong></span> <span class='ocrx_word' id='word_1_246' title='bbox 496 3351 835 3421; x_wconf 72' lang='lat' dir='ltr'><strong>signiﬁcans;</strong></span> <span class='ocrx_word' id='word_1_247' title='bbox 891 3349 1032 3403; x_wconf 90' lang='lat' dir='ltr'><strong>unde</strong></span> <span class='ocrx_word' id='word_1_248' title='bbox 1075 3349 1267 3402; x_wconf 86' lang='lat' dir='ltr'><strong>iterum</strong></span> <span class='ocrx_word' id='word_1_249' title='bbox 1317 3345 1550 3398; x_wconf 88' lang='lat' dir='ltr'><strong>ostendit</strong></span> <span class='ocrx_word' id='word_1_250' title='bbox 1605 3358 1663 3396; x_wconf 85' lang='lat' dir='ltr'><strong>se</strong></span> <span class='ocrx_word' id='word_1_251' title='bbox 1699 3342 1844 3401; x_wconf 87' lang='lat' dir='ltr'><strong>Patri</strong></span> 
     </span>
    </p>
   </div>
   <div class='ocr_carea' id='block_1_35' title="bbox 238 3433 1843 3516">
    <p class='ocr_par' dir='ltr' id='par_1_35' title="bbox 238 3433 1843 3516">
     <span class='ocr_line' id='line_1_35' title="bbox 238 3433 1843 3516; baseline -0.011 -13"><span class='ocrx_word' id='word_1_252' title='bbox 238 3448 496 3516; x_wconf 74' lang='lat' dir='ltr'><strong>mqualem</strong></span> <span class='ocrx_word' id='word_1_253' title='bbox 517 3459 660 3510; x_wconf 78' lang='lat' dir='ltr'><strong>esse,</strong></span> <span class='ocrx_word' id='word_1_254' title='bbox 688 3441 948 3510; x_wconf 85' lang='lat' dir='ltr'><strong>siquidem</strong></span> <span class='ocrx_word' id='word_1_255' title='bbox 973 3439 1024 3492; x_wconf 90' lang='lat' dir='ltr'><strong>id</strong></span> <span class='ocrx_word' id='word_1_256' title='bbox 1049 3438 1193 3491; x_wconf 88' lang='lat' dir='ltr'><strong>illam</strong></span> <span class='ocrx_word' id='word_1_257' title='bbox 1217 3436 1512 3490; x_wconf 84' lang='lat' dir='ltr'><strong>adulteram</strong></span> <span class='ocrx_word' id='word_1_258' title='bbox 1537 3433 1678 3498; x_wconf 76' lang='lat' dir='ltr'><strong>facit,</strong></span> <span class='ocrx_word' id='word_1_259' title='bbox 1702 3433 1843 3501; x_wconf 88' lang='lat' dir='ltr'><strong>quod</strong></span> 
     </span>
    </p>
   </div>
   <div class='ocr_carea' id='block_1_36' title="bbox 239 3523 1844 3600">
    <p class='ocr_par' dir='ltr' id='par_1_36' title="bbox 239 3523 1844 3600">
     <span class='ocr_line' id='line_1_36' title="bbox 239 3523 1844 3600; baseline -0.012 -4"><span class='ocrx_word' id='word_1_260' title='bbox 239 3543 340 3596; x_wconf 83' lang='lat' dir='ltr'><strong>sibi</strong></span> <span class='ocrx_word' id='word_1_261' title='bbox 370 3555 478 3596; x_wconf 92' lang='lat' dir='ltr'><strong>non</strong></span> <span class='ocrx_word' id='word_1_262' title='bbox 507 3537 708 3595; x_wconf 88' lang='lat' dir='ltr'><strong>credat.</strong></span> <span class='ocrx_word' id='word_1_263' title='bbox 765 3532 964 3588; x_wconf 89' lang='lat' dir='ltr'><strong>Deinde</strong></span> <span class='ocrx_word' id='word_1_264' title='bbox 989 3541 1108 3600; x_wconf 90' lang='lat' dir='ltr'><strong>post</strong></span> <span class='ocrx_word' id='word_1_265' title='bbox 1135 3533 1249 3584; x_wconf 76' lang='lat' dir='ltr'><strong>bare</strong></span> <span class='ocrx_word' id='word_1_266' title='bbox 1277 3528 1516 3582; x_wconf 87' lang='lat' dir='ltr'><strong>convicia</strong></span> <span class='ocrx_word' id='word_1_267' title='bbox 1539 3568 1552 3591; x_wconf 93' lang='lat'><strong>,</strong></span> <span class='ocrx_word' id='word_1_268' title='bbox 1581 3525 1708 3594; x_wconf 84' lang='lat' dir='ltr'><strong>quid</strong></span> <span class='ocrx_word' id='word_1_269' title='bbox 1736 3523 1844 3578; x_wconf 86' lang='lat' dir='ltr'><strong>ait?</strong></span> 
     </span>
    </p>
   </div>
   <div class='ocr_carea' id='block_1_37' title="bbox 245 3614 1845 3700">
    <p class='ocr_par' dir='ltr' id='par_1_37' title="bbox 245 3614 1845 3700">
     <span class='ocr_line' id='line_1_37' title="bbox 245 3614 1845 3700; baseline -0.011 -14"><span class='ocrx_word' id='word_1_270' title='bbox 245 3631 353 3686; x_wconf 71' lang='lat' dir='ltr'><strong>Nec</strong></span> <span class='ocrx_word' id='word_1_271' title='bbox 370 3631 575 3700; x_wconf 80' lang='lat' dir='ltr'><strong>signum</strong></span> <span class='ocrx_word' id='word_1_272' title='bbox 602 3627 801 3681; x_wconf 78' lang='lat' dir='ltr'><strong>dabitur</strong></span> <span class='ocrx_word' id='word_1_273' title='bbox 823 3628 888 3689; x_wconf 84' lang='lat' dir='ltr'><strong>ei,</strong></span> <span class='ocrx_word' id='word_1_274' title='bbox 911 3623 1008 3677; x_wconf 82' lang='lat' dir='ltr'><strong>nisi</strong></span> <span class='ocrx_word' id='word_1_275' title='bbox 1027 3623 1226 3691; x_wconf 82' lang='lat' dir='ltr'><strong>signum</strong></span> <span class='ocrx_word' id='word_1_276' title='bbox 1250 3619 1401 3672; x_wconf 80' lang='lat' dir='ltr'><strong>.lome</strong></span> <span class='ocrx_word' id='word_1_277' title='bbox 1422 3618 1699 3686; x_wconf 73' lang='lat' dir='ltr'><strong>prophetes.</strong></span> <span class='ocrx_word' id='word_1_278' title='bbox 1726 3614 1845 3669; x_wconf 80' lang='lat' dir='ltr'><strong>lam</strong></span> 
     </span>
    </p>
   </div>
   <div class='ocr_carea' id='block_1_38' title="bbox 244 3705 1844 3780">
    <p class='ocr_par' dir='ltr' id='par_1_38' title="bbox 244 3705 1844 3780">
     <span class='ocr_line' id='line_1_38' title="bbox 244 3705 1844 3780; baseline -0.013 -2"><span class='ocrx_word' id='word_1_279' title='bbox 244 3734 549 3778; x_wconf 80' lang='lat' dir='ltr'><strong>sermonem</strong></span> <span class='ocrx_word' id='word_1_280' title='bbox 579 3717 646 3772; x_wconf 66' lang='lat' dir='ltr'><strong>de</strong></span> <span class='ocrx_word' id='word_1_281' title='bbox 676 3713 1071 3770; x_wconf 78' lang='lat' dir='ltr'><strong>resurrectione</strong></span> <span class='ocrx_word' id='word_1_282' title='bbox 1119 3708 1392 3780; x_wconf 74' lang='lat' dir='ltr'><strong>pr;cmittit</strong></span> <span class='ocrx_word' id='word_1_283' title='bbox 1414 3751 1428 3772; x_wconf 94' lang='lat'><strong>,</strong></span> <span class='ocrx_word' id='word_1_284' title='bbox 1457 3721 1630 3775; x_wconf 90' lang='lat' dir='ltr'><strong>exque</strong></span> <span class='ocrx_word' id='word_1_285' title='bbox 1680 3705 1844 3774; x_wconf 84' lang='lat' dir='ltr'><strong>ﬁgura</strong></span> 
     </span>
    </p>
   </div>
   <div class='ocr_carea' id='block_1_39' title="bbox 246 3794 1844 3873">
    <p class='ocr_par' dir='ltr' id='par_1_39' title="bbox 246 3794 1844 3873">
     <span class='ocr_line' id='line_1_39' title="bbox 246 3794 1844 3873; baseline -0.012 -6"><span class='ocrx_word' id='word_1_286' title='bbox 246 3810 550 3868; x_wconf 81' lang='lat' dir='ltr'><strong>conﬁrmat.</strong></span> <span class='ocrx_word' id='word_1_287' title='bbox 575 3805 711 3873; x_wconf 92' lang='lat' dir='ltr'><strong>Quid</strong></span> <span class='ocrx_word' id='word_1_288' title='bbox 740 3805 919 3873; x_wconf 82' lang='lat' dir='ltr'><strong>igitur,</strong></span> <span class='ocrx_word' id='word_1_289' title='bbox 955 3800 1183 3870; x_wconf 78' lang='lat' dir='ltr'><strong>inquies,</strong></span> <span class='ocrx_word' id='word_1_290' title='bbox 1220 3813 1396 3851; x_wconf 77' lang='lat' dir='ltr'><strong>nniinc</strong></span> <span class='ocrx_word' id='word_1_291' title='bbox 1425 3797 1636 3865; x_wconf 83' lang='lat' dir='ltr'><strong>signum</strong></span> <span class='ocrx_word' id='word_1_292' title='bbox 1662 3794 1844 3849; x_wconf 88' lang='lat' dir='ltr'><strong>datum</strong></span> 
     </span>
    </p>
   </div>
   <div class='ocr_carea' id='block_1_40' title="bbox 246 3885 1844 3961">
    <p class='ocr_par' dir='ltr' id='par_1_40' title="bbox 246 3885 1844 3961">
     <span class='ocr_line' id='line_1_40' title="bbox 246 3885 1844 3961; baseline -0.013 -4"><span class='ocrx_word' id='word_1_293' title='bbox 246 3899 444 3958; x_wconf 77' lang='lat' dir='ltr'><strong>estsi?</strong></span> <span class='ocrx_word' id='word_1_294' title='bbox 474 3899 587 3953; x_wconf 68' lang='lat' dir='ltr'><strong>Non</strong></span> <span class='ocrx_word' id='word_1_295' title='bbox 616 3894 796 3950; x_wconf 79' lang='lat' dir='ltr'><strong>datum</strong></span> <span class='ocrx_word' id='word_1_296' title='bbox 826 3902 907 3948; x_wconf 83' lang='lat' dir='ltr'><strong>est</strong></span> <span class='ocrx_word' id='word_1_297' title='bbox 952 3890 1174 3961; x_wconf 83' lang='lat' dir='ltr'><strong>petenti.</strong></span> <span class='ocrx_word' id='word_1_298' title='bbox 1209 3889 1322 3942; x_wconf 80' lang='lat' dir='ltr'><strong>Non</strong></span> <span class='ocrx_word' id='word_1_299' title='bbox 1353 3889 1496 3942; x_wconf 83' lang='lat' dir='ltr'><strong>enim</strong></span> <span class='ocrx_word' id='word_1_300' title='bbox 1528 3896 1584 3939; x_wconf 91' lang='lat' dir='ltr'><strong>ut</strong></span> <span class='ocrx_word' id='word_1_301' title='bbox 1613 3885 1730 3940; x_wconf 85' lang='lat' dir='ltr'><strong>illos</strong></span> <span class='ocrx_word' id='word_1_302' title='bbox 1763 3885 1844 3938; x_wconf 89' lang='lat' dir='ltr'><strong>in-</strong></span> 
     </span>
    </p>
   </div>
   <div class='ocr_carea' id='block_1_41' title="bbox 247 3980 1848 4062">
    <p class='ocr_par' dir='ltr' id='par_1_41' title="bbox 247 3980 1848 4062">
     <span class='ocr_line' id='line_1_41' title="bbox 247 3980 1848 4062; baseline -0.011 -13"><span class='ocrx_word' id='word_1_303' title='bbox 247 3996 488 4060; x_wconf 85' lang='lat' dir='ltr'><strong>duceret,</strong></span> <span class='ocrx_word' id='word_1_304' title='bbox 515 3993 664 4062; x_wconf 82' lang='lat' dir='ltr'><strong>signa</strong></span> <span class='ocrx_word' id='word_1_305' title='bbox 690 3987 918 4043; x_wconf 77' lang='lat' dir='ltr'><strong>faciebat</strong></span> <span class='ocrx_word' id='word_1_306' title='bbox 953 4004 964 4036; x_wconf 93' lang='lat'>:</span> <span class='ocrx_word' id='word_1_307' title='bbox 994 3985 1198 4039; x_wconf 84' lang='lat' dir='ltr'><strong>sciebat</strong></span> <span class='ocrx_word' id='word_1_308' title='bbox 1227 3981 1370 4036; x_wconf 87' lang='lat' dir='ltr'><strong>enim</strong></span> <span class='ocrx_word' id='word_1_309' title='bbox 1404 3980 1524 4034; x_wconf 79' lang='lat' dir='ltr'><strong>ilics</strong></span> <span class='ocrx_word' id='word_1_310' title='bbox 1551 3987 1848 4034; x_wconf 68' lang='lat' dir='ltr'><strong>excmcatos</strong></span> 
     </span>
    </p>
   </div>
   <div class='ocr_carea' id='block_1_42' title="bbox 249 4069 1844 4149">
    <p class='ocr_par' dir='ltr' id='par_1_42' title="bbox 249 4069 1844 4149">
     <span class='ocr_line' id='line_1_42' title="bbox 249 4069 1844 4149; baseline -0.012 -7"><span class='ocrx_word' id='word_1_311' title='bbox 249 4102 402 4149; x_wconf 75' lang='lat' dir='ltr'><strong>esse,</strong></span> <span class='ocrx_word' id='word_1_312' title='bbox 434 4083 530 4140; x_wconf 87' lang='lat' dir='ltr'><strong>sed</strong></span> <span class='ocrx_word' id='word_1_313' title='bbox 564 4092 618 4138; x_wconf 89' lang='lat' dir='ltr'><strong>ut</strong></span> <span class='ocrx_word' id='word_1_314' title='bbox 645 4081 780 4134; x_wconf 85' lang='lat' dir='ltr'><strong>alios</strong></span> <span class='ocrx_word' id='word_1_315' title='bbox 809 4077 1140 4133; x_wconf 89' lang='lat' dir='ltr'><strong>emendaret.</strong></span> <span class='ocrx_word' id='word_1_316' title='bbox 1178 4073 1273 4127; x_wconf 77' lang='lat' dir='ltr'><strong>Vel</strong></span> <span class='ocrx_word' id='word_1_317' title='bbox 1303 4074 1403 4127; x_wconf 85' lang='lat' dir='ltr'><strong>hoc</strong></span> <span class='ocrx_word' id='word_1_318' title='bbox 1429 4069 1714 4126; x_wconf 84' lang='lat' dir='ltr'><strong>dicendum</strong></span> <span class='ocrx_word' id='word_1_319' title='bbox 1743 4077 1844 4135; x_wconf 90' lang='lat' dir='ltr'><strong>est,</strong></span> 
     </span>
    </p>
   </div>
   <div class='ocr_carea' id='block_1_43' title="bbox 253 4161 1848 4245">
    <p class='ocr_par' dir='ltr' id='par_1_43' title="bbox 253 4161 1848 4245">
     <span class='ocr_line' id='line_1_43' title="bbox 253 4161 1848 4245; baseline -0.011 -13"><span class='ocrx_word' id='word_1_320' title='bbox 253 4180 330 4235; x_wconf 90' lang='lat' dir='ltr'><strong>vel</strong></span> <span class='ocrx_word' id='word_1_321' title='bbox 360 4181 456 4240; x_wconf 70' lang='lat' dir='ltr'><strong>sic.</strong></span> <span class='ocrx_word' id='word_1_322' title='bbox 489 4179 630 4245; x_wconf 85' lang='lat' dir='ltr'><strong>ipsos</strong></span> <span class='ocrx_word' id='word_1_323' title='bbox 657 4187 850 4241; x_wconf 84' lang='lat' dir='ltr'><strong>nempe</strong></span> <span class='ocrx_word' id='word_1_324' title='bbox 879 4173 1088 4240; x_wconf 78' lang='lat' dir='ltr'><strong>signum</strong></span> <span class='ocrx_word' id='word_1_325' title='bbox 1131 4183 1237 4222; x_wconf 85' lang='lat' dir='ltr'><strong>non</strong></span> <span class='ocrx_word' id='word_1_326' title='bbox 1281 4176 1595 4236; x_wconf 87' lang='lat' dir='ltr'><strong>accepturos</strong></span> <span class='ocrx_word' id='word_1_327' title='bbox 1623 4178 1742 4217; x_wconf 76' lang='lat' dir='ltr'><strong>esse</strong></span> <span class='ocrx_word' id='word_1_328' title='bbox 1773 4161 1848 4216; x_wconf 87' lang='lat' dir='ltr'><strong>illi</strong></span> 
     </span>
    </p>
   </div>
   <div class='ocr_carea' id='block_1_44' title="bbox 249 4254 1846 4335">
    <p class='ocr_par' dir='ltr' id='par_1_44' title="bbox 249 4254 1846 4335">
     <span class='ocr_line' id='line_1_44' title="bbox 249 4254 1846 4335; baseline -0.01 -11"><span class='ocrx_word' id='word_1_329' title='bbox 249 4269 444 4324; x_wconf 73' lang='lat' dir='ltr'><strong>simile.</strong></span> <span class='ocrx_word' id='word_1_330' title='bbox 469 4265 688 4335; x_wconf 78' lang='lat' dir='ltr'><strong>Signum</strong></span> <span class='ocrx_word' id='word_1_331' title='bbox 713 4263 908 4333; x_wconf 83' lang='lat' dir='ltr'><strong>quippe</strong></span> <span class='ocrx_word' id='word_1_332' title='bbox 934 4260 1112 4315; x_wconf 81' lang='lat' dir='ltr'><strong>datum</strong></span> <span class='ocrx_word' id='word_1_333' title='bbox 1139 4260 1242 4312; x_wconf 87' lang='lat' dir='ltr'><strong>illis</strong></span> <span class='ocrx_word' id='word_1_334' title='bbox 1263 4267 1344 4312; x_wconf 85' lang='lat' dir='ltr'><strong>est</strong></span> <span class='ocrx_word' id='word_1_335' title='bbox 1369 4254 1583 4326; x_wconf 87' lang='lat' dir='ltr'><strong>quando</strong></span> <span class='ocrx_word' id='word_1_336' title='bbox 1605 4255 1846 4321; x_wconf 71' lang='lat' dir='ltr'><strong>castigati</strong></span> 
     </span>
    </p>
   </div>
   <div class='ocr_carea' id='block_1_45' title="bbox 249 4350 1849 4430">
    <p class='ocr_par' dir='ltr' id='par_1_45' title="bbox 249 4350 1849 4430">
     <span class='ocr_line' id='line_1_45' title="bbox 249 4350 1849 4430; baseline -0.009 -14"><span class='ocrx_word' id='word_1_337' title='bbox 249 4361 364 4430; x_wconf 89' lang='lat' dir='ltr'><strong>ejus</strong></span> <span class='ocrx_word' id='word_1_338' title='bbox 409 4358 699 4428; x_wconf 85' lang='lat' dir='ltr'><strong>potentiam</strong></span> <span class='ocrx_word' id='word_1_339' title='bbox 732 4364 1019 4410; x_wconf 84' lang='lat' dir='ltr'><strong>noverunt.</strong></span> <span class='ocrx_word' id='word_1_340' title='bbox 1049 4353 1144 4408; x_wconf 78' lang='lat' dir='ltr'><strong>Hic</strong></span> <span class='ocrx_word' id='word_1_341' title='bbox 1174 4353 1352 4420; x_wconf 81' lang='lat' dir='ltr'><strong>itaque</strong></span> <span class='ocrx_word' id='word_1_342' title='bbox 1375 4351 1547 4404; x_wconf 84' lang='lat' dir='ltr'><strong>minas</strong></span> <span class='ocrx_word' id='word_1_343' title='bbox 1579 4350 1849 4403; x_wconf 83' lang='lat' dir='ltr'><strong>intentans</strong></span> 
     </span>
    </p>
   </div>
   <div class='ocr_carea' id='block_1_46' title="bbox 255 4440 1848 4523">
    <p class='ocr_par' dir='ltr' id='par_1_46' title="bbox 255 4440 1848 4523">
     <span class='ocr_line' id='line_1_46' title="bbox 255 4440 1848 4523; baseline -0.011 -15"><span class='ocrx_word' id='word_1_344' title='bbox 255 4454 512 4523; x_wconf 83' lang='lat' dir='ltr'><strong>loquitur,</strong></span> <span class='ocrx_word' id='word_1_345' title='bbox 541 4451 642 4503; x_wconf 79' lang='lat' dir='ltr'><strong>hoc</strong></span> <span class='ocrx_word' id='word_1_346' title='bbox 670 4451 842 4518; x_wconf 85' lang='lat' dir='ltr'><strong>ipsum</strong></span> <span class='ocrx_word' id='word_1_347' title='bbox 872 4447 1238 4511; x_wconf 77' lang='lat' dir='ltr'><strong>subindicuns,</strong></span> <span class='ocrx_word' id='word_1_348' title='bbox 1268 4459 1330 4498; x_wconf 90' lang='lat' dir='ltr'><strong>ac</strong></span> <span class='ocrx_word' id='word_1_349' title='bbox 1356 4444 1400 4496; x_wconf 92' lang='lat' dir='ltr'><strong>si</strong></span> <span class='ocrx_word' id='word_1_350' title='bbox 1429 4443 1634 4495; x_wconf 78' lang='lat' dir='ltr'><strong>dieerct</strong></span> <span class='ocrx_word' id='word_1_351' title='bbox 1664 4457 1676 4491; x_wconf 93' lang='lat'>:</span> <span class='ocrx_word' id='word_1_352' title='bbox 1710 4440 1848 4494; x_wconf 80' lang='lat' dir='ltr'><strong>Sex-</strong></span> 
     </span>
    </p>
   </div>
   <div class='ocr_carea' id='block_1_47' title="bbox 252 4535 1847 4600">
    <p class='ocr_par' dir='ltr' id='par_1_47' title="bbox 252 4535 1847 4600">
     <span class='ocr_line' id='line_1_47' title="bbox 252 4535 1847 4600; baseline -0.008 -2"><span class='ocrx_word' id='word_1_353' title='bbox 252 4555 408 4599; x_wconf 83' lang='lat' dir='ltr'><strong>centa</strong></span> <span class='ocrx_word' id='word_1_354' title='bbox 454 4541 712 4597; x_wconf 76' lang='lat' dir='ltr'><strong>beneﬁcia</strong></span> <span class='ocrx_word' id='word_1_355' title='bbox 751 4539 972 4600; x_wconf 83' lang='lat' dir='ltr'><strong>contuli,</strong></span> <span class='ocrx_word' id='word_1_356' title='bbox 1015 4539 1216 4591; x_wconf 83' lang='lat' dir='ltr'><strong>nullum</strong></span> <span class='ocrx_word' id='word_1_357' title='bbox 1264 4550 1449 4587; x_wconf 84' lang='lat' dir='ltr'><strong>eorum</strong></span> <span class='ocrx_word' id='word_1_358' title='bbox 1479 4547 1576 4587; x_wconf 83' lang='lat' dir='ltr'><strong>vos</strong></span> <span class='ocrx_word' id='word_1_359' title='bbox 1613 4535 1847 4598; x_wconf 79' lang='lat' dir='ltr'><strong>attraxit,</strong></span> 
     </span>
    </p>
   </div>
   <div class='ocr_carea' id='block_1_48' title="bbox 257 4624 1851 4702">
    <p class='ocr_par' dir='ltr' id='par_1_48' title="bbox 257 4624 1851 4702">
     <span class='ocr_line' id='line_1_48' title="bbox 257 4624 1851 4702; baseline -0.008 -14"><span class='ocrx_word' id='word_1_360' title='bbox 257 4649 430 4702; x_wconf 87' lang='lat' dir='ltr'><strong>neque</strong></span> <span class='ocrx_word' id='word_1_361' title='bbox 459 4630 703 4686; x_wconf 75' lang='lat' dir='ltr'><strong>voluistis</strong></span> <span class='ocrx_word' id='word_1_362' title='bbox 728 4628 1020 4699; x_wconf 85' lang='lat' dir='ltr'><strong>potentiam</strong></span> <span class='ocrx_word' id='word_1_363' title='bbox 1045 4641 1219 4682; x_wconf 84' lang='lat' dir='ltr'><strong>meam</strong></span> <span class='ocrx_word' id='word_1_364' title='bbox 1239 4624 1484 4677; x_wconf 81' lang='lat' dir='ltr'><strong>adorare.</strong></span> <span class='ocrx_word' id='word_1_365' title='bbox 1509 4624 1611 4677; x_wconf 73' lang='lat' dir='ltr'><strong>I’cr</strong></span> <span class='ocrx_word' id='word_1_366' title='bbox 1639 4632 1851 4677; x_wconf 73' lang='lat' dir='ltr'><strong>contra—</strong></span> 
     </span>
    </p>
   </div>
   <div class='ocr_carea' id='block_1_49' title="bbox 254 4714 1850 4794">
    <p class='ocr_par' dir='ltr' id='par_1_49' title="bbox 254 4714 1850 4794">
     <span class='ocr_line' id='line_1_49' title="bbox 254 4714 1850 4794; baseline -0.008 -14"><span class='ocrx_word' id='word_1_367' title='bbox 254 4727 331 4780; x_wconf 89' lang='lat' dir='ltr'><strong>ria</strong></span> <span class='ocrx_word' id='word_1_368' title='bbox 358 4739 489 4794; x_wconf 83' lang='lat' dir='ltr'><strong>ergo</strong></span> <span class='ocrx_word' id='word_1_369' title='bbox 517 4721 850 4791; x_wconf 76' lang='lat' dir='ltr'><strong>Cognoscetis</strong></span> <span class='ocrx_word' id='word_1_370' title='bbox 889 4718 1252 4776; x_wconf 77' lang='lat' dir='ltr'><strong>fortitudinem</strong></span> <span class='ocrx_word' id='word_1_371' title='bbox 1285 4732 1477 4780; x_wconf 77' lang='lat' dir='ltr'><strong>meum,</strong></span> <span class='ocrx_word' id='word_1_372' title='bbox 1512 4732 1631 4770; x_wconf 70' lang='lat' dir='ltr'><strong>clm</strong></span> <span class='ocrx_word' id='word_1_373' title='bbox 1664 4714 1850 4767; x_wconf 79' lang='lat' dir='ltr'><strong>urbem</strong></span> 
     </span>
    </p>
   </div>
   <div class='ocr_carea' id='block_1_50' title="bbox 256 4805 1854 4880">
    <p class='ocr_par' dir='ltr' id='par_1_50' title="bbox 256 4805 1854 4880">
     <span class='ocr_line' id='line_1_50' title="bbox 256 4805 1854 4880; baseline -0.008 -9"><span class='ocrx_word' id='word_1_374' title='bbox 256 4818 491 4872; x_wconf 82' lang='lat' dir='ltr'><strong>excisam</strong></span> <span class='ocrx_word' id='word_1_375' title='bbox 527 4814 762 4868; x_wconf 77' lang='lat' dir='ltr'><strong>videritis</strong></span> <span class='ocrx_word' id='word_1_376' title='bbox 783 4853 797 4875; x_wconf 93' lang='lat'><strong>,</strong></span> <span class='ocrx_word' id='word_1_377' title='bbox 825 4811 1039 4880; x_wconf 85' lang='lat' dir='ltr'><strong>quando</strong></span> <span class='ocrx_word' id='word_1_378' title='bbox 1070 4810 1370 4865; x_wconf 78' lang='lat' dir='ltr'><strong>destructus</strong></span> <span class='ocrx_word' id='word_1_379' title='bbox 1409 4822 1612 4871; x_wconf 83' lang='lat' dir='ltr'><strong>muros,</strong></span> <span class='ocrx_word' id='word_1_380' title='bbox 1642 4805 1854 4876; x_wconf 79' lang='lat' dir='ltr'><strong>quando</strong></span> 
     </span>
    </p>
   </div>
   <div class='ocr_carea' id='block_1_51' title="bbox 258 4899 1858 4976">
    <p class='ocr_par' dir='ltr' id='par_1_51' title="bbox 258 4899 1858 4976">
     <span class='ocr_line' id='line_1_51' title="bbox 258 4899 1858 4976; baseline -0.008 -14"><span class='ocrx_word' id='word_1_381' title='bbox 258 4907 514 4976; x_wconf 86' lang='lat' dir='ltr'><strong>templum</strong></span> <span class='ocrx_word' id='word_1_382' title='bbox 556 4905 839 4959; x_wconf 88' lang='lat' dir='ltr'><strong>maceriem</strong></span> <span class='ocrx_word' id='word_1_383' title='bbox 894 4903 1174 4965; x_wconf 73' lang='lat' dir='ltr'><strong>etinctum,</strong></span> <span class='ocrx_word' id='word_1_384' title='bbox 1203 4899 1415 4968; x_wconf 82' lang='lat' dir='ltr'><strong>quando</strong></span> <span class='ocrx_word' id='word_1_385' title='bbox 1456 4916 1522 4953; x_wconf 82' lang='lat' dir='ltr'><strong>ex</strong></span> <span class='ocrx_word' id='word_1_386' title='bbox 1561 4899 1776 4953; x_wconf 86' lang='lat' dir='ltr'><strong>civitate</strong></span> <span class='ocrx_word' id='word_1_387' title='bbox 1803 4909 1858 4951; x_wconf 90' lang='lat' dir='ltr'><strong>et</strong></span> 
     </span>
    </p>
   </div>
   <div class='ocr_carea' id='block_1_52' title="bbox 260 4994 1856 5063">
    <p class='ocr_par' dir='ltr' id='par_1_52' title="bbox 260 4994 1856 5063">
     <span class='ocr_line' id='line_1_52' title="bbox 260 4994 1856 5063; baseline -0.005 -13"><span class='ocrx_word' id='word_1_388' title='bbox 260 4997 586 5054; x_wconf 78' lang='lat' dir='ltr'><strong>exlibertatc</strong></span> <span class='ocrx_word' id='word_1_389' title='bbox 617 4995 839 5063; x_wconf 87' lang='lat' dir='ltr'><strong>pristina</strong></span> <span class='ocrx_word' id='word_1_390' title='bbox 871 4994 1174 5048; x_wconf 87' lang='lat' dir='ltr'><strong>excideritis</strong></span> <span class='ocrx_word' id='word_1_391' title='bbox 1196 5009 1210 5056; x_wconf 92' lang='lat'><strong>;</strong></span> <span class='ocrx_word' id='word_1_392' title='bbox 1234 5001 1287 5045; x_wconf 88' lang='lat' dir='ltr'><strong>et</strong></span> <span class='ocrx_word' id='word_1_393' title='bbox 1315 5006 1499 5046; x_wconf 88' lang='lat' dir='ltr'><strong>rursus</strong></span> <span class='ocrx_word' id='word_1_394' title='bbox 1527 5005 1773 5046; x_wconf 75' lang='lat' dir='ltr'><strong>cxmrres</strong></span> <span class='ocrx_word' id='word_1_395' title='bbox 1805 4998 1856 5044; x_wconf 88' lang='lat' dir='ltr'><strong>et</strong></span> 
     </span>
    </p>
   </div>
   <div class='ocr_carea' id='block_1_53' title="bbox 260 5084 1853 5158">
    <p class='ocr_par' dir='ltr' id='par_1_53' title="bbox 260 5084 1853 5158">
     <span class='ocr_line' id='line_1_53' title="bbox 260 5084 1853 5158; baseline -0.004 -18"><span class='ocrx_word' id='word_1_396' title='bbox 260 5087 465 5158; x_wconf 76' lang='lat' dir='ltr'><strong>profugi</strong></span> <span class='ocrx_word' id='word_1_397' title='bbox 489 5087 684 5156; x_wconf 84' lang='lat' dir='ltr'><strong>ubique</strong></span> <span class='ocrx_word' id='word_1_398' title='bbox 710 5084 967 5139; x_wconf 84' lang='lat' dir='ltr'><strong>crrabitis.</strong></span> <span class='ocrx_word' id='word_1_399' title='bbox 1011 5084 1134 5138; x_wconf 69' lang='lat' dir='ltr'><strong>Haec</strong></span> <span class='ocrx_word' id='word_1_400' title='bbox 1158 5085 1352 5152; x_wconf 85' lang='lat' dir='ltr'><strong>quippe</strong></span> <span class='ocrx_word' id='word_1_401' title='bbox 1380 5084 1556 5136; x_wconf 89' lang='lat' dir='ltr'><strong>omnia</strong></span> <span class='ocrx_word' id='word_1_402' title='bbox 1590 5095 1709 5151; x_wconf 82' lang='lat' dir='ltr'><strong>post</strong></span> <span class='ocrx_word' id='word_1_403' title='bbox 1737 5098 1853 5136; x_wconf 87' lang='lat' dir='ltr'><strong>cru-</strong></span> 
     </span>
    </p>
   </div>
   <div class='ocr_carea' id='block_1_54' title="bbox 259 5176 1858 5248">
    <p class='ocr_par' dir='ltr' id='par_1_54' title="bbox 259 5176 1858 5248">
     <span class='ocr_line' id='line_1_54' title="bbox 259 5176 1858 5248; baseline -0.007 -10"><span class='ocrx_word' id='word_1_404' title='bbox 259 5199 376 5238; x_wconf 77' lang='lat' dir='ltr'><strong>cem</strong></span> <span class='ocrx_word' id='word_1_405' title='bbox 416 5181 552 5236; x_wconf 88' lang='lat' dir='ltr'><strong>laeta</strong></span> <span class='ocrx_word' id='word_1_406' title='bbox 596 5191 738 5234; x_wconf 89' lang='lat' dir='ltr'><strong>sunt.</strong></span> <span class='ocrx_word' id='word_1_407' title='bbox 771 5177 896 5234; x_wconf 63' lang='lat' dir='ltr'><strong>Haec</strong></span> <span class='ocrx_word' id='word_1_408' title='bbox 944 5194 1071 5248; x_wconf 80' lang='lat' dir='ltr'><strong>ergo</strong></span> <span class='ocrx_word' id='word_1_409' title='bbox 1113 5178 1264 5232; x_wconf 85' lang='lat' dir='ltr'><strong>vobis</strong></span> <span class='ocrx_word' id='word_1_410' title='bbox 1309 5193 1405 5245; x_wconf 90' lang='lat' dir='ltr'><strong>pro</strong></span> <span class='ocrx_word' id='word_1_411' title='bbox 1443 5178 1609 5247; x_wconf 85' lang='lat' dir='ltr'><strong>signis</strong></span> <span class='ocrx_word' id='word_1_412' title='bbox 1654 5176 1858 5244; x_wconf 74' lang='lat' dir='ltr'><strong>magnis</strong></span> 
     </span>
    </p>
   </div>
   <div class='ocr_carea' id='block_1_55' title="bbox 260 5267 1858 5338">
    <p class='ocr_par' dir='ltr' id='par_1_55' title="bbox 260 5267 1858 5338">
     <span class='ocr_line' id='line_1_55' title="bbox 260 5267 1858 5338; baseline -0.007 -9"><span class='ocrx_word' id='word_1_413' title='bbox 260 5284 436 5329; x_wconf 86' lang='lat' dir='ltr'><strong>erunt.</strong></span> <span class='ocrx_word' id='word_1_414' title='bbox 469 5272 603 5327; x_wconf 84' lang='lat' dir='ltr'><strong>Nam</strong></span> <span class='ocrx_word' id='word_1_415' title='bbox 634 5279 778 5328; x_wconf 87' lang='lat' dir='ltr'><strong>certe</strong></span> <span class='ocrx_word' id='word_1_416' title='bbox 816 5271 1103 5325; x_wconf 89' lang='lat' dir='ltr'><strong>maximum</strong></span> <span class='ocrx_word' id='word_1_417' title='bbox 1149 5270 1275 5324; x_wconf 88' lang='lat' dir='ltr'><strong>illud</strong></span> <span class='ocrx_word' id='word_1_418' title='bbox 1321 5278 1402 5324; x_wconf 89' lang='lat' dir='ltr'><strong>est</strong></span> <span class='ocrx_word' id='word_1_419' title='bbox 1446 5270 1655 5338; x_wconf 81' lang='lat' dir='ltr'><strong>sigrium</strong></span> <span class='ocrx_word' id='word_1_420' title='bbox 1679 5311 1689 5331; x_wconf 93' lang='lat'><strong>,</strong></span> <span class='ocrx_word' id='word_1_421' title='bbox 1717 5267 1858 5337; x_wconf 87' lang='lat' dir='ltr'><strong>quod</strong></span> 
     </span>
    </p>
   </div>
   <div class='ocr_carea' id='block_1_56' title="bbox 265 5359 1860 5433">
    <p class='ocr_par' dir='ltr' id='par_1_56' title="bbox 265 5359 1860 5433">
     <span class='ocr_line' id='line_1_56' title="bbox 265 5359 1860 5433; baseline -0.004 -15"><span class='ocrx_word' id='word_1_422' title='bbox 265 5366 404 5419; x_wconf 74' lang='lat' dir='ltr'><strong>mala</strong></span> <span class='ocrx_word' id='word_1_423' title='bbox 429 5366 664 5433; x_wconf 88' lang='lat' dir='ltr'><strong>ipsorum</strong></span> <span class='ocrx_word' id='word_1_424' title='bbox 695 5364 910 5415; x_wconf 84' lang='lat' dir='ltr'><strong>immota</strong></span> <span class='ocrx_word' id='word_1_425' title='bbox 944 5369 1229 5424; x_wconf 84' lang='lat' dir='ltr'><strong>maneant,</strong></span> <span class='ocrx_word' id='word_1_426' title='bbox 1263 5360 1404 5428; x_wconf 88' lang='lat' dir='ltr'><strong>quod</strong></span> <span class='ocrx_word' id='word_1_427' title='bbox 1451 5359 1746 5412; x_wconf 84' lang='lat' dir='ltr'><strong>innumeris</strong></span> <span class='ocrx_word' id='word_1_428' title='bbox 1771 5374 1860 5411; x_wconf 87' lang='lat' dir='ltr'><strong>co-</strong></span> 
     </span>
    </p>
   </div>
   <div class='ocr_carea' id='block_1_57' title="bbox 268 5450 1859 5521">
    <p class='ocr_par' dir='ltr' id='par_1_57' title="bbox 268 5450 1859 5521">
     <span class='ocr_line' id='line_1_57' title="bbox 268 5450 1859 5521; baseline -0.006 -11"><span class='ocrx_word' id='word_1_429' title='bbox 268 5456 536 5520; x_wconf 84' lang='lat' dir='ltr'><strong>nantibus,</strong></span> <span class='ocrx_word' id='word_1_430' title='bbox 570 5467 729 5508; x_wconf 89' lang='lat' dir='ltr'><strong>nemo</strong></span> <span class='ocrx_word' id='word_1_431' title='bbox 749 5451 918 5521; x_wconf 88' lang='lat' dir='ltr'><strong>possit</strong></span> <span class='ocrx_word' id='word_1_432' title='bbox 955 5451 1156 5505; x_wconf 84' lang='lat' dir='ltr'><strong>mederi</strong></span> <span class='ocrx_word' id='word_1_433' title='bbox 1199 5450 1351 5502; x_wconf 87' lang='lat' dir='ltr'><strong>malis</strong></span> <span class='ocrx_word' id='word_1_434' title='bbox 1378 5465 1495 5517; x_wconf 69' lang='grc' dir='ltr'><strong>‹μι;ε</strong></span> <span class='ocrx_word' id='word_1_435' title='bbox 1527 5450 1578 5502; x_wconf 91' lang='lat' dir='ltr'><strong>in</strong></span> <span class='ocrx_word' id='word_1_436' title='bbox 1603 5450 1859 5502; x_wconf 87' lang='lat' dir='ltr'><strong>ultionem</strong></span> 
     </span>
    </p>
   </div>
   <div class='ocr_carea' id='block_1_58' title="bbox 268 5545 1859 5618">
    <p class='ocr_par' dir='ltr' id='par_1_58' title="bbox 268 5545 1859 5618">
     <span class='ocr_line' id='line_1_58' title="bbox 268 5545 1859 5618; baseline -0.004 -15"><span class='ocrx_word' id='word_1_437' title='bbox 268 5551 394 5618; x_wconf 79' lang='lat' dir='ltr'><strong>ipsis</strong></span> <span class='ocrx_word' id='word_1_438' title='bbox 437 5549 672 5601; x_wconf 89' lang='lat' dir='ltr'><strong>immissa</strong></span> <span class='ocrx_word' id='word_1_439' title='bbox 699 5555 841 5600; x_wconf 90' lang='lat' dir='ltr'><strong>sunt.</strong></span> <span class='ocrx_word' id='word_1_440' title='bbox 885 5545 990 5601; x_wconf 87' lang='lat' dir='ltr'><strong>Sed</strong></span> <span class='ocrx_word' id='word_1_441' title='bbox 1035 5547 1148 5598; x_wconf 73' lang='lat' dir='ltr'><strong>lucc</strong></span> <span class='ocrx_word' id='word_1_442' title='bbox 1187 5545 1397 5614; x_wconf 87' lang='lat' dir='ltr'><strong>quidem</strong></span> <span class='ocrx_word' id='word_1_443' title='bbox 1428 5546 1516 5599; x_wconf 88' lang='lat' dir='ltr'><strong>ille</strong></span> <span class='ocrx_word' id='word_1_444' title='bbox 1545 5561 1648 5598; x_wconf 80' lang='lat' dir='ltr'><strong>non</strong></span> <span class='ocrx_word' id='word_1_445' title='bbox 1694 5545 1859 5608; x_wconf 87' lang='lat' dir='ltr'><strong>dicit,</strong></span> 
     </span>
    </p>
   </div>
   <div class='ocr_carea' id='block_1_59' title="bbox 271 5636 1860 5706">
    <p class='ocr_par' dir='ltr' id='par_1_59' title="bbox 271 5636 1860 5706">
     <span class='ocr_line' id='line_1_59' title="bbox 271 5636 1860 5706; baseline -0.003 -14"><span class='ocrx_word' id='word_1_446' title='bbox 271 5657 452 5693; x_wconf 76' lang='lat' dir='ltr'><strong>verum</strong></span> <span class='ocrx_word' id='word_1_447' title='bbox 494 5639 746 5706; x_wconf 84' lang='lat' dir='ltr'><strong>relinquit</strong></span> <span class='ocrx_word' id='word_1_448' title='bbox 774 5653 834 5692; x_wconf 87' lang='lat' dir='ltr'><strong>ea</strong></span> <span class='ocrx_word' id='word_1_449' title='bbox 874 5648 930 5690; x_wconf 91' lang='lat' dir='ltr'><strong>ut</strong></span> <span class='ocrx_word' id='word_1_450' title='bbox 958 5639 1256 5704; x_wconf 86' lang='lat' dir='ltr'><strong>insequenti</strong></span> <span class='ocrx_word' id='word_1_451' title='bbox 1300 5647 1538 5706; x_wconf 81' lang='lat' dir='ltr'><strong>tempore</strong></span> <span class='ocrx_word' id='word_1_452' title='bbox 1568 5636 1695 5703; x_wconf 80' lang='lat' dir='ltr'><strong>ipsis</strong></span> <span class='ocrx_word' id='word_1_453' title='bbox 1719 5636 1860 5689; x_wconf 79' lang='lat' dir='ltr'><strong>clara</strong></span> 
     </span>
    </p>
   </div>
   <div class='ocr_carea' id='block_1_60' title="bbox 269 5730 1858 5790">
    <p class='ocr_par' dir='ltr' id='par_1_60' title="bbox 269 5730 1858 5790">
     <span class='ocr_line' id='line_1_60' title="bbox 269 5730 1858 5790; baseline -0.004 0"><span class='ocrx_word' id='word_1_454' title='bbox 269 5733 497 5790; x_wconf 77' lang='lat' dir='ltr'><strong>evadant</strong></span> <span class='ocrx_word' id='word_1_455' title='bbox 526 5751 538 5786; x_wconf 87' lang='lat'><strong>:</strong></span> <span class='ocrx_word' id='word_1_456' title='bbox 569 5732 780 5788; x_wconf 76' lang='lat' dir='ltr'><strong>interim</strong></span> <span class='ocrx_word' id='word_1_457' title='bbox 809 5747 934 5785; x_wconf 82' lang='lat' dir='ltr'><strong>vero</strong></span> <span class='ocrx_word' id='word_1_458' title='bbox 977 5730 1381 5786; x_wconf 85' lang='lat' dir='ltr'><strong>resurrectionis</strong></span> <span class='ocrx_word' id='word_1_459' title='bbox 1411 5745 1712 5785; x_wconf 79' lang='lat' dir='ltr'><strong>sermonem</strong></span> <span class='ocrx_word' id='word_1_460' title='bbox 1755 5738 1858 5784; x_wconf 75' lang='lat' dir='ltr'><strong>tru~</strong></span> 
     </span>
    </p>
   </div>
   <div class='ocr_carea' id='block_1_61' title="bbox 1225 303 2574 374">
    <p class='ocr_par' dir='ltr' id='par_1_61' title="bbox 1225 303 2574 374">
     <span class='ocr_line' id='line_1_61' title="bbox 1225 303 2574 374; baseline -0.01 0"><span class='ocrx_word' id='word_1_461' title='bbox 1225 317 1291 374; x_wconf 84' lang='lat' dir='ltr'><strong>IN</strong></span> <span class='ocrx_word' id='word_1_462' title='bbox 1331 307 1742 370; x_wconf 67' lang='lat' dir='ltr'><strong>MATTIIEUM</strong></span> <span class='ocrx_word' id='word_1_463' title='bbox 1780 303 2011 364; x_wconf 68' lang='lat' dir='ltr'><strong>HOlllL.</strong></span> <span class='ocrx_word' id='word_1_464' title='bbox 2053 303 2234 362; x_wconf 75' lang='lat' dir='ltr'><strong>XLIII.</strong></span> <span class='ocrx_word' id='word_1_465' title='bbox 2279 306 2347 359; x_wconf 89' lang='lat' dir='ltr'><strong>al.</strong></span> <span class='ocrx_word' id='word_1_466' title='bbox 2392 305 2574 362; x_wconf 81' lang='lat' dir='ltr'><strong>XLIV.</strong></span> 
     </span>
    </p>
   </div>
   <div class='ocr_carea' id='block_1_62' title="bbox 3449 309 3550 364">
    <p class='ocr_par' dir='ltr' id='par_1_62' title="bbox 3449 309 3550 364">
     <span class='ocr_line' id='line_1_62' title="bbox 3449 309 3550 364; baseline -0.01 -1"><span class='ocrx_word' id='word_1_467' title='bbox 3449 309 3550 364; x_wconf 57' lang='lat'><strong>4.28</strong></span> 
     </span>
    </p>
   </div>
   <div class='ocr_carea' id='block_1_63' title="bbox 1940 422 3549 494">
    <p class='ocr_par' dir='ltr' id='par_1_63' title="bbox 1940 422 3549 494">
     <span class='ocr_line' id='line_1_63' title="bbox 1940 422 3549 494; baseline 0.003 -20"><span class='ocrx_word' id='word_1_468' title='bbox 1940 427 2072 485; x_wconf 86' lang='lat' dir='ltr'><strong>ctat,</strong></span> <span class='ocrx_word' id='word_1_469' title='bbox 2099 435 2258 490; x_wconf 88' lang='lat' dir='ltr'><strong>quem</strong></span> <span class='ocrx_word' id='word_1_470' title='bbox 2289 422 2473 476; x_wconf 90' lang='lat' dir='ltr'><strong>scituri</strong></span> <span class='ocrx_word' id='word_1_471' title='bbox 2507 430 2661 478; x_wconf 87' lang='lat' dir='ltr'><strong>erant</strong></span> <span class='ocrx_word' id='word_1_472' title='bbox 2704 436 2800 492; x_wconf 86' lang='lat' dir='ltr'><strong>per</strong></span> <span class='ocrx_word' id='word_1_473' title='bbox 2839 422 2975 476; x_wconf 82' lang='lat' dir='ltr'><strong>mala</strong></span> <span class='ocrx_word' id='word_1_474' title='bbox 3024 423 3168 493; x_wconf 88' lang='lat' dir='ltr'><strong>ipsos</strong></span> <span class='ocrx_word' id='word_1_475' title='bbox 3211 425 3549 494; x_wconf 82' lang='lat' dir='ltr'><strong>poslnwdlttn</strong></span> 
     </span>
    </p>
   </div>
   <div class='ocr_carea' id='block_1_64' title="bbox 1966 508 3553 583">
    <p class='ocr_par' dir='ltr' id='par_1_64' title="bbox 1966 508 3553 583">
     <span class='ocr_line' id='line_1_64' title="bbox 1966 508 3553 583; baseline 0.005 -23"><span class='ocrx_word' id='word_1_476' title='bbox 1966 508 2236 564; x_wconf 86' lang='lat' dir='ltr'><strong>invasura.</strong></span> <span class='ocrx_word' id='word_1_477' title='bbox 2265 510 2354 565; x_wconf 67' lang='lat'><strong>40.</strong></span> <span class='ocrx_word' id='word_1_478' title='bbox 2384 511 2532 564; x_wconf 78' lang='lat' dir='ltr'><strong>Sicut</strong></span> <span class='ocrx_word' id='word_1_479' title='bbox 2573 513 2705 564; x_wconf 83' lang='lat' dir='ltr'><strong>enim</strong></span> <span class='ocrx_word' id='word_1_480' title='bbox 2745 511 2844 579; x_wconf 79' lang='lat' dir='ltr'><strong>[uit</strong></span> <span class='ocrx_word' id='word_1_481' title='bbox 2871 511 3054 573; x_wconf 82' lang='lat' dir='ltr'><strong>Jonas,</strong></span> <span class='ocrx_word' id='word_1_482' title='bbox 3089 513 3282 583; x_wconf 89' lang='lat' dir='ltr'><strong>inquit,</strong></span> <span class='ocrx_word' id='word_1_483' title='bbox 3305 515 3355 568; x_wconf 84' lang='lat' dir='ltr'><strong>in</strong></span> <span class='ocrx_word' id='word_1_484' title='bbox 3386 527 3553 568; x_wconf 77' lang='lat' dir='ltr'><strong>uemre</strong></span> 
     </span>
    </p>
   </div>
   <div class='ocr_carea' id='block_1_65' title="bbox 1939 599 3554 669">
    <p class='ocr_par' dir='ltr' id='par_1_65' title="bbox 1939 599 3554 669">
     <span class='ocr_line' id='line_1_65' title="bbox 1939 599 3554 669; baseline 0.004 -17"><span class='ocrx_word' id='word_1_485' title='bbox 1939 600 2036 653; x_wconf 82' lang='lat' dir='ltr'><strong>ceti</strong></span> <span class='ocrx_word' id='word_1_486' title='bbox 2076 600 2234 653; x_wconf 72' lang='lat' dir='ltr'><strong>tribus</strong></span> <span class='ocrx_word' id='word_1_487' title='bbox 2281 599 2455 654; x_wconf 53' lang='lat' dir='ltr'><strong>diebus</strong></span> <span class='ocrx_word' id='word_1_488' title='bbox 2477 611 2526 655; x_wconf 85' lang='lat' dir='ltr'><strong>et</strong></span> <span class='ocrx_word' id='word_1_489' title='bbox 2551 602 2711 655; x_wconf 78' lang='lat' dir='ltr'><strong>tribus</strong></span> <span class='ocrx_word' id='word_1_490' title='bbox 2739 601 3008 669; x_wconf 81' lang='lat' dir='ltr'><strong>noctibus,</strong></span> <span class='ocrx_word' id='word_1_491' title='bbox 3037 604 3111 657; x_wconf 84' lang='lat' dir='ltr'><strong>sic</strong></span> <span class='ocrx_word' id='word_1_492' title='bbox 3158 606 3252 657; x_wconf 83' lang='lat' dir='ltr'><strong>erit</strong></span> <span class='ocrx_word' id='word_1_493' title='bbox 3291 614 3336 658; x_wconf 80' lang='lat' dir='ltr'><strong>et</strong></span> <span class='ocrx_word' id='word_1_494' title='bbox 3384 603 3554 659; x_wconf 76' lang='lat' dir='ltr'><strong>Filius</strong></span> 
     </span>
    </p>
   </div>
   <div class='ocr_carea' id='block_1_66' title="bbox 1943 690 3549 779">
    <p class='ocr_par' dir='ltr' id='par_1_66' title="bbox 1943 690 3549 779">
     <span class='ocr_line' id='line_1_66' title="bbox 1943 690 3549 779; baseline 0.006 -37"><span class='ocrx_word' id='word_1_495' title='bbox 1943 690 2162 744; x_wconf 77' lang='lat' dir='ltr'><strong>hominis</strong></span> <span class='ocrx_word' id='word_1_496' title='bbox 2191 692 2244 779; x_wconf 68' lang='lat' dir='ltr'><strong>in</strong></span> <span class='ocrx_word' id='word_1_497' title='bbox 2269 693 2422 744; x_wconf 82' lang='lat' dir='ltr'><strong>corde</strong></span> <span class='ocrx_word' id='word_1_498' title='bbox 2443 701 2592 746; x_wconf 74' lang='lat' dir='ltr'><strong>terra</strong></span> <span class='ocrx_word' id='word_1_499' title='bbox 2617 692 2778 747; x_wconf 80' lang='lat' dir='ltr'><strong>tribas</strong></span> <span class='ocrx_word' id='word_1_500' title='bbox 2805 690 2981 748; x_wconf 75' lang='lat' dir='ltr'><strong>diebus</strong></span> <span class='ocrx_word' id='word_1_501' title='bbox 3019 705 3064 748; x_wconf 73' lang='lat' dir='ltr'><strong>et</strong></span> <span class='ocrx_word' id='word_1_502' title='bbox 3093 695 3255 751; x_wconf 75' lang='lat' dir='ltr'><strong>tribus</strong></span> <span class='ocrx_word' id='word_1_503' title='bbox 3296 697 3549 752; x_wconf 73' lang='lat' dir='ltr'><strong>noctibus.</strong></span> 
     </span>
    </p>
   </div>
   <div class='ocr_carea' id='block_1_67' title="bbox 1944 781 3622 851">
    <p class='ocr_par' dir='ltr' id='par_1_67' title="bbox 1944 781 3622 851">
     <span class='ocr_line' id='line_1_67' title="bbox 1944 781 3622 851; baseline 0.003 -15"><span class='ocrx_word' id='word_1_504' title='bbox 1944 781 2016 836; x_wconf 87' lang='lat' dir='ltr'><strong>Se</strong></span> <span class='ocrx_word' id='word_1_505' title='bbox 2050 795 2480 836; x_wconf 85' lang='lat' dir='ltr'><strong>resurrecturum</strong></span> <span class='ocrx_word' id='word_1_506' title='bbox 2509 783 2656 838; x_wconf 88' lang='lat' dir='ltr'><strong>clare</strong></span> <span class='ocrx_word' id='word_1_507' title='bbox 2697 797 2804 837; x_wconf 92' lang='lat' dir='ltr'><strong>non</strong></span> <span class='ocrx_word' id='word_1_508' title='bbox 2845 783 3016 847; x_wconf 79' lang='lat' dir='ltr'><strong>dixit,</strong></span> <span class='ocrx_word' id='word_1_509' title='bbox 3049 801 3116 839; x_wconf 88' lang='lat' dir='ltr'><strong>ne</strong></span> <span class='ocrx_word' id='word_1_510' title='bbox 3140 801 3201 839; x_wconf 90' lang='lat' dir='ltr'><strong>se</strong></span> <span class='ocrx_word' id='word_1_511' title='bbox 3228 786 3549 851; x_wconf 88' lang='lat' dir='ltr'><strong>irriderent;</strong></span> <span class='ocrx_word' id='word_1_512' title='bbox 3619 840 3622 841; x_wconf 30' lang='grc' dir='ltr'><em>ν</em></span> 
     </span>
    </p>
   </div>
   <div class='ocr_carea' id='block_1_68' title="bbox 1943 864 3579 943">
    <p class='ocr_par' dir='ltr' id='par_1_68' title="bbox 1943 864 3579 943">
     <span class='ocr_line' id='line_1_68' title="bbox 1943 864 3579 943; baseline 0.005 -19"><span class='ocrx_word' id='word_1_513' title='bbox 1943 872 2022 926; x_wconf 89' lang='lat' dir='ltr'><strong>sic</strong></span> <span class='ocrx_word' id='word_1_514' title='bbox 2040 880 2220 925; x_wconf 88' lang='lat' dir='ltr'><strong>autem</strong></span> <span class='ocrx_word' id='word_1_515' title='bbox 2270 872 2662 940; x_wconf 88' lang='lat' dir='ltr'><strong>subindicavit,</strong></span> <span class='ocrx_word' id='word_1_516' title='bbox 2693 883 2753 927; x_wconf 92' lang='lat' dir='ltr'><strong>ut</strong></span> <span class='ocrx_word' id='word_1_517' title='bbox 2775 873 2999 927; x_wconf 85' lang='lat' dir='ltr'><strong>credere</strong></span> <span class='ocrx_word' id='word_1_518' title='bbox 3043 885 3262 943; x_wconf 81' lang='lat' dir='ltr'><strong>possent</strong></span> <span class='ocrx_word' id='word_1_519' title='bbox 3309 869 3371 930; x_wconf 87' lang='lat' dir='ltr'><strong>se</strong></span> <span class='ocrx_word' id='word_1_520' title='bbox 3420 864 3579 931; x_wconf 83' lang='lat' dir='ltr'><strong>illud</strong></span> 
     </span>
    </p>
   </div>
   <div class='ocr_carea' id='block_1_69' title="bbox 1947 961 3564 1031">
    <p class='ocr_par' dir='ltr' id='par_1_69' title="bbox 1947 961 3564 1031">
     <span class='ocr_line' id='line_1_69' title="bbox 1947 961 3564 1031; baseline 0.004 -17"><span class='ocrx_word' id='word_1_521' title='bbox 1947 962 2296 1029; x_wconf 67' lang='lat' dir='ltr'><strong>prmscivisse.</strong></span> <span class='ocrx_word' id='word_1_522' title='bbox 2349 961 2501 1028; x_wconf 84' lang='lat' dir='ltr'><strong>Quod</strong></span> <span class='ocrx_word' id='word_1_523' title='bbox 2550 977 2710 1031; x_wconf 90' lang='lat' dir='ltr'><strong>porro</strong></span> <span class='ocrx_word' id='word_1_524' title='bbox 2747 973 2988 1030; x_wconf 85' lang='lat' dir='ltr'><strong>nossent,</strong></span> <span class='ocrx_word' id='word_1_525' title='bbox 3030 965 3282 1020; x_wconf 83' lang='lat' dir='ltr'><strong>dixerunt</strong></span> <span class='ocrx_word' id='word_1_526' title='bbox 3307 967 3376 1020; x_wconf 89' lang='lat' dir='ltr'><strong>ad</strong></span> <span class='ocrx_word' id='word_1_527' title='bbox 3407 966 3564 1021; x_wconf 82' lang='lat' dir='ltr'><strong>Pila-</strong></span> 
     </span>
    </p>
   </div>
   <div class='ocr_carea' id='block_1_70' title="bbox 1944 1051 3554 1123">
    <p class='ocr_par' dir='ltr' id='par_1_70' title="bbox 1944 1051 3554 1123">
     <span class='ocr_line' id='line_1_70' title="bbox 1944 1051 3554 1123; baseline 0.006 -20"><span class='ocrx_word' id='word_1_528' title='bbox 1944 1059 2058 1104; x_wconf 85' lang='lat' dir='ltr'><strong>tum</strong></span> <span class='ocrx_word' id='word_1_529' title='bbox 2092 1068 2106 1104; x_wconf 90' lang='lat'><strong>:</strong></span> <span class='ocrx_word' id='word_1_530' title='bbox 2138 1051 2388 1105; x_wconf 79' lang='lat' dir='ltr'><strong>Seductor</strong></span> <span class='ocrx_word' id='word_1_531' title='bbox 2423 1052 2510 1106; x_wconf 80' lang='lat' dir='ltr'><strong>ille</strong></span> <span class='ocrx_word' id='word_1_532' title='bbox 2552 1054 2682 1106; x_wconf 70' lang='lat' dir='ltr'><strong>dixit</strong></span> <span class='ocrx_word' id='word_1_533' title='bbox 2711 1055 2831 1106; x_wconf 76' lang='lat' dir='ltr'><strong>dum</strong></span> <span class='ocrx_word' id='word_1_534' title='bbox 2857 1055 3028 1106; x_wconf 85' lang='lat' dir='ltr'><strong>adhuc</strong></span> <span class='ocrx_word' id='word_1_535' title='bbox 3054 1056 3231 1109; x_wconf 79' lang='lat' dir='ltr'><strong>uiueret</strong></span> <span class='ocrx_word' id='word_1_536' title='bbox 3250 1099 3266 1123; x_wconf 92' lang='lat'><strong>,</strong></span> <span class='ocrx_word' id='word_1_537' title='bbox 3297 1055 3426 1112; x_wconf 84' lang='lat' dir='ltr'><strong>Post</strong></span> <span class='ocrx_word' id='word_1_538' title='bbox 3455 1068 3554 1113; x_wconf 86' lang='lat' dir='ltr'><strong>tres</strong></span> 
     </span>
    </p>
   </div>
   <div class='ocr_carea' id='block_1_71' title="bbox 1945 1141 3552 1218">
    <p class='ocr_par' dir='ltr' id='par_1_71' title="bbox 1945 1141 3552 1218">
     <span class='ocr_line' id='line_1_71' title="bbox 1945 1141 3552 1218; baseline 0.006 -23"><span class='ocrx_word' id='word_1_539' title='bbox 1945 1142 2052 1196; x_wconf 85' lang='lat' dir='ltr'><strong>dies</strong></span> <span class='ocrx_word' id='word_1_540' title='bbox 2079 1157 2342 1212; x_wconf 79' lang='lat' dir='ltr'><strong>resurgam</strong></span> <span class='ocrx_word' id='word_1_541' title='bbox 2374 1144 2392 1212; x_wconf 94' lang='lat'><strong>(</strong></span> <span class='ocrx_word' id='word_1_542' title='bbox 2422 1141 2608 1198; x_wconf 71' lang='lat' dir='ltr'><strong>Matth.</strong></span> <span class='ocrx_word' id='word_1_543' title='bbox 2636 1143 2728 1198; x_wconf 73' lang='grc'><strong>27.</strong></span> <span class='ocrx_word' id='word_1_544' title='bbox 2757 1145 2827 1199; x_wconf 78' lang='grc'><strong>65</strong></span> <span class='ocrx_word' id='word_1_545' title='bbox 2849 1146 2888 1212; x_wconf 93' lang='grc'><strong>).</strong></span> <span class='ocrx_word' id='word_1_546' title='bbox 2923 1145 3257 1216; x_wconf 68' lang='lat' dir='ltr'><strong>Quamquam</strong></span> <span class='ocrx_word' id='word_1_547' title='bbox 3304 1148 3552 1218; x_wconf 83' lang='lat' dir='ltr'><strong>discipuli</strong></span> 
     </span>
    </p>
   </div>
   <div class='ocr_carea' id='block_1_72' title="bbox 1946 1231 3563 1310">
    <p class='ocr_par' dir='ltr' id='par_1_72' title="bbox 1946 1231 3563 1310">
     <span class='ocr_line' id='line_1_72' title="bbox 1946 1231 3563 1310; baseline 0.007 -25"><span class='ocrx_word' id='word_1_548' title='bbox 1946 1233 2047 1286; x_wconf 88' lang='lat' dir='ltr'><strong>hoc</strong></span> <span class='ocrx_word' id='word_1_549' title='bbox 2077 1231 2417 1301; x_wconf 87' lang='lat' dir='ltr'><strong>ignorarent;</strong></span> <span class='ocrx_word' id='word_1_550' title='bbox 2447 1248 2570 1288; x_wconf 91' lang='lat' dir='ltr'><strong>nam</strong></span> <span class='ocrx_word' id='word_1_551' title='bbox 2600 1245 2756 1290; x_wconf 87' lang='lat' dir='ltr'><strong>antea</strong></span> <span class='ocrx_word' id='word_1_552' title='bbox 2787 1235 3033 1289; x_wconf 88' lang='lat' dir='ltr'><strong>rudiores</strong></span> <span class='ocrx_word' id='word_1_553' title='bbox 3061 1236 3167 1292; x_wconf 72' lang='lat' dir='ltr'><strong>illis</strong></span> <span class='ocrx_word' id='word_1_554' title='bbox 3193 1248 3348 1293; x_wconf 83' lang='lat' dir='ltr'><strong>erant</strong></span> <span class='ocrx_word' id='word_1_555' title='bbox 3375 1256 3389 1291; x_wconf 86' lang='lat'><strong>:</strong></span> <span class='ocrx_word' id='word_1_556' title='bbox 3421 1255 3563 1310; x_wconf 58' lang='lat' dir='ltr'><strong>quae.</strong></span> 
     </span>
    </p>
   </div>
   <div class='ocr_carea' id='block_1_73' title="bbox 1947 1323 3478 1394">
    <p class='ocr_par' dir='ltr' id='par_1_73' title="bbox 1947 1323 3478 1394">
     <span class='ocr_line' id='line_1_73' title="bbox 1947 1323 3478 1394; baseline 0.005 -18"><span class='ocrx_word' id='word_1_557' title='bbox 1947 1331 2164 1392; x_wconf 87' lang='lat' dir='ltr'><strong>propter</strong></span> <span class='ocrx_word' id='word_1_558' title='bbox 2197 1323 2250 1378; x_wconf 83' lang='grc' dir='ltr'><strong>Ιιί</strong></span> <span class='ocrx_word' id='word_1_559' title='bbox 2279 1339 2342 1377; x_wconf 76' lang='lat' dir='ltr'><strong>ex</strong></span> <span class='ocrx_word' id='word_1_560' title='bbox 2386 1338 2479 1378; x_wconf 91' lang='lat' dir='ltr'><strong>sua</strong></span> <span class='ocrx_word' id='word_1_561' title='bbox 2507 1324 2744 1394; x_wconf 86' lang='lat' dir='ltr'><strong>ipsorum</strong></span> <span class='ocrx_word' id='word_1_562' title='bbox 2773 1328 3038 1382; x_wconf 87' lang='lat' dir='ltr'><strong>sententia</strong></span> <span class='ocrx_word' id='word_1_563' title='bbox 3063 1327 3298 1383; x_wconf 85' lang='lat' dir='ltr'><strong>damnati</strong></span> <span class='ocrx_word' id='word_1_564' title='bbox 3332 1340 3478 1384; x_wconf 88' lang='lat' dir='ltr'><strong>sunt.</strong></span> 
     </span>
    </p>
   </div>
   <div class='ocr_carea' id='block_1_74' title="bbox 2015 1414 3552 1489">
    <p class='ocr_par' dir='ltr' id='par_1_74' title="bbox 2015 1414 3552 1489">
     <span class='ocr_line' id='line_1_74' title="bbox 2015 1414 3552 1489; baseline 0.006 -22"><span class='ocrx_word' id='word_1_565' title='bbox 2015 1414 2072 1468; x_wconf 70' lang='lat'><strong>2.</strong></span> <span class='ocrx_word' id='word_1_566' title='bbox 2107 1414 2338 1469; x_wconf 79' lang='lat' dir='ltr'><strong>Christus</strong></span> <span class='ocrx_word' id='word_1_567' title='bbox 2367 1431 2496 1479; x_wconf 82' lang='lat' dir='ltr'><strong>vere,</strong></span> <span class='ocrx_word' id='word_1_568' title='bbox 2527 1427 2572 1468; x_wconf 84' lang='lat' dir='ltr'><strong>et</strong></span> <span class='ocrx_word' id='word_1_569' title='bbox 2602 1432 2704 1470; x_wconf 87' lang='lat' dir='ltr'><strong>non</strong></span> <span class='ocrx_word' id='word_1_570' title='bbox 2734 1418 2901 1486; x_wconf 83' lang='lat' dir='ltr'><strong>specie</strong></span> <span class='ocrx_word' id='word_1_571' title='bbox 2929 1428 3125 1472; x_wconf 86' lang='lat' dir='ltr'><strong>tantum</strong></span> <span class='ocrx_word' id='word_1_572' title='bbox 3159 1436 3341 1489; x_wconf 86' lang='lat' dir='ltr'><strong>passus</strong></span> <span class='ocrx_word' id='word_1_573' title='bbox 3379 1431 3472 1486; x_wconf 84' lang='lat' dir='ltr'><strong>est,</strong></span> <span class='ocrx_word' id='word_1_574' title='bbox 3497 1433 3552 1476; x_wconf 87' lang='lat' dir='ltr'><strong>ut</strong></span> 
     </span>
    </p>
   </div>
   <div class='ocr_carea' id='block_1_75' title="bbox 1949 1493 3552 1577">
    <p class='ocr_par' dir='ltr' id='par_1_75' title="bbox 1949 1493 3552 1577">
     <span class='ocr_line' id='line_1_75' title="bbox 1949 1493 3552 1577; baseline 0.005 -17"><span class='ocrx_word' id='word_1_575' title='bbox 1949 1505 2182 1560; x_wconf 78' lang='lat' dir='ltr'><strong>Marcion</strong></span> <span class='ocrx_word' id='word_1_576' title='bbox 2207 1493 2777 1563; x_wconf 60' lang='lat' dir='ltr'><strong>contendebat—Vide</strong></span> <span class='ocrx_word' id='word_1_577' title='bbox 2797 1517 2977 1563; x_wconf 88' lang='lat' dir='ltr'><strong>autem</strong></span> <span class='ocrx_word' id='word_1_578' title='bbox 3003 1510 3272 1577; x_wconf 80' lang='lat' dir='ltr'><strong>quomodo</strong></span> <span class='ocrx_word' id='word_1_579' title='bbox 3303 1511 3432 1566; x_wconf 90' lang='lat' dir='ltr'><strong>illud</strong></span> <span class='ocrx_word' id='word_1_580' title='bbox 3458 1528 3552 1568; x_wconf 85' lang='lat' dir='ltr'><strong>ac-</strong></span> 
     </span>
    </p>
   </div>
   <div class='ocr_carea' id='block_1_76' title="bbox 1945 1599 3553 1672">
    <p class='ocr_par' dir='ltr' id='par_1_76' title="bbox 1945 1599 3553 1672">
     <span class='ocr_line' id='line_1_76' title="bbox 1945 1599 3553 1672; baseline 0.002 -17"><span class='ocrx_word' id='word_1_581' title='bbox 1945 1609 2132 1655; x_wconf 87' lang='lat' dir='ltr'><strong>curate</strong></span> <span class='ocrx_word' id='word_1_582' title='bbox 2160 1599 2478 1657; x_wconf 87' lang='lat' dir='ltr'><strong>subiudicet.</strong></span> <span class='ocrx_word' id='word_1_583' title='bbox 2508 1599 2624 1655; x_wconf 86' lang='lat' dir='ltr'><strong>Non</strong></span> <span class='ocrx_word' id='word_1_584' title='bbox 2646 1601 2790 1655; x_wconf 90' lang='lat' dir='ltr'><strong>enim</strong></span> <span class='ocrx_word' id='word_1_585' title='bbox 2821 1599 2975 1668; x_wconf 86' lang='lat' dir='ltr'><strong>dixit,</strong></span> <span class='ocrx_word' id='word_1_586' title='bbox 3012 1602 3062 1656; x_wconf 92' lang='lat' dir='ltr'><strong>in</strong></span> <span class='ocrx_word' id='word_1_587' title='bbox 3105 1611 3245 1657; x_wconf 88' lang='lat' dir='ltr'><strong>terra</strong></span> <span class='ocrx_word' id='word_1_588' title='bbox 3266 1642 3282 1670; x_wconf 96' lang='lat'><strong>,</strong></span> <span class='ocrx_word' id='word_1_589' title='bbox 3314 1605 3410 1659; x_wconf 90' lang='lat' dir='ltr'><strong>sed</strong></span> <span class='ocrx_word' id='word_1_590' title='bbox 3433 1645 3452 1672; x_wconf 94' lang='lat'><strong>,</strong></span> <span class='ocrx_word' id='word_1_591' title='bbox 3484 1603 3553 1659; x_wconf 82' lang='lat' dir='ltr'><strong>In</strong></span> 
     </span>
    </p>
   </div>
   <div class='ocr_carea' id='block_1_77' title="bbox 1945 1689 3553 1760">
    <p class='ocr_par' dir='ltr' id='par_1_77' title="bbox 1945 1689 3553 1760">
     <span class='ocr_line' id='line_1_77' title="bbox 1945 1689 3553 1760; baseline 0.003 -15"><span class='ocrx_word' id='word_1_592' title='bbox 1945 1692 2098 1746; x_wconf 83' lang='lat' dir='ltr'><strong>corde</strong></span> <span class='ocrx_word' id='word_1_593' title='bbox 2118 1701 2264 1748; x_wconf 68' lang='lat' dir='ltr'><strong>terra:</strong></span> <span class='ocrx_word' id='word_1_594' title='bbox 2286 1707 2303 1753; x_wconf 81' lang='lat'><strong>,&#39;</strong></span> <span class='ocrx_word' id='word_1_595' title='bbox 2327 1701 2382 1744; x_wconf 91' lang='lat' dir='ltr'><strong>ut</strong></span> <span class='ocrx_word' id='word_1_596' title='bbox 2407 1699 2462 1745; x_wconf 91' lang='lat' dir='ltr'><strong>et</strong></span> <span class='ocrx_word' id='word_1_597' title='bbox 2508 1691 2816 1760; x_wconf 86' lang='lat' dir='ltr'><strong>sepulcrum</strong></span> <span class='ocrx_word' id='word_1_598' title='bbox 2841 1689 3124 1749; x_wconf 86' lang='lat' dir='ltr'><strong>indicaret.</strong></span> <span class='ocrx_word' id='word_1_599' title='bbox 3149 1702 3206 1747; x_wconf 91' lang='lat' dir='ltr'><strong>et</strong></span> <span class='ocrx_word' id='word_1_600' title='bbox 3237 1709 3396 1749; x_wconf 90' lang='lat' dir='ltr'><strong>nemo</strong></span> <span class='ocrx_word' id='word_1_601' title='bbox 3436 1694 3553 1750; x_wconf 80' lang='lat' dir='ltr'><strong>htcc</strong></span> 
     </span>
    </p>
   </div>
   <div class='ocr_carea' id='block_1_78' title="bbox 1946 1775 3554 1855">
    <p class='ocr_par' dir='ltr' id='par_1_78' title="bbox 1946 1775 3554 1855">
     <span class='ocr_line' id='line_1_78' title="bbox 1946 1775 3554 1855; baseline 0.002 -16"><span class='ocrx_word' id='word_1_602' title='bbox 1946 1784 2127 1854; x_wconf 85' lang='lat' dir='ltr'><strong>specie</strong></span> <span class='ocrx_word' id='word_1_603' title='bbox 2157 1775 2366 1852; x_wconf 79' lang='lat' dir='ltr'><strong>tantum</strong></span> <span class='ocrx_word' id='word_1_604' title='bbox 2396 1781 2536 1837; x_wconf 81' lang='lat' dir='ltr'><strong>facta</strong></span> <span class='ocrx_word' id='word_1_605' title='bbox 2557 1783 2923 1852; x_wconf 81' lang='lat' dir='ltr'><strong>suspicaretur</strong></span> <span class='ocrx_word' id='word_1_606' title='bbox 2947 1781 3045 1854; x_wconf 84' lang='grc' dir='ltr'><strong>(α).</strong></span> <span class='ocrx_word' id='word_1_607' title='bbox 3080 1782 3213 1838; x_wconf 87' lang='lat' dir='ltr'><strong>Tres</strong></span> <span class='ocrx_word' id='word_1_608' title='bbox 3233 1793 3412 1840; x_wconf 88' lang='lat' dir='ltr'><strong>autem</strong></span> <span class='ocrx_word' id='word_1_609' title='bbox 3434 1785 3554 1855; x_wconf 83' lang='lat' dir='ltr'><strong>dies</strong></span> 
     </span>
    </p>
   </div>
   <div class='ocr_carea' id='block_1_79' title="bbox 1947 1873 3549 1944">
    <p class='ocr_par' dir='ltr' id='par_1_79' title="bbox 1947 1873 3549 1944">
     <span class='ocr_line' id='line_1_79' title="bbox 1947 1873 3549 1944; baseline 0.002 -15"><span class='ocrx_word' id='word_1_610' title='bbox 1947 1875 2070 1931; x_wconf 91' lang='lat' dir='ltr'><strong>ideo</strong></span> <span class='ocrx_word' id='word_1_611' title='bbox 2114 1876 2400 1944; x_wconf 76' lang='lat' dir='ltr'><strong>concessit,</strong></span> <span class='ocrx_word' id='word_1_612' title='bbox 2447 1885 2503 1928; x_wconf 91' lang='lat' dir='ltr'><strong>ut</strong></span> <span class='ocrx_word' id='word_1_613' title='bbox 2535 1883 2804 1928; x_wconf 87' lang='lat' dir='ltr'><strong>mortuum</strong></span> <span class='ocrx_word' id='word_1_614' title='bbox 2836 1873 3002 1930; x_wconf 80' lang='lat' dir='ltr'><strong>fuisse</strong></span> <span class='ocrx_word' id='word_1_615' title='bbox 3030 1874 3180 1929; x_wconf 89' lang='lat' dir='ltr'><strong>illum</strong></span> <span class='ocrx_word' id='word_1_616' title='bbox 3215 1876 3549 1932; x_wconf 88' lang='lat' dir='ltr'><strong>crederetur.</strong></span> 
     </span>
    </p>
   </div>
   <div class='ocr_carea' id='block_1_80' title="bbox 1945 1965 3551 2024">
    <p class='ocr_par' dir='ltr' id='par_1_80' title="bbox 1945 1965 3551 2024">
     <span class='ocr_line' id='line_1_80' title="bbox 1945 1965 3551 2024; baseline 0.002 -3"><span class='ocrx_word' id='word_1_617' title='bbox 1945 1967 2061 2021; x_wconf 82' lang='lat' dir='ltr'><strong>Non</strong></span> <span class='ocrx_word' id='word_1_618' title='bbox 2093 1967 2332 2023; x_wconf 81' lang='lat' dir='ltr'><strong>cnimex</strong></span> <span class='ocrx_word' id='word_1_619' title='bbox 2360 1983 2519 2021; x_wconf 84' lang='lat' dir='ltr'><strong>cruce</strong></span> <span class='ocrx_word' id='word_1_620' title='bbox 2553 1974 2760 2020; x_wconf 82' lang='lat' dir='ltr'><strong>tantum</strong></span> <span class='ocrx_word' id='word_1_621' title='bbox 2788 1965 2840 2020; x_wconf 88' lang='lat' dir='ltr'><strong>id</strong></span> <span class='ocrx_word' id='word_1_622' title='bbox 2878 1965 3230 2022; x_wconf 80' lang='lat' dir='ltr'><strong>conﬁrmatur</strong></span> <span class='ocrx_word' id='word_1_623' title='bbox 3259 1977 3313 2022; x_wconf 89' lang='lat' dir='ltr'><strong>et</strong></span> <span class='ocrx_word' id='word_1_624' title='bbox 3337 1984 3402 2022; x_wconf 82' lang='lat' dir='ltr'><strong>ex</strong></span> <span class='ocrx_word' id='word_1_625' title='bbox 3432 1970 3551 2024; x_wconf 87' lang='lat' dir='ltr'><strong>visu</strong></span> 
     </span>
    </p>
   </div>
   <div class='ocr_carea' id='block_1_81' title="bbox 1945 2058 3551 2124">
    <p class='ocr_par' dir='ltr' id='par_1_81' title="bbox 1945 2058 3551 2124">
     <span class='ocr_line' id='line_1_81' title="bbox 1945 2058 3551 2124; baseline 0.001 -9"><span class='ocrx_word' id='word_1_626' title='bbox 1945 2061 2222 2124; x_wconf 88' lang='lat' dir='ltr'><strong>omnium,</strong></span> <span class='ocrx_word' id='word_1_627' title='bbox 2252 2061 2346 2116; x_wconf 86' lang='lat' dir='ltr'><strong>sed</strong></span> <span class='ocrx_word' id='word_1_628' title='bbox 2387 2062 2549 2114; x_wconf 88' lang='lat' dir='ltr'><strong>etiam</strong></span> <span class='ocrx_word' id='word_1_629' title='bbox 2580 2075 2645 2114; x_wconf 88' lang='lat' dir='ltr'><strong>ex</strong></span> <span class='ocrx_word' id='word_1_630' title='bbox 2675 2058 2883 2114; x_wconf 89' lang='lat' dir='ltr'><strong>dierum</strong></span> <span class='ocrx_word' id='word_1_631' title='bbox 2927 2074 3175 2114; x_wconf 88' lang='lat' dir='ltr'><strong>numero.</strong></span> <span class='ocrx_word' id='word_1_632' title='bbox 3201 2058 3334 2114; x_wconf 84' lang='lat' dir='ltr'><strong>Nam</strong></span> <span class='ocrx_word' id='word_1_633' title='bbox 3366 2076 3551 2116; x_wconf 87' lang='lat' dir='ltr'><strong>resur-</strong></span> 
     </span>
    </p>
   </div>
   <div class='ocr_carea' id='block_1_82' title="bbox 1946 2150 3550 2222">
    <p class='ocr_par' dir='ltr' id='par_1_82' title="bbox 1946 2150 3550 2222">
     <span class='ocr_line' id='line_1_82' title="bbox 1946 2150 3550 2222; baseline -0.002 -12"><span class='ocrx_word' id='word_1_634' title='bbox 1946 2153 2170 2210; x_wconf 88' lang='lat' dir='ltr'><strong>rectioni</strong></span> <span class='ocrx_word' id='word_1_635' title='bbox 2200 2154 2358 2208; x_wconf 84' lang='lat' dir='ltr'><strong>tidem</strong></span> <span class='ocrx_word' id='word_1_636' title='bbox 2389 2152 2566 2207; x_wconf 75' lang='lat' dir='ltr'><strong>facere</strong></span> <span class='ocrx_word' id='word_1_637' title='bbox 2591 2150 2822 2206; x_wconf 88' lang='lat' dir='ltr'><strong>debebat</strong></span> <span class='ocrx_word' id='word_1_638' title='bbox 2843 2161 3254 2220; x_wconf 90' lang='lat' dir='ltr'><strong>tempus-omne</strong></span> <span class='ocrx_word' id='word_1_639' title='bbox 3285 2167 3550 2222; x_wconf 86' lang='lat' dir='ltr'><strong>sequens;</strong></span> 
     </span>
    </p>
   </div>
   <div class='ocr_carea' id='block_1_83' title="bbox 1945 2240 3550 2308">
    <p class='ocr_par' dir='ltr' id='par_1_83' title="bbox 1945 2240 3550 2308">
     <span class='ocr_line' id='line_1_83' title="bbox 1945 2240 3550 2308; baseline -0.001 -8"><span class='ocrx_word' id='word_1_640' title='bbox 1945 2260 2077 2300; x_wconf 84' lang='lat' dir='ltr'><strong>crux</strong></span> <span class='ocrx_word' id='word_1_641' title='bbox 2107 2258 2233 2298; x_wconf 90' lang='lat' dir='ltr'><strong>vero</strong></span> <span class='ocrx_word' id='word_1_642' title='bbox 2263 2245 2362 2298; x_wconf 83' lang='lat' dir='ltr'><strong>nisi</strong></span> <span class='ocrx_word' id='word_1_643' title='bbox 2381 2242 2545 2298; x_wconf 90' lang='lat' dir='ltr'><strong>multa</strong></span> <span class='ocrx_word' id='word_1_644' title='bbox 2578 2251 2708 2296; x_wconf 90' lang='lat' dir='ltr'><strong>tunc</strong></span> <span class='ocrx_word' id='word_1_645' title='bbox 2751 2240 3030 2297; x_wconf 85' lang='lat' dir='ltr'><strong>habuisset</strong></span> <span class='ocrx_word' id='word_1_646' title='bbox 3081 2244 3413 2308; x_wconf 84' lang='lat' dir='ltr'><strong>testimonia,</strong></span> <span class='ocrx_word' id='word_1_647' title='bbox 3443 2261 3550 2298; x_wconf 85' lang='lat' dir='ltr'><strong>non</strong></span> 
     </span>
    </p>
   </div>
   <div class='ocr_carea' id='block_1_84' title="bbox 1946 2332 3554 2398">
    <p class='ocr_par' dir='ltr' id='par_1_84' title="bbox 1946 2332 3554 2398">
     <span class='ocr_line' id='line_1_84' title="bbox 1946 2332 3554 2398; baseline 0.001 -10"><span class='ocrx_word' id='word_1_648' title='bbox 1946 2333 2146 2388; x_wconf 84' lang='lat' dir='ltr'><strong>credita</strong></span> <span class='ocrx_word' id='word_1_649' title='bbox 2189 2333 2376 2387; x_wconf 83' lang='lat' dir='ltr'><strong>luisset</strong></span> <span class='ocrx_word' id='word_1_650' title='bbox 2410 2332 2492 2386; x_wconf 87' lang='lat' dir='ltr'><strong>:si</strong></span> <span class='ocrx_word' id='word_1_651' title='bbox 2532 2346 2639 2386; x_wconf 91' lang='lat' dir='ltr'><strong>non</strong></span> <span class='ocrx_word' id='word_1_652' title='bbox 2669 2346 2823 2398; x_wconf 85' lang='lat' dir='ltr'><strong>crux,</strong></span> <span class='ocrx_word' id='word_1_653' title='bbox 2871 2345 2972 2386; x_wconf 87' lang='lat' dir='ltr'><strong>nec</strong></span> <span class='ocrx_word' id='word_1_654' title='bbox 3000 2334 3322 2388; x_wconf 87' lang='lat' dir='ltr'><strong>resurrectio</strong></span> <span class='ocrx_word' id='word_1_655' title='bbox 3347 2333 3554 2390; x_wconf 90' lang='lat' dir='ltr'><strong>credita</strong></span> 
     </span>
    </p>
   </div>
   <div class='ocr_carea' id='block_1_85' title="bbox 1947 2421 3554 2494">
    <p class='ocr_par' dir='ltr' id='par_1_85' title="bbox 1947 2421 3554 2494">
     <span class='ocr_line' id='line_1_85' title="bbox 1947 2421 3554 2494; baseline 0.002 -16"><span class='ocrx_word' id='word_1_656' title='bbox 1947 2423 2154 2480; x_wconf 79' lang='lat' dir='ltr'><strong>luisset.</strong></span> <span class='ocrx_word' id='word_1_657' title='bbox 2190 2424 2316 2479; x_wconf 91' lang='lat' dir='ltr'><strong>Ideo</strong></span> <span class='ocrx_word' id='word_1_658' title='bbox 2357 2425 2574 2494; x_wconf 84' lang='lat' dir='ltr'><strong>signum</strong></span> <span class='ocrx_word' id='word_1_659' title='bbox 2596 2433 2749 2478; x_wconf 84' lang='lat' dir='ltr'><strong>vocat</strong></span> <span class='ocrx_word' id='word_1_660' title='bbox 2778 2421 2932 2477; x_wconf 89' lang='lat' dir='ltr'><strong>illud.</strong></span> <span class='ocrx_word' id='word_1_661' title='bbox 2973 2421 3029 2478; x_wconf 91' lang='lat' dir='ltr'><strong>Si</strong></span> <span class='ocrx_word' id='word_1_662' title='bbox 3053 2432 3232 2478; x_wconf 87' lang='lat' dir='ltr'><strong>autem</strong></span> <span class='ocrx_word' id='word_1_663' title='bbox 3263 2425 3554 2481; x_wconf 77' lang='lat' dir='ltr'><strong>cruci’xus</strong></span> 
     </span>
    </p>
   </div>
   <div class='ocr_carea' id='block_1_86' title="bbox 1946 2515 3552 2588">
    <p class='ocr_par' dir='ltr' id='par_1_86' title="bbox 1946 2515 3552 2588">
     <span class='ocr_line' id='line_1_86' title="bbox 1946 2515 3552 2588; baseline 0.002 -18"><span class='ocrx_word' id='word_1_664' title='bbox 1946 2532 2052 2571; x_wconf 91' lang='lat' dir='ltr'><strong>non</strong></span> <span class='ocrx_word' id='word_1_665' title='bbox 2082 2516 2289 2582; x_wconf 78' lang='lat' dir='ltr'><strong>fuisset,</strong></span> <span class='ocrx_word' id='word_1_666' title='bbox 2325 2533 2428 2571; x_wconf 82' lang='lat' dir='ltr'><strong>nun</strong></span> <span class='ocrx_word' id='word_1_667' title='bbox 2457 2515 2694 2571; x_wconf 87' lang='lat' dir='ltr'><strong>dandum</strong></span> <span class='ocrx_word' id='word_1_668' title='bbox 2718 2515 2856 2571; x_wconf 80' lang='lat' dir='ltr'><strong>foret</strong></span> <span class='ocrx_word' id='word_1_669' title='bbox 2896 2517 3129 2586; x_wconf 86' lang='lat' dir='ltr'><strong>signum.</strong></span> <span class='ocrx_word' id='word_1_670' title='bbox 3173 2518 3297 2572; x_wconf 76' lang='lat' dir='ltr'><strong>Iden</strong></span> <span class='ocrx_word' id='word_1_671' title='bbox 3329 2518 3552 2588; x_wconf 75' lang='lat' dir='ltr'><strong>figuram</strong></span> 
     </span>
    </p>
   </div>
   <div class='ocr_carea' id='block_1_87' title="bbox 1946 2610 3550 2680">
    <p class='ocr_par' dir='ltr' id='par_1_87' title="bbox 1946 2610 3550 2680">
     <span class='ocr_line' id='line_1_87' title="bbox 1946 2610 3550 2680; baseline 0.001 -16"><span class='ocrx_word' id='word_1_672' title='bbox 1946 2610 2000 2664; x_wconf 92' lang='lat' dir='ltr'><strong>in</strong></span> <span class='ocrx_word' id='word_1_673' title='bbox 2030 2610 2265 2666; x_wconf 90' lang='lat' dir='ltr'><strong>medium</strong></span> <span class='ocrx_word' id='word_1_674' title='bbox 2311 2610 2548 2674; x_wconf 87' lang='lat' dir='ltr'><strong>adducit,</strong></span> <span class='ocrx_word' id='word_1_675' title='bbox 2595 2619 2651 2663; x_wconf 92' lang='lat' dir='ltr'><strong>ut</strong></span> <span class='ocrx_word' id='word_1_676' title='bbox 2695 2611 2891 2664; x_wconf 83' lang='lat' dir='ltr'><strong>veritas</strong></span> <span class='ocrx_word' id='word_1_677' title='bbox 2938 2610 3212 2665; x_wconf 86' lang='lat' dir='ltr'><strong>credatur.</strong></span> <span class='ocrx_word' id='word_1_678' title='bbox 3259 2612 3550 2680; x_wconf 86' lang='lat' dir='ltr'><strong>Dicmihi,</strong></span> 
     </span>
    </p>
   </div>
   <div class='ocr_carea' id='block_1_88' title="bbox 1943 2691 3552 2776">
    <p class='ocr_par' dir='ltr' id='par_1_88' title="bbox 1943 2691 3552 2776">
     <span class='ocr_line' id='line_1_88' title="bbox 1943 2691 3552 2776; baseline -0.001 -16"><span class='ocrx_word' id='word_1_679' title='bbox 1943 2721 2150 2776; x_wconf 65' lang='lat' dir='ltr'><strong>quaiso,</strong></span> <span class='ocrx_word' id='word_1_680' title='bbox 2176 2721 2244 2760; x_wconf 88' lang='lat' dir='ltr'><strong>an</strong></span> <span class='ocrx_word' id='word_1_681' title='bbox 2266 2706 2546 2776; x_wconf 87' lang='lat' dir='ltr'><strong>phantasia</strong></span> <span class='ocrx_word' id='word_1_682' title='bbox 2568 2715 2682 2758; x_wconf 89' lang='lat' dir='ltr'><strong>erat</strong></span> <span class='ocrx_word' id='word_1_683' title='bbox 2709 2704 2871 2759; x_wconf 85' lang='lat' dir='ltr'><strong>Jonas</strong></span> <span class='ocrx_word' id='word_1_684' title='bbox 2902 2691 2953 2758; x_wconf 84' lang='lat' dir='ltr'><strong>in</strong></span> <span class='ocrx_word' id='word_1_685' title='bbox 2979 2714 3166 2760; x_wconf 74' lang='lat' dir='ltr'><strong>ventre</strong></span> <span class='ocrx_word' id='word_1_686' title='bbox 3189 2706 3332 2760; x_wconf 82' lang='lat' dir='ltr'><strong>ceti?</strong></span> <span class='ocrx_word' id='word_1_687' title='bbox 3358 2706 3552 2760; x_wconf 84' lang='lat' dir='ltr'><strong>Verum</strong></span> 
     </span>
    </p>
   </div>
   <div class='ocr_carea' id='block_1_89' title="bbox 1945 2796 3556 2866">
    <p class='ocr_par' dir='ltr' id='par_1_89' title="bbox 1945 2796 3556 2866">
     <span class='ocr_line' id='line_1_89' title="bbox 1945 2796 3556 2866; baseline 0.001 -15"><span class='ocrx_word' id='word_1_688' title='bbox 1945 2798 1996 2851; x_wconf 91' lang='lat' dir='ltr'><strong>id</strong></span> <span class='ocrx_word' id='word_1_689' title='bbox 2025 2797 2205 2854; x_wconf 84' lang='lat' dir='ltr'><strong>dicere</strong></span> <span class='ocrx_word' id='word_1_690' title='bbox 2236 2814 2342 2851; x_wconf 78' lang='lat' dir='ltr'><strong>non</strong></span> <span class='ocrx_word' id='word_1_691' title='bbox 2371 2797 2562 2866; x_wconf 88' lang='lat' dir='ltr'><strong>possis.</strong></span> <span class='ocrx_word' id='word_1_692' title='bbox 2595 2797 2735 2866; x_wconf 87' lang='lat' dir='ltr'><strong>Ergo</strong></span> <span class='ocrx_word' id='word_1_693' title='bbox 2767 2811 2940 2866; x_wconf 77' lang='lat' dir='ltr'><strong>neque</strong></span> <span class='ocrx_word' id='word_1_694' title='bbox 2987 2796 3260 2850; x_wconf 88' lang='lat' dir='ltr'><strong>Christum</strong></span> <span class='ocrx_word' id='word_1_695' title='bbox 3293 2797 3344 2849; x_wconf 91' lang='lat' dir='ltr'><strong>in</strong></span> <span class='ocrx_word' id='word_1_696' title='bbox 3390 2799 3556 2852; x_wconf 87' lang='lat' dir='ltr'><strong>corde</strong></span> 
     </span>
    </p>
   </div>
   <div class='ocr_carea' id='block_1_90' title="bbox 1948 2869 3626 2959">
    <p class='ocr_par' dir='ltr' id='par_1_90' title="bbox 1948 2869 3626 2959">
     <span class='ocr_line' id='line_1_90' title="bbox 1948 2869 3626 2959; baseline -0.001 -14"><span class='ocrx_word' id='word_1_697' title='bbox 1948 2901 2104 2946; x_wconf 81' lang='lat' dir='ltr'><strong>terra:</strong></span> <span class='ocrx_word' id='word_1_698' title='bbox 2133 2890 2300 2946; x_wconf 81' lang='lat' dir='ltr'><strong>fuisse</strong></span> <span class='ocrx_word' id='word_1_699' title='bbox 2330 2904 2515 2959; x_wconf 88' lang='lat' dir='ltr'><strong>neges.</strong></span> <span class='ocrx_word' id='word_1_700' title='bbox 2561 2888 2748 2958; x_wconf 82' lang='lat' dir='ltr'><strong>Neque</strong></span> <span class='ocrx_word' id='word_1_701' title='bbox 2777 2889 2920 2942; x_wconf 91' lang='lat' dir='ltr'><strong>cnim</strong></span> <span class='ocrx_word' id='word_1_702' title='bbox 2964 2895 3123 2958; x_wconf 84' lang='lat' dir='ltr'><strong>typus</strong></span> <span class='ocrx_word' id='word_1_703' title='bbox 3159 2888 3216 2942; x_wconf 87' lang='lat' dir='ltr'><strong>in</strong></span> <span class='ocrx_word' id='word_1_704' title='bbox 3251 2889 3476 2944; x_wconf 85' lang='lat' dir='ltr'><strong>veritate</strong></span> <span class='ocrx_word' id='word_1_705' title='bbox 3501 2899 3559 2943; x_wconf 89' lang='lat' dir='ltr'><strong>et</strong></span> <span class='ocrx_word' id='word_1_706' title='bbox 3612 2869 3626 2881; x_wconf 72' lang='grc'><em>’</em></span> 
     </span>
    </p>
   </div>
   <div class='ocr_carea' id='block_1_91' title="bbox 1945 2979 3555 3051">
    <p class='ocr_par' dir='ltr' id='par_1_91' title="bbox 1945 2979 3555 3051">
     <span class='ocr_line' id='line_1_91' title="bbox 1945 2979 3555 3051; baseline -0.002 -15"><span class='ocrx_word' id='word_1_707' title='bbox 1945 2986 2146 3039; x_wconf 82' lang='lat' dir='ltr'><strong>veritas</strong></span> <span class='ocrx_word' id='word_1_708' title='bbox 2182 2985 2234 3037; x_wconf 91' lang='lat' dir='ltr'><strong>in</strong></span> <span class='ocrx_word' id='word_1_709' title='bbox 2285 2983 2560 3051; x_wconf 79' lang='lat' dir='ltr'><strong>phantasia</strong></span> <span class='ocrx_word' id='word_1_710' title='bbox 2606 2991 2708 3035; x_wconf 90' lang='lat' dir='ltr'><strong>est.</strong></span> <span class='ocrx_word' id='word_1_711' title='bbox 2739 2979 2862 3035; x_wconf 90' lang='lat' dir='ltr'><strong>Ideo</strong></span> <span class='ocrx_word' id='word_1_712' title='bbox 2914 2979 3112 3049; x_wconf 87' lang='lat' dir='ltr'><strong>ubique</strong></span> <span class='ocrx_word' id='word_1_713' title='bbox 3155 2990 3384 3035; x_wconf 88' lang='lat' dir='ltr'><strong>mortem</strong></span> <span class='ocrx_word' id='word_1_714' title='bbox 3437 2981 3555 3050; x_wconf 84' lang='lat' dir='ltr'><strong>ejus</strong></span> 
     </span>
    </p>
   </div>
   <div class='ocr_carea' id='block_1_92' title="bbox 1945 3069 3556 3143">
    <p class='ocr_par' dir='ltr' id='par_1_92' title="bbox 1945 3069 3556 3143">
     <span class='ocr_line' id='line_1_92' title="bbox 1945 3069 3556 3143; baseline -0.001 -15"><span class='ocrx_word' id='word_1_715' title='bbox 1945 3076 2342 3135; x_wconf 84' lang='lat' dir='ltr'><strong>annuntiamus,</strong></span> <span class='ocrx_word' id='word_1_716' title='bbox 2380 3073 2433 3126; x_wconf 89' lang='lat' dir='ltr'><strong>in</strong></span> <span class='ocrx_word' id='word_1_717' title='bbox 2466 3069 2755 3141; x_wconf 84' lang='lat' dir='ltr'><strong>mysteriis,</strong></span> <span class='ocrx_word' id='word_1_718' title='bbox 2796 3070 2848 3124; x_wconf 93' lang='lat' dir='ltr'><strong>in</strong></span> <span class='ocrx_word' id='word_1_719' title='bbox 2881 3071 3224 3140; x_wconf 86' lang='lat' dir='ltr'><strong>baptismate,</strong></span> <span class='ocrx_word' id='word_1_720' title='bbox 3255 3073 3306 3125; x_wconf 91' lang='lat' dir='ltr'><strong>in</strong></span> <span class='ocrx_word' id='word_1_721' title='bbox 3329 3071 3556 3143; x_wconf 87' lang='lat' dir='ltr'><strong>aliisque</strong></span> 
     </span>
    </p>
   </div>
   <div class='ocr_carea' id='block_1_93' title="bbox 1948 3163 3552 3232">
    <p class='ocr_par' dir='ltr' id='par_1_93' title="bbox 1948 3163 3552 3232">
     <span class='ocr_line' id='line_1_93' title="bbox 1948 3163 3552 3232; baseline 0.001 -14"><span class='ocrx_word' id='word_1_722' title='bbox 1948 3167 2221 3220; x_wconf 86' lang='lat' dir='ltr'><strong>omnibus.</strong></span> <span class='ocrx_word' id='word_1_723' title='bbox 2256 3165 2459 3220; x_wconf 88' lang='lat' dir='ltr'><strong>Idcirco</strong></span> <span class='ocrx_word' id='word_1_724' title='bbox 2484 3174 2538 3219; x_wconf 89' lang='lat' dir='ltr'><strong>ct</strong></span> <span class='ocrx_word' id='word_1_725' title='bbox 2579 3164 2777 3219; x_wconf 84' lang='lat' dir='ltr'><strong>Paulus</strong></span> <span class='ocrx_word' id='word_1_726' title='bbox 2820 3163 3098 3232; x_wconf 90' lang='lat' dir='ltr'><strong>splendida</strong></span> <span class='ocrx_word' id='word_1_727' title='bbox 3151 3180 3282 3220; x_wconf 84' lang='lat' dir='ltr'><strong>voce</strong></span> <span class='ocrx_word' id='word_1_728' title='bbox 3307 3165 3508 3220; x_wconf 87' lang='lat' dir='ltr'><strong>clamat</strong></span> <span class='ocrx_word' id='word_1_729' title='bbox 3539 3185 3552 3220; x_wconf 92' lang='lat'><strong>:</strong></span> 
     </span>
    </p>
   </div>
   <div class='ocr_carea' id='block_1_94' title="bbox 1955 3256 3559 3328">
    <p class='ocr_par' dir='ltr' id='par_1_94' title="bbox 1955 3256 3559 3328">
     <span class='ocr_line' id='line_1_94' title="bbox 1955 3256 3559 3328; baseline 0.002 -16"><span class='ocrx_word' id='word_1_730' title='bbox 1955 3258 2083 3312; x_wconf 77' lang='lat' dir='ltr'><strong>Mihi</strong></span> <span class='ocrx_word' id='word_1_731' title='bbox 2111 3267 2280 3312; x_wconf 79' lang='lat' dir='ltr'><strong>autem</strong></span> <span class='ocrx_word' id='word_1_732' title='bbox 2327 3256 2456 3312; x_wconf 82' lang='lat' dir='ltr'><strong>absit</strong></span> <span class='ocrx_word' id='word_1_733' title='bbox 2485 3256 2700 3328; x_wconf 82' lang='lat' dir='ltr'><strong>gloriari</strong></span> <span class='ocrx_word' id='word_1_734' title='bbox 2745 3256 2842 3310; x_wconf 83' lang='lat' dir='ltr'><strong>nisi</strong></span> <span class='ocrx_word' id='word_1_735' title='bbox 2884 3256 2937 3310; x_wconf 88' lang='lat' dir='ltr'><strong>in</strong></span> <span class='ocrx_word' id='word_1_736' title='bbox 2967 3273 3119 3313; x_wconf 81' lang='lat' dir='ltr'><strong>cruce</strong></span> <span class='ocrx_word' id='word_1_737' title='bbox 3165 3257 3370 3312; x_wconf 82' lang='lat' dir='ltr'><strong>Domini</strong></span> <span class='ocrx_word' id='word_1_738' title='bbox 3397 3263 3559 3315; x_wconf 85' lang='lat' dir='ltr'><strong>nostri</strong></span> 
     </span>
    </p>
   </div>
   <div class='ocr_carea' id='block_1_95' title="bbox 1948 3335 3593 3420">
    <p class='ocr_par' dir='ltr' id='par_1_95' title="bbox 1948 3335 3593 3420">
     <span class='ocr_line' id='line_1_95' title="bbox 1948 3335 3593 3420; baseline 0.002 -16"><span class='ocrx_word' id='word_1_739' title='bbox 1948 3350 2074 3405; x_wconf 73' lang='lat' dir='ltr'><strong>Iesu</strong></span> <span class='ocrx_word' id='word_1_740' title='bbox 2100 3350 2287 3405; x_wconf 79' lang='lat' dir='ltr'><strong>Christi</strong></span> <span class='ocrx_word' id='word_1_741' title='bbox 2317 3348 2471 3420; x_wconf 81' lang='lat' dir='ltr'><strong>(Gul.</strong></span> <span class='ocrx_word' id='word_1_742' title='bbox 2502 3349 2554 3404; x_wconf 88' lang='lat'><strong>6.</strong></span> <span class='ocrx_word' id='word_1_743' title='bbox 2599 3335 2726 3420; x_wconf 67' lang='grc'><strong>14).</strong></span> <span class='ocrx_word' id='word_1_744' title='bbox 2759 3346 2913 3406; x_wconf 86' lang='lat' dir='ltr'><strong>Unde</strong></span> <span class='ocrx_word' id='word_1_745' title='bbox 2951 3349 3292 3408; x_wconf 83' lang='lat' dir='ltr'><strong>manifestum</strong></span> <span class='ocrx_word' id='word_1_746' title='bbox 3309 3361 3412 3417; x_wconf 88' lang='lat' dir='ltr'><strong>est,</strong></span> <span class='ocrx_word' id='word_1_747' title='bbox 3443 3354 3560 3407; x_wconf 88' lang='lat' dir='ltr'><strong>dia-</strong></span> <span class='ocrx_word' id='word_1_748' title='bbox 3587 3355 3593 3364; x_wconf 86' lang='grc'><em>“</em></span> 
     </span>
    </p>
   </div>
   <div class='ocr_carea' id='block_1_96' title="bbox 1950 3439 3557 3512">
    <p class='ocr_par' dir='ltr' id='par_1_96' title="bbox 1950 3439 3557 3512">
     <span class='ocr_line' id='line_1_96' title="bbox 1950 3439 3557 3512; baseline 0.001 -17"><span class='ocrx_word' id='word_1_749' title='bbox 1950 3442 2054 3495; x_wconf 76' lang='lat' dir='ltr'><strong>buli</strong></span> <span class='ocrx_word' id='word_1_750' title='bbox 2089 3443 2226 3495; x_wconf 81' lang='lat' dir='ltr'><strong>lilios</strong></span> <span class='ocrx_word' id='word_1_751' title='bbox 2279 3455 2400 3496; x_wconf 85' lang='lat' dir='ltr'><strong>esse</strong></span> <span class='ocrx_word' id='word_1_752' title='bbox 2428 3456 2523 3495; x_wconf 87' lang='lat' dir='ltr'><strong>eos</strong></span> <span class='ocrx_word' id='word_1_753' title='bbox 2579 3441 2665 3510; x_wconf 91' lang='lat' dir='ltr'><strong>qui</strong></span> <span class='ocrx_word' id='word_1_754' title='bbox 2718 3439 3002 3494; x_wconf 81' lang='lat' dir='ltr'><strong>Marcionis</strong></span> <span class='ocrx_word' id='word_1_755' title='bbox 3045 3442 3233 3496; x_wconf 88' lang='lat' dir='ltr'><strong>morbo</strong></span> <span class='ocrx_word' id='word_1_756' title='bbox 3277 3441 3557 3512; x_wconf 86' lang='lat' dir='ltr'><strong>laborant,</strong></span> 
     </span>
    </p>
   </div>
   <div class='ocr_carea' id='block_1_97' title="bbox 1949 3533 3561 3602">
    <p class='ocr_par' dir='ltr' id='par_1_97' title="bbox 1949 3533 3561 3602">
     <span class='ocr_line' id='line_1_97' title="bbox 1949 3533 3561 3602; baseline 0.001 -15"><span class='ocrx_word' id='word_1_757' title='bbox 1949 3551 2069 3588; x_wconf 86' lang='lat' dir='ltr'><strong>cum</strong></span> <span class='ocrx_word' id='word_1_758' title='bbox 2109 3535 2192 3587; x_wconf 78' lang='lat' dir='ltr'><strong>illa</strong></span> <span class='ocrx_word' id='word_1_759' title='bbox 2220 3533 2456 3599; x_wconf 71' lang='lat' dir='ltr'><strong>doleant,</strong></span> <span class='ocrx_word' id='word_1_760' title='bbox 2495 3548 2615 3602; x_wconf 67' lang='lat' dir='ltr'><strong>qua:</strong></span> <span class='ocrx_word' id='word_1_761' title='bbox 2665 3547 2733 3588; x_wconf 90' lang='lat' dir='ltr'><strong>ne</strong></span> <span class='ocrx_word' id='word_1_762' title='bbox 2763 3533 3107 3588; x_wconf 89' lang='lat' dir='ltr'><strong>abolerentur</strong></span> <span class='ocrx_word' id='word_1_763' title='bbox 3147 3549 3358 3589; x_wconf 84' lang='lat' dir='ltr'><strong>summo</strong></span> <span class='ocrx_word' id='word_1_764' title='bbox 3381 3536 3561 3589; x_wconf 88' lang='lat' dir='ltr'><strong>studio</strong></span> 
     </span>
    </p>
   </div>
   <div class='ocr_carea' id='block_1_98' title="bbox 1949 3622 3562 3691">
    <p class='ocr_par' dir='ltr' id='par_1_98' title="bbox 1949 3622 3562 3691">
     <span class='ocr_line' id='line_1_98' title="bbox 1949 3622 3562 3691; baseline 0.002 -13"><span class='ocrx_word' id='word_1_765' title='bbox 1949 3625 2195 3678; x_wconf 82' lang='lat' dir='ltr'><strong>Christus</strong></span> <span class='ocrx_word' id='word_1_766' title='bbox 2224 3624 2449 3687; x_wconf 84' lang='lat' dir='ltr'><strong>curavit,</strong></span> <span class='ocrx_word' id='word_1_767' title='bbox 2493 3639 2612 3691; x_wconf 74' lang='lat' dir='ltr'><strong>qum</strong></span> <span class='ocrx_word' id='word_1_768' title='bbox 2642 3631 2701 3676; x_wconf 90' lang='lat' dir='ltr'><strong>ut</strong></span> <span class='ocrx_word' id='word_1_769' title='bbox 2755 3622 3108 3677; x_wconf 81' lang='lat' dir='ltr'><strong>abolerentur</strong></span> <span class='ocrx_word' id='word_1_770' title='bbox 3128 3641 3342 3679; x_wconf 88' lang='lat' dir='ltr'><strong>summo</strong></span> <span class='ocrx_word' id='word_1_771' title='bbox 3382 3626 3562 3682; x_wconf 80' lang='lat' dir='ltr'><strong>Studio</strong></span> 
     </span>
    </p>
   </div>
   <div class='ocr_carea' id='block_1_99' title="bbox 1952 3718 3557 3789">
    <p class='ocr_par' dir='ltr' id='par_1_99' title="bbox 1952 3718 3557 3789">
     <span class='ocr_line' id='line_1_99' title="bbox 1952 3718 3557 3789; baseline 0.004 -18"><span class='ocrx_word' id='word_1_772' title='bbox 1952 3719 2198 3771; x_wconf 79' lang='lat' dir='ltr'><strong>diabolus</strong></span> <span class='ocrx_word' id='word_1_773' title='bbox 2241 3727 2463 3771; x_wconf 89' lang='lat' dir='ltr'><strong>conatus</strong></span> <span class='ocrx_word' id='word_1_774' title='bbox 2514 3727 2634 3781; x_wconf 85' lang='lat' dir='ltr'><strong>est;</strong></span> <span class='ocrx_word' id='word_1_775' title='bbox 2687 3732 2901 3772; x_wconf 88' lang='lat' dir='ltr'><strong>crucem</strong></span> <span class='ocrx_word' id='word_1_776' title='bbox 2956 3718 3078 3773; x_wconf 85' lang='lat' dir='ltr'><strong>dico</strong></span> <span class='ocrx_word' id='word_1_777' title='bbox 3129 3731 3182 3775; x_wconf 92' lang='lat' dir='ltr'><strong>et</strong></span> <span class='ocrx_word' id='word_1_778' title='bbox 3232 3721 3557 3789; x_wconf 70' lang='lat' dir='ltr'><strong>passionem.</strong></span> 
     </span>
    </p>
   </div>
   <div class='ocr_carea' id='block_1_100' title="bbox 1951 3808 3564 3881">
    <p class='ocr_par' dir='ltr' id='par_1_100' title="bbox 1951 3808 3564 3881">
     <span class='ocr_line' id='line_1_100' title="bbox 1951 3808 3564 3881; baseline 0.004 -20"><span class='ocrx_word' id='word_1_779' title='bbox 1951 3809 2310 3878; x_wconf 84' lang='lat' dir='ltr'><strong>Qu-unobrcm</strong></span> <span class='ocrx_word' id='word_1_780' title='bbox 2335 3808 2458 3862; x_wconf 88' lang='lat' dir='ltr'><strong>alibi</strong></span> <span class='ocrx_word' id='word_1_781' title='bbox 2482 3808 2610 3864; x_wconf 88' lang='lat' dir='ltr'><strong>dicit</strong></span> <span class='ocrx_word' id='word_1_782' title='bbox 2630 3829 2643 3861; x_wconf 87' lang='lat'>:</span> <span class='ocrx_word' id='word_1_783' title='bbox 2663 3809 2855 3863; x_wconf 85' lang='lat' dir='ltr'><strong>Solvite</strong></span> <span class='ocrx_word' id='word_1_784' title='bbox 2873 3812 3116 3881; x_wconf 81' lang='lat' dir='ltr'><strong>templum</strong></span> <span class='ocrx_word' id='word_1_785' title='bbox 3138 3814 3253 3878; x_wconf 81' lang='lat' dir='ltr'><strong>hoc,</strong></span> <span class='ocrx_word' id='word_1_786' title='bbox 3267 3823 3314 3865; x_wconf 80' lang='lat' dir='ltr'><strong>et</strong></span> <span class='ocrx_word' id='word_1_787' title='bbox 3335 3816 3388 3865; x_wconf 88' lang='lat' dir='ltr'><strong>in</strong></span> <span class='ocrx_word' id='word_1_788' title='bbox 3405 3813 3564 3868; x_wconf 82' lang='lat' dir='ltr'><strong>tribus</strong></span> 
     </span>
    </p>
   </div>
   <div class='ocr_carea' id='block_1_101' title="bbox 1953 3900 3563 3973">
    <p class='ocr_par' dir='ltr' id='par_1_101' title="bbox 1953 3900 3563 3973">
     <span class='ocr_line' id='line_1_101' title="bbox 1953 3900 3563 3973; baseline 0.004 -19"><span class='ocrx_word' id='word_1_789' title='bbox 1953 3903 2129 3956; x_wconf 70' lang='lat' dir='ltr'><strong>diebus</strong></span> <span class='ocrx_word' id='word_1_790' title='bbox 2176 3903 2405 3956; x_wconf 69' lang='lat' dir='ltr'><strong>excitabo</strong></span> <span class='ocrx_word' id='word_1_791' title='bbox 2441 3902 2573 3955; x_wconf 79' lang='lat' dir='ltr'><strong>illud</strong></span> <span class='ocrx_word' id='word_1_792' title='bbox 2610 3900 2807 3972; x_wconf 76' lang='lat' dir='ltr'><strong>(Joan.</strong></span> <span class='ocrx_word' id='word_1_793' title='bbox 2831 3901 3016 3973; x_wconf 69' lang='lat'><strong>2.19)</strong></span> <span class='ocrx_word' id='word_1_794' title='bbox 3057 3922 3070 3968; x_wconf 90' lang='lat'><strong>;</strong></span> <span class='ocrx_word' id='word_1_795' title='bbox 3103 3914 3175 3971; x_wconf 87' lang='lat' dir='ltr'><strong>et,</strong></span> <span class='ocrx_word' id='word_1_796' title='bbox 3217 3905 3378 3959; x_wconf 73' lang='lat' dir='ltr'><strong>Erunt</strong></span> <span class='ocrx_word' id='word_1_797' title='bbox 3413 3907 3522 3960; x_wconf 84' lang='lat' dir='ltr'><strong>dies</strong></span> <span class='ocrx_word' id='word_1_798' title='bbox 3547 3950 3563 3973; x_wconf 83' lang='lat'><strong>,</strong></span> 
     </span>
    </p>
   </div>
   <div class='ocr_carea' id='block_1_102' title="bbox 1952 3994 3566 4067">
    <p class='ocr_par' dir='ltr' id='par_1_102' title="bbox 1952 3994 3566 4067">
     <span class='ocr_line' id='line_1_102' title="bbox 1952 3994 3566 4067; baseline 0.004 -20"><span class='ocrx_word' id='word_1_799' title='bbox 1952 3995 2156 4059; x_wconf 82' lang='lat' dir='ltr'><strong>quando</strong></span> <span class='ocrx_word' id='word_1_800' title='bbox 2186 4003 2445 4064; x_wconf 62' lang='lat' dir='ltr'><strong>augeretur</strong></span> <span class='ocrx_word' id='word_1_801' title='bbox 2471 3994 2532 4046; x_wconf 87' lang='lat' dir='ltr'><strong>ab</strong></span> <span class='ocrx_word' id='word_1_802' title='bbox 2550 3995 2674 4059; x_wconf 78' lang='lat' dir='ltr'><strong>ipsis</strong></span> <span class='ocrx_word' id='word_1_803' title='bbox 2695 4011 2913 4064; x_wconf 85' lang='lat' dir='ltr'><strong>sponsus</strong></span> <span class='ocrx_word' id='word_1_804' title='bbox 2941 3997 2957 4065; x_wconf 90' lang='lat'><strong>(</strong></span> <span class='ocrx_word' id='word_1_805' title='bbox 2981 3996 3168 4050; x_wconf 76' lang='lat' dir='ltr'><strong>Matth.</strong></span> <span class='ocrx_word' id='word_1_806' title='bbox 3199 3997 3252 4052; x_wconf 92' lang='lat'><strong>9.</strong></span> <span class='ocrx_word' id='word_1_807' title='bbox 3307 3997 3411 4067; x_wconf 82' lang='lat' dir='ltr'><strong>l5)</strong></span> <span class='ocrx_word' id='word_1_808' title='bbox 3442 4017 3457 4064; x_wconf 96' lang='lat'><strong>;</strong></span> <span class='ocrx_word' id='word_1_809' title='bbox 3510 4011 3566 4054; x_wconf 88' lang='lat' dir='ltr'><strong>ct</strong></span> 
     </span>
    </p>
   </div>
   <div class='ocr_carea' id='block_1_103' title="bbox 1956 4084 3566 4159">
    <p class='ocr_par' dir='ltr' id='par_1_103' title="bbox 1956 4084 3566 4159">
     <span class='ocr_line' id='line_1_103' title="bbox 1956 4084 3566 4159; baseline 0.002 -20"><span class='ocrx_word' id='word_1_810' title='bbox 1956 4087 2062 4149; x_wconf 86' lang='lat' dir='ltr'><strong>hic,</strong></span> <span class='ocrx_word' id='word_1_811' title='bbox 2093 4084 2214 4138; x_wconf 78' lang='lat' dir='ltr'><strong>Non</strong></span> <span class='ocrx_word' id='word_1_812' title='bbox 2259 4085 2462 4138; x_wconf 82' lang='lat' dir='ltr'><strong>dabitur</strong></span> <span class='ocrx_word' id='word_1_813' title='bbox 2486 4084 2590 4138; x_wconf 84' lang='lat' dir='ltr'><strong>illis</strong></span> <span class='ocrx_word' id='word_1_814' title='bbox 2615 4085 2840 4155; x_wconf 83' lang='lat' dir='ltr'><strong>signum,</strong></span> <span class='ocrx_word' id='word_1_815' title='bbox 2874 4086 2969 4139; x_wconf 86' lang='lat' dir='ltr'><strong>nisi</strong></span> <span class='ocrx_word' id='word_1_816' title='bbox 2994 4088 3198 4156; x_wconf 81' lang='lat' dir='ltr'><strong>signum</strong></span> <span class='ocrx_word' id='word_1_817' title='bbox 3246 4088 3397 4142; x_wconf 78' lang='lat' dir='ltr'><strong>J0me</strong></span> <span class='ocrx_word' id='word_1_818' title='bbox 3444 4107 3566 4159; x_wconf 82' lang='lat' dir='ltr'><strong>pro-</strong></span> 
     </span>
    </p>
   </div>
   <div class='ocr_carea' id='block_1_104' title="bbox 1957 4177 3575 4248">
    <p class='ocr_par' dir='ltr' id='par_1_104' title="bbox 1957 4177 3575 4248">
     <span class='ocr_line' id='line_1_104' title="bbox 1957 4177 3575 4248; baseline 0.001 -19"><span class='ocrx_word' id='word_1_819' title='bbox 1957 4180 2156 4248; x_wconf 68' lang='lat' dir='ltr'><strong>phetis;</strong></span> <span class='ocrx_word' id='word_1_820' title='bbox 2179 4177 2458 4230; x_wconf 83' lang='lat' dir='ltr'><strong>declarans</strong></span> <span class='ocrx_word' id='word_1_821' title='bbox 2485 4192 2544 4230; x_wconf 88' lang='lat' dir='ltr'><strong>se</strong></span> <span class='ocrx_word' id='word_1_822' title='bbox 2573 4192 2670 4244; x_wconf 84' lang='lat' dir='ltr'><strong>pro</strong></span> <span class='ocrx_word' id='word_1_823' title='bbox 2697 4177 2801 4230; x_wconf 90' lang='lat' dir='ltr'><strong>illis</strong></span> <span class='ocrx_word' id='word_1_824' title='bbox 2823 4191 3127 4246; x_wconf 87' lang='lat' dir='ltr'><strong>passurum,</strong></span> <span class='ocrx_word' id='word_1_825' title='bbox 3183 4190 3235 4234; x_wconf 92' lang='lat' dir='ltr'><strong>et</strong></span> <span class='ocrx_word' id='word_1_826' title='bbox 3287 4181 3408 4235; x_wconf 87' lang='lat' dir='ltr'><strong>illos</strong></span> <span class='ocrx_word' id='word_1_827' title='bbox 3434 4182 3575 4238; x_wconf 84' lang='lat' dir='ltr'><strong>nihil.</strong></span> 
     </span>
    </p>
   </div>
   <div class='ocr_carea' id='block_1_105' title="bbox 1959 4267 3564 4338">
    <p class='ocr_par' dir='ltr' id='par_1_105' title="bbox 1959 4267 3564 4338">
     <span class='ocr_line' id='line_1_105' title="bbox 1959 4267 3564 4338; baseline 0.002 -16"><span class='ocrx_word' id='word_1_828' title='bbox 1959 4269 2082 4323; x_wconf 85' lang='lat' dir='ltr'><strong>inde</strong></span> <span class='ocrx_word' id='word_1_829' title='bbox 2112 4269 2243 4322; x_wconf 90' lang='lat' dir='ltr'><strong>lucri</strong></span> <span class='ocrx_word' id='word_1_830' title='bbox 2273 4276 2589 4336; x_wconf 84' lang='lat' dir='ltr'><strong>accepturos</strong></span> <span class='ocrx_word' id='word_1_831' title='bbox 2615 4281 2755 4323; x_wconf 89' lang='lat' dir='ltr'><strong>esse.</strong></span> <span class='ocrx_word' id='word_1_832' title='bbox 2775 4267 2887 4322; x_wconf 80' lang='lat' dir='ltr'><strong>Hoc</strong></span> <span class='ocrx_word' id='word_1_833' title='bbox 2915 4270 3056 4321; x_wconf 90' lang='lat' dir='ltr'><strong>cnim</strong></span> <span class='ocrx_word' id='word_1_834' title='bbox 3099 4282 3280 4338; x_wconf 77' lang='lat' dir='ltr'><strong>postea</strong></span> <span class='ocrx_word' id='word_1_835' title='bbox 3318 4270 3564 4326; x_wconf 81' lang='lat' dir='ltr'><strong>declara-</strong></span> 
     </span>
    </p>
   </div>
   <div class='ocr_carea' id='block_1_106' title="bbox 1957 4361 3562 4427">
    <p class='ocr_par' dir='ltr' id='par_1_106' title="bbox 1957 4361 3562 4427">
     <span class='ocr_line' id='line_1_106' title="bbox 1957 4361 3562 4427; baseline 0.001 -11"><span class='ocrx_word' id='word_1_836' title='bbox 1957 4363 2052 4427; x_wconf 85' lang='lat' dir='ltr'><strong>vit,</strong></span> <span class='ocrx_word' id='word_1_837' title='bbox 2083 4368 2138 4418; x_wconf 88' lang='lat' dir='ltr'><strong>‘et</strong></span> <span class='ocrx_word' id='word_1_838' title='bbox 2160 4371 2338 4417; x_wconf 85' lang='lat' dir='ltr'><strong>tamen</strong></span> <span class='ocrx_word' id='word_1_839' title='bbox 2369 4375 2490 4415; x_wconf 87' lang='lat' dir='ltr'><strong>cum</strong></span> <span class='ocrx_word' id='word_1_840' title='bbox 2521 4361 2637 4415; x_wconf 68' lang='lat' dir='ltr'><strong>haec</strong></span> <span class='ocrx_word' id='word_1_841' title='bbox 2663 4362 3100 4424; x_wconf 89' lang='lat' dir='ltr'><strong>sciret,mortuus</strong></span> <span class='ocrx_word' id='word_1_842' title='bbox 3124 4372 3204 4416; x_wconf 85' lang='lat' dir='ltr'><strong>est</strong></span> <span class='ocrx_word' id='word_1_843' title='bbox 3233 4381 3246 4416; x_wconf 84' lang='lat'><strong>:</strong></span> <span class='ocrx_word' id='word_1_844' title='bbox 3282 4373 3424 4417; x_wconf 89' lang='lat' dir='ltr'><strong>tanta</strong></span> <span class='ocrx_word' id='word_1_845' title='bbox 3447 4377 3562 4418; x_wconf 80' lang='lat' dir='ltr'><strong>erat</strong></span> 
     </span>
    </p>
   </div>
   <div class='ocr_carea' id='block_1_107' title="bbox 1957 4451 3562 4522">
    <p class='ocr_par' dir='ltr' id='par_1_107' title="bbox 1957 4451 3562 4522">
     <span class='ocr_line' id='line_1_107' title="bbox 1957 4451 3562 4522; baseline 0.001 -14"><span class='ocrx_word' id='word_1_846' title='bbox 1957 4455 2072 4522; x_wconf 86' lang='lat' dir='ltr'><strong>ejus</strong></span> <span class='ocrx_word' id='word_1_847' title='bbox 2095 4451 2450 4522; x_wconf 60' lang='lat' dir='ltr'><strong>providentia.</strong></span> <span class='ocrx_word' id='word_1_848' title='bbox 2498 4451 2576 4506; x_wconf 86' lang='lat' dir='ltr'><strong>Ne</strong></span> <span class='ocrx_word' id='word_1_849' title='bbox 2609 4462 2760 4520; x_wconf 79' lang='lat' dir='ltr'><strong>putes</strong></span> <span class='ocrx_word' id='word_1_850' title='bbox 2787 4453 2931 4505; x_wconf 85' lang='lat' dir='ltr'><strong>enim</strong></span> <span class='ocrx_word' id='word_1_851' title='bbox 2959 4453 3266 4508; x_wconf 73' lang='lat' dir='ltr'><strong>.lutlmormn</strong></span> <span class='ocrx_word' id='word_1_852' title='bbox 3303 4455 3435 4509; x_wconf 79' lang='lat' dir='ltr'><strong>tales</strong></span> <span class='ocrx_word' id='word_1_853' title='bbox 3461 4459 3562 4509; x_wconf 79' lang='lat' dir='ltr'><strong>exi-</strong></span> 
     </span>
    </p>
   </div>
   <div class='ocr_carea' id='block_1_108' title="bbox 1960 4543 3564 4614">
    <p class='ocr_par' dir='ltr' id='par_1_108' title="bbox 1960 4543 3564 4614">
     <span class='ocr_line' id='line_1_108' title="bbox 1960 4543 3564 4614; baseline 0 -15"><span class='ocrx_word' id='word_1_854' title='bbox 1960 4556 2041 4600; x_wconf 87' lang='lat' dir='ltr'><strong>tus</strong></span> <span class='ocrx_word' id='word_1_855' title='bbox 2069 4547 2294 4610; x_wconf 81' lang='lat' dir='ltr'><strong>l&#39;uturos,</strong></span> <span class='ocrx_word' id='word_1_856' title='bbox 2324 4545 2510 4614; x_wconf 86' lang='lat' dir='ltr'><strong>quales</strong></span> <span class='ocrx_word' id='word_1_857' title='bbox 2537 4543 2684 4597; x_wconf 82' lang='lat' dir='ltr'><strong>luere</strong></span> <span class='ocrx_word' id='word_1_858' title='bbox 2709 4543 3079 4608; x_wconf 81' lang='lat' dir='ltr'><strong>Ninivitarum,</strong></span> <span class='ocrx_word' id='word_1_859' title='bbox 3114 4559 3176 4599; x_wconf 89' lang='lat' dir='ltr'><strong>ac</strong></span> <span class='ocrx_word' id='word_1_860' title='bbox 3231 4545 3347 4599; x_wconf 77' lang='lat' dir='ltr'><strong>fore</strong></span> <span class='ocrx_word' id='word_1_861' title='bbox 3383 4556 3437 4599; x_wconf 87' lang='lat' dir='ltr'><strong>ut</strong></span> <span class='ocrx_word' id='word_1_862' title='bbox 3490 4546 3564 4599; x_wconf 89' lang='lat' dir='ltr'><strong>illi</strong></span> 
     </span>
    </p>
   </div>
   <div class='ocr_carea' id='block_1_109' title="bbox 1959 4637 3564 4706">
    <p class='ocr_par' dir='ltr' id='par_1_109' title="bbox 1959 4637 3564 4706">
     <span class='ocr_line' id='line_1_109' title="bbox 1959 4637 3564 4706; baseline -0.001 -13"><span class='ocrx_word' id='word_1_863' title='bbox 1959 4648 2340 4694; x_wconf 73' lang='lat' dir='ltr'><strong>convertantur</strong></span> <span class='ocrx_word' id='word_1_864' title='bbox 2375 4655 2386 4690; x_wconf 91' lang='lat'><strong>:</strong></span> <span class='ocrx_word' id='word_1_865' title='bbox 2416 4653 2478 4691; x_wconf 88' lang='lat' dir='ltr'><strong>ac</strong></span> <span class='ocrx_word' id='word_1_866' title='bbox 2505 4637 2954 4706; x_wconf 81' lang='lat' dir='ltr'><strong>quemadmodum</strong></span> <span class='ocrx_word' id='word_1_867' title='bbox 2998 4638 3210 4691; x_wconf 89' lang='lat' dir='ltr'><strong>illorum</strong></span> <span class='ocrx_word' id='word_1_868' title='bbox 3238 4638 3424 4692; x_wconf 86' lang='lat' dir='ltr'><strong>urbem</strong></span> <span class='ocrx_word' id='word_1_869' title='bbox 3453 4638 3564 4706; x_wconf 78' lang='lat' dir='ltr'><strong>jam</strong></span> 
     </span>
    </p>
   </div>
   <div class='ocr_carea' id='block_1_110' title="bbox 1959 4729 3568 4798">
    <p class='ocr_par' dir='ltr' id='par_1_110' title="bbox 1959 4729 3568 4798">
     <span class='ocr_line' id='line_1_110' title="bbox 1959 4729 3568 4798; baseline -0.004 -11"><span class='ocrx_word' id='word_1_870' title='bbox 1959 4734 2226 4787; x_wconf 75' lang='lat' dir='ltr'><strong>labantem</strong></span> <span class='ocrx_word' id='word_1_871' title='bbox 2255 4732 2454 4793; x_wconf 77' lang='lat' dir='ltr'><strong>erexit,</strong></span> <span class='ocrx_word' id='word_1_872' title='bbox 2501 4729 2866 4798; x_wconf 86' lang='lat' dir='ltr'><strong>barbarosque</strong></span> <span class='ocrx_word' id='word_1_873' title='bbox 2907 4731 3199 4796; x_wconf 86' lang='lat' dir='ltr'><strong>convertit,</strong></span> <span class='ocrx_word' id='word_1_874' title='bbox 3247 4731 3325 4783; x_wconf 90' lang='lat' dir='ltr'><strong>sic</strong></span> <span class='ocrx_word' id='word_1_875' title='bbox 3375 4740 3431 4783; x_wconf 88' lang='lat' dir='ltr'><strong>et</strong></span> <span class='ocrx_word' id='word_1_876' title='bbox 3475 4730 3568 4783; x_wconf 87' lang='lat' dir='ltr'><strong>.Iu-</strong></span> 
     </span>
    </p>
   </div>
   <div class='ocr_carea' id='block_1_111' title="bbox 1960 4820 3576 4891">
    <p class='ocr_par' dir='ltr' id='par_1_111' title="bbox 1960 4820 3576 4891">
     <span class='ocr_line' id='line_1_111' title="bbox 1960 4820 3576 4891; baseline -0.002 -16"><span class='ocrx_word' id='word_1_877' title='bbox 1960 4823 2106 4877; x_wconf 75' lang='lat' dir='ltr'><strong>daeos</strong></span> <span class='ocrx_word' id='word_1_878' title='bbox 2153 4832 2270 4891; x_wconf 76' lang='lat' dir='ltr'><strong>p051</strong></span> <span class='ocrx_word' id='word_1_879' title='bbox 2313 4820 2761 4875; x_wconf 56' lang='lat' dir='ltr'><strong>resurrectionem</strong></span> <span class='ocrx_word' id='word_1_880' title='bbox 2811 4821 3207 4874; x_wconf 77' lang='lat' dir='ltr'><strong>convertendos</strong></span> <span class='ocrx_word' id='word_1_881' title='bbox 3246 4835 3370 4875; x_wconf 84' lang='lat' dir='ltr'><strong>csse</strong></span> <span class='ocrx_word' id='word_1_882' title='bbox 3401 4837 3412 4873; x_wconf 95' lang='lat'>:</span> <span class='ocrx_word' id='word_1_883' title='bbox 3444 4823 3576 4874; x_wconf 89' lang='lat' dir='ltr'><strong>audi-</strong></span> 
     </span>
    </p>
   </div>
   <div class='ocr_carea' id='block_1_112' title="bbox 1961 4910 3568 4984">
    <p class='ocr_par' dir='ltr' id='par_1_112' title="bbox 1961 4910 3568 4984">
     <span class='ocr_line' id='line_1_112' title="bbox 1961 4910 3568 4984; baseline -0.001 -18"><span class='ocrx_word' id='word_1_884' title='bbox 1961 4914 2232 4984; x_wconf 80' lang='lat' dir='ltr'><strong>quomodo</strong></span> <span class='ocrx_word' id='word_1_885' title='bbox 2274 4913 2601 4966; x_wconf 88' lang='lat' dir='ltr'><strong>contrarium</strong></span> <span class='ocrx_word' id='word_1_886' title='bbox 2664 4926 2883 4978; x_wconf 87' lang='lat' dir='ltr'><strong>prorsus</strong></span> <span class='ocrx_word' id='word_1_887' title='bbox 2941 4910 3197 4966; x_wconf 87' lang='lat' dir='ltr'><strong>declaret.</strong></span> <span class='ocrx_word' id='word_1_888' title='bbox 3245 4911 3377 4965; x_wconf 82' lang='lat' dir='ltr'><strong>Nam</strong></span> <span class='ocrx_word' id='word_1_889' title='bbox 3425 4915 3568 4981; x_wconf 87' lang='lat' dir='ltr'><strong>quod</strong></span> 
     </span>
    </p>
   </div>
   <div class='ocr_carea' id='block_1_113' title="bbox 1965 5004 3569 5074">
    <p class='ocr_par' dir='ltr' id='par_1_113' title="bbox 1965 5004 3569 5074">
     <span class='ocr_line' id='line_1_113' title="bbox 1965 5004 3569 5074; baseline -0.003 -12"><span class='ocrx_word' id='word_1_890' title='bbox 1965 5008 2084 5062; x_wconf 78' lang='lat' dir='ltr'><strong>inde</strong></span> <span class='ocrx_word' id='word_1_891' title='bbox 2111 5007 2236 5060; x_wconf 90' lang='lat' dir='ltr'><strong>nihil</strong></span> <span class='ocrx_word' id='word_1_892' title='bbox 2277 5005 2481 5058; x_wconf 79' lang='lat' dir='ltr'><strong>fructus</strong></span> <span class='ocrx_word' id='word_1_893' title='bbox 2512 5006 2814 5074; x_wconf 85' lang='lat' dir='ltr'><strong>percepturi</strong></span> <span class='ocrx_word' id='word_1_894' title='bbox 2866 5004 2970 5058; x_wconf 85' lang='lat' dir='ltr'><strong>sint</strong></span> <span class='ocrx_word' id='word_1_895' title='bbox 3000 5006 3051 5058; x_wconf 90' lang='lat' dir='ltr'><strong>in</strong></span> <span class='ocrx_word' id='word_1_896' title='bbox 3085 5004 3424 5068; x_wconf 81' lang='lat' dir='ltr'><strong>beneﬁcium,</strong></span> <span class='ocrx_word' id='word_1_897' title='bbox 3475 5009 3569 5061; x_wconf 87' lang='lat' dir='ltr'><strong>sed</strong></span> 
     </span>
    </p>
   </div>
   <div class='ocr_carea' id='block_1_114' title="bbox 1964 5097 3571 5169">
    <p class='ocr_par' dir='ltr' id='par_1_114' title="bbox 1964 5097 3571 5169">
     <span class='ocr_line' id='line_1_114' title="bbox 1964 5097 3571 5169; baseline -0.001 -14"><span class='ocrx_word' id='word_1_898' title='bbox 1964 5112 2017 5155; x_wconf 85' lang='lat' dir='ltr'><strong>ct</strong></span> <span class='ocrx_word' id='word_1_899' title='bbox 2045 5099 2392 5154; x_wconf 81' lang='lat' dir='ltr'><strong>intolerabilia</strong></span> <span class='ocrx_word' id='word_1_900' title='bbox 2417 5099 2645 5169; x_wconf 84' lang='lat' dir='ltr'><strong>passuri,</strong></span> <span class='ocrx_word' id='word_1_901' title='bbox 2675 5097 2726 5150; x_wconf 93' lang='lat' dir='ltr'><strong>id</strong></span> <span class='ocrx_word' id='word_1_902' title='bbox 2753 5097 2945 5151; x_wconf 88' lang='lat' dir='ltr'><strong>deinde</strong></span> <span class='ocrx_word' id='word_1_903' title='bbox 2967 5097 3255 5152; x_wconf 83' lang='lat' dir='ltr'><strong>declaravit</strong></span> <span class='ocrx_word' id='word_1_904' title='bbox 3280 5115 3347 5154; x_wconf 88' lang='lat' dir='ltr'><strong>ex</strong></span> <span class='ocrx_word' id='word_1_905' title='bbox 3371 5101 3571 5153; x_wconf 70' lang='lat' dir='ltr'><strong>damno-</strong></span> 
     </span>
    </p>
   </div>
   <div class='ocr_carea' id='block_1_115' title="bbox 1968 5188 3571 5258">
    <p class='ocr_par' dir='ltr' id='par_1_115' title="bbox 1968 5188 3571 5258">
     <span class='ocr_line' id='line_1_115' title="bbox 1968 5188 3571 5258; baseline -0.002 -13"><span class='ocrx_word' id='word_1_906' title='bbox 1968 5196 2047 5245; x_wconf 64' lang='lat' dir='ltr'><strong>Itin</strong></span> <span class='ocrx_word' id='word_1_907' title='bbox 2075 5190 2343 5258; x_wconf 79' lang='lat' dir='ltr'><strong>exemplo.</strong></span> <span class='ocrx_word' id='word_1_908' title='bbox 2376 5190 2590 5242; x_wconf 85' lang='lat' dir='ltr'><strong>Interim</strong></span> <span class='ocrx_word' id='word_1_909' title='bbox 2624 5203 2752 5241; x_wconf 83' lang='lat' dir='ltr'><strong>vero</strong></span> <span class='ocrx_word' id='word_1_910' title='bbox 2794 5188 2862 5240; x_wconf 83' lang='lat' dir='ltr'><strong>de</strong></span> <span class='ocrx_word' id='word_1_911' title='bbox 2894 5188 2958 5241; x_wconf 86' lang='lat' dir='ltr'><strong>iis</strong></span> <span class='ocrx_word' id='word_1_912' title='bbox 3011 5204 3131 5256; x_wconf 73' lang='lat' dir='ltr'><strong>qnze</strong></span> <span class='ocrx_word' id='word_1_913' title='bbox 3187 5189 3390 5257; x_wconf 80' lang='lat' dir='ltr'><strong>passuri</strong></span> <span class='ocrx_word' id='word_1_914' title='bbox 3419 5200 3571 5242; x_wconf 84' lang='lat' dir='ltr'><strong>erant</strong></span> 
     </span>
    </p>
   </div>
   <div class='ocr_carea' id='block_1_116' title="bbox 1967 5280 3568 5354">
    <p class='ocr_par' dir='ltr' id='par_1_116' title="bbox 1967 5280 3568 5354">
     <span class='ocr_line' id='line_1_116' title="bbox 1967 5280 3568 5354; baseline -0.005 -14"><span class='ocrx_word' id='word_1_915' title='bbox 1967 5301 2082 5340; x_wconf 81' lang='lat' dir='ltr'><strong>sese</strong></span> <span class='ocrx_word' id='word_1_916' title='bbox 2112 5294 2318 5354; x_wconf 77' lang='lat' dir='ltr'><strong>purgat,</strong></span> <span class='ocrx_word' id='word_1_917' title='bbox 2347 5284 2635 5336; x_wconf 83' lang='lat' dir='ltr'><strong>ostendens</strong></span> <span class='ocrx_word' id='word_1_918' title='bbox 2674 5295 2768 5335; x_wconf 90' lang='lat' dir='ltr'><strong>cos</strong></span> <span class='ocrx_word' id='word_1_919' title='bbox 2788 5280 2932 5348; x_wconf 87' lang='lat' dir='ltr'><strong>juste</strong></span> <span class='ocrx_word' id='word_1_920' title='bbox 2959 5296 3216 5350; x_wconf 76' lang='lat' dir='ltr'><strong>passurus</strong></span> <span class='ocrx_word' id='word_1_921' title='bbox 3244 5299 3380 5335; x_wconf 87' lang='lat' dir='ltr'><strong>esse.</strong></span> <span class='ocrx_word' id='word_1_922' title='bbox 3411 5281 3568 5334; x_wconf 70' lang='lat' dir='ltr'><strong>Cala-</strong></span> 
     </span>
    </p>
   </div>
   <div class='ocr_carea' id='block_1_117' title="bbox 2033 5413 3569 5484">
    <p class='ocr_par' dir='ltr' id='par_1_117' title="bbox 2033 5413 3569 5484">
     <span class='ocr_line' id='line_1_117' title="bbox 2033 5413 3569 5484; baseline -0.006 -13"><span class='ocrx_word' id='word_1_923' title='bbox 2033 5422 2104 5484; x_wconf 78' lang='lat' dir='ltr'><strong>(a)</strong></span> <span class='ocrx_word' id='word_1_924' title='bbox 2149 5421 2297 5469; x_wconf 84' lang='lat' dir='ltr'><strong>Erant</strong></span> <span class='ocrx_word' id='word_1_925' title='bbox 2337 5433 2363 5467; x_wconf 73' lang='grc' dir='ltr'>τι</span> <span class='ocrx_word' id='word_1_926' title='bbox 2407 5413 2916 5484; x_wconf 57' lang='grc' dir='ltr'><strong>ξπὶῐιςῖρίοᾝεςιοδίςε</strong></span> <span class='ocrx_word' id='word_1_927' title='bbox 2957 5413 3152 5482; x_wconf 85' lang='lat' dir='ltr'><strong>quidam</strong></span> <span class='ocrx_word' id='word_1_928' title='bbox 3203 5414 3450 5484; x_wconf 36' lang='lat' dir='ltr'><strong>lueretici,‘</strong></span> <span class='ocrx_word' id='word_1_929' title='bbox 3488 5415 3569 5475; x_wconf 89' lang='lat' dir='ltr'><strong>qui</strong></span> 
     </span>
    </p>
   </div>
   <div class='ocr_carea' id='block_1_118' title="bbox 1969 5475 3568 5547">
    <p class='ocr_par' dir='ltr' id='par_1_118' title="bbox 1969 5475 3568 5547">
     <span class='ocr_line' id='line_1_118' title="bbox 1969 5475 3568 5547; baseline -0.009 -16"><span class='ocrx_word' id='word_1_930' title='bbox 1969 5475 2199 5547; x_wconf 58' lang='grc' dir='ltr'>μιλέλὶιειηι</span> <span class='ocrx_word' id='word_1_931' title='bbox 2244 5475 2485 5547; x_wconf 69' lang='lat' dir='ltr'><strong>Christum</strong></span> <span class='ocrx_word' id='word_1_932' title='bbox 2535 5475 2701 5547; x_wconf 70' lang='lat' dir='ltr'><strong>specie</strong></span> <span class='ocrx_word' id='word_1_933' title='bbox 2753 5482 2939 5524; x_wconf 82' lang='lat' dir='ltr'><strong>tantum</strong></span> <span class='ocrx_word' id='word_1_934' title='bbox 2985 5475 3030 5522; x_wconf 86' lang='lat' dir='ltr'><strong>in</strong></span> <span class='ocrx_word' id='word_1_935' title='bbox 3075 5477 3304 5547; x_wconf 75' lang='lat' dir='ltr'><strong>mundum</strong></span> <span class='ocrx_word' id='word_1_936' title='bbox 3345 5475 3568 5534; x_wconf 64' lang='lat' dir='ltr'><strong>venisse,</strong></span> 
     </span>
    </p>
   </div>
   <div class='ocr_carea' id='block_1_119' title="bbox 1971 5540 3572 5610">
    <p class='ocr_par' dir='ltr' id='par_1_119' title="bbox 1971 5540 3572 5610">
     <span class='ocr_line' id='line_1_119' title="bbox 1971 5540 3572 5610; baseline -0.007 -14"><span class='ocrx_word' id='word_1_937' title='bbox 1971 5540 2021 5596; x_wconf 70' lang='lat' dir='ltr'><strong>et</strong></span> <span class='ocrx_word' id='word_1_938' title='bbox 2069 5562 2125 5596; x_wconf 80' lang='lat' dir='ltr'><strong>ea</strong></span> <span class='ocrx_word' id='word_1_939' title='bbox 2171 5558 2280 5610; x_wconf 70' lang='lat' dir='ltr'><strong>qua:</strong></span> <span class='ocrx_word' id='word_1_940' title='bbox 2337 5544 2385 5593; x_wconf 85' lang='lat' dir='ltr'><strong>in</strong></span> <span class='ocrx_word' id='word_1_941' title='bbox 2422 5540 2707 5610; x_wconf 66' lang='lat' dir='ltr'><strong>Evangeliis</strong></span> <span class='ocrx_word' id='word_1_942' title='bbox 2744 5547 3001 5610; x_wconf 59' lang='lat' dir='ltr'><strong>narrantur</strong></span> <span class='ocrx_word' id='word_1_943' title='bbox 3033 5540 3319 5610; x_wconf 68' lang='lat' dir='ltr'><strong>perfecisse.</strong></span> <span class='ocrx_word' id='word_1_944' title='bbox 3361 5543 3426 5581; x_wconf 73' lang='lat' dir='ltr'><strong>Im</strong></span> <span class='ocrx_word' id='word_1_945' title='bbox 3466 5542 3572 5596; x_wconf 68' lang='lat' dir='ltr'><strong>qui-</strong></span> 
     </span>
    </p>
   </div>
   <div class='ocr_carea' id='block_1_120' title="bbox 1970 5597 3573 5661">
    <p class='ocr_par' dir='ltr' id='par_1_120' title="bbox 1970 5597 3573 5661">
     <span class='ocr_line' id='line_1_120' title="bbox 1970 5597 3573 5661; baseline -0.008 -4"><span class='ocrx_word' id='word_1_946' title='bbox 1970 5612 2060 5658; x_wconf 63' lang='grc' dir='ltr'><strong>ιω</strong></span> <span class='ocrx_word' id='word_1_947' title='bbox 2084 5597 2329 5658; x_wconf 56' lang='lat' dir='ltr'><strong>lucri-ticius</strong></span> <span class='ocrx_word' id='word_1_948' title='bbox 2360 5597 2767 5661; x_wconf 37' lang='lat' dir='ltr'><strong>lunatins‘itartyr</strong></span> <span class='ocrx_word' id='word_1_949' title='bbox 2813 5599 2968 5661; x_wconf 74' lang='lat' dir='ltr'><strong>Epist.</strong></span> <span class='ocrx_word' id='word_1_950' title='bbox 3006 5597 3063 5648; x_wconf 83' lang='lat' dir='ltr'><strong>ad</strong></span> <span class='ocrx_word' id='word_1_951' title='bbox 3096 5609 3385 5661; x_wconf 66' lang='lat' dir='ltr'><strong>Stnyrnams,</strong></span> <span class='ocrx_word' id='word_1_952' title='bbox 3423 5606 3573 5645; x_wconf 58' lang='grc' dir='ltr'>ιιιξιιι-</span> 
     </span>
    </p>
   </div>
   <div class='ocr_carea' id='block_1_121' title="bbox 1969 5651 3564 5786">
    <p class='ocr_par' dir='ltr' id='par_1_121' title="bbox 1969 5651 3564 5786">
     <span class='ocr_line' id='line_1_121' title="bbox 1969 5651 3564 5786; baseline -0.011 -68"><span class='ocrx_word' id='word_1_953' title='bbox 1969 5651 2274 5786; x_wconf 35' lang='grc' dir='ltr'>ᾗῇ</span> <span class='ocrx_word' id='word_1_954' title='bbox 2293 5651 2669 5723; x_wconf 16' lang='lat' dir='ltr'><strong>adv‘l‘iailianos,</strong></span> <span class='ocrx_word' id='word_1_955' title='bbox 2706 5651 2926 5712; x_wconf 47' lang='lat' dir='ltr'><strong>Irentc&#39;us</strong></span> <span class='ocrx_word' id='word_1_956' title='bbox 2956 5661 3038 5709; x_wconf 84' lang='lat' dir='ltr'><strong>IlI).</strong></span> <span class='ocrx_word' id='word_1_957' title='bbox 3071 5663 3123 5722; x_wconf 85' lang='lat' dir='ltr'><strong>l,</strong></span> <span class='ocrx_word' id='word_1_958' title='bbox 3160 5651 3459 5723; x_wconf 71' lang='lat' dir='ltr'><strong>Epiphanius</strong></span> <span class='ocrx_word' id='word_1_959' title='bbox 3479 5698 3491 5720; x_wconf 60' lang='grc' dir='ltr'><em>τ</em></span> <span class='ocrx_word' id='word_1_960' title='bbox 3521 5681 3528 5700; x_wconf 80' lang='lat' dir='ltr'><strong>l</strong></span> <span class='ocrx_word' id='word_1_961' title='bbox 3555 5668 3564 5700; x_wconf 90' lang='lat' dir='ltr'><strong>l</strong></span> 
     </span>
     <span class='ocr_line' id='line_1_122' title="bbox 1973 5747 2070 5785; baseline -0.031 -1"><span class='ocrx_word' id='word_1_962' title='bbox 1973 5749 2001 5784; x_wconf 73' lang='grc' dir='ltr'><strong>ξι</strong></span> <span class='ocrx_word' id='word_1_963' title='bbox 2023 5747 2070 5785; x_wconf 90' lang='lat' dir='ltr'><strong>ll.</strong></span> 
     </span>
    </p>
   </div>
   <div class='ocr_carea' id='block_1_122' title="bbox 1973 5747 2070 5785">
    <p class='ocr_par' dir='ltr' id='par_1_122' title="bbox 1973 5747 2070 5785">
     <span class='ocr_line' id='line_1_123' title="bbox 1973 5747 2070 5785; baseline -0.031 -1"><span class='ocrx_word' id='word_1_964' title='bbox 1973 5747 2070 5785; x_wconf 82' lang='lat' dir='ltr'><strong>aut.</strong></span> 
     </span>
    </p>
   </div>
  </div>
