4076 6444
591 336 696 392 459

589 462 799 516 mitates
822 466 994 511 autent
1032 463 1084 509 et
1112 452 1494 508 desolationem
1549 466 1729 504 eorum
1777 448 1880 547 hoc
1917 445 2165 547 exemplo

591 558 966 621 repraesentat;
997 545 1206 600 interim
1241 557 1366 595 vero
1392 541 1645 606 declarat.
1700 540 1818 638 illos
1868 537 2164 638 haesit-iste

589 656 836 710 passuros
861 655 981 695 esse
1006 657 1017 691 :
1051 638 1100 690 id
1129 635 1268 706 quod
1296 635 1453 689 etiam
1494 633 1544 685 in
1577 629 1738 684 veteri
1758 629 1890 727 iege
1915 626 2160 727 faciebat.

585 732 714 787 Nam
741 731 968 786 Sodoma
992 730 1376 786 destructurus,
1423 721 1559 788 apud
1583 719 1971 818 ﬁAhrahamum
2018 719 2163 818 prius

584 839 705 877 sese
746 820 985 891 purgavit
1029 819 1191 889 (Gen.
1247 815 1368 884 18),
1408 811 1697 866 ostendens
1722 824 1880 878 quam
1908 807 2059 876 pauci
2089 806 2153 859 ibi

584 913 763 966 virtuti
789 910 1059 964 studerent
1084 925 1097 971 ;
1124 921 1242 960 cum
1271 905 1410 958 enim
1445 905 1494 955 in
1525 912 1602 955 tet
1630 900 1847 954 urbibus
1874 913 1941 952 ne
1971 897 2154 951 decem

587 1002 801 1071 quidem
832 1000 1192 1069 reperirentur
1213 996 1299 1061 qui
1325 981 1682 1061 temperanter
1711 991 1965 1093 viverent.
1989 986 2156 1093 item-

580 1109 682 1160 que
710 1107 828 1146 cum
859 1091 990 1144 Loto
1037 1087 1500 1157 inhospitalitatem
1530 1085 1763 1184 ipsorum
1789 1085 2153 1184 turpissimos-

579 1199 682 1252 que
725 1197 932 1235 amores
957 1182 1391 1243 demonstrasset,
1439 1178 1611 1245 ignem
1658 1175 1892 1229 immisit.
1924 1173 2154 1242 Idipsum

579 1275 702 1329 fecit
730 1276 779 1327 in
802 1274 1018 1334 diluvio.
1045 1287 1162 1325 cum
1195 1285 1257 1324 ex
1301 1271 1425 1340 ipsis
1458 1267 1707 1338 operibus
1743 1281 1957 1321 causam
2004 1279 2154 1318 suam

575 1363 914 1418 defendisset.
948 1362 1011 1415 Et
1034 1360 1169 1430 apud
1193 1359 1523 1414 Ezechielem
1554 1357 1814 1420 similiter,
1843 1370 1961 1409 cum
1984 1354 2156 1426 Babyo

578 1455 698 1508 lune
714 1451 923 1522 degenti
942 1466 1060 1519 quae
1082 1450 1424 1521 .Ierosolymis
1452 1448 1638 1502 ﬁerent
1660 1448 1794 1501 mala
1818 1455 1940 1501 ante
1968 1446 2152 1499 oculos

575 1544 748 1612 posuit
786 1541 1006 1612 (Ezech.
1035 1541 1126 1610 5).
1161 1540 1394 1609 Itemque
1417 1555 1537 1593 cum
1605 1539 1850 1594 Jeremim
1903 1536 2148 1602 diccbat,

571 1632 700 1686 Noli
750 1649 843 1702 pro
890 1632 1013 1700 ipsis
1065 1646 1231 1695 orare,
1288 1638 1344 1683 ut
1388 1644 1602 1684 causam
1646 1643 1796 1682 suam
1839 1626 2150 1683 defenderet

569 1721 700 1776 dixit
730 1740 741 1774 :
773 1722 850 1774 Αη
880 1738 978 1772 non
997 1719 1132 1774 rides
1157 1720 1276 1788 quid
1315 1720 1396 1772 isti
1421 1719 1613 1787 faciunt
1641 1717 1788 1787 (λεν.
1814 1717 1868 1771 7.
1896 1716 1981 1771 46.
2007 1714 2149 1784 i7)?

568 1810 635 1865 Et
665 1811 857 1879 ubique
882 1810 1017 1862 idem
1051 1807 1172 1861 facit
1200 1824 1214 1860 :
1243 1809 1321 1861 sic
1345 1818 1400 1861 et
1423 1807 1524 1860 hoc
1543 1805 2019 1900 lioco.‘Quid-enim
2039 1805 2148 1900 ait?

567 1896 656 1950 41.
697 1893 804 1947 Viri
832 1893 1073 1946 Ninivita:
1098 1902 1318 1962 surgent,
1352 1901 1397 1943 ct
1425 1890 1822 1946 condemnabam
1865 1890 2146 1959 generatio-

565 2003 679 2040 neut
717 1988 886 2047 istaut,
917 1987 1034 2053 quia
1079 1985 1415 2053 paenitentiam
1443 1993 1646 2052 egerunt
1692 1983 1745 2036 in
1790 1982 2146 2058 praedicatione

563 2076 732 2130 June.
761 2075 827 2128 Et
845 2091 954 2128 ατε
975 2074 1089 2143 plus
1113 2089 1262 2142 quant
1277 2071 1439 2126 Jonas
1457 2073 1555 2126 hic.
1588 2071 1678 2127 Ille
1704 2086 1932 2142 namque
1960 2086 2145 2126 servus

561 2175 695 2230 erat.
726 2183 825 2235 ego
873 2165 1124 2220 Dominus
1149 2181 1161 2227 ;
1197 2151 1283 2219 ille
1310 2180 1376 2218 ex
1404 2175 1524 2218 ceto
1553 2164 1679 2219 exiit
1698 2205 1711 2226 ,
1740 2179 1840 2234 ego
1867 2180 1931 2218 ex
1971 2175 2144 2218 morte

559 2257 797 2318 surrexi;
821 2256 910 2309 ille
929 2255 1188 2309 excidium
1213 2255 1548 2324 praedicavit,
1573 2268 1670 2321 ego
1697 2269 1917 2323 regnum
1936 2270 2141 2309 annun-

561 2350 698 2403 tians
723 2349 859 2402 veni.
909 2348 971 2401 Et
1001 2347 1075 2401 illi
1104 2344 1316 2416 quidem
1358 2345 1558 2414 absque
1584 2346 1734 2414 signo
1764 2345 2138 2408 crediderunt,

561 2454 658 2509 ego
688 2453 813 2492 vero
839 2423 999 2491 multa
1029 2437 1241 2491 exhibui
1286 2436 1455 2503 signa.
1495 2435 1570 2488 Illi
1613 2435 1742 2489 nihil
1794 2435 1934 2488 aliud
1981 2449 2139 2504 quant

560 2531 646 2584 illa
695 2531 849 2584 verba
900 2527 1199 2590 audierunt,
1252 2540 1352 2595 ego
1395 2526 1522 2580 vero
1551 2525 1747 2579 nullam
1788 2539 1891 2579 non
1922 2524 2140 2580 adhibui

560 2621 905 2691 philosophiae
945 2619 1198 2689 speciem.
1234 2617 1323 2671 Ille
1370 2617 1610 2670 minister
1638 2619 1871 2676 advenit.
1901 2632 2000 2716 ego
2028 2618 2140 2685 ipse

558 2711 859 2765 dominator
882 2720 930 2764 et
954 2710 1188 2763 omnium
1218 2707 1472 2761 Dominus
1489 2708 1628 2772 veni,
1658 2722 1760 2759 non
1784 2707 2135 2768 comminans,

557 2817 661 2856 non
703 2803 936 2856 rationes
963 2809 1238 2869 expetens,
1286 2798 1380 2854 sed
1430 2800 1634 2854 veniam
1684 2797 1926 2852 alferens.
1966 2797 2030 2851 Et
2060 2797 2136 2851 illi

554 2894 766 2964 quidem
813 2893 1057 2956 barbari,
1112 2890 1164 2944 hi
1209 2905 1333 2944 vero
1379 2905 1498 2944 cum
1555 2891 1815 2943 sexcentis
1865 2889 2138 2958 prephetis

555 2983 748 3038 versati
805 2993 942 3037 sunt.
1000 2982 1073 3036 De
1115 2980 1207 3034 illo
1261 2979 1435 3033 nullus
1505 2979 1856 3046 praedixerat,
1931 2980 1998 3033 de
2051 2994 2137 3034 me

557 3089 746 3130 omnes
821 3073 1182 3142 prmdixerunt
1219 3113 1234 3135 ,
1292 3081 1346 3125 et
1425 3086 1584 3130 (itera
1660 3071 1831 3124 verbis
1902 3085 2135 3125 consona

554 3164 717 3219 fuere.
764 3163 856 3218 Ille
904 3162 1033 3231 fugit
1074 3161 1308 3228 abiitque
1357 3176 1423 3213 ne
1471 3159 1834 3224 derideretur;
1889 3175 1988 3228 ego
2040 3159 2136 3213 ad-

553 3255 690 3319 veni,
737 3255 835 3306 etsi
875 3253 1062 3306 scirem
1100 3261 1152 3305 et
1189 3265 1401 3304 crucem
1442 3260 1492 3303 et
1537 3250 1806 3303 irrisiones
1856 3263 2132 3348 passurum

550 3360 634 3398 tne
663 3358 801 3397 esse.
838 3344 926 3397 Ille
962 3357 1028 3396 ne
1057 3341 1398 3410 opprobrium
1419 3339 1632 3410 quidem
1664 3341 1778 3393 tulit
1811 3356 1904 3409 pro
1939 3339 2000 3394 iis
2042 3339 2132 3408 qui

550 3434 740 3489 servati
770 3433 1039 3487 etiiberati
1069 3439 1207 3494 sunt,
1231 3446 1329 3500 ego
1351 3439 1574 3485 mortem
1604 3431 1851 3490 sustinui.
1882 3438 2134 3483 mortem-

550 3539 653 3594 que
684 3524 1060 3591 turpissimam,
1091 3531 1146 3575 et
1196 3530 1315 3589 post
1369 3519 1482 3573 haec
1529 3520 1661 3572 alios
1712 3520 1882 3572 mitto.
1931 3519 1995 3571 Et.
2045 3518 2135 3572 ille

549 3613 759 3680 quidem
789 3621 1072 3665 extraneas
1099 3619 1214 3663 erat
1239 3617 1293 3663 et
1315 3609 1543 3677 ignotus,
1571 3623 1672 3675 ego
1692 3607 1982 3708 secundum
2009 3621 2130 3708 car-

548 3702 874 3757 nemiisdcm
907 3699 1333 3770 progenitoribus
1362 3709 1508 3752 ortus
1546 3711 1682 3752 sum.
1719 3696 1870 3751 Plura
1892 3697 1989 3750 alia
2013 3698 2132 3767 quis

547 3793 890 3860 disquit-endo
920 3805 1207 3859 congerere
1239 3790 1421 3859 possit.

616 3885 668 3940 3.
703 3883 817 3951 Ipse
853 3897 978 3936 vero
1009 3896 1115 3935 non
1157 3880 1241 3934 hic
1270 3881 1488 3949 gradum
1524 3882 1682 3946 sistit,
1716 3881 1808 3936 sed
1835 3882 1977 3937 aliud
2010 3897 2131 3952 pro-

547 3975 694 4046 ponit
720 3975 1040 4042 exemplum,
1064 3971 1247 4026 dicens
1277 3990 1291 4025 ε
1321 3971 1408 4025 42.
1440 3973 1633 4043 Regina
1675 3975 1847 4038 Austri
1879 3984 2049 4044 surget
2075 3976 2128 4028 in

533 4067 734 4134 judicio
777 4083 885 4119 cum
925 4065 1242 4136 generatione
1265 4066 1380 4127 ista,
1421 4073 1465 4118 et
1488 4067 1834 4120 condemnabit
1854 4085 1936 4121 eos
1963 4084 1981 4120 :
2009 4070 2128 4136 quia

548 4159 676 4213 venit
700 4175 731 4209 a
758 4158 941 4225 ﬁnibus
973 4167 1119 4211 terra
1160 4168 1215 4210 ut
1252 4156 1450 4211 audiret
1484 4159 1782 4226 sapientiam
1816 4159 2122 4215 Salomonis.

547 4249 613 4301 Et
634 4265 743 4303 ecce
771 4250 886 4317 plus
912 4265 1062 4316 quant
1090 4247 1334 4302 Salomon
1355 4248 1453 4300 hic.
1487 4246 1598 4302 Hoc
1631 4248 1805 4318 priore
1827 4249 1998 4318 majus
2025 4260 2124 4305 est.

545 4339 675 4393 Nam
707 4338 868 4392 Jonas
897 4338 962 4392 ad
992 4337 1250 4390 Ninivitas
1279 4338 1402 4393 abiit
1427 4355 1442 4402 ;
1466 4339 1644 4408 regina
1669 4354 1794 4393 vero
1821 4341 1998 4395 Austri
2023 4356 2128 4396 non

545 4429 954 4498 cxspcetavitnt
981 4427 1233 4483 Salomon
1279 4429 1443 4498 ipsam
1475 4429 1665 4493 adiret,
1695 4430 1787 4485 sed
1834 4431 1927 4485 illa
1953 4433 2125 4501 ipsum

543 4520 694 4585 adiit,
732 4519 830 4574 etsi
848 4531 900 4573 et
929 4520 1118 4574 mulier
1153 4528 1206 4574 et
1236 4519 1490 4580 barbara,
1539 4530 1791 4590 tantoque
1833 4523 2006 4591 spatio
2038 4539 2124 4578 re-

544 4619 685 4664 mota
713 4619 872 4670 esset,
903 4626 1006 4663 non
1051 4610 1206 4664 minis
1252 4609 1587 4676 instantibus,
1638 4626 1744 4664 non
1791 4621 2014 4668 mortem
2057 4615 2122 4668 tio

547 4717 733 4765 mens,
767 4701 859 4754 sed
889 4702 1004 4754 solo
1058 4702 1372 4771 sapientium
1428 4702 1713 4756 verborum
1771 4718 1971 4757 amore.
2017 4706 2123 4761 Sed

545 4791 679 4846 Ecce
701 4793 815 4860 plus
847 4808 995 4860 quam
1028 4791 1271 4845 Salomon
1301 4793 1401 4844 hic.
1437 4791 1549 4845 Illic
1575 4793 1717 4847 enim
1743 4795 1933 4848 mulier
1959 4796 2120 4852 adve-

544 4884 641 4948 nit,
671 4882 772 4936 Imc
793 4898 891 4952 ego
916 4883 1056 4936 veni.
1080 4882 1169 4935 Illa
1191 4898 1219 4934 a
1248 4883 1437 4936 finibus
1467 4893 1619 4937 terra:
1649 4885 1876 4961 profecta
1901 4896 1998 4947 est.
2026 4901 2122 4957 ego

549 4973 709 5027 urbes
738 4984 791 5026 et
811 4975 952 5026 vicos
975 4974 1261 5027 circumeo.
1289 4974 1351 5026 Et
1397 4974 1480 5027 ille
1511 4976 1723 5043 quidem
1753 4976 1818 5030 de
1841 4977 2120 5035 arboribus

542 5076 595 5119 et
618 5064 808 5132 plantis
828 5064 1138 5125 disserebat.
1159 5080 1276 5133 qua:
1295 5079 1398 5117 non
1424 5066 1643 5119 multum
1665 5067 1807 5121 illam
1833 5085 1890 5123 se
1917 5070 2120 5125 adeun-

545 5164 650 5209 tem
679 5154 862 5221 juvare
901 5163 1177 5222 potet-ant;
1211 5170 1308 5223 ego
1337 5170 1462 5208 vero
1490 5156 1556 5210 de
1584 5158 1935 5214 ineil'abilibus
1964 5163 2121 5216 rebus

541 5255 596 5300 et
621 5245 909 5298 tremendis
934 5246 1219 5314 mysteriis.
1252 5245 1532 5314 Postquam
1580 5266 1708 5318 ergo
1743 5253 1861 5306 illos
1891 5254 2116 5308 damna-

537 5337 633 5400 vit,
668 5335 952 5389 ostendens
991 5337 1056 5389 ab
1085 5338 1228 5388 omni
1259 5339 1407 5390 venia
1435 5339 1586 5407 longe
1616 5343 1815 5397 alienos
1840 5361 1978 5412 esse,
2011 5347 2120 5402 illo-

538 5440 764 5494 rumque
787 5423 1197 5479 iuobedientiam
1223 5444 1286 5481 ex
1316 5429 1519 5497 ingrato
1548 5431 1756 5486 illorum
1782 5437 1978 5502 animo,
2009 5455 2113 5495 non

540 5531 603 5570 ex
635 5517 870 5570 doctoris
901 5517 1258 5572 imbecillitate
1296 5520 1590 5588 proficisci;
1646 5524 1854 5595 hocque
1894 5537 2001 5583 tum
2048 5545 2113 5584 ex

539 5608 655 5661 aliis
673 5608 871 5672 multis,
900 5616 1007 5662 tum
1030 5609 1274 5678 exemplo
1297 5609 1646 5668 Ninivitarum
1675 5624 1732 5668 et
1749 5617 1945 5687 rcginrc
1964 5634 2108 5675 com-

543 5700 850 5752 moustravit
884 5718 894 5754 :
925 5710 1046 5754 tunc
1075 5700 1389 5770 supplicium
1435 5703 1576 5772 ipsos
1611 5715 1953 5776 excepturum
1981 5717 2109 5768 aeni-

1255 330 1311 385 S.
1351 328 1626 385 JOANNIS
1663 324 2140 385 CIIRYSOSTOMI
2180 327 2494 387 AllClIiEP.
2537 332 3067 400 CONSTANTINOP.

3743 361 3856 420 ιω

2256 432 2496 511 ἐιηειὶοθ
2535 463 2933 521 commemorat,
2964 458 3186 515 multum
3208 463 3268 518 -in
3301 465 3563 522 narrando
3589 477 3854 529 terrorem

2270 533 2522 591 inferens.
2553 538 2682 594 Nam
2711 543 2814 596 ait:
2838 545 2926 599 43.
2958 548 3081 600 Cum
3107 551 3402 610 immundus
3448 558 3654 627 spiritus
3677 564 3860 620 exierit

2267 624 2328 676 ab
2350 627 2570 694 homine,
2592 633 2811 686 ambulat
2830 652 2918 702 per
2939 638 3051 690 loca
3071 639 3331 711 iuaquosa,
3355 624 3578 717 querens
3609 656 3851 722 requiem,

2267 727 2312 769 et
2345 735 2444 773 non
2471 722 2741 790 inveniens,
2768 729 2855 783 44.
2876 731 2996 786 dicit
3021 749 3041 786 :
3069 732 3308 792 Reuertar
3345 743 3397 794 in
3428 745 3631 800 domum
3660 764 3849 815 meam,

2265 811 2398 864 unde
2440 816 2587 868 exivi.
2635 817 2702 871 Et
2744 822 2962 889 veniens,
2993 825 3176 879 inuenit
3223 845 3333 896 eam
3361 845 3617 890 vacantem
3638 879 3652 903 ,
3683 845 3852 908 scopis

2265 902 2577 970 mtmdatam,
2604 919 2650 960 et
2670 920 2918 965 ornatam.
2947 915 3185 970 45.Tunc
3205 920 3359 985 vadit,
3383 933 3429 975 et
3449 902 3656 981 assumit
3681 944 3851 982 secant

2263 990 2390 1045 alios
2409 1007 2593 1062 septem
2630 999 2838 1067 spiritus
2881 1006 3138 1072 nequiores
3163 1025 3234 1068 se.
3271 1021 3316 1064 et
3355 1013 3597 1070 intrantes
3624 1019 3854 1075 Itabitaut

2261 1081 2368 1135 ibi:
2395 1093 2441 1136 et
2477 1086 2606 1152 ﬁunt
2635 1090 2902 1146 nouissima
2945 1095 3163 1152 hominis
3211 1100 3351 1154 illius
3379 1105 3551 1173 pejora
3571 1109 3850 1176 prioribus.

2268 1173 2357 1227 Sic
2381 1177 2472 1228 erit
2500 1186 2546 1230 et
2575 1182 2883 1247 generatioui
2923 1185 3056 1240 huic.
3106 1189 3239 1244 Ilinc
3287 1195 3540 1262 ostendit,
3591 1198 3714 1254 illos
3739 1204 3849 1258 non

2262 1267 2312 1320 in
2343 1268 2518 1324 futuro
2564 1281 2767 1329 tantum
2797 1279 3016 1342 saeculo,
3047 1280 3143 1335 sed
3170 1283 3331 1338 etiam
3361 1286 3414 1340 in
3441 1293 3691 1355 praesenti
3722 1308 3847 1362 gra-

2259 1357 2471 1413 vissima
2503 1375 2752 1428 passuros
2780 1380 2920 1422 esse.
2960 1368 3097 1425 Nam
3133 1373 3255 1440 quia
3305 1375 3539 1445 dicebat,
3585 1357 3852 1440 Ninivitas

2260 1448 2646 1507 insurrecturos
2672 1455 2724 1508 in
2749 1455 2971 1524 judicio,
2998 1473 3051 1515 et
3096 1461 3233 1518 hanc
3275 1470 3672 1535 generationem
3716 1488 3852 1530 con-

2255 1537 2595 1597 demnaturos
2627 1562 2640 1597 :
2673 1561 2740 1600 ne
2778 1547 2848 1602 ob
2888 1537 3144 1620 temporis
3192 1554 3593 1616 diuturnitatem
3636 1563 3687 1618 id
3710 1579 3849 1620 con-

2256 1631 2577 1688 temnerent.
2623 1638 2678 1683 et
2720 1630 3132 1701 negligentiores
3167 1639 3476 1709 evaderent,
3526 1647 3628 1702 hac
3652 1648 3706 1704 in
3735 1651 3844 1706 vita

2251 1715 2430 1782 gravia
2453 1718 2589 1770 mala
2616 1720 2745 1786 ipsis
2761 1721 3030 1778 subeunda
3057 1729 3258 1784 statuit.
3285 1730 3437 1798 Quod
3463 1738 3846 1796 comminando

2251 1806 2387 1860 Osee
2417 1807 2671 1877 propheta
2700 1810 2945 1869 dicebat:
2972 1815 3144 1873 Erunt
3182 1818 3248 1874 Ut
3291 1825 3536 1893 propheta
3564 1828 3617 1892 in
3660 1834 3845 1887 mentis

2249 1913 2475 1964 excessu,
2501 1910 2558 1954 ut
2584 1902 2733 1958 homo
2752 1920 2786 1958 a
2812 1908 2994 1975 spiritu
3018 1921 3277 1981 correptus
3325 1914 3346 1986 (
3375 1916 3500 1972 Osee
3540 1919 3594 1974 9.
3622 1921 3693 1983 'l)
3721 1939 3736 1990 ;
3785 1925 3839 1980 id

2249 1998 2348 2050 est,
2371 1992 2507 2046 sicut
2527 1993 3004 2068 pseudoprophette
3032 2003 3290 2072 furentes,
3340 2006 3733 2069 debaccbsntes
3757 2057 3770 2081 ,
3805 2032 3839 2073 ι

2249 2081 2494 2150 malignis
2525 2085 2796 2153 spiritibus
2830 2090 3033 2159 agitati.
3058 2092 3190 2149 Nam
3219 2097 3304 2152 hic
3331 2102 3642 2171 prophetam
3672 2107 3838 2164 intel-

2245 2170 2358 2239 ligit
2403 2183 2580 2230 mente
2627 2187 2860 2246 captum,
2911 2170 3454 2256 pseudoprophetam,
3499 2195 3682 2262 quales
3710 2209 3838 2255 sunt

2245 2271 2410 2317 vates.
2443 2263 2755 2335 Hoc’ipsum
2789 2269 3036 2326 Christus
3061 2274 3367 2342 signiﬁcans
3397 2281 3524 2337 dicit
3561 2284 3705 2356 ipsos
3736 2304 3835 2344 ex—

2245 2359 2409 2406 trema
2439 2369 2691 2423 passuros
2717 2373 2855 2413 esse.
2899 2360 3084 2418 Viden’
3111 2381 3218 2435 quo
3248 2380 3404 2438 pacto
3434 2372 3580 2442 ipsos
3602 2378 3838 2450 undique

2246 2441 2479 2509 impellat
2509 2455 2565 2499 ut
2589 2446 2745 2502 dictis
2771 2451 3068 2517 attendant,
3098 2471 3127 2509 a
3162 2441 3534 2527 praesentibus,
3563 2482 3590 2519 a
3621 2441 3834 2538 futuris,

2242 2532 2309 2587 ab
2328 2533 2390 2588 iis
2414 2538 2501 2604 qui
2529 2537 2664 2594 bene
2698 2556 2809 2595 rem
2837 2556 3135 2612 gesserunt.
3156 2549 3469 2616 aNinivitis,
3505 2558 3746 2624 inquam.
3777 2532 3833 2619 et

2242 2638 2270 2678 a
2300 2625 2500 2694 regina,
2525 2629 2592 2683 ab
2618 2629 2682 2685 iis
2707 2633 2795 2702 qui
2822 2636 3045 2706 coiiapsi
3069 2640 3401 2712 sunt,’i‘yriis
3427 2657 3479 2702 et
3503 2646 3834 2708 Sodomitis?

2240 2713 2390 2780 Quod
2419 2717 2577 2772 etiam
2611 2723 2881 2790 prophetre
2901 2724 3182 2797 faciebant,
3217 2733 3352 2788 filios
3373 2734 3645 2793 Rechabin
3673 2742 3826 2797 indu-

2239 2814 2421 2860 centes
2442 2817 2759 2878 etspoosam
2783 2829 2903 2882 quae
2937 2827 3157 2873 ornatus
3179 2825 3379 2891 proprii
3424 2836 3478 2880 et
3525 2843 3673 2883 zonae
3717 2847 3831 2889 sua:

2240 2908 2344 2948 non
2371 2897 2720 2966 obliviscitur,
2749 2913 2802 2957 et
2838 2906 3026 2962 bovem
3054 2911 3144 2977 qui
3175 2915 3322 2968 novit
3353 2932 3746 2991 poSsessorem,
3775 2936 3832 2982 et

2238 2985 2444 3040 asinum
2476 2992 2563 3058 qui
2595 3007 2836 3064 prtesepe
2865 3001 3032 3052 novit.
3065 3001 3157 3058 Sic
3185 3015 3238 3059 et
3267 3006 3368 3063 hoc
3403 3010 3520 3066 loco
3545 3029 3573 3067 a
3605 2985 3826 3087 compa-

2239 3079 2447 3134 ratione
2475 3081 2738 3151 ingratum
2765 3086 2973 3145 illorum
3019 3095 3253 3150 animum
3291 3098 3590 3170 declarans,
3621 3111 3828 3180 suppli-

2239 3167 2377 3222 cium
2409 3170 2659 3243 deinceps
2701 3183 3040 3245 prtenuntiat.

2307 3257 2608 3315 Judworum
2650 3275 2763 3334 post
2801 3267 3054 3324 Christum
3090 3289 3276 3329 casum
3324 3280 3613 3336 damnatio.
3655 3286 3826 3359 Judaei

2236 3349 2326 3401 sub
2372 3348 2584 3406 Iuliano
2628 3366 2861 3421 apostata
2902 3363 3166 3429 gentilibus
3192 3367 3375 3433 juncti.
3403 3400 3474 3410 —
3503 3373 3639 3439 Quid
3671 3355 3830 3446 igitur

2236 3450 2318 3493 est
2370 3443 2420 3495 id
2459 3446 2598 3511 quod
2635 3447 2867 3502 dicitur?
2906 3452 3053 3506 Sicut
3079 3457 3396 3515 dxmoniaci
3418 3503 3434 3527 ,
3465 3465 3670 3529 inquit,
3693 3443 3826 3525 cum

2239 3528 2529 3587 liberantur
2556 3535 2624 3589 ab
2649 3537 2955 3596 infirmitate
2981 3559 3094 3607 sua,
3145 3549 3187 3599 si
3227 3528 3638 3620 negligentior-es
3659 3556 3790 3613 fiant
3809 3601 3824 3624 ,

2233 3621 2531 3687 graviorem
2579 3624 2678 3678 sibi
2720 3629 2994 3684 attrahunt
3044 3633 3373 3701 phantasiam
3409 3658 3422 3694 :
3452 3643 3528 3697 sic
3555 3646 3697 3699 enim
3732 3621 3826 3703 vos

2233 3705 2422 3762 facitis.
2455 3709 2663 3766 Etenim
2692 3715 2916 3771 antehac
2944 3734 2971 3771 a
3000 3720 3243 3778 daemone
3275 3726 3673 3797 detinebamini,
3701 3751 3824 3793 cum

2235 3795 2371 3850 idola
2402 3798 2720 3870 adoraretis,
2751 3815 2805 3858 et
2831 3807 2966 3862 filios
3011 3823 3218 3869 vestros
3260 3817 3606 3878 immolaretis
3622 3824 3826 3882 datmo-

2234 3888 2352 3952 niis,
2400 3905 2642 3960 magnam
2689 3895 3005 3954 exhibentes
3045 3901 3302 3960 insaniam
3346 3927 3359 3959 :
3392 3925 3490 3966 nec
3519 3921 3694 3984 tamen
3723 3918 3828 3973 de-

2233 3978 2423 4049 reliqui
2450 3997 2565 4048 vos,
2599 3984 2694 4039 sed
2725 4001 2818 4055 per
2841 3990 3128 4061 prephetas
3157 3997 3288 4063 ejeci
3311 3998 3607 4059 dmmonem
3633 3979 3780 4062 iitum
3803 4053 3819 4075 ,

2231 4079 2286 4124 et
2330 4072 2443 4140 ipse
2491 4090 2674 4130 rursus
2729 4081 2868 4144 veni,
2916 4091 2971 4135 ut
3013 4099 3108 4138 vos
3143 4101 3405 4146 curarem.
3435 4094 3538 4148 Sed
3559 4099 3679 4166 quia
3714 4117 3819 4156 non

2231 4162 2392 4215 vultis
2419 4166 2719 4236 attendere,
2750 4185 2932 4227 verum
2975 4175 3026 4229 in
3058 4179 3316 4246 majorem
3364 4188 3653 4255 nequitiam
3690 4208 3820 4261 pro-

2232 4253 2447 4322 rupistis
2485 4253 2505 4325 (
2525 4259 2717 4312 etenim
2743 4261 2908 4317 multo
2937 4269 3149 4335 gravius
3170 4253 3509 4343 deteriusque
3533 4290 3610 4333 est
3645 4253 3817 4350 ipsum

2233 4341 2512 4401 Dominum
2533 4350 2796 4421 jugulare,
2837 4371 2995 4425 quam
3024 4363 3313 4431 prophetas
3343 4341 3586 4426 occidere
3608 4371 3630 4442 )
3652 4341 3677 4438 ,'
3697 4375 3818 4432 ideo

2231 4436 2472 4504 graviora
2527 4442 2791 4508 prioribus
2835 4448 3122 4515 patiemini,
3180 4468 3370 4524 nempe
3406 4459 3467 4513 iis
3505 4477 3624 4529 qua:
3672 4469 3817 4533 passi

2231 4527 2362 4581 estis
2390 4528 2654 4602 Babylone
2676 4577 2690 4601 ,
2741 4537 2791 4590 in
2826 4537 3076 4610 Egypto,
3108 4552 3161 4598 et
3190 4547 3292 4599 sub
3328 4527 3591 4608 Antiocho
3617 4527 3812 4624 primo.

2229 4615 2357 4668 Nam
2417 4630 2568 4691 longe
2597 4624 2659 4677 iis
2708 4630 2978 4696 asperiora
3019 4634 3330 4691 acciderunt
3377 4639 3704 4712 Vespasiano
3760 4661 3817 4705 et

2229 4709 2348 4762 Tito
2383 4711 2622 4768 ducibus.
2684 4720 3020 4791 Quapropter
3068 4724 3281 4783 dicebat
3329 4748 3342 4780 ε
3394 4709 3508 4788 Erit
3555 4738 3815 4796 tribulatio

2229 4816 2434 4868 magna,
2464 4807 2629 4872 qualis
2655 4824 2927 4877 numquam
2956 4815 3073 4882 fuit,
3107 4833 3266 4886 neque
3284 4822 3374 4873 erit
3394 4833 3562 4891 postea
3583 4827 3600 4897 (
3621 4827 3812 4889 Matth.

2225 4892 2313 4946 2i.
2343 4895 2402 4948 2i
2429 4893 2468 4966 ).
2495 4897 2674 4968 Neque
2711 4901 2760 4955 id
2790 4905 2958 4958 solum
2989 4905 3090 4962 hoc
3119 4912 3360 4978 exemplo
3381 4892 3812 4988 signiﬁcabatur;

2227 4984 2317 5036 sed
2359 4987 2517 5040 etiam
2563 4989 2673 5046 fore
2719 4993 2862 5061 ipsos
2887 4998 3032 5051 omni
3066 4999 3257 5056 virtute
3287 5019 3503 5068 vacuos.
3535 5018 3591 5062 et
3633 5025 3662 5063 a
3697 5012 3812 5065 dre-

2226 5077 2469 5131 tnonibtts
2525 5079 2733 5136 facilius
2773 5101 2927 5152 quam
2975 5099 3099 5142 ante
3147 5090 3490 5149 invadendos.
3524 5097 3656 5152 Nam
3685 5109 3813 5158 tunc

2225 5167 2325 5218 etsi
2373 5182 2693 5238 peccareut,
2748 5183 2801 5226 at
2825 5184 2982 5230 erant
3010 5166 3263 5235 intereas
3301 5184 3508 5238 virtutis
3535 5189 3807 5259 cultores,

2224 5257 2407 5312 adei’at
2432 5262 2518 5313 Dei
2554 5264 2900 5330 providentia.
2926 5265 3260 5340 Spiritusque
3304 5277 3469 5343 gratia
3507 5280 3636 5347 ipsis
3687 5257 3809 5350 pro-

2226 5348 2427 5412 videns,
2465 5352 2606 5419 ipsos
2657 5357 2966 5424 emendatis,
3021 5374 3222 5430 suaque
3266 5366 3442 5419 omnia
3495 5379 3806 5436 praestans:

2194 5453 2364 5493 .nunc
2385 5455 2582 5510 autem,
2612 5447 2704 5508 ait,
2732 5449 3061 5514 providentia
3093 5454 3174 5506 illa
3197 5470 3414 5525 prorsus
3441 5461 3590 5516 vacui
3619 5476 3804 5530 erunt,

2224 5531 2291 5584 ita
2326 5543 2379 5587 ut
2409 5536 2578 5604 major
2607 5538 2676 5590 sit
2703 5554 2842 5594 nunc
2874 5541 3079 5597 virtutis
3111 5546 3322 5609 raritas,
3355 5550 3672 5608 calamitatis
3702 5557 3803 5618 vis.

2221 5632 2274 5676 et
2297 5623 2594 5679 iiicmonttm
2625 5631 2895 5700 tyrannica
2923 5644 3172 5702 potestas.
3215 5636 3394 5693 Nostis
3438 5651 3583 5695 certe
3629 5644 3681 5698 in
3707 5661 3805 5716 ge-

2222 5718 2496 5774 neratione
2543 5719 2640 5778 hac
2668 5737 2788 5779 cum
2827 5723 3068 5783 Julianus
3097 5727 3315 5801 fureret,
3345 5731 3613 5805 quomodo
3634 5735 3809 5797 ludet
