4076 6436
284 325 382 378 161

284 451 407 495 ceae
446 452 569 492 cum
600 435 885 505 gentilibus
905 431 1214 505 jungerent,
1260 443 1314 487 et
1343 434 1555 488 illorum
1584 448 1764 488 mores
1789 448 1878 488 se-

285 538 582 584 ctarentur.
608 525 789 594 Itaque
810 527 1020 581 etiamsi
1048 540 1186 579 nunc
1210 525 1471 580 tantillum
1494 525 1882 580 moderatiores

285 620 568 673 videantur
610 632 752 680 esse,
802 618 922 686 quia
951 613 1335 684 lmperatorum
1366 626 1514 672 metu
1558 616 1876 686 quiescunt:

283 719 437 766 certe
463 711 563 764 nisi
606 709 708 763 hoc
747 717 910 771 esset,
937 709 1102 761 multo
1128 708 1376 778 graviora
1403 696 1561 778 quam
1600 715 1725 761 ante
1759 707 1878 761 ausi

285 802 534 856 fuissent.
565 799 696 854 Nam
720 798 772 853 in
815 799 932 852 aliis
959 799 1210 868 operibus
1238 797 1396 853 malis
1417 798 1619 866 priscos
1641 797 1761 851 illos
1785 811 1879 850 su-

283 899 494 962 perant,
529 890 580 944 in
611 889 918 959 praestigiis,
951 888 1206 942 maleficis
1233 885 1454 955 artibus,
1484 887 1608 946 etin
1636 885 1875 952 lascivia,

282 980 464 1033 omnia
492 979 677 1034 isthaec
695 993 852 1047 supra
879 976 1096 1032 modum
1119 985 1451 1045 exercentes.
1473 976 1642 1031 Etiam
1665 976 1720 1030 in
1735 975 1874 1040 aliis,

282 1072 383 1125 etsi
416 1071 515 1126 hoc
536 1069 690 1127 freno
712 1071 1072 1136 detineantur,
1101 1085 1242 1140 saepe
1261 1069 1551 1126 seditiones
1570 1074 1874 1135 moverunt,

281 1172 469 1216 contra
510 1163 866 1232 Imperatores
896 1162 1341 1228 insurrexerunt,
1374 1160 1447 1216 ita
1473 1169 1529 1216 ut
1555 1160 1607 1215 in
1637 1169 1878 1216 extrema

283 1253 666 1310 delaberentur
704 1255 865 1309 mala.
1155 1310 1163 1317 ,

353 1344 409 1397 4.
439 1343 664 1399 Ubinam
689 1359 819 1416 ergo
839 1353 964 1400 sunt
992 1345 1069 1400 illi
1094 1345 1183 1414 qui
1203 1344 1353 1415 signa
1373 1346 1647 1415 quierunt?
1670 1342 1873 1408 Sciant,

281 1433 452 1502 probo
479 1443 698 1504 etgrato
723 1449 858 1505 opus
883 1450 1002 1491 esse
1023 1437 1204 1490 animo
1232 1451 1248 1490 :
1271 1435 1359 1506 qui
1388 1436 1487 1490 nisi
1512 1436 1672 1501 adsit,
1695 1435 1876 1505 signo-

279 1537 401 1577 rum
431 1524 578 1579 nulla
602 1526 707 1580 erit
749 1526 967 1580 utilitas.
1010 1525 1168 1581 Certe
1193 1525 1441 1580 Ninivitae
1465 1526 1670 1600 absque
1707 1525 1876 1594 signis

277 1611 623 1667 crediderunt
655 1632 668 1668 :
701 1612 755 1669 hi
784 1628 911 1669 vero
936 1625 1059 1684 post
1099 1623 1178 1669 tot
1205 1613 1464 1668 miracula
1499 1613 1713 1683 pejores
1749 1621 1878 1668 sunt

275 1703 451 1761 effecti
484 1745 499 1771 ,
539 1721 705 1777 seque
751 1707 1156 1763 innumerorum
1197 1706 1501 1761 daemonum
1539 1706 1872 1761 domicilium

277 1796 686 1860 constituerunt,
704 1805 761 1852 et
785 1806 1066 1852 sexcentas
1087 1796 1188 1852 sibi
1207 1805 1530 1865 pepererunt
1544 1797 1874 1852 calamitates

276 1885 394 1954 jure
423 1885 762 1942 illatas.Cum
789 1889 932 1943 enim
957 1888 1075 1956 quis
1097 1901 1128 1941 a
1147 1886 1303 1942 malis
1329 1887 1585 1942 liberatus
1609 1903 1715 1941 non
1741 1888 1873 1942 resi-

276 1977 456 2047 piscit,
489 1979 644 2050 longe
669 1979 912 2050 graviora
945 1978 1212 2048 prioribus
1257 1979 1508 2048 patietur.
1558 1979 1685 2034 Ideo
1727 1979 1870 2046 enim

276 2065 447 2132 dixit,
504 2068 624 2122 Non
651 2069 836 2123 invenit
860 2069 1078 2139 requiem
1103 2111 1118 2134 ,
1147 2077 1205 2123 ut
1229 2068 1516 2136 ostendat,
1562 2069 1869 2124 daemonum

277 2157 497 2212 insidias
537 2159 678 2213 hunc
720 2160 1024 2214 necessario
1051 2170 1393 2230 correpturos
1438 2173 1576 2214 esse.
1626 2159 1760 2214 Nam
1805 2160 1872 2215 ab

276 2245 359 2299 bis
386 2245 596 2300 duobus
623 2247 688 2302 ad
717 2262 900 2302 sanam
933 2256 1168 2302 mentem
1195 2247 1376 2302 reduci
1409 2251 1735 2318 oportuisset
1757 2288 1773 2314 ,
1817 2258 1872 2303 et

275 2335 414 2406 quod
443 2337 604 2403 passi,
629 2346 681 2391 et
700 2338 840 2407 quod
873 2338 1082 2392 liberati
1109 2333 1326 2402 essent;
1352 2339 1460 2392 imo
1491 2340 1706 2392 tertium
1736 2353 1870 2407 quo-

276 2441 379 2496 que
398 2426 573 2491 adest,
604 2443 799 2499 nempe
839 2429 1188 2482 comminatio
1218 2443 1284 2482 ne
1313 2428 1438 2499 quid
1467 2427 1704 2483 deterius
1730 2443 1866 2483 con-

276 2520 462 2589 tingat.
497 2519 746 2575 Attamen
777 2535 843 2575 ex
871 2521 1015 2576 nullo
1043 2535 1230 2575 eorum
1262 2521 1512 2576 meliores
1556 2529 1865 2576 evaserunt.

274 2607 400 2665 llzre
444 2625 570 2665 vero
615 2627 722 2667 non
764 2610 831 2667 ad
863 2612 983 2666 illos
1018 2621 1220 2666 tantum
1245 2651 1261 2676 ,
1315 2610 1409 2665 sed
1449 2612 1608 2664 etiam
1654 2610 1721 2664 ad
1768 2626 1866 2664 nos

272 2703 414 2758 dicta
441 2702 607 2759 fuisse
633 2712 934 2774 opportune
961 2703 1242 2758 credamus
1263 2742 1281 2769 ,
1320 2701 1534 2771 quando
1585 2702 1867 2757 illuminati

272 2803 326 2847 et
352 2796 384 2847 a
413 2794 603 2863 priscis
627 2794 797 2864 erepti
824 2793 1012 2860 malis,
1051 2806 1234 2847 rursus
1265 2792 1443 2846 eidem
1471 2791 1724 2861 nequitia:
1754 2793 1863 2847 ba:-

273 2896 452 2937 remus
485 2900 498 2936 :
533 2898 655 2937 nam
686 2882 757 2938 ob
794 2882 1025 2937 admissa
1074 2892 1196 2951 post
1224 2882 1336 2935 bare
1381 2891 1597 2949 peccata
1632 2883 1866 2950 graviori

272 2970 475 3026 ultione
515 2972 827 3042 plectemur.
862 2971 985 3026 Ideo
1011 2972 1304 3040 paralytico
1329 2969 1541 3027 dicebat
1575 2972 1818 3027 Christus
1847 2991 1861 3026 :

275 3062 425 3129 Ecce,
455 3080 610 3118 sanus
639 3066 805 3134 factus
833 3079 923 3127 es;
955 3063 1061 3117 noli
1087 3063 1308 3132 amplius
1344 3079 1549 3132 peccare
1573 3103 1588 3125 ,
1639 3079 1702 3117 ne
1747 3063 1869 3133 quid

271 3152 360 3206 tibi
387 3151 606 3207 deterius
635 3153 892 3222 contingat
925 3150 1106 3220 (Joan.
1138 3153 1194 3207 5.
1221 3149 1324 3223 14)
1367 3169 1381 3205 :
1410 3160 1465 3207 et
1511 3151 1624 3208 huic
1665 3153 1866 3208 homini

270 3243 410 3298 dicta
431 3252 574 3310 sunt,
597 3243 689 3314 qui
715 3242 927 3316 triginta
947 3253 1067 3300 octo
1088 3241 1242 3300 annis
1264 3258 1404 3316 aâ€˜ger
1426 3242 1616 3301 fuerat.
1637 3241 1863 3316 Ecquid,

272 3336 480 3406 inquies
504 3376 518 3402 ,
549 3336 760 3405 gravius
789 3350 1042 3403 passurus
1088 3345 1204 3390 erat
1230 3377 1244 3400 ,
1275 3352 1433 3406 quam
1465 3337 1658 3391 antea?
1687 3338 1868 3407 Longe

275 3425 455 3495 pejora
484 3435 536 3479 et
565 3427 833 3494 graviora.
865 3425 1024 3484 Absit
1069 3426 1211 3478 enim
1248 3441 1317 3480 ne
1364 3435 1510 3480 tanta
1559 3427 1824 3495 patiamur
1846 3468 1863 3491 ,

270 3526 469 3586 quanta
500 3517 606 3586 pati
636 3531 937 3586 possumus.
968 3516 1148 3585 Neque
1173 3517 1316 3571 enim
1340 3517 1451 3571 Deo
1477 3517 1736 3587 supplicia
1767 3521 1866 3573 de-

273 3617 417 3664 sunt.
451 3608 583 3663 Nam
614 3618 672 3662 ut
702 3623 894 3678 magna
933 3608 1300 3662 misericordia
1327 3608 1444 3677 ejus
1465 3649 1479 3674 ,
1511 3609 1580 3662 ita
1615 3618 1667 3662 et
1691 3609 1868 3678 gravis

272 3711 356 3755 est
383 3701 460 3754 ira
487 3701 623 3769 ejus.
657 3699 767 3754 Hac
794 3700 862 3754 de
884 3716 942 3754 re
959 3699 1347 3770 Jerosolymam
1374 3700 1514 3768 apud
1533 3699 1866 3754 Ezechielem

272 3798 504 3844 accusat.
553 3788 665 3843 Vidi
694 3790 829 3843 enim
858 3799 934 3852 te,
969 3789 1172 3856 inquit,
1207 3790 1455 3859 pollutam
1493 3791 1742 3861 sanguine
1763 3831 1778 3853 ,
1821 3799 1867 3845 et

273 3883 374 3937 lavi
398 3893 444 3936 et
494 3883 617 3936 una-1'
645 3921 659 3946 ,
702 3892 748 3935 et
779 3885 967 3950 factum
989 3892 1061 3934 est
1090 3882 1176 3934 tibi
1205 3897 1383 3936 nomen
1410 3885 1462 3935 in
1495 3882 1870 3951 pulchritudine

275 3985 398 4040 tua;
425 3987 470 4028 et
493 3975 744 4044 fornicata
769 3990 820 4027 es
846 3990 957 4027 cum
984 3975 1213 4043 ï¬nitimis
1243 3974 1342 4028 tuis
1370 3973 1580 4044 (Ezech.
1608 3976 1692 4028 16.
1728 3976 1780 4028 6.
1811 3975 1866 4035 9Í¾

277 4065 362 4119 14.
390 4065 497 4134 26)
532 4082 546 4119 :
578 4065 700 4119 ideo
741 4065 983 4132 graviora
1024 4064 1116 4118 tibi
1165 4063 1405 4132 peccanti
1433 4065 1685 4118 minatur.
1735 4065 1870 4120 lliuc

276 4171 406 4211 vero
433 4171 539 4212 non
567 4140 1142 4225 supplicium'tantum,
1174 4155 1266 4208 sed
1297 4155 1612 4208 immensam
1646 4156 1734 4208 Dei
1772 4170 1865 4224 pa-

275 4249 514 4303 tientiam
543 4255 720 4304 tecum
749 4255 955 4314 reputa.
988 4244 1142 4315 Szrpe
1174 4261 1401 4316 namque
1431 4246 1483 4298 in
1510 4247 1696 4300 eadem
1731 4248 1865 4300 mala

276 4339 478 4407 delapsi
504 4353 710 4402 sumus,
735 4336 967 4391 etadhue
988 4337 1405 4390 illenostulcrul.
1427 4336 1617 4390 Verum
1654 4353 1718 4390 ne
1737 4352 1868 4391 con-

280 4429 528 4494 fidamus,
560 4430 654 4483 sed
685 4429 858 4497 potius
889 4428 1190 4481 timeamus.
1226 4427 1437 4480 Etenim
1463 4427 1692 4491 Pharao,
1726 4429 1770 4483 si
1797 4445 1864 4483 ex

281 4522 449 4590 prima
478 4519 628 4590 plaga
651 4519 984 4586 resipuisset,
1019 4533 1123 4569 non
1155 4526 1439 4584 sequentes
1466 4527 1738 4585 expertus,
1769 4533 1870 4573 nec

280 4621 462 4682 postea
493 4625 612 4664 cum
643 4619 754 4663 toto
779 4609 1016 4663 exercitu
1057 4606 1336 4661 demersus
1376 4607 1580 4663 fuisset.
1618 4608 1743 4662 llaec
1773 4626 1869 4663 au-

281 4712 386 4757 tem
411 4703 553 4766 dico,
585 4702 707 4770 quia
737 4701 934 4754 multos
961 4700 1083 4753 novi
1113 4715 1252 4754 nunc
1280 4701 1416 4754 sicut
1444 4701 1651 4755 Pharao
1682 4702 1867 4755 dicen-

281 4799 361 4846 tes
383 4834 397 4857 ,
426 4791 542 4845 Non
577 4791 704 4844 novi
731 4791 932 4850 Deum;
984 4790 1071 4858 qui
1103 4789 1212 4842 luto
1238 4800 1291 4842 et
1336 4791 1588 4844 lateribus
1631 4792 1871 4844 subditos

281 4899 406 4939 suos
434 4883 706 4938 addicunl.
735 4882 875 4948 Quot
901 4882 1165 4944 homines,
1197 4880 1416 4950 jubente
1452 4881 1559 4935 Deo
1587 4883 1756 4934 minus
1787 4899 1871 4937 reâ€”

282 4978 518 5040 mittere,
547 4991 615 5029 ne
643 4974 882 5029 laborem
921 4973 1137 5042 quidem
1170 4974 1409 5026 relaxare
1433 4975 1641 5027 volunt?
1672 4974 1868 5028 Verum

283 5085 386 5123 non
417 5077 500 5122 est
515 5069 623 5136 jam
651 5066 890 5120 Rubrum
919 5079 1066 5117 mare
1095 5062 1485 5131 trajicieudum.
1521 5063 1624 5118 Sed
1655 5066 1871 5133 pelagus

283 5162 420 5232 ignis
464 5169 586 5226 est,
627 5159 846 5229 pelagus
878 5173 983 5210 non
1028 5172 1148 5209 eum
1181 5156 1271 5208 illo
1303 5156 1683 5210 conferendum
1713 5200 1726 5221 ,
1777 5156 1871 5210 sed

285 5254 452 5307 multo
493 5254 666 5322 majus
705 5258 760 5304 et
799 5249 1048 5303 acerbius
1075 5291 1088 5311 ,
1131 5247 1281 5316 cujus
1310 5248 1503 5302 ï¬‚uetus
1545 5251 1679 5317 ignis
1708 5259 1869 5314 sunt;

287 5343 419 5409 ignis
457 5352 601 5396 certe
630 5357 795 5394 novus
823 5349 874 5392 et
919 5338 1237 5392 horrendus.
1269 5341 1508 5408 Ahyssus
1549 5341 1651 5394 illic
1683 5357 1870 5409 magna

287 5447 368 5488 est
392 5434 619 5487 ï¬‚amma:
647 5433 991 5502 gravissima}.
1025 5431 1099 5484 lbi
1140 5431 1280 5483 enim
1324 5431 1496 5498 ignem
1526 5447 1737 5500 semper
1767 5436 1868 5486 cir-

285 5542 628 5580 cumcurrere
654 5526 836 5579 videre
867 5533 980 5590 est,
1025 5525 1147 5577 fera:
1191 5526 1588 5577 IIIIIIIZIIIisSilIlIIâ€˜.
1621 5528 1869 5579 similem.

288 5620 340 5670 Si
370 5619 509 5670 enim
538 5617 622 5669 ille
652 5615 866 5670 scnsilis
892 5623 943 5667 ct
983 5614 1268 5669 Iuaterialis
1300 5615 1454 5680 ignis,
1489 5617 1636 5683 quasi
1668 5622 1772 5671 leru
1808 5636 1873 5672 ex

291 5710 504 5764 h'tâ€˜tiaec
546 5709 832 5774 exsilieus,
877 5707 1059 5761 insiliil
1090 5708 1138 5760 in
1178 5723 1270 5762 eos
1299 5710 1382 5776 qui
1424 5717 1570 5762 extra
1604 5709 1871 5765 fm'naecm

1242 318 1308 375 IN
1348 317 1762 375 MATTIIEUM
1804 318 2032 376 IIOMIL.
2077 321 2262 379 XLIII.
2306 326 2376 381 al.
2421 328 2605 384 XLIV.

3476 343 3586 400 46â€˜!

1985 445 2162 502 erant,
2194 439 2320 494 dum
2351 449 2458 497 tres
2482 444 2630 512 pueri
2664 447 2805 500 intus
2831 458 3012 503 essent
3042 451 3056 481 Â¹
3092 467 3106 504 :
3136 453 3259 521 quid
3288 469 3394 511 non
3423 455 3585 514 faciet

1987 526 2124 595 ignis
2152 529 2244 586 ille
2270 533 2334 587 iis
2362 535 2452 604 qui
2481 537 2534 589 in
2561 537 2708 590 illum
2738 538 3018 595 incident?
3041 544 3178 597 Audi
3210 547 3496 616 prophetas
3516 549 3586 605 de

1987 620 2077 676 illo
2102 621 2192 678 die
2221 623 2503 695 loquentes
2539 645 2554 681 :
2591 628 2711 682 Dies
2747 629 2950 686 Domini
2974 637 3304 700 incurnbilis,
3337 643 3512 710 furore
3537 650 3586 696 et

1983 712 2064 765 ira
2089 713 2269 783 plenus
2319 715 2472 786 (lsai.
2506 719 2592 774 15.
2628 721 2709 791 9).
2743 720 2911 778 Nemo
2947 727 3089 779 enim
3119 728 3219 781 erit
3249 729 3341 796 qui
3369 729 3582 797 adsiet.

1985 817 2146 858 nemo
2188 807 2277 875 qui
2309 815 2499 872 eruat;
2531 825 2792 879 nusquam
2828 813 2899 867 ibi
2939 813 3140 870 Christi
3168 817 3356 873 faciem
3397 821 3582 876 mitem

1922 949 1925 956 Ï€
1984 900 2040 945 et
2082 907 2330 949 serenam
2379 900 2703 968 conspicies.
2733 901 2864 957 â€˜Sed
2913 906 3363 973 quemadmodum
3411 910 3445 964 ii
3491 913 3582 982 qui

1985 984 2199 1038 metalla
2227 997 2478 1052 tractant,
2507 992 2720 1046 acerbis
2743 994 3026 1050 traduntur
3055 996 3381 1065 hominibus.
3410 1004 3585 1059 nemiâ€”

1985 1089 2214 1148 nemque
2240 1081 2537 1137 amicorum
2558 1125 2574 1149 ,
2601 1084 2698 1138 sed
2721 1099 2823 1142 eos
2845 1094 3052 1141 tantum
3077 1093 3168 1158 qui
3199 1101 3439 1158 prmum
3456 1135 3471 1159 ,
3501 1096 3585 1148 vi-

1981 1165 2112 1222 dent
2136 1186 2150 1224 :
2170 1170 2250 1224 sic
2277 1182 2333 1226 et
2363 1181 2521 1239 tunc;
2555 1175 2665 1230 imo
2691 1191 2799 1231 non
2815 1178 2923 1242 sic,
2947 1180 3040 1234 sed
3062 1178 3223 1250 longe
3243 1180 3588 1255 horribiliore

1981 1257 2164 1314 modo.
2198 1260 2322 1316 Istic
2340 1263 2485 1317 enim
2509 1263 2891 1334 Imperatorem
2923 1283 3210 1338 possumus
3238 1271 3389 1328 adire
3410 1283 3462 1327 et
3491 1290 3583 1332 ro-

1981 1357 2202 1418 gare,et
2230 1352 2308 1406 sic
2331 1351 2644 1409 damnatum
2673 1357 2920 1414 solvere:
2943 1359 3052 1414 illic
3079 1375 3207 1415 vero
3224 1375 3402 1416 secus.
3430 1362 3585 1419 Nulla

1982 1440 2125 1493 enim
2150 1443 2418 1507 remissio,
2441 1447 2536 1500 sed
2559 1455 2779 1503 manent
2805 1448 2858 1502 in
2880 1458 3029 1505 tanto
3048 1451 3284 1506 cruciatu
3302 1463 3354 1506 et
3369 1451 3582 1520 dolore,

1980 1529 2069 1598 qui
2101 1545 2207 1584 non
2241 1535 2410 1600 possit
2438 1537 2692 1605 exprimi.
2722 1537 2856 1593 Nam
2888 1542 2930 1594 si
2960 1556 3146 1595 eorum
3192 1543 3281 1612 qui
3312 1543 3403 1597 hic
3429 1559 3582 1600 eom-

1980 1618 2243 1675 huruntur
2273 1635 2458 1680 acutos
2485 1626 2703 1682 dolores
2732 1629 2910 1685 nullus
2951 1640 3125 1699 potest
3155 1648 3336 1688 sermo
3376 1633 3581 1689 deseri-

1980 1707 2142 1774 here,
2176 1713 2344 1767 multo
2379 1716 2554 1771 minus
2583 1717 2687 1772 illis
2716 1721 2893 1776 verbis
2934 1722 3164 1790 exprimi
3198 1733 3445 1791 possunt.
3482 1725 3580 1782 Hic

1979 1800 2121 1854 enim
2153 1801 2300 1858 brevi
2332 1814 2572 1876 tempore
2604 1818 2772 1864 totutn
2805 1810 3082 1880 perï¬citur
3123 1829 3137 1867 :
3178 1813 3284 1867 illic
3324 1831 3451 1869 vero
3491 1817 3580 1885 qni

1979 1899 2173 1958 uritur,
2207 1909 2311 1949 non
2339 1899 2698 1955 consumitur.

2050 1980 2130 2034 An
2149 1983 2212 2036 sit
2226 1987 2503 2040 consolatio
2519 1990 2682 2044 socios
2713 1992 2895 2046 habere
2925 1993 3398 2063 supplicii.-â€”Quid
3422 1997 3586 2065 igitur

1979 2069 2050 2124 ibi
2070 2069 2364 2130 faciemus?
2391 2077 2650 2148 Meipsum
2671 2082 2869 2154 quippe
2887 2083 3150 2154 alloquor.
3171 2085 3225 2140 Si
3249 2097 3325 2149 tu,
3347 2087 3578 2156 inquies,

1976 2161 2165 2219 doctor
2193 2167 2422 2236 teipsum
2449 2169 2740 2241 alloqueris
2768 2216 2783 2239 ,
2815 2176 3118 2229 nullamihi
3149 2193 3276 2231 cura
3308 2189 3579 2249 superest.

1976 2251 2113 2319 Quid
2148 2256 2340 2310 mirum
2371 2263 2515 2314 enim
2555 2262 2599 2316 si
2628 2270 2683 2317 et
2711 2279 2813 2334 ego
2839 2265 3079 2334 plectar?
3111 2267 3191 2322 Ne
3215 2308 3230 2332 ,
3259 2284 3442 2336 qua-so
3467 2310 3481 2330 ,
3516 2286 3585 2324 ne

1976 2344 2098 2410 quis
2135 2343 2270 2398 hanc
2301 2360 2507 2415 quazrat
2537 2353 2990 2408 consolationem.
3023 2355 3206 2424 Neque
3235 2359 3378 2411 enim
3411 2359 3579 2411 ullum

1977 2433 2048 2486 ibi
2084 2435 2356 2492 solatium.
2406 2440 2624 2508 Annon,
2652 2459 2872 2513 quaiso,
2910 2445 3222 2516 incorporea
3275 2448 3442 2502 virtus
3468 2461 3585 2504 erat

1973 2523 2266 2580 diabolus?
2325 2545 2504 2583 nonne
2558 2535 2902 2601 praestantior
2945 2535 3301 2592 hominibus?
3331 2540 3581 2595 Attamen

1977 2616 2157 2686 lapsus
2178 2627 2280 2672 est.
2319 2622 2401 2674 An
2435 2637 2563 2677 vero
2585 2625 2852 2693 quispiam
2883 2625 3008 2680 hinc
3033 2629 3457 2685 consolationem
3487 2648 3583 2686 ae-

1973 2705 2134 2774 cipiet
2160 2708 2302 2776 quod
2352 2724 2475 2765 cum
2526 2711 2621 2766 illo
2670 2714 2983 2770 crucietur?
3029 2717 3398 2787 Nequaquam.
3441 2721 3582 2787 Quid

1975 2812 2136 2865 porro
2165 2798 2404 2872 )Egyptii
2452 2802 2527 2857 illi
2575 2805 2808 2862 omnes?
2856 2821 3038 2861 annon
3086 2809 3370 2877 praefectos
3417 2812 3584 2866 etiam

1974 2887 2161 2956 plexos
2189 2890 2475 2947 viderunt?
2501 2903 2557 2948 et
2577 2893 2770 2954 domos
2793 2895 3034 2966 singulas
3063 2898 3114 2952 in
3143 2899 3315 2953 luctu?
3341 2901 3423 2955 An
3455 2902 3579 2957 ideo

1973 2981 2394 3037 consolationem
2407 2988 2845 3054 acceperunt,vel
2864 2989 3217 3055 reSpirarunt?
3239 2989 3455 3046 Minime
3470 3007 3582 3047 cer-

1977 3077 2028 3124 te
2061 3087 2074 3123 :
2103 3071 2153 3125 id
2184 3072 2326 3141 quod
2357 3073 2616 3144 liquidum
2638 3084 2727 3138 est
2744 3091 2810 3131 ex
2845 3078 2908 3132 iis
2932 3093 3051 3148 quae
3075 3089 3262 3149 postea
3292 3081 3579 3150 fecerunt,

1971 3163 2123 3231 quasi
2153 3164 2363 3219 ï¬‚amma
2382 3166 2609 3235 quadam
2632 3167 2883 3238 ï¬‚agellati
2911 3183 3091 3240 regem
3109 3171 3374 3239 adierunt,
3391 3185 3446 3228 et
3473 3173 3580 3228 lleâ€”

1974 3253 2241 3313 brteorum
2271 3256 2525 3328 populum
2552 3258 2801 3316 emittere
2821 3269 3135 3332 coegerunt.
3177 3260 3389 3334 Frigida
3431 3274 3580 3323 certe

1974 3349 2270 3403 consolatio
2292 3350 2681 3421 eruciati,quod
2697 3366 2818 3406 cum
2838 3352 2954 3406 aliis
2974 3353 3393 3424 puniatur,un
3411 3359 3583 3424 possit

1973 3435 2382 3513 dicere,Eac1em
2399 3439 2708 3496 conditione
2724 3456 2843 3496 sum
2865 3458 2968 3512 qua
2997 3444 3107 3498 alii.
3130 3443 3234 3500 Sed
3252 3445 3378 3515 quid
3406 3446 3472 3500 de
3489 3462 3583 3518 ge-

1974 3523 2151 3582 henna
2179 3527 2414 3598 loquor?
2455 3528 2638 3600 Cogita
2657 3545 2753 3585 eos
2773 3533 2864 3601 qui
2896 3531 3128 3602 podagra
3161 3533 3409 3590 laborant
3441 3553 3456 3589 :
3481 3536 3573 3606 qui

1972 3629 2096 3670 cum
2116 3621 2287 3674 acutis
2312 3620 2587 3674 doloribus
2602 3621 2928 3686 cruciantur,
2950 3622 3159 3675 etiamsi
3182 3633 3464 3678 sexcentos
3485 3639 3580 3682 os-

1975 3706 2164 3760 tendas
2179 3708 2422 3775 graviora
2449 3707 2733 3776 patientes,
2748 3723 2816 3764 ne
2841 3709 3118 3765 attendere
3138 3711 3351 3780 quidem
3371 3715 3579 3770 volunt.

1976 3796 2069 3850 Vis
2096 3796 2296 3866 quippe
2324 3797 2526 3852 doloris
2555 3813 2622 3852 ne
2648 3799 2825 3853 locum
2855 3799 3071 3866 quidem
3099 3801 3225 3854 sinit
3248 3811 3299 3854 ut
3323 3804 3458 3858 alios
3481 3821 3577 3860 co-

1974 3891 2144 3960 gitent
2166 3930 2182 3956 ,
2232 3889 2462 3960 hincque
2487 3891 2912 3946 consolationem
2945 3893 3228 3961 acâ€˜ipittnl.
3283 3894 3360 3950 Ne
3393 3897 3574 3967 itaque

1976 3981 2080 4037 hac
2106 3982 2294 4051 frigida
2324 3996 2418 4051 spe
2443 3983 2669 4046 alamur;
2704 3981 3006 4036 consolatio
3027 3983 3220 4052 quippe
3249 3985 3334 4038 illa
3354 4001 3416 4040 ex
3437 3987 3584 4056 ejus-

1974 4075 2098 4128 dem
2157 4074 2283 4128 mali
2330 4074 2671 4128 consortibus
2725 4085 2917 4145 parta,
2971 4077 3021 4129 in
3066 4079 3320 4131 mediocri
3373 4088 3580 4135 tantum

1976 4180 2214 4218 mrumna
2242 4167 2418 4220 locum
2446 4165 2606 4220 habet
2630 4183 2644 4231 ;
2689 4166 2904 4235 quando
2931 4177 3107 4220 autem
3139 4169 3309 4236 major
3345 4181 3422 4224 est
3451 4187 3582 4226 cru-

1976 4257 2165 4321 ciatus,
2190 4268 2243 4310 et
2274 4257 2524 4312 interiora
2553 4265 2631 4310 tot
2659 4258 2906 4311 ï¬‚uctilms
2933 4259 3221 4325 agitantur,
3259 4273 3308 4312 ut
3345 4277 3410 4315 ne
3437 4269 3582 4332 seip-

1977 4349 2290 4416 sampossit
2334 4350 2512 4403 anima
2557 4363 2904 4419 cognoscere,
2950 4349 3216 4405 undeuam
3256 4355 3583 4410 Consolatio-

1978 4455 2098 4494 nem
2120 4442 2386 4510 accipiet?

2049 4533 2102 4587 5.
2136 4531 2317 4602 Itaque
2356 4533 2580 4588 ridicula
2610 4545 2734 4590 sunt
2760 4536 2876 4592 haec
2907 4539 3085 4591 omnia
3117 4539 3276 4593 verba
3303 4581 3316 4605 ,
3356 4550 3408 4591 et
3436 4555 3568 4606 put!-

1978 4637 2160 4676 rorum
2191 4623 2554 4693 insipientium
2587 4625 2796 4680 fabulae.
2832 4627 2965 4681 Nam
3000 4629 3093 4696 id,
3130 4630 3269 4700 quod
3302 4630 3436 4683 dicis
3462 4673 3475 4693 ,
3526 4632 3575 4684 in

1979 4729 2214 4768 mcerore
2242 4715 2496 4768 mediocri
2525 4717 2697 4770 locum
2733 4717 2932 4785 habet,
2977 4735 3098 4773 cum
3151 4721 3312 4773 alium
3344 4721 3577 4789 idipsum

1976 4806 2085 4875 pati
2116 4807 2388 4871 audimus;
2420 4808 2526 4861 imo
2556 4823 2955 4879 nonnumquam
2993 4826 3058 4864 ne
3096 4813 3147 4864 in
3192 4827 3423 4866 interere
3454 4817 3577 4881 qui-

1978 4898 2122 4961 dem;
2155 4900 2426 4968 multoque
2446 4902 2622 4954 minus
2649 4903 2701 4955 in
2729 4903 2966 4957 cruciatu
2993 4904 3086 4956 illo
3119 4905 3393 4969 inelfahili,
3420 4922 3578 4975 quem

1979 4989 2175 5043 stridor
2201 4989 2441 5044 dentium
2486 4993 2759 5061 exprimit.
2788 4993 2919 5047 Novi
2947 5003 3096 5048 certe
3128 4995 3241 5049 hmc
3280 4999 3464 5050 dicens
3494 5016 3580 5051 me

1980 5081 2132 5135 vobis
2160 5084 2309 5134 oneri
2339 5098 2402 5136 ac
2432 5082 2605 5137 dolori
2633 5099 2754 5139 esse
2785 5103 2797 5137 :
2823 5085 2915 5140 sed
2958 5085 3084 5155 quid
3115 5089 3343 5140 iaciam?
3377 5089 3577 5142 Vellem

1980 5189 2086 5227 non
2121 5174 2234 5228 hmc
2258 5173 2459 5236 dicere.
2489 5176 2583 5230 sed
2612 5185 2666 5230 el.
2693 5193 2776 5232 me
2799 5187 2850 5232 et
2877 5193 2974 5231 vos
3002 5195 3190 5232 omnes
3215 5181 3462 5233 virtutem
3491 5198 3584 5235 Co-

1977 5267 2152 5322 â€˜lentes
2205 5271 2560 5338 conspicere:
2595 5261 2719 5338 quia
2771 5287 2900 5324 vero
2943 5273 3182 5341 plerique
3234 5284 3476 5324 llï¬‚Sllâ€˜llill
3528 5274 3577 5326 in

1983 5361 2215 5430 peccatis
2240 5361 2518 5430 degimus,
2551 5364 2669 5431 quis
2703 5363 2831 5417 mihi
2863 5363 3106 5430 dederit,
3150 5375 3205 5418 ut
3237 5382 3330 5418 vos
3371 5382 3495 5418 vero
3528 5368 3580 5418 in

1981 5453 2219 5506 dolorem
2250 5454 2564 5521 cenjieiam,
2611 5457 3021 5524 auditorumque
3063 5457 3298 5510 animum
3325 5457 3582 5526 tangam?

1983 5544 2130 5596 'I'utic
2159 5545 2338 5611 utique
2368 5545 2528 5598 iinctn
2571 5546 2782 5599 á¼€á½·ÎµÎ¹-Î¹Î·á½¶á½¶
2808 5547 3057 5600 iacerem.
3102 5550 3166 5600 At
3207 5565 3343 5600 nunc
3374 5552 3534 5600 tuneo
3562 5589 3577 5612 ,

2041 5652 2066 5718 ,á½·
2092 5653 2456 5721 (á¼¶Ï„á½·ÏÏ‚ÎµÎµÎ½Î´á¿Î¿á¿ƒÎ¹á¿–.
2485 5655 2558 5702 á¼Ï€á½¶
2583 5658 2838 5721 Ï„á¿¶Î½-Ï„ÏÎ¹á¿·Î½
2863 5657 3063 5721 Ï€Î±á½·Î´Ï‰Î½,
3083 5673 3210 5720 á½·Î¹Î¹Î¹Î¹Îµ,
3231 5659 3343 5720 quia
3373 5657 3419 5706 in
3443 5660 3575 5721 opt'b

1987 5714 2082 5762 mis
2105 5714 2340 5763 subsidiis
2364 5715 2564 5775 desunt,
2590 5714 2924 5778 tit-glutinum.
2947 5720 3075 5768 linit.
