4076 6446
539 350 648 406 463

539 475 608 514 ne
630 457 860 528 quipiam
887 455 1026 510 dicta
1047 462 1547 517 contemnant,oeve
1573 455 1644 508 ob
1661 446 1987 508 audientium
2018 465 2112 505 ne-

536 547 840 617 gligentiam
869 546 1039 613 majus
1067 544 1378 613 supplicium
1404 543 1613 600 evadat.
1645 543 1825 613 Neque
1851 543 1994 596 enim
2025 542 2069 596 si
2094 582 2111 605 ,

539 636 670 690 hero
712 637 882 689 minas
928 637 1218 688 intentante
1245 675 1262 699 ,
1293 648 1570 689 servorum
1607 636 1724 702 quis
1761 642 2109 706 contemnat,

537 729 754 794 impune
781 726 935 780 fuerit
958 766 972 786 .
1004 725 1108 778 imo
1138 726 1251 779 haec
1281 724 1498 793 majoris
1523 725 1762 793 supplicii
1802 738 1961 778 causa
1987 725 2108 777 erit.

533 817 886 886 Quamobrem
917 829 1046 883 rogo
1067 854 1082 876 ,
1113 813 1180 869 de
1205 814 1445 883 gebenna
1486 813 1763 868 audientes
1784 827 2109 883 compunga-

534 922 669 958 mnr.
703 903 843 959 Nihil
869 905 1006 958 enim
1035 905 1239 960 dulcius
1261 905 1362 960 hoc
1388 919 1657 967 sermone,
1688 905 1810 974 quia
1843 904 2004 959 rebus
2025 905 2106 972 ip-

533 999 607 1050 sis
636 997 761 1050 nihil
791 999 1041 1052 amarius.
1074 995 1139 1050 Et
1169 995 1432 1066 quomodo
1461 997 1618 1051 dulce
1645 996 1836 1062 fuerit,
1869 995 2103 1066 inquies,

528 1087 598 1140 de
618 1089 855 1155 gehenna
880 1087 1098 1142 audire?
1124 1088 1255 1155 Quia
1275 1088 1623 1156 iniucundum
1640 1089 1788 1143 estin
1809 1089 2107 1159 gehennam

531 1177 802 1240 incidere,
836 1177 973 1248 quod
1003 1178 1197 1232 malum
1245 1187 1494 1236 amovent
1522 1179 1679 1236 verba
1710 1179 1794 1232 illa
1821 1220 1836 1246 ,
1883 1195 2000 1248 qua:
2029 1180 2076 1233 vi
2095 1209 2110 1220 -

529 1266 722 1320 dentur
743 1282 988 1330 onerosa;
1010 1268 1167 1322 aliam
1187 1284 1318 1322 vero
1334 1276 1587 1339 przrstant
1604 1268 1948 1337 voluptatem,
1963 1269 2107 1338 quod

529 1357 776 1412 videlicet
816 1359 1050 1412 animum
1080 1359 1412 1425 convertant,
1445 1369 1497 1414 et
1526 1359 1594 1413 ad
1623 1360 1868 1428 pietatem
1920 1360 2106 1415 tradit-

526 1457 652 1503 cant
676 1489 688 1509 .
730 1459 962 1503 mentem
994 1450 1352 1504 sublimiorem
1375 1491 1390 1513 ,
1438 1447 1775 1505 ratiocinium
1805 1451 2106 1520 etpeditius

528 1539 798 1604 efﬁciant,
843 1555 873 1593 a
917 1541 1358 1608 concupiscentiis
1387 1541 1660 1597 obsessam
1687 1542 1919 1597 animam
1966 1542 2101 1597 libe-

527 1639 682 1683 rent:
715 1629 827 1683 haec
855 1625 980 1684 vere
1007 1630 1267 1685 medicina
1304 1639 1406 1686 est.
1452 1632 1787 1701 Quapropter
1825 1630 2104 1688 concedite

527 1718 655 1771 mihi
683 1727 739 1773 ut
781 1729 1055 1789 postquam
1079 1720 1148 1775 de
1171 1721 1432 1791 supplicio
1456 1723 1586 1790 dixi,
1609 1723 1676 1778 de
1711 1723 1913 1792 pudore
1941 1724 2100 1778 etiam

527 1824 591 1863 ac
613 1808 878 1865 dedecore
902 1811 1097 1866 dicam.
1133 1812 1266 1867 Nam
1297 1815 1434 1871 sicut
1457 1814 1700 1870 Ninivita:
1735 1824 1862 1871 tunc
1887 1816 2103 1871 Judaeos

525 1885 956 1956 condemnabam
979 1945 995 1968 ,
1024 1904 1102 1957 sie
1131 1914 1183 1957 et
1212 1920 1308 1960 nos
1334 1905 1484 1959 multi
1516 1906 1949 1961 condemnabunt
1967 1948 1982 1969 ,
2008 1908 2101 1978 qui

527 2004 666 2043 nunc
694 1989 936 2045 videntur
973 1991 1128 2062 longe
1165 1994 1442 2051 inferiores
1476 2010 1616 2051 esse.
1648 1996 1950 2068 Cogitemus
1974 2012 2102 2068 ergo

524 2089 750 2147 quantus
772 2082 927 2146 risus,
949 2091 1162 2151 quanlte
1176 2083 1542 2142 damnationes
1564 2097 1721 2142 erunt
1749 2105 1764 2141 :
1785 2088 2098 2157 cogitemus,

529 2167 734 2222 initium
762 2168 1036 2238 ducamus,
1057 2172 1271 2240 ianuam
1301 2176 1600 2243 aperiamus
1622 2176 1688 2228 ad
1711 2179 2095 2245 paenitentiam.

526 2261 610 2315 Me
654 2265 822 2330 ipsum
870 2263 1152 2332 alloquor,
1201 2281 1286 2320 me
1335 2267 1563 2336 primum
1603 2267 1790 2322 hortor
1819 2283 2015 2323 :nemo
2042 2278 2098 2322 ut

523 2350 804 2406 damnatus
849 2352 1125 2409 irascatur.
1177 2357 1462 2425 Angustam
1505 2357 1643 2412 viam
1684 2359 1957 2414 adeamus.
1993 2359 2107 2414 Us:

523 2452 732 2507 qttequo
758 2439 1005 2495 deliciae?
1044 2457 1318 2513 usquequo
1346 2445 1668 2501 oscltantiai
1715 2461 1819 2499 non
1846 2447 2103 2502 satiamur

524 2524 743 2586 desidia,
775 2529 1028 2594 ridentes,
1061 2533 1534 2600 pmcrastinantes?
1559 2535 1640 2587 An
1666 2533 1853 2590 eadem
1883 2550 2102 2605 semper

523 2624 697 2676 erunt,
722 2631 924 2682 mensa,
951 2619 1167 2673 satietas
1186 2661 1201 2682 ,
1230 2621 1638 2690 sumptuositas,
1669 2624 1907 2692 pecuniae
1925 2666 1939 2689 ,
1968 2639 2096 2694 pos-

523 2705 788 2758 sessiones
811 2747 825 2770 ,
854 2707 1116 2762 mdiﬁcia?
1147 2708 1339 2778 Ecquis
1367 2724 1553 2764 eorum
1586 2711 1752 2766 finis?
1780 2713 1938 2768 Mors.
1970 2715 2101 2782 Quis

525 2795 679 2849 finis?
703 2797 866 2862 Cinis,
898 2798 1084 2865 pulvis,
1111 2799 1290 2863 loculi,
1313 2816 1539 2856 vermes.
1567 2801 1765 2857 Novam
1786 2820 1916 2875 ergo
1940 2807 2100 2861 vitam

522 2884 867 2939 cxhibeamus
899 2905 913 2939 :
945 2886 1194 2942 faciamus
1235 2899 1428 2944 tetram
1476 2892 1663 2945 escium
1691 2911 1704 2948 :
1738 2892 1864 2948 hinc
1915 2905 2097 2951 osten-

525 2973 711 3030 damus
737 2977 1020 3045 gentilibus
1045 2988 1173 3046 quot
1201 2989 1415 3034 careant
1444 2980 1618 3035 bouis.
1664 2983 1795 3036 Nam
1839 2999 1959 3040 eum
2004 3001 2102 3042 nos

525 3061 778 3118 videbunt
803 3072 944 3120 recte
971 3068 1130 3119 vitam
1160 3077 1399 3137 agentes,
1433 3068 1619 3123 eodem
1642 3069 1860 3139 aspectu
1879 3087 2100 3143 regnum

525 3153 781 3207 c:clorum
817 3156 1163 3223 conspicient.
1216 3157 1344 3212 Cum
1391 3175 1488 3212 nos
1527 3161 1755 3216 viderint
1787 3164 2060 3222 modestos
2086 3209 2100 3232 ,

526 3255 721 3295 vacuos
761 3243 855 3304 ira,
885 3247 1309 3314 concupiscentia
1335 3249 1494 3315 mala,
1526 3252 1740 3315 invidia,
1765 3255 2009 3317 avaritia,
2048 3259 2101 3312 in

525 3330 870 3400 omnibusque
899 3334 1115 3400 probos,
1144 3336 1358 3391 dicent:
1382 3345 1434 3393 bi
1472 3339 1556 3393 hic
1579 3341 1753 3411 angeli
1789 3343 1923 3399 fiunt
1952 3345 2103 3401 Chri-

530 3419 709 3485 stiani,
741 3423 923 3490 quales
952 3435 1107 3479 erunt
1128 3435 1248 3493 post
1269 3442 1543 3483 excessum
1571 3447 1633 3485 cx
1663 3433 1762 3487 hac
1784 3436 1925 3489 vita?
1952 3439 1994 3490 si
2013 3439 2103 3492 ubi

525 3511 790 3578 peregrini
818 3522 976 3576 sunt,
1009 3514 1077 3566 ita
1107 3515 1341 3584 fulgent,
1387 3533 1508 3573 cum
1539 3521 1761 3590 patriam
1809 3525 2102 3594 recipient,

525 3601 706 3668 quales
728 3604 926 3655 erunt?
953 3602 1040 3657 Sic
1067 3612 1121 3658 et
1151 3606 1225 3660 illi
1253 3608 1498 3663 meliores
1526 3613 1771 3678 evadent,
1801 3623 1855 3668 et
1893 3616 2103 3684 pietatis

525 3704 703 3744 sermo
721 3701 916 3756 curret,
938 3707 1042 3747 non
1061 3696 1234 3749 minus
1253 3713 1410 3766 quam
1432 3701 1796 3767 apostolorum
1813 3719 1944 3758 aevo.
1969 3705 2101 3759 Nam

525 3776 569 3828 si
604 3776 676 3829 illi
706 3793 826 3833 cum
853 3779 1129 3835 duodecim
1153 3784 1324 3838 solum
1349 3797 1546 3852 essent,
1580 3789 1820 3845 civitates
1850 3792 2103 3862 integras,

525 3865 873 3935 regionesque
897 3881 1295 3937 converterunt;
1327 3875 1371 3928 si
1400 3890 1590 3932 omnes
1618 3894 1682 3934 ex
1715 3890 1958 3935 accurata
1981 3884 2106 3938 vita:

528 3955 732 4009 ratione
757 3957 1002 4013 doctores
1031 3961 1346 4028 efficiamur,
1369 3967 1538 4035 rogita
1571 3980 1821 4036 quantam
1848 3961 1911 4024 ad
1943 3974 2104 4028 subli-

528 4044 765 4100 mitatem
795 4057 973 4103 nostra
999 4051 1106 4104 sint
1135 4067 1438 4108 ascensura.
1476 4056 1656 4122 Neque
1681 4063 1821 4114 enim
1850 4065 2102 4131 gentilem

530 4174 1510 4199 —___.________________._

1277 344 1334 399 S.
1375 341 1649 400 JOANNIS
1685 335 2157 397 CHRYSOSTOIII
2195 332 2509 395 ARCHIEP.
2549 335 3088 395 CONSTANTINOP.

3693 344 3794 398 ιω

2221 448 2298 502 sic
2329 447 2547 502 attrahit
2577 456 2818 516 mortuus
2843 449 3205 515 redivivus,ut
3228 450 3305 505 vir
3325 451 3689 523 philosophice
3718 456 3800 509 vi-

2218 553 2366 594 vens.
2419 540 2500 594 Ad
2547 540 2676 594 illud
2707 542 2846 594 enim
2895 543 3257 610 spectaculum
3297 545 3527 612 stupebit
3551 587 3565 610 ,
3594 547 3662 601 ab
3694 547 3798 602 hoc

2214 636 2390 682 autem
2421 629 2622 682 lucrum
2647 627 2820 682 faciet.
2850 627 2982 682 Illud
3005 628 3200 684 factum
3227 644 3329 696 est,
3357 643 3411 688 et
3441 636 3671 698 transiit;
3695 635 3798 690 hoc

2215 730 2410 784 manet,
2443 730 2496 774 et
2519 734 2730 789 semper
2757 720 2897 774 illius
2925 721 3157 774 animam
3193 724 3405 777 excolit.
3439 723 3632 780 Curam
3663 740 3794 796 ergo

2216 811 2384 864 nostri
2421 825 2659 881 agamus,
2687 819 2742 864 ut
2769 821 2822 866 et
2853 811 2974 866 illos
2997 812 3284 866 lucremur.

2297 898 2464 954 Virtus
2489 901 2542 953 in
2562 901 2696 953 omni
2724 900 3007 955 conditione
3042 901 3140 954 coli
3172 903 3567 970 potest.—Nihil
3597 919 3795 960 onero-

2213 1003 2329 1044 sum
2359 991 2546 1061 loquor
2575 1008 2589 1045 :
2617 1005 2722 1045 non
2745 991 2882 1053 dico,
2917 990 2994 1047 Ne
3022 1007 3242 1046 uxorem
3271 993 3436 1048 ducas
3459 1035 3473 1056 ,
3506 996 3666 1050 urbes
3706 1011 3766 1052 re
3785 1026 3799 1037 -

2213 1079 2411 1148 linque,
2438 1095 2468 1133 a
2496 1079 2657 1134 rebus
2698 1080 2914 1136 urbanis
2945 1089 2997 1135 te
3025 1095 3244 1137 remove
3278 1101 3290 1135 :
3324 1082 3438 1146 sed,
3475 1083 3529 1137 ln
3559 1083 3643 1138 his
3671 1100 3798 1139 ver-

2212 1185 2337 1226 sans
2361 1172 2602 1226 virtutem
2635 1171 2850 1228 exhibe.
2879 1173 3090 1229 Mallem
3114 1175 3314 1244 quippe
3352 1190 3447 1230 eos
3472 1178 3563 1245 qui
3602 1177 3654 1231 in
3683 1193 3799 1234 me-

2214 1259 2317 1314 diis
2346 1261 2561 1316 urbibus
2591 1275 2870 1318 versantur
2901 1265 3097 1320 virtute
3128 1264 3321 1322 ﬂorere
3342 1309 3357 1333 ,
3388 1282 3548 1337 quam
3578 1282 3679 1324 eos
3702 1270 3795 1339 qui

2211 1361 2420 1407 montes
2443 1362 2723 1422 occupant.
2746 1353 2959 1421 Quare?
2981 1355 3116 1424 Quia
3147 1356 3269 1411 hinc
3296 1359 3516 1413 multum
3539 1359 3672 1414 lucri
3700 1373 3796 1414 ac-

2208 1444 2366 1500 cedit.
2400 1443 2563 1498 Nemo
2592 1446 2732 1499 enim
2761 1446 3016 1500 lucernam
3049 1449 3292 1513 accendit,
3318 1459 3364 1504 et
3391 1450 3532 1518 ponit
3559 1468 3674 1505 eam
3702 1452 3797 1506 sub

2207 1535 2376 1589 modio
2401 1534 2612 1604 (Matth.
2645 1536 2698 1590 5.
2733 1537 2843 1606 15).
2877 1536 3080 1592 Idcirco
3109 1539 3300 1594 vellem
3330 1554 3519 1595 omnes
3545 1541 3796 1596 lucernas

2207 1639 2364 1692 supra
2388 1624 2703 1679 candelabra
2727 1640 2866 1689 esse,
2896 1635 2951 1681 ut
2971 1627 3136 1682 multa
3157 1629 3245 1683 lux
3274 1629 3658 1686 effunderetur.
3690 1635 3797 1687 Ac-

2204 1713 2493 1769 cendamus
2533 1715 2710 1782 itaque
2739 1716 2914 1785 ignem
2948 1717 3117 1783 illum,
3159 1718 3210 1772 id
3239 1718 3532 1774 efficiamus
3556 1732 3614 1774 ιιι
3642 1722 3675 1776 ii
3703 1724 3796 1788 qui

2207 1807 2258 1860 in
2285 1806 2520 1862 tenebris
2549 1806 2739 1860 sedent
2763 1848 2778 1870 ,
2807 1806 2874 1861 ab
2895 1818 3079 1863 errore
3102 1808 3410 1864 liberentur.
3445 1809 3522 1865 Ne
3553 1811 3682 1866 mihi
3708 1811 3796 1867 di-

2203 1911 2295 1951 cas
2323 1912 2337 1947 :
2364 1894 2595 1951 anrem
2620 1895 2812 1961 habeo,
2855 1896 3012 1960 filios,
3035 1898 3276 1962 dumttm,
3307 1916 3405 1954 nec
3432 1915 3648 1968 possum
3677 1902 3798 1958 lucc

2205 1994 2476 2056 praestare.
2502 1986 2725 2041 Etiamsi
2748 1988 2889 2042 enim
2915 1987 3103 2043 horum
3133 1990 3261 2044 nihil
3279 1990 3523 2056 haberes,
3543 1992 3586 2046 si
3614 1992 3797 2062 segnis

2203 2079 2554 2142 esses,omnia
2571 2079 2768 2146 pariter
2787 2080 3155 2146 abscederent;
3175 2083 3218 2136 si
3242 2083 3357 2136 hmo
3371 2084 3547 2137 omnia
3569 2084 3792 2150 habeas,

2201 2178 2556 2242 strenuusque
2582 2171 2658 2225 sis
2684 2181 2845 2240 atque
2871 2170 3099 2240 probus,
3131 2174 3380 2228 virtutem
3409 2177 3574 2230 coles.
3606 2174 3786 2232 Unum

2201 2261 2456 2330 queritur
2486 2301 2499 2325 ,
2540 2261 2731 2314 anima:
2761 2274 3034 2329 generos-.e
3065 2262 3312 2316 alacritas
3342 2279 3356 2315 :
3384 2271 3440 2316 ct
3483 2278 3583 2318 nec
3614 2273 3747 2321 actas
3769 2307 3786 2333 ,

2203 2365 2304 2404 nec
2330 2361 2612 2420 paupertas
2635 2391 2650 2415 ,
2679 2365 2779 2406 nec
2808 2350 3004 2405 divitia:
3028 2391 3044 2417 ,
3091 2367 3189 2407 nec
3217 2353 3383 2408 moles
3414 2354 3749 2425 negotiorum
3776 2397 3793 2421 ,

2201 2441 2288 2494 vel
2318 2440 2600 2509 quidquam
2627 2441 2792 2506 aliud,
2821 2441 3201 2510 impedimento
3233 2453 3411 2498 erunt.
3439 2444 3570 2499 Nam
3598 2461 3785 2516 senes,

2197 2529 2441 2599 juvenes,
2469 2531 2755 2601 coniugati,
2791 2532 2986 2586 liberos
3013 2533 3323 2601 educantes,
3352 2536 3604 2601 artifices,
3644 2538 3792 2592 mili-

2204 2629 2304 2689 tes,
2333 2630 2594 2692 praecepta
2623 2625 2798 2676 omnia
2831 2624 3205 2692 impleverunt.
3240 2627 3450 2681 Etenim
3499 2627 3683 2684 Daniel
3703 2629 3796 2699 ju-

2203 2712 2354 2766 venis
2376 2720 2490 2768 erat
2509 2754 2522 2776 ,
2550 2711 2747 2782 Josepb
2775 2730 2959 2769 servus
2985 2757 2999 2782 ,
3047 2718 3232 2786 Aquila
3263 2728 3430 2773 artem
3455 2721 3743 2776 exercebat
3771 2761 3786 2780 .

2207 2805 2514 2872 purpuraria
2546 2804 2622 2875 (α)
2652 2803 2881 2859 officina:
2908 2817 3156 2875 praeerat,
3187 2809 3324 2862 alius
3353 2819 3536 2864 custos
3557 2813 3793 2866 carceris

2205 2904 2338 2958 erat,
2376 2894 2514 2949 alius
2542 2895 2806 2960 centurio,
2841 2905 2895 2948 ut
2923 2895 3652 2958 Cornelius;aliusintirmus
3677 2942 3690 2961 .
3736 2909 3796 2954 nt

2204 2983 2554 3044 Timotheus;
2603 2984 2740 3037 alius
2769 2984 3016 3054 fugitivus
3042 3027 3056 3050 ,
3091 2997 3146 3039 ut
3175 2987 3458 3043 Onesimus
3485 3006 3495 3040 :
3528 2987 3625 3043 scd
3657 2989 3796 3045 nihil

2210 3074 2400 3128 borum
2428 3075 2656 3142 cuipiam
2686 3090 2872 3129 eorum
2897 3076 3088 3142 obfuit,
3120 3079 3248 3147 quin
3276 3088 3424 3153 recte
3450 3080 3611 3134 vitam
3641 3081 3799 3136 insti-

2209 3176 2434 3231 tuerent,
2466 3177 2520 3221 et
2537 3166 2762 3236 juvenes
2788 3179 2840 3222 et
2861 3184 3017 3224 senes
3039 3211 3054 3234 ,
3087 3180 3141 3225 et
3175 3154 3320 3226 servi
3358 3182 3412 3226 et
3441 3173 3614 3238 liberi,
3644 3175 3787 3230 mili-

2210 3265 2288 3310 tes
2333 3266 2387 3312 et
2413 3258 2607 3312 idiota).
2644 3259 2719 3312 Ne
2745 3260 2922 3326 itaque
2965 3275 3132 3315 vanos
3159 3278 3462 3330 quaeramus
3502 3267 3756 3320 obtentus
3779 3307 3796 3332 ,

2208 3347 2299 3401 sed
2333 3350 2657 3416 propositum
2705 3350 2989 3403 voluntatis
3018 3365 3264 3417 paremus
3294 3353 3575 3421 optimum.
3605 3355 3796 3424 Cujus-

2208 3441 2288 3491 vis
2316 3440 2634 3491 conditionis
2673 3441 2859 3505 simus,
2890 3442 3134 3495 virtutem
3171 3445 3388 3497 omnino
3415 3459 3760 3515 Capessamus
3781 3490 3796 3512 ,

2211 3537 2264 3580 et
2308 3529 2476 3580 futura
2522 3542 2913 3597 consequamur
2956 3531 3092 3584 bona
3119 3572 3134 3596 ,
3175 3534 3343 3600 gratia
3375 3545 3430 3587 et
3469 3535 3802 3604 benignitate

2211 3613 2417 3667 Domini
2468 3616 2633 3668 nostri
2664 3615 2787 3669 Jesu
2818 3615 3038 3683 Christi,
3073 3621 3287 3688 quicum
3322 3622 3462 3678 Patri
3493 3634 3546 3679 et
3571 3623 3797 3694 Spiritui

2210 3714 2394 3758 sancto
2418 3703 2580 3773 gloria
2610 3717 2661 3758 et
2701 3707 2980 3775 imperium
3007 3749 3020 3770 ,
3072 3711 3242 3764 honor
3281 3728 3422 3767 nunc
3459 3724 3515 3768 et
3541 3729 3758 3786 semper
3780 3759 3797 3784 ,

2211 3805 2263 3850 et
2291 3796 2341 3849 in
2367 3797 2557 3850 saecula
2575 3798 2911 3851 stcculorum.
2939 3801 3131 3854 Amen.

2212 4018 2348 4126 lor(a)
2381 4019 2664 4128 tigrpiu‘raria
2690 4018 2767 4067 illa
2791 4019 3096 4083 'rhyatirena,
3115 4021 3181 4072 de
3203 4025 3362 4085 quain
3389 4027 3583 4076 Actibus
3605 4037 3799 4092 aposto-

2288 4091 2365 4126 um
2455 4116 2464 4128 .
2561 4116 2572 4126 .

2288 4091 2365 4126 um
2391 4091 2464 4139 ιο,
2495 4091 2572 4128 ιι.

1631 4261 2010 4327 HOMIILIA
2057 4269 2276 4332 XLIV.
2324 4274 2407 4336 al.
2449 4275 2640 4335 XLV.

525 4392 653 4447 Car.
685 4391 769 4446 12.
807 4409 855 4446 γ.
890 4394 978 4446 46.
1030 4395 1206 4449 Adhuc
1239 4408 1407 4452 autem
1436 4418 1493 4453 eo
1521 4402 1747 4472 loquente
1790 4405 1860 4459 ad
1894 4408 2093 4472 turbas,

599 4500 708 4536 ecce
730 4494 888 4536 mater
916 4496 963 4538 et
989 4490 1171 4556 fratres
1197 4494 1307 4559 ejus
1330 4493 1530 4546 stabant
1560 4495 1687 4564 foris
1706 4537 1721 4559 ,
1753 4511 2031 4562 querentes
2055 4504 2103 4555 ei

597 4577 750 4644 loqui.
784 4575 873 4630 47.
907 4575 1054 4630 Dixit
1090 4590 1257 4634 autem
1286 4584 1490 4650 quidam
1521 4587 1564 4637 ei
1606 4603 1624 4641 :
1671 4587 1805 4642 Ecce
1833 4599 1992 4644 ntater
2018 4604 2104 4646 tua

595 4677 642 4719 et
687 4669 868 4736 fratres
917 4668 989 4720 tui
1017 4671 1143 4738 (011's
1188 4681 1350 4739 stant,
1382 4688 1658 4743 querentes
1705 4679 1793 4733 tibi
1823 4679 1976 4748 loqui.
2008 4682 2096 4738 48.

603 4758 721 4828 Ipse
774 4772 941 4814 autem
997 4765 1304 4833 respondens
1356 4768 1540 4822 dicenti
1563 4773 1657 4826 sibi
1707 4776 1820 4829 ait:
1855 4775 1980 4842 Qut:
2028 4789 2101 4832 est

603 4862 762 4904 mater
782 4869 912 4917 mea,
936 4864 982 4908 et
1004 4857 1090 4925 qui
1115 4867 1232 4912 sunt
1251 4863 1433 4929 fratres
1467 4863 1564 4917 mei
1580 4865 1604 4914 .’
1627 4864 1714 4919 l9.
1741 4865 1807 4920 Et
1831 4869 2104 4923 extendens

601 4959 804 4996 manum
842 4945 893 4998 in
936 4947 1212 5016 discipulos
1239 4967 1378 5017 suos,
1405 4953 1535 5008 dixit
1566 4971 1585 5008 :
1626 4954 1757 5011 Ecce
1798 4970 1955 5014 mater
1993 4977 2104 5015 mea

603 5042 648 5083 et
679 5036 863 5099 fratres
891 5036 1006 5089 mei.

605 5123 655 5176 l.
687 5123 836 5189 Quod
872 5141 1042 5194 nuper
1067 5128 1306 5185 dicebam
1337 5134 1453 5189 sine
1481 5135 1678 5192 virtute
1698 5139 1875 5193 omnia
1903 5156 2099 5209 super-

530 5211 631 5264 flua
659 5227 795 5275 esse,
831 5214 931 5269 hoc
959 5233 1098 5273 nunc
1124 5222 1460 5287 apertissime
1489 5226 1905 5284 demonstratur.
1941 5231 2102 5287 Dice-

531 5303 650 5355 bam
692 5319 788 5372 ego
810 5347 825 5370 ,
857 5316 1068 5364 aetatem
1089 5350 1104 5375 ,
1140 5322 1379 5368 naturam
1405 5357 1418 5378 ,
1449 5316 1645 5372 deserti
1697 5319 2097 5388 habitationem,

527 5406 827 5466 cmteraque
858 5399 1156 5468 hujusmodi
1183 5407 1384 5461 inutilia
1412 5424 1552 5474 esse,
1575 5413 1619 5466 si
1648 5413 1940 5469 voluntatis
1969 5431 2096 5485 pro—

531 5487 757 5552 positum
794 5506 896 5544 non
925 5493 994 5547 sit
1031 5493 1229 5551 bonum
1257 5516 1271 5552 :
1302 5498 1460 5556 hodie
1498 5518 1624 5557 vero
1649 5503 1847 5575 aliquid
1873 5507 2102 5575 amplius

527 5577 780 5632 discimus
802 5622 816 5644 ,
849 5598 914 5637 nc
938 5585 1149 5654 quidem
1179 5589 1444 5646 Christum
1475 5595 1749 5664 peperisse
1789 5605 1844 5650 et
1887 5597 2100 5652 mirabi-

525 5668 686 5724 bilcm
709 5670 856 5726 illum
888 5685 1091 5744 partum
1126 5679 1379 5753 edidisse,
1405 5684 1602 5755 aliquid
1630 5687 1874 5744 utilitatis
1902 5687 2098 5744 habere

2210 4416 2324 4470 sine
2352 4416 2565 4471 virtute.
2603 4417 2656 4470 id
2689 4433 2814 4472 vero
2844 4420 2966 4475 hinc
2993 4421 3221 4477 maxime
3247 4424 3499 4494 liquidum
3519 4439 3600 4485 est
3629 4450 3639 4483 :
3669 4449 3794 4490 nam

2213 4504 2342 4562 dicit
2373 4525 2385 4561 :
2410 4508 2590 4561 Adhuc
2617 4527 2673 4562 eo
2706 4511 2935 4578 loquente
2960 4512 3028 4564 ad
3052 4513 3227 4567 turbas
3246 4555 3261 4579 ,
3297 4515 3426 4570 dixit
3463 4520 3670 4585 quidam
3700 4525 3748 4578 ei
3773 4543 3792 4580 :

2211 4596 2378 4651 Mater
2428 4608 2513 4651 tua
2552 4608 2597 4651 et
2645 4600 2828 4668 fratres
2861 4601 2934 4654 tui
2974 4613 3208 4672 quaerunt
3249 4614 3314 4659 te.
3367 4605 3464 4662 Ille
3488 4625 3600 4664 vero
3640 4613 3793 4680 dixit,

2215 4688 2340 4753 Qua:
2385 4701 2453 4744 est
2489 4701 2647 4744 mater
2679 4708 2806 4757 mea,
2839 4703 2885 4745 et
2919 4698 3001 4763 qui
3030 4710 3148 4748 sunt
3173 4701 3354 4768 fratres
3395 4703 3528 4755 mei?
3559 4703 3670 4758 Hoc
3695 4722 3794 4759 au-

2209 4788 2316 4835 tem
2343 4781 2571 4848 dicebat,
2608 4797 2712 4836 non
2739 4785 2877 4853 quod
2907 4786 2974 4840 de
3016 4798 3186 4842 matre
3217 4791 3480 4857 puderet,
3513 4810 3612 4849 nee
3649 4800 3792 4868 quod

2209 4870 2520 4939 genitricem
2582 4884 2841 4943 negaret:
2875 4877 2917 4929 si
2953 4877 3094 4932 enim
3138 4879 3188 4933 id
3240 4881 3313 4935 illi
3361 4885 3546 4951 pudori
3579 4889 3785 4954 inisset,

2211 4976 2314 5015 non
2342 4977 2436 5030 per
2462 4972 2670 5017 uterum
2700 4964 2844 5019 illutn
2875 4970 3186 5033 transisset;
3229 4973 3323 5026 sed
3356 4983 3413 5027 ut
3436 4976 3748 5032 ostenderet
3771 5022 3788 5043 ,

2208 5053 2335 5106 nihil
2379 5054 2500 5109 hinc
2547 5057 2698 5108 matri
2733 5058 2970 5114 utilitatis
3038 5073 3416 5130 proventuram
3459 5065 3641 5130 fuisse,
3685 5074 3790 5127 nisi

2207 5156 2469 5214 prreeepta
2526 5147 2703 5201 omnia
2753 5161 3039 5205 servasset.
3089 5153 3218 5208 Nam
3263 5158 3404 5224 quod
3443 5159 3530 5214 illa
3571 5161 3788 5220 fecitex

2204 5236 2494 5289 ambitione
2516 5236 2958 5305 proficiscebatur
2988 5258 2998 5294 :
3029 5244 3243 5300 volebat
3269 5249 3410 5301 enim
3443 5253 3640 5318 p0pulo
3667 5269 3790 5310 sese

2205 5335 2475 5380 ostentare
2495 5341 2556 5380 ac
2576 5328 2618 5380 si
2645 5327 2930 5395 imperaret
2953 5333 3078 5397 filio,
3103 5333 3169 5389 de
3194 5353 3298 5405 qtto
3320 5339 3450 5394 nihil
3479 5342 3652 5398 adhuc
3677 5362 3787 5398 ma-

2205 5430 2365 5484 gnum
2391 5417 2795 5485 imaginabatur,
2813 5421 3041 5491 ideoque
3069 5424 3370 5491 importune
3399 5435 3787 5493 accesaitNidc

2205 5523 2332 5578 ergo
2359 5518 2413 5564 et
2442 5510 2556 5580 ejus
2585 5520 2636 5565 et
2681 5511 2899 5568 fratrum
2943 5521 3320 5587 arrogantiam.
3349 5521 3476 5576 Cun:
3513 5538 3785 5593 oporteret

2203 5599 2344 5652 enim
2378 5601 2646 5668 ingressos
2690 5604 2872 5660 audire
2908 5621 3029 5661 cum
3071 5611 3242 5675 turba,
3272 5613 3351 5666 vel
3394 5616 3436 5667 si
3479 5616 3527 5668 id
3559 5617 3782 5685 nollent,

2201 5702 2511 5760 exspectare
2540 5693 2812 5750 contionis
2842 5696 3021 5768 linem,
3050 5711 3103 5756 et
3127 5711 3249 5759 tunc
3279 5705 3558 5771 accedere,
3586 5722 3615 5762 a
3651 5707 3784 5765 foris
