4076 6448
337 442 447 504 ιω

337 564 538 613 vocant
559 569 680 611 eum
709 553 760 608 in
780 560 1074 622 conspectu
1101 551 1362 614 omnium,
1381 544 1812 616 superﬂuamque
1833 559 1926 598 cx-

335 647 525 704 hibent
554 646 935 707 ambitionem,
967 653 1024 696 ut
1046 640 1354 702 ostendant,
1391 653 1451 693 se
1480 637 1554 690 illi
1585 650 1773 706 magna
1802 649 1922 689 cum

337 736 941 809 potestate'imnerare.
989 732 1142 801 Quod
1191 733 1351 785 etiam
1399 729 1723 798 evangelista
1776 729 1924 781 incu-

331 827 505 884 sando
529 827 806 890 declarat;
838 824 939 878 boc
976 823 1150 893 ipsum
1181 822 1326 876 enim
1374 818 1718 874 subindicans
1743 817 1874 871 dixit
1907 833 1920 869 :

331 918 516 972 Adhuc
557 934 616 972 eo
658 918 887 982 loquente
931 914 1000 968 ad
1032 913 1244 976 turbas;
1285 925 1349 965 ac
1387 911 1433 964 si
1461 909 1700 964 diceret:
1731 911 1921 962 Annon

333 1010 484 1065 aliud
517 1019 725 1078 tempus
748 1008 903 1062 erat?
930 1020 1110 1060 annon
1135 1011 1382 1073 poterant
1416 1003 1646 1057 seorsim
1677 1001 1875 1068 alloqui
1899 999 1922 1052 ?

330 1103 470 1169 Quid
499 1115 659 1171 porro
701 1099 846 1169 loqui
887 1097 1182 1152 volebant?
1211 1095 1344 1150 Nam
1380 1095 1422 1148 si
1453 1094 1521 1148 de
1552 1093 1775 1146 veritate
1819 1090 1920 1144 do-

330 1194 521 1248 ctrinrc
567 1192 760 1248 dicturi
808 1199 996 1255 erant,
1023 1189 1140 1244 lucc
1167 1190 1340 1258 palam
1371 1198 1422 1241 et
1465 1202 1644 1241 coram
1675 1185 1921 1239 omnibus

334 1284 580 1352 proferre
602 1284 876 1354 oportuit,
907 1280 972 1335 ad
1014 1281 1242 1334 aliorum
1284 1294 1497 1348 quoque
1522 1278 1802 1332 utilitatem
1831 1293 1844 1340 ;
1872 1278 1917 1331 si

328 1375 399 1429 de
420 1375 536 1429 aliis
562 1375 626 1428 ad
658 1389 746 1430 res
773 1388 897 1428 suas
928 1372 1316 1441 spectantibus,
1348 1388 1453 1425 non
1485 1373 1563 1425 sic
1595 1373 1796 1426 instare
1825 1387 1919 1440 par

329 1471 464 1518 erat.
495 1463 624 1518 Nam
650 1465 693 1518 si
725 1465 796 1517 illi
826 1472 1030 1532 patrem
1063 1463 1295 1530 sepelire
1326 1478 1430 1516 non
1473 1464 1716 1531 permisit
1741 1479 1806 1518 ne
1832 1479 1919 1519 se-

325 1552 422 1621 qui
449 1567 510 1607 se
539 1554 914 1609 intermitteret
946 1571 959 1606 :
993 1554 1160 1607 multo
1191 1557 1363 1619 minus
1406 1553 1718 1608 concionem
1771 1571 1918 1608 rum-

331 1657 457 1710 pere
482 1641 667 1697 debuit
690 1657 786 1712 pro
812 1643 972 1698 rebus
1012 1644 1209 1697 nullius
1236 1644 1514 1698 momenti.
1533 1643 1709 1709 Quare
1742 1645 1913 1711 palam

326 1753 428 1806 eSt,
460 1756 554 1796 eos
582 1741 755 1795 solum
781 1757 846 1796 ex
876 1756 1007 1794 vana
1049 1740 1214 1809 gloria
1247 1741 1372 1794 illud
1417 1741 1631 1808 egisse;
1663 1739 1804 1808 quod
1837 1741 1912 1792 si-

323 1835 582 1903 gniﬁcans
624 1834 856 1887 Joannes
888 1833 1100 1886 dicebat
1135 1849 1149 1886 :
1198 1831 1375 1896 Neque
1400 1836 1582 1902 fratres
1606 1833 1714 1903 ejus
1743 1832 1914 1884 crede-

326 1925 442 1976 bant
463 1926 514 1977 in
544 1940 656 1978 eum
687 1926 704 1996 (
729 1925 885 1978 Joan.
916 1926 966 1977 7.
993 1924 1094 1994 5);
1127 1925 1444 1995 illorumquc
1468 1924 1610 1979 dicta
1637 1923 1914 1979 refertad-

325 2014 538 2068 modum
587 2014 796 2079 insana,
825 2015 1016 2070 dicens
1047 2015 1193 2084 ipsos
1236 2015 1464 2069 traxisse
1508 2014 1654 2068 illum
1697 2013 1912 2068 Jeroso-

321 2103 542 2173 lymam,
571 2120 678 2157 non
711 2104 780 2157 ob
799 2103 958 2158 aliam
979 2119 1217 2169 causam,
1247 2119 1406 2172 quam
1433 2112 1490 2158 ut
1509 2119 1572 2158 ex
1601 2104 1719 2171 ejus
1745 2104 1909 2172 signis

319 2195 542 2262 gloriam
591 2202 874 2262 captarent
917 2211 930 2245 :
975 2209 1096 2247 nam
1153 2193 1441 2262 inquiunt,
1504 2192 1564 2247 Si
1611 2194 1720 2246 lucc
1757 2194 1905 2262 facis,

319 2284 524 2337 ostende
563 2286 780 2352 teipsum
819 2285 1009 2337 munda
1037 2301 1056 2338 :
1087 2297 1232 2338 nemo
1272 2285 1460 2353 quippe
1483 2283 1536 2337 in
1561 2282 1758 2339 occulto
1785 2285 1908 2353 quid

319 2375 466 2444 facit,
498 2386 543 2428 et
565 2376 744 2444 quierit
766 2376 874 2444 ipse
901 2375 1073 2444 palam
1098 2375 1251 2446 fieri(
1281 2374 1420 2428 Ibid.
1449 2390 1497 2428 υ.
1530 2376 1611 2444 4);
1644 2375 1756 2444 ipse
1779 2391 1906 2430 vero

317 2464 439 2516 illos
479 2466 805 2534 increpavit,
852 2466 1121 2518 carnalem
1155 2465 1364 2519 illorum
1393 2466 1616 2534 culpans
1645 2467 1903 2520 animum.

315 2554 449 2618 Quia
476 2557 615 2608 enim
646 2555 814 2608 Judaai
844 2555 1239 2623 exprobrantes
1270 2556 1368 2624 ipsi
1395 2555 1681 2610 dicebant:
1719 2554 1905 2610 Nonne

318 2645 397 2696 hic
417 2653 486 2697 est
512 2645 641 2714 fabri
669 2646 824 2711 ﬁlius,
845 2645 991 2714 cujus
1023 2660 1115 2697 nos
1141 2646 1328 2698 scimus
1355 2655 1551 2712 patrem
1578 2653 1626 2699 et
1654 2648 1904 2700 matrem?

313 2747 360 2790 ct
389 2739 570 2807 fratres
598 2741 706 2807 ejus
753 2755 923 2790 nonne
960 2739 1099 2805 apud
1132 2754 1224 2790 nos
1251 2746 1368 2790 sunt
1397 2737 1417 2803 (
1458 2736 1648 2792 Matth.
1697 2739 1783 2792 l5.
1809 2739 1897 2792 55.

313 2829 418 2887 56;
461 2828 622 2883 Marc.
653 2831 704 2884 6.
737 2831 834 2898 5)?
859 2829 1249 2897 ignobilitatem
1275 2829 1490 2897 generis
1515 2828 1898 2896 vituperantes,

313 2931 592 2991 propterea
639 2923 808 2989 ipsum
852 2920 917 2974 ad
963 2920 1235 2987 signorum
1283 2917 1702 2971 ostentationem
1732 2932 1895 2970 voca-

310 3014 438 3067 bant
467 3030 480 3064 :
516 3013 636 3066 ideo
667 3013 808 3080 ipsos
848 3010 1085 3079 depellit,
1108 3011 1293 3063 volens
1315 3009 1384 3062 ab
1414 3007 1514 3061 hac
1547 3007 1711 3061 animi
1738 3009 1900 3077 azgri-

311 3104 490 3157 tndine
516 3104 741 3157 liberare
771 3120 784 3155 :
810 3103 898 3171 qui
929 3101 972 3154 si
994 3109 1216 3154 matrem
1246 3113 1442 3167 negare
1466 3097 1744 3162 voluisset,
1771 3106 1898 3153 tunc

311 3204 573 3264 negasset,
596 3207 717 3247 cum
745 3192 796 3245 id
818 3193 913 3261 ipsi
928 3191 1097 3246 Judtei
1125 3191 1413 3260 opprobrio
1435 3197 1721 3245 verterent.
1747 3190 1900 3247 Nunc

306 3295 488 3340 autem
518 3293 718 3339 tantam
751 3285 869 3353 ejus
908 3298 1090 3339 curam
1136 3283 1375 3349 exhibet,
1407 3291 1468 3338 ut
1499 3299 1618 3339 eam
1651 3285 1702 3339 in
1733 3299 1896 3340 cruce

308 3375 594 3444 discipulo,
626 3390 784 3443 quem
809 3376 1040 3428 maxime
1065 3375 1310 3428 omnium
1335 3373 1606 3445 diligebat,
1624 3389 1897 3430 commen~

305 3454 861 3534 daretrmagnamque
883 3464 1000 3534 ejus
1037 3463 1454 3519 sollicitudinem
1493 3464 1792 3520 exhiberet.
1827 3465 1897 3520 At

305 3569 450 3607 nunc
477 3569 583 3606 non
615 3553 862 3607 similiter
892 3553 1036 3616 facit,
1063 3563 1119 3607 ut
1150 3553 1227 3606 illi
1247 3563 1301 3608 et
1329 3553 1583 3608 fratribus
1611 3555 1722 3608 suis
1746 3564 1896 3609 recte

303 3645 635 3698 consuleret.
659 3643 792 3710 Quia
814 3643 959 3698 enim
992 3644 1137 3697 illutn
1169 3643 1372 3698 nudum
1402 3643 1674 3698 hominem
1702 3660 1898 3700 cense-

305 3733 454 3796 bant,
497 3743 658 3803 atque
695 3734 838 3787 inani
880 3733 1048 3804 gloria
1098 3734 1413 3803 agebantur,
1445 3735 1696 3788 morbum
1744 3735 1893 3790 illum

303 3829 545 3898 depellit,
575 3843 682 3880 non
710 3827 774 3880 ad
795 3827 1196 3892 contumeliam,
1226 3827 1320 3880 sed
1337 3827 1403 3880 ad
1434 3827 1890 3883 emendationem.

306 3917 384 3971 'l‘u
413 3931 541 3970 vero
571 3931 636 3969 ne
663 3917 822 3970 verba
857 3916 944 3969 illa
976 3924 1178 3969 tantum
1210 3916 1530 3984 perpendas,
1557 3931 1676 3985 qua:
1711 3917 1898 3971 mode-

309 4015 479 4061 ratam
501 4007 778 4060 continent
804 4005 1222 4074 increpationem
1243 4045 1258 4070 ,
1293 4005 1386 4059 sed
1413 4005 1575 4059 etiam
1628 4007 1893 4075 importu-

305 4098 528 4150 nitatem
558 4095 942 4164 audaciamque
972 4093 1217 4160 fratrum,
1242 4096 1455 4161 ac'quis
1480 4096 1550 4149 sit
1586 4096 1674 4151 ille
1697 4098 1785 4166 qui
1816 4098 1895 4151 in-

306 4197 490 4254 crepat
519 4204 531 4239 :
559 4203 663 4240 non
689 4187 830 4240 enim
877 4185 1052 4240 nudus
1093 4187 1273 4250 homo,
1312 4187 1406 4242 sed
1443 4188 1749 4257 unigenitus
1799 4190 1893 4244 Dei

307 4275 503 4341 Filius;
533 4289 585 4331 et
626 4277 752 4345 quid
777 4276 966 4331 volens
1005 4277 1363 4346 increpaverit
1393 4297 1406 4332 :
1440 4295 1546 4333 non
1576 4281 1718 4333 enim
1749 4289 1803 4333 ut
1835 4281 1896 4334 il-

307 4370 412 4422 lam
445 4369 496 4422 in
534 4369 751 4423 dubium
779 4369 1068 4438 conjiceret
1095 4410 1111 4432 ,
1138 4370 1232 4424 sed
1261 4379 1317 4424 ut
1345 4386 1372 4423 a
1401 4372 1679 4441 tyrannica
1706 4373 1895 4427 morbo

312 4458 587 4523 liberaret,
633 4474 698 4514 ac
724 4459 981 4528 paulatim
1017 4461 1288 4515 induceret
1321 4461 1387 4514 ad
1414 4473 1799 4530 congruentem
1828 4463 1895 4519 de

307 4563 367 4602 se
396 4550 726 4618 opinionem,
757 4550 1116 4619 suaderetque
1149 4552 1270 4620 ipsi,
1300 4567 1359 4606 se
1387 4567 1492 4606 non
1531 4553 1693 4607 modo
1727 4555 1891 4608 tilium

307 4641 473 4708 ipsius
499 4655 653 4708 esse,
701 4642 796 4695 scd
842 4641 1002 4695 etiam
1034 4643 1347 4707 Dominum;
1377 4643 1688 4713 videbisquc
1719 4645 1895 4699 incre-

306 4731 574 4798 pationem
607 4732 894 4786 admodum
936 4742 990 4786 et
1029 4733 1127 4785 sibi
1159 4743 1572 4801 congruentem,
1642 4747 1695 4789 et
1740 4737 1894 4790 matri

307 4823 536 4884 utilem,
591 4824 855 4892 simulque
900 4824 1054 4878 valde
1108 4835 1470 4881 mansuetam.
1521 4825 1704 4897 Neque
1752 4829 1894 4882 enim

304 4911 457 4976 dixit,
489 4912 606 4975 Abi.
626 4913 713 4967 dic
741 4914 920 4980 matri,
955 4915 1097 4968 illam
1128 4931 1300 4970 meam
1333 4931 1438 4970 non
1464 4931 1585 4971 esse
1619 4926 1846 4972 matrem
1875 4934 1891 4982 ;

305 5003 400 5057 sed
429 5003 670 5072 loquenti
715 5005 1004 5073 respondet
1047 5005 1129 5060 his
1176 5007 1358 5062 verbis
1397 5025 1411 5061 :
1457 5008 1586 5072 Qua:
1629 5021 1701 5062 est
1740 5021 1898 5064 mater

306 5093 466 5145 mea?
513 5108 633 5146 cum
664 5109 824 5161 supra
854 5094 1010 5149 dictis
1049 5097 1191 5151 aliud
1241 5099 1401 5151 etiam
1447 5095 1707 5154 efficiens.
1740 5101 1896 5167 Quid-

308 5197 430 5236 nam
482 5184 655 5237 illud?
698 5184 767 5239 Ut
795 5201 968 5254 neque
1015 5188 1111 5249 illi,
1143 5205 1316 5254 neque
1345 5189 1433 5242 alii
1461 5232 1476 5254 ,
1503 5193 1804 5258 cognationi
1835 5192 1895 5244 fi-

306 5273 514 5336 dentes,
543 5276 794 5329 virtutem
847 5277 1195 5347 negligerent.
1232 5279 1363 5332 Nam
1393 5281 1437 5333 si
1469 5280 1609 5332 illam
1646 5282 1772 5334 nihil
1798 5283 1887 5349 ju-

308 5365 465 5418 vabat
488 5367 629 5434 quod
657 5377 829 5422 mater
853 5378 1016 5434 esset,
1047 5373 1148 5424 nisi
1180 5381 1322 5426 esset
1351 5372 1527 5425 virtuti
1561 5373 1791 5438 addicta,
1811 5374 1896 5427 vix

307 5467 372 5508 ac
411 5470 479 5509 ne
506 5456 592 5510 vix
620 5457 836 5526 quidem
867 5460 1002 5515 alius
1034 5462 1242 5516 ratione
1285 5463 1620 5530 cognationis
1669 5465 1895 5518 salutem

307 5559 682 5619 consequetur.
729 5551 854 5605 Sola
904 5554 1101 5621 quippe
1146 5555 1397 5609 nobilitas
1445 5566 1526 5609 est
1573 5558 1897 5610 voluntatem

313 5639 408 5693 Dei
436 5640 632 5696 facere.
660 5643 756 5696 Hic
801 5645 1092 5699 nobilitatis
1132 5647 1320 5701 modus
1346 5649 1530 5700 molior
1556 5659 1608 5702 et
1641 5660 1900 5717 pra‘stan-

311 5731 413 5782 tior
442 5741 526 5785 est
561 5734 672 5787 illo.

377 5820 412 5873 2
489 5821 733 5894 Cogitatio
787 5828 1028 5895 spiritalis
1067 5847 1165 5901 qua
1220 5833 1401 5885 virtute
1453 5833 1675 5903 pra-ditis
1726 5835 1897 5903 afﬁnes

1341 435 1405 491 IN
1444 431 1853 490 MATTHIEUM
1893 430 2122 487 HOMIL.
2166 431 2349 488 XLIV.
2391 434 2462 489 al.
2506 433 2664 489 XLV.

3523 436 3630 493 ωδ

2037 561 2233 610 sumus,
2261 546 2372 600 sola
2401 545 2542 601 nobis
2583 549 2805 608 prodest.
2854 547 3020 602 Maria
3036 550 3160 619 jure
3202 551 3345 604 beata
3375 549 3627 620 pradica-

2035 644 2139 689 tur.
2183 665 2254 677 —
2302 637 2427 692 lltec
2455 653 2588 708 ergo
2607 654 2732 693 eum
2760 640 2999 695 sciamus
3019 680 3034 704 ,
3060 655 3160 695 nec
3185 641 3252 696 de
3277 641 3400 695 llliis
3426 641 3625 696 virtute

2030 727 2192 780 claris
2233 727 2404 782 altum
2456 729 2728 798 sapiamus
2753 768 2769 796 ,
2803 729 2902 784 nisi
2943 729 3132 785 eadem
3182 745 3283 800 qua
3320 732 3395 786 illi
3429 733 3627 786 virtute

2032 821 2240 888 praediti
2277 823 2485 888 simus;
2516 837 2692 892 neque
2722 823 2790 879 de
2813 823 3095 893 generosis
3136 824 3424 892 probisque
3455 822 3622 892 patri-

2030 911 2150 976 bus,
2184 914 2284 968 nisi
2331 915 2538 970 similes
2578 915 2683 970 illis
2711 915 2994 970 fuerimus.
3025 915 3210 970 Potest
3244 914 3386 970 enim
3429 915 3544 968 fleri
3568 925 3624 968 ut

2028 1005 2118 1074 qui
2163 1004 2383 1074 genuit,
2419 1018 2570 1074 pater
2608 1021 2716 1060 non
2765 1007 2856 1073 sit,
2885 1014 2940 1060 et
2966 1006 3056 1076 qui
3098 1021 3206 1061 non
3236 1005 3441 1076 genuit,
3471 1014 3624 1074 pater

2028 1094 2117 1148 sit.
2159 1095 2500 1166 Quapropter
2540 1096 2666 1152 alibi
2714 1111 2836 1151 cum
2883 1095 3080 1150 mulier
3099 1096 3345 1166 quadam
3378 1095 3619 1150 diceret:

2026 1183 2213 1238 Beatus
2233 1196 2400 1240 uenter
2426 1187 2513 1254 qui
2539 1197 2585 1240 te
2612 1187 2848 1256 portarit,
2878 1196 2926 1240 et
2952 1186 3105 1258 ubera
3126 1202 3240 1257 qua:
3267 1187 3450 1240 suxisti
3467 1183 3620 1257 (Luc.

2027 1280 2115 1333 11.
2142 1279 2285 1349 27);
2316 1296 2422 1334 non
2456 1279 2735 1349 respondit
2763 1279 2874 1344 ille,
2897 1277 3086 1333 Nullus
3115 1293 3203 1332 me
3226 1287 3415 1332 venter
3437 1284 3620 1347 porta-

2029 1369 2144 1436 vit,
2178 1370 2322 1425 nulla
2352 1370 2470 1426 suxi
2512 1371 2674 1425 ubera
2700 1386 2714 1436 ;
2746 1370 2862 1436 sed,
2891 1369 3186 1434 Quinimmo
3207 1409 3221 1432 ,
3253 1369 3383 1422 beati
3409 1366 3497 1438 qui
3535 1368 3622 1438 fa-

2024 1461 2162 1513 ciunt
2204 1459 2512 1515 voluntatem
2539 1459 2708 1514 Patris
2729 1462 2826 1515 mei
2847 1459 3010 1527 (Ibid.
3044 1475 3092 1512 υ.
3120 1457 3253 1529 28)ῖ
3279 1457 3466 1512 Viden‘
3484 1471 3621 1523 quo-

2023 1552 2184 1605 modo
2202 1567 2307 1606 non
2333 1554 2536 1621 uspiam
2562 1562 2716 1622 neget
2739 1553 3035 1607 naturalem
3059 1551 3196 1606 hanc
3218 1552 3616 1621 cognationem;

2020 1642 2114 1697 sed
2148 1643 2308 1696 addat
2339 1645 2481 1697 illam
2525 1644 2840 1697 affinitatem
2862 1685 2877 1709 ,
2902 1658 3021 1712 qua:
3051 1641 3344 1698 secundum
3361 1640 3614 1695 virtutem

2021 1734 2135 1787 est?
2179 1733 2488 1788 Prtecursor
2512 1750 2722 1802 quoque
2752 1749 2872 1789 cum
2919 1733 3080 1796 dicit,
3115 1732 3382 1787 Gem'mina
3411 1731 3614 1799 vipera-
3675 1799 3692 1806 η

2017 1841 2130 1876 runt
2156 1866 2170 1887 ,
2221 1841 2284 1877 ne
2313 1825 2582 1878 videamini
2609 1826 2805 1888 dicere,
2840 1823 3046 1877 Patrem
3086 1824 3328 1877 habemus
3357 1821 3615 1875 Abraham

2023 1914 2235 1984 (Matth.
2263 1919 2316 1972 ⁸5.
2338 1919 2489 1986 7.9),
2520 1933 2625 1971 non
2649 1918 2884 1973 declarat
2912 1934 3004 1972 eos
3035 1933 3141 1972 non
3170 1932 3291 1972 esse
3319 1913 3613 1970 secundum

2018 2015 2263 2062 naturam
2295 2025 2360 2063 ex
2394 2009 2699 2064 Abrahamo
2729 2019 2900 2074 ortos,
2926 2009 3020 2064 sed
3053 2009 3185 2062 nihil
3216 2009 3323 2062 illis
3355 2005 3614 2077 prodesse

2015 2099 2157 2166 quod
2189 2114 2252 2154 ex
2287 2100 2595 2154 Abrahamo
2633 2102 2741 2154 sint
2768 2100 2906 2165 orti,
2942 2101 3044 2154 nisi
3076 2101 3238 2155 etiam
3283 2113 3493 2154 morum
3521 2112 3614 2152 co-

2013 2193 2322 2256 gnationem
2366 2191 2625 2245 baberent
2670 2207 2682 2242 :
2729 2191 2871 2262 quod
2914 2190 3075 2246 etiam
3105 2189 3352 2245 Christus
3377 2187 3612 2243 declarat

2016 2280 2100 2334 his
2131 2281 2306 2335 verbis
2331 2299 2345 2334 :
2393 2280 2456 2335 Si
2480 2281 2578 2349 ﬁlii
2606 2281 2825 2338 Abraha
2854 2281 3044 2346 essetis,
3076 2296 3231 2351 opera
3259 2282 3430 2349 utique
3450 2277 3614 2332 Abra-

2015 2371 2095 2425 ha:
2133 2372 2366 2442 faceretis
2418 2372 2436 2443 (
2479 2370 2640 2428 Joan.
2689 2372 2740 2427 8.
2800 2371 2870 2430 59
2929 2374 2948 2441 )
2986 2389 2999 2425 :
3038 2386 3144 2426 non
3190 2385 3284 2426 eos
3324 2387 3354 2424 a
3409 2366 3613 2424 carnaii

2011 2465 2328 2532 cognatione
2359 2468 2662 2527 removens,
2694 2463 2789 2520 scd
2811 2463 3009 2520 docens
3039 2464 3198 2518 aliam
3224 2463 3324 2517 hac
3353 2462 3610 2532 majorem

2010 2568 2073 2608 ae
2117 2554 2380 2609 veriorem
2412 2570 2535 2610 esse
2578 2557 2947 2620 qutcrendam.
2992 2555 3105 2610 lloc
3146 2556 3307 2610 etiam
3351 2554 3435 2607 hic
3463 2552 3606 2615 facit,

2010 2643 2104 2697 sed
2135 2643 2467 2700 moderatius
2497 2655 2551 2700 et
2588 2646 2764 2701 lenias
2790 2659 2805 2700 :
2836 2661 2960 2700 nam
2994 2645 3063 2700 de
3093 2654 3270 2699 matre
3296 2660 3391 2699 sua
3431 2657 3610 2698 sermo

2011 2733 2323 2787 habebatur.
2349 2734 2531 2805 Neque
2558 2736 2705 2790 enim
2732 2733 2886 2800 dixit,
2907 2735 3022 2790 Non
3046 2745 3128 2790 est
3154 2743 3327 2790 mater
3353 2748 3488 2797 mea,
3515 2747 3611 2787 ne-

2006 2837 2111 2890 que
2164 2823 2236 2877 illi
2290 2824 2482 2878 fratres
2526 2833 2691 2889 sunt,
2725 2827 2847 2894 quia
2882 2840 2986 2880 non
3031 2825 3236 2879 faciunt
3278 2824 3607 2878 voluntatem

2007 2925 2218 2977 meam;
2246 2927 2419 2983 neque
2440 2914 2760 2982 sententiam
2791 2914 2910 2968 tulit
2935 2914 3020 2968 vel
3045 2913 3428 2968 condemnavit
3459 2929 3473 2964 :
3510 2912 3605 2967 sed

2005 3001 2058 3055 in
2081 3001 2302 3057 arbitrio
2331 3003 2567 3072 ipsorum
2594 3004 2814 3074 reliquit
2833 3012 2891 3058 ut
2918 3003 2970 3058 id
3002 3003 3221 3068 vellent,
3239 3003 3466 3073 loquens
3482 3015 3606 3057 cum

2004 3085 2414 3148 mansuetudine
2457 3094 2558 3148 sibi
2605 3093 2918 3162 coiigruenti
2968 3110 2982 3148 :
3014 3093 3100 3148 50.
3139 3092 3239 3158 Qui
3277 3093 3411 3147 enim
3437 3091 3602 3164 facit,

2005 3184 2507 3255 inquit,voluntatem
2533 3184 2703 3240 Patris
2730 3187 2848 3251 mei,
2862 3187 2948 3239 ille
2977 3202 3115 3239 meus
3141 3187 3302 3256 frater
3325 3195 3374 3240 et
3392 3201 3537 3240 soror
3556 3194 3605 3240 et

2003 3284 2162 3328 mater
2191 3284 2281 3328 est.
2312 3275 2488 3344 Quare
2515 3277 2556 3329 si
2589 3276 2668 3330 sic
2715 3275 2875 3331 etiam
2898 3291 3018 3332 esse
3037 3276 3242 3340 volunt,
3266 3276 3404 3330 banc
3423 3280 3606 3331 ineant

2002 3370 2162 3423 viam.
2209 3368 2278 3423 Et
2303 3384 2426 3423 cum
2467 3370 2717 3423 clamavit
2753 3368 2947 3423 mulier
2977 3367 3182 3434 dicens,
3223 3366 3412 3422 Beatus
3436 3379 3604 3422 venter
3638 3428 3642 3434 ,

2001 3459 2091 3526 qui
2135 3468 2181 3512 te
2220 3460 2460 3528 portavit,
2503 3475 2609 3513 non
2640 3459 2796 3520 dixit,
2827 3458 2943 3513 Non
2976 3469 3073 3519 est,
3092 3470 3265 3514 mater
3294 3474 3447 3523 mea;
3478 3459 3599 3525 sed,

2001 3549 2055 3604 Si
2085 3549 2201 3604 vult
2228 3565 2349 3605 esse
2373 3550 2550 3616 beata,
2581 3552 2910 3606 voluntatem
2937 3550 3111 3606 Patris
3133 3553 3234 3604 mei
3261 3550 3434 3605 faciat.
3469 3550 3599 3605 Nam

2001 3641 2093 3708 qui
2123 3641 2247 3694 talis
2277 3653 2377 3702 est,
2409 3650 2464 3693 et
2505 3641 2668 3694 frater
2687 3682 2701 3703 ,
2726 3651 2778 3694 ct
2807 3655 2982 3708 soror,
3014 3650 3069 3694 et
3095 3651 3268 3695 mater
3291 3650 3391 3696 est.
3419 3640 3600 3710 Papae,

2002 3739 2258 3798 quantum
2281 3729 2502 3784 honoris
2532 3732 2546 3783 ε
2583 3747 2757 3800 papae,
2786 3740 2982 3801 quanta
3010 3741 3092 3786 est
3119 3733 3310 3787 virtus!
3343 3732 3407 3786 ad
3429 3747 3600 3802 quan-

2001 3827 2114 3873 tum
2142 3820 2354 3875 culmen
2393 3836 2453 3876 se
2483 3821 2767 3876 adeuntem
2799 3823 2990 3891 erigit!
3031 3835 3163 3892 quot
3193 3825 3449 3879 mulieres
3476 3827 3602 3879 bea-

2003 3920 2111 3963 tam
2139 3911 2396 3966 dixerunt
2421 3923 2662 3967 sanctam
2703 3913 2847 3967 illam
2883 3913 3154 3984 Virginem
3179 3957 3194 3980 ,
3223 3916 3448 3984 ejusque
3489 3927 3602 3970 nte-

2003 4017 2142 4066 rum,
2171 4011 2226 4056 et
2253 4011 2505 4071 optarunt
2533 4005 2664 4057 tales
2699 4018 2820 4058 esse.
2851 4014 3049 4059 matres
3077 4047 3093 4070 ,
3124 4014 3426 4075 casteraqne
3463 4005 3600 4075 abji-

2001 4109 2126 4149 cere
2155 4098 2168 4148 l
2201 4094 2338 4162 Quid
2375 4111 2504 4164 ergo
2541 4095 2841 4164 prohibet?
2900 4096 3038 4152 Ecce
3087 4098 3246 4151 latam
3282 4098 3418 4151 viam
3448 4099 3602 4152 nobis

2003 4188 2273 4258 aperit,et
2297 4188 2424 4243 licet
2461 4205 2567 4242 non
2599 4190 2915 4244 mulieribus
2940 4191 3123 4254 modo,
3157 4192 3252 4246 sed
3281 4192 3442 4245 etiam
3473 4193 3601 4246 viris

2004 4281 2056 4332 in
2089 4280 2178 4332 tali
2201 4280 2363 4333 locari
2388 4278 2614 4345 ordine;
2643 4280 2751 4333 imo
2781 4289 2835 4334 et
2867 4280 2920 4334 in
2949 4281 3106 4350 longe
3134 4283 3343 4350 majori.
3380 4281 3431 4335 Id
3453 4283 3597 4336 enim

2006 4371 2165 4440 longe
2200 4372 2370 4438 magis
2411 4381 2637 4424 matrem
2688 4370 2847 4433 facit,
2895 4386 3055 4440 quam
3102 4384 3302 4441 partus.
3345 4371 3524 4441 Itaque
3553 4373 3598 4427 si

2006 4461 2217 4515 beatum
2247 4470 2332 4516 est
2359 4461 2508 4526 illud,
2538 4462 2709 4517 multo
2738 4462 2911 4531 majus
2956 4471 3010 4517 et
3041 4465 3220 4516 verius
3266 4462 3386 4527 hoc,
3418 4473 3599 4532 utpote

2004 4554 2313 4622 optabilius.
2356 4553 2433 4608 Ne
2478 4556 2646 4624 igitur
2688 4555 2862 4610 solum
2891 4556 3192 4620 desideres,
3221 4555 3314 4610 sed
3346 4564 3400 4610 et
3427 4557 3596 4617 viam,

2004 4661 2121 4713 qua:
2145 4655 2195 4698 te
2226 4645 2290 4698 ad
2317 4660 2428 4700 rem
2447 4645 2808 4701 desideratam
2828 4647 3232 4716 ducit,capesse
3259 4663 3377 4702 cum
3407 4663 3600 4715 magno

2011 4736 2208 4790 studio.
2238 4735 2363 4792 Haec
2389 4752 2517 4806 ergo
2541 4753 2661 4792 cum
2698 4738 2922 4793 dixisset
2943 4739 3104 4792 exivit
3139 4737 3206 4793 de
3233 4739 3411 4792 domo.
3443 4738 3597 4791 Vidi-

2003 4831 2126 4883 stin'
2148 4830 2418 4899 quomodo
2443 4841 2498 4886 et
2529 4833 2842 4901 increpavit,
2879 4842 2931 4884 et
2965 4832 3090 4885 fecit
3117 4832 3168 4886 id
3207 4833 3345 4901 quod
3387 4831 3596 4886 drsidc-

2007 4921 2236 4975 rabant?
2270 4922 2422 4988 Quod
2453 4923 2615 4975 etiam
2648 4921 2699 4975 iu
2731 4924 2927 4992 nuptiis
2954 4922 3079 4976 fecit
3101 4921 3292 4992 (Joan.
3321 4921 3355 4975 9.
3409 4924 3463 4975 5.
3491 4922 3526 4976 4
3558 4924 3596 4989 ).

2005 5012 2134 5065 Nam
2160 5023 2212 5064 et
2235 5012 2345 5066 illic
2375 5013 2669 5082 increpavit
2702 5014 3080 5079 intempestive
3110 5018 3403 5083 pele‘utt‘m,
3427 5029 3600 5082 neque

2009 5114 2183 5158 tamen
2216 5105 2542 5173 postulatum
2568 5106 2819 5174 negavit;
2852 5116 2962 5158 tum
3007 5115 3063 5160 ut
3094 5105 3450 5160 imbecillitati
3482 5123 3596 5160 me-

2005 5197 2256 5255 deretur.
2286 5206 2394 5250 tum
2427 5207 2478 5249 ut
2521 5214 2671 5251 suam
2717 5214 2843 5268 erga
2897 5210 3120 5253 matrem
3170 5199 3598 5254 benevolentiam

2007 5291 2304 5344 exhiberet.
2349 5290 2436 5344 Sic
2468 5300 2522 5344 et
2551 5291 2650 5346 hoc
2676 5292 2794 5346 loco
2816 5293 2990 5346 inanis
3016 5293 3198 5360 gloriae
3229 5291 3474 5344 morbum
3511 5307 3595 5344 sa-

2013 5386 2196 5447 navit,
2227 5395 2280 5435 et
2311 5382 2549 5436 debitum
2579 5384 2738 5437 matri
2769 5384 3028 5438 honorem
3061 5383 3325 5453 prurstitit.
3357 5383 3482 5437 licet
3511 5384 3599 5439 illa

2008 5474 2361 5540 inopportuna
2386 5483 2606 5542 peteret.
2642 5475 2660 5544 (
2690 5471 2818 5543 Cap.
2848 5474 2965 5529 Xlll
2997 5473 3016 5545 )
3048 5477 3097 5529 l.
3128 5473 3193 5527 In
3224 5475 3312 5528 illo
3335 5475 3418 5526 die
3440 5515 3454 5538 ,
3489 5475 3599 5540 ait,

2007 5565 2174 5617 exiens
2198 5562 2234 5616 ,Ι
2239 5581 2351 5618 esus
2377 5581 2402 5618 e
2427 5565 2595 5630 domo,
2621 5565 2823 5620 sedebat
2849 5581 2990 5620 secus
3015 5581 3171 5619 mare.
3197 5564 3328 5618 Nam
3360 5565 3402 5619 si
3421 5565 3599 5628 vultis,

2011 5655 2200 5722 inquit,
2238 5654 2420 5708 videre
2440 5665 2493 5708 et
2520 5655 2730 5718 audire,
2761 5656 2870 5727 jam
2897 5670 3032 5710 exeo
3058 5665 3115 5708 ut.
3149 5655 3435 5709 disseram.
3469 5653 3598 5719 Quia

2008 5747 2148 5798 enim
2187 5745 2334 5814 signa
2383 5747 2546 5799 multa
2581 5747 2841 5812 faciebat,
2871 5761 3057 5801 rursus
3084 5762 3146 5799 ex
3199 5746 3435 5800 doctrina
3481 5759 3598 5812 pro-

2011 5835 2152 5890 dest.
2188 5836 2249 5890 lit
2286 5837 2481 5892 sedens
2504 5852 2662 5894 secus
2686 5853 2855 5904 mare,
2891 5845 3136 5894 terrenos
3163 5839 3404 5894 homines
3432 5837 3602 5904 pisca-
