4076 6450
474 358 576 416 467

474 475 648 529 batur.
671 469 822 528 Sedit
851 481 981 525 vero
1006 469 1162 522 secus
1189 475 1356 524 mare,
1386 473 1492 513 non
1517 455 1634 511 sine
1661 465 1836 509 causa.
1861 450 2038 520 Atque

473 564 575 618 hoc
611 563 780 630 ipsum
813 556 1154 612 subindieans
1197 547 1745 622 posuit‘erangelista.
1791 540 1862 599 Ut
1885 539 2038 595 ‘euim

471 649 870 713 ostenderet,se
889 653 1131 702 accurate
1162 643 1295 695 velle
1327 641 1592 693 theatrum
1616 645 1960 702 congregare,
1979 642 2041 683 se

470 741 572 797 hoc
615 741 716 794 situ
769 739 980 806 posuit,
1013 745 1069 790 ut
1106 734 1373 789 neminem
1419 745 1448 784 a
1479 731 1638 783 dorso
1679 727 1920 786 haberet,
1944 719 2040 775 sed

467 847 658 886 omnes
681 831 742 885 ad
761 846 818 884 se
846 841 1158 883 conversos.
1186 825 1240 878 Ξ.
1267 823 1327 876 Et
1350 828 1662 891 congregata
1687 824 1821 878 sunt,
1849 811 2035 881 inquit,

467 922 535 974 ad
581 938 692 975 sinu
738 921 896 972 turbt:
936 917 1149 980 multa;
1195 916 1266 967 ita
1296 922 1349 966 ut
1377 913 1428 964 in
1458 910 1738 963 naviculam
1767 905 2040 959 ascendens

468 1013 689 1072 sederet;
713 1018 757 1062 et
787 1007 946 1062 omnis
969 1007 1112 1060 turba
1135 1006 1186 1058 in
1209 1003 1352 1057 litore
1379 1001 1557 1055 stabat.
1588 997 1800 1052 lhivero
1823 994 2037 1057 sedens,

472 1116 566 1169 per
589 1100 869 1168 parabolas
893 1096 1144 1166 loquitur.
1175 1094 1228 1148 5.
1255 1089 1325 1145 Et
1347 1094 1581 1150 loquutus
1602 1097 1671 1141 est
1705 1088 1776 1139 eis
1799 1126 1813 1148 ,
1847 1083 2035 1153 inquit,

466 1191 626 1244 multa
647 1191 698 1243 in
717 1190 990 1257 parabolis.
1009 1185 1164 1256 Atqui
1194 1184 1245 1239 iu
1275 1193 1456 1237 monte
1485 1197 1588 1235 non
1609 1181 1676 1233 ita
1696 1177 1840 1241 fecit,
1869 1189 2040 1244 neque

469 1295 564 1347 per
595 1289 669 1333 tot
698 1278 975 1349 parabolas
1018 1289 1322 1330 sermonem
1371 1271 1639 1326 contexuit
1668 1283 1680 1321 :
1713 1278 1835 1322 tunc
1869 1264 2040 1318 turbas

466 1371 652 1424 solum
685 1379 854 1433 erant,
881 1380 935 1422 et
965 1367 1115 1437 plebs
1149 1364 1328 1427 rudis;
1378 1363 1461 1416 hic
1505 1375 1632 1414 vero
1663 1367 1719 1412 et
1759 1355 1948 1410 scribae
1986 1361 2040 1407 et

469 1458 744 1516 Pharisaei.
773 1458 851 1513 Tu
880 1472 1005 1511 vero
1047 1455 1173 1510 mihi
1204 1450 1568 1506 animadverte
1615 1462 1772 1516 qnam
1814 1446 2036 1515 primam

470 1559 633 1618 ponat
661 1549 990 1615 parabolam,
1022 1556 1075 1600 et
1099 1547 1366 1615 quomodo
1393 1543 1512 1597 illas
1535 1540 1815 1595 Matthzeus
1835 1552 1929 1607 per
1949 1550 2038 1590 or-

465 1641 644 1695 dinem
687 1649 865 1710 ponat.
915 1637 1082 1705 Quam
1111 1651 1239 1706 ergo
1263 1635 1485 1703 primam
1517 1629 1686 1686 dicit?
1712 1629 1880 1693 Quam
1922 1641 2038 1680 ma-

466 1735 607 1788 xime
637 1733 858 1802 primam
886 1729 1064 1784 dicere
1084 1728 1390 1798 Oportebat.
1437 1740 1554 1793 qua:
1583 1723 1879 1778 auditorem
1924 1717 2038 1773 red-

465 1821 557 1877 dat
575 1820 940 1876 attentiorem.
983 1818 1114 1873 Nam
1135 1819 1257 1887 quia
1286 1813 1623 1884 aenigmatice
1655 1811 2037 1881 praedicaturus

472 1921 608 1975 erat,
636 1913 934 1968 auditorum
958 1911 1191 1965 animum
1226 1909 1395 1978 primo
1425 1921 1520 1976 per
1561 1901 1861 1972 parabolam
1890 1898 2036 1952 exci-

467 2013 560 2060 tat.
590 2005 716 2060 Ideo
752 2004 886 2058 alter
920 2001 1242 2070 evangelista
1289 1998 1401 2062 ait,
1433 1997 1515 2051 sic
1548 1996 1853 2062 increpasse
1881 1989 2000 2043 illus
2020 2029 2034 2052 ,

471 2094 616 2166 quod
647 2109 752 2148 non
796 2093 1154 2163 intelligerent
1181 2105 1195 2140 :
1228 2087 1495 2155 Quomodo
1522 2100 1620 2138 non
1651 2083 1804 2135 nostis
1835 2079 2042 2150 parabo-

467 2185 570 2239 lam
604 2182 622 2255 (
651 2184 814 2239 Marc.
840 2183 892 2237 ι.
921 2183 986 2242 l3
1017 2181 1078 2250 )?
1103 2179 1209 2234 Nec
1238 2179 1356 2232 ideo
1381 2177 1554 2230 solum
1581 2174 1634 2228 in
1666 2171 1930 2241 parabolis
1957 2170 2037 2222 lo~

467 2275 668 2343 quitur,
703 2274 794 2327 sed
824 2280 878 2327 ut
905 2271 1106 2340 majore
1134 2284 1253 2323 cum
1286 2266 1524 2335 emphasi
1554 2265 1712 2319 verba
1743 2263 1958 2326 laceret,
1985 2269 2038 2315 et

467 2363 637 2433 magis
665 2362 933 2429 memoria:
954 2361 1302 2429 imprimeret,
1324 2370 1514 2427 resque
1538 2355 1637 2410 sub
1655 2361 1925 2424 aspectum
1946 2367 2036 2420 po-

463 2463 636 2509 neret.
668 2453 755 2508 Sic
779 2463 832 2507 et
859 2453 1126 2522 propheta:
1155 2449 1377 2504 faciunt.

533 2543 588 2599 3.
616 2542 840 2597 Christus
864 2541 1110 2608 quomodo
1127 2540 1340 2593 σπῆι-
1359 2542 1486 2604 Qua:
1507 2544 1589 2590 est
1606 2549 1733 2603 ergo
1750 2531 2038 2603 parabola?

465 2631 594 2686 Ecce
619 2632 738 2685 exiit
779 2631 862 2700 qui
885 2631 1094 2685 seminat
1119 2629 1383 2683 seminus.
1410 2625 1558 2681 Unde
1582 2626 1708 2678 exiit
1732 2623 1820 2691 qui
1845 2623 2038 2690 ubique

467 2735 702 2789 priesens
730 2731 829 2783 est,
854 2720 941 2789 qui
972 2720 1148 2772 omnia
1177 2715 1397 2787 implet?
1424 2714 1689 2783 quomodo
1722 2713 1891 2767 exiit?
1920 2712 2033 2767 Non

465 2811 604 2875 loco,
630 2813 721 2866 sed
751 2811 929 2866 habitu
960 2820 1012 2865 et
1042 2808 1440 2878 dispensatione
1473 2820 1576 2875 qua
1607 2817 1782 2859 nostra
1811 2806 2032 2869 curavit,

464 2904 681 2976 propior
719 2904 871 2958 nobis
912 2903 1078 2958 lactus
1104 2904 1174 2956 oh
1226 2901 1476 2954 amictum
1505 2899 1700 2952 carnis.
1728 2896 1856 2962 Quia
1894 2895 2035 2948 enim

462 3011 560 3052 nos
589 2994 788 3064 ingredi
821 3010 926 3048 non
950 3004 1253 3062 poteramus
1274 3032 1288 3053 .
1316 2990 1455 3060 quod
1485 2997 1696 3058 peccata
1728 2996 1904 3041 nostra
1935 3001 2035 3040 no-

462 3086 543 3140 bis
566 3085 765 3139 aditum
803 3081 1234 3144 intercluderent,
1262 3081 1375 3150 ipse
1401 3079 1464 3134 ad
1509 3093 1605 3132 nos
1631 3076 1930 3147 "egreditur.
1969 3075 2035 3130 Et

462 3191 554 3230 cur
580 3190 826 3243 egressus
851 3174 974 3229 est?
1005 3184 1063 3226 ut
1086 3173 1337 3241 perderet
1359 3182 1551 3225 terrain
1588 3172 1754 3239 spinis
1787 3170 2034 3238 plenam?

464 3267 529 3320 ad
557 3266 848 3334 puniendos
887 3265 1187 3333 agricolas?
1227 3263 1602 3332 Nequaquam;
1645 3264 1738 3316 sed
1778 3262 1843 3316 ad
1871 3278 2035 3318 esco-

461 3355 668 3410 lendam
695 3354 1086 3423 curandumque
1117 3363 1334 3435 terrqu,
1362 3361 1414 3406 et
1433 3352 1497 3404 ad
1528 3353 1892 3406 seminandum
1925 3353 2036 3420 pie-

459 3444 580 3498 tatis
607 3457 926 3496 sermonem.
975 3440 1170 3496 Semen
1208 3441 1401 3510 quippe
1432 3439 1518 3494 hic
1546 3440 1837 3493 doctrinam
1868 3439 2028 3504 dicit;

460 3545 644 3586 ervum
659 3547 804 3596 vero,
827 3531 1098 3585 hominum
1117 3531 1340 3588 animas;
1362 3530 1754 3594 seminator-em,
1775 3530 2027 3599 scipsutn.

460 3619 596 3687 Quid
637 3621 792 3690 igitur
817 3620 877 3675 ﬁt
915 3620 982 3675 de
1007 3620 1108 3674 hoc
1146 3619 1386 3674 semine?
1408 3619 1541 3672 Tres
1570 3630 1791 3686 pereunt
1833 3628 2028 3688 partes,

461 3721 564 3764 una
592 3717 850 3763 servatur.
874 3709 925 3762 4.
958 3707 1021 3760 Et
1051 3709 1172 3760 dum
1200 3711 1483 3772 seminaret,
1507 3708 1633 3770 alia,
1673 3707 1860 3776 inquit,
1901 3708 2032 3760 ceci-

461 3797 578 3853 dere
603 3814 741 3851 secus
771 3798 917 3857 uiam,
949 3806 994 3850 et
1017 3806 1251 3850 venerunt
1271 3797 1495 3850 volucres
1524 3797 1654 3861 caeli,
1704 3805 1748 3848 et
1798 3797 2032 3851 comede-

462 3898 578 3943 runt
596 3904 673 3941 ea.
695 3887 875 3956 Neque
896 3887 1053 3952 dixit,
1084 3901 1142 3940 se
1163 3887 1376 3955 iecisse,
1399 3887 1492 3941 sed
1538 3886 1795 3941 cecidisse
1820 3902 2026 3942 semen.

462 3977 517 4032 5.
544 3976 786 4045 Quwdam
806 3991 920 4029 vero
944 3992 1093 4046 super
1117 3986 1333 4046 petrosa,
1357 3974 1440 4030 ubi
1465 3994 1563 4029 non
1588 3977 1830 4031 habebant
1848 3987 2032 4032 terram

463 4067 672 4121 multum
695 4082 716 4131 ;
743 4076 790 4121 et
809 4067 1043 4120 continuo
1063 4079 1234 4120 exorta
1262 4077 1398 4133 sunt,
1425 4068 1660 4137 quianon
1689 4067 1932 4122 habebant
1952 4070 2030 4123 al-

462 4156 719 4210 titudinem
741 4165 903 4209 terra.
930 4155 981 4209 6.
1007 4154 1128 4208 Sole
1148 4167 1311 4208 autem
1332 4168 1440 4208 orto
1464 4168 1820 4224 instaurarunt,
1847 4169 1892 4212 et
1913 4161 2032 4230 quia

463 4261 563 4300 non
592 4245 832 4300 habebant
859 4245 1093 4307 radicem,
1125 4255 1379 4298 aruerunt.
1404 4247 1453 4299 7.
1484 4246 1728 4312 Quwdum
1755 4257 1918 4302 autem
1948 4267 2032 4303 ce-

463 4336 689 4390 ciderunt
714 4336 842 4388 inter
861 4335 1066 4399 spinas;
1098 4346 1142 4388 et
1175 4345 1429 4388 creuerunt
1457 4337 1641 4405 spina',
1685 4347 1728 4388 et
1762 4337 2036 4403 sit/focane-

464 4436 578 4480 runt
608 4443 688 4480 ea.
715 4425 766 4480 8.
797 4425 1041 4492 Quadam
1090 4442 1202 4479 vero
1231 4427 1282 4479 in
1314 4437 1496 4480 terram
1519 4427 1740 4492 bonam;
1769 4439 1816 4481 et
1848 4430 2036 4484 dabant

467 4517 684 4586 fructum
705 4556 720 4579 ,
752 4518 892 4570 aliud
918 4519 1236 4570 centesimum
1257 4560 1270 4579 ,
1299 4519 1440 4571 aliud
1468 4520 1830 4590 sexagesimum
1849 4560 1865 4586 ,
1897 4522 2039 4575 aliud

466 4607 793 4678 trigesimum.
811 4607 863 4661 9.
893 4606 992 4674 Qui
1012 4607 1156 4661 habet
1177 4625 1323 4661 aures
1340 4608 1599 4673 audiendi,
1624 4610 1816 4664 audiat.
1839 4611 2036 4677 Quarta

467 4713 590 4768 pars
620 4707 825 4753 servata
852 4705 965 4762 est;
998 4714 1170 4767 neque
1201 4698 1285 4752 illa
1315 4699 1608 4769 tequalitcr,
1647 4701 1738 4756 sed
1766 4701 1923 4756 etiam
1952 4702 2038 4757 hic

468 4801 716 4854 magnum
747 4786 1029 4841 discrimen
1057 4797 1156 4840 est.
1183 4787 1274 4840 llis
1298 4789 1578 4857 signiﬁcat,
1600 4804 1658 4844 se
1690 4789 1886 4844 aﬁ‘atim
1921 4808 2035 4846 om-

469 4875 624 4929 nibus
651 4875 814 4944 loqui.
836 4875 979 4930 Sicut
1009 4876 1149 4928 enim
1179 4876 1222 4930 is
1245 4877 1331 4945 qui
1375 4878 1600 4932 seminat
1629 4894 1731 4932 non
1764 4879 2036 4951 distinguit

466 4980 691 5031 arvum,
736 4965 828 5019 sed
877 4966 1184 5035 simpliciter
1233 4976 1285 5021 ct
1333 4967 1783 5024 indiscriminatim
1832 4970 2035 5026 semina

469 5056 628 5109 mittit
659 5055 772 5109 :sic
797 5066 850 5109 et
877 5057 960 5110 ille
986 5073 1088 5109 non
1115 5055 1366 5120 divitem,
1406 5072 1508 5110 non
1540 5073 1821 5127 pauperem
1852 5061 2036 5116 distin-

466 5149 596 5212 guit,
640 5159 742 5198 non
770 5145 1081 5212 sapientem,
1121 5159 1225 5199 non
1256 5146 1614 5215 insipientem.
1667 5164 1770 5202 non
1799 5164 2032 5219 segnem,

468 5252 572 5289 non
602 5233 920 5300 studiosum,
939 5252 1043 5289 non
1075 5246 1368 5299 strenuum,
1389 5253 1492 5291 non
1525 5237 1785 5304 timidum,
1804 5241 1894 5293 sed
1925 5255 2034 5294 om-

468 5327 625 5379 nibus
678 5327 1023 5397 loquebatur,
1062 5343 1178 5394 qua:
1211 5343 1302 5380 sua
1327 5338 1479 5380 erant
1521 5328 1780 5396 implens,
1831 5330 2037 5385 etiamsi

467 5416 642 5470 latura
682 5418 986 5484 pratsciret:
1022 5427 1077 5470 ut
1114 5417 1292 5473 dicere
1321 5429 1497 5486 posset
1526 5438 1538 5471 :
1572 5419 1706 5483 Quid
1731 5437 1806 5473 me
1820 5422 2038 5489 oportuit

469 5511 632 5576 facere
658 5547 672 5570 ,
705 5515 751 5558 et
785 5521 883 5559 non
924 5509 1020 5577 feci
1044 5505 1191 5577 (lsai.
1222 5509 1272 5562 5.
1308 5508 1399 5578 4)ἳ
1426 5509 1490 5564 Et
1517 5511 1786 5579 prophetae
1825 5511 2037 5580 quidem

1209 345 1268 402 S.
1297 339 1578 400 JOANNIS
1611 328 2091 396 ωιιγεοετοιιι
2122 327 2439 387 ABCHIEP.
2477 330 3010 388 CONSTANTINOP.

3627 330 3735 388 668

2149 446 2402 500 transtulit
2432 444 2612 518 (Pul.
2642 445 2729 502 79.
2761 447 2852 516 9);
2884 447 2974 502 ille
3011 460 3140 501 vero
3186 446 3336 516 quasi
3380 447 3449 503 de
3497 447 3734 505 semine.

2146 536 2280 607 Quid
2312 530 2489 593 autem
2512 537 2812 608 signiﬁcat?
2837 538 3142 607 Promptam
3169 554 3310 594 nunc
3337 539 3449 595 fore
3473 539 3730 595 obedien-

2149 631 2291 695 tiam,
2321 640 2376 684 et
2401 629 2711 694 faciliorem,
2737 639 2788 682 et
2807 629 2914 684 cito
2940 629 3165 685 fructum
3195 625 3454 683 daturam.
3479 631 3614 685 Cum
3637 645 3736 685 au-

2148 729 2252 776 tem
2281 719 2434 774 audis
2465 737 2478 773 :
2512 719 2648 774 Exiit
2676 721 2759 790 qui
2782 721 2991 773 seminat
3016 722 3285 786 seminare,
3326 736 3431 774 non
3461 720 3598 774 idem
3623 721 3731 776 ite-

2149 813 2251 867 rari
2278 822 2447 881 putes.
2479 811 2632 880 Saepe
2655 813 2795 866 enim
2823 810 2912 878 qui
2932 811 3159 864 seminat
3179 812 3447 882 egreditur
3475 811 3539 863 ad
3571 811 3730 863 aliam

2139 919 2282 967 rem,
2317 904 2396 956 vel
2437 913 2494 957 ut
2522 903 2740 957 novales
2759 904 2948 964 sulcet,
2989 902 3070 956 vel
3110 913 3166 955 ut
3195 906 3359 956 malas
3392 903 3594 971 plantas
3639 916 3730 954 re—

2146 1003 2311 1058 secet,
2341 994 2422 1047 vel
2471 1001 2528 1047 ut
2569 994 2750 1061 spinas
2796 993 3008 1057 evellat,
3064 994 3147 1047 vel
3200 993 3340 1045 aliud
3381 993 3504 1062 quid
3555 992 3732 1046 simile

2146 1084 2344 1138 efﬁciat
2372 1101 2387 1136 :
2419 1082 2530 1153 ipse
2568 1098 2697 1138 vero
2722 1082 2786 1136 ad
2813 1082 3180 1136 seminandum
3214 1095 3461 1152 egressus
3485 1091 3585 1135 est.

2217 1175 2397 1230 Semen
2413 1175 2542 1244 perit
2559 1183 2749 1241 nostra,
2771 1189 2870 1226 non
2891 1174 3182 1227 seminantis
3205 1173 3556 1242 culpa.Quare
3583 1172 3733 1226 Clari-

2144 1278 2248 1321 stus
2291 1267 2556 1334 allegorice
2596 1266 2729 1319 male
2753 1265 3025 1331 dispositas
3053 1267 3249 1319 animas
3287 1265 3636 1332 designaverit.
3657 1291 3731 1303 —

2146 1355 2442 1421 Uudenam,
2474 1370 2655 1423 quaeso
2675 1395 2691 1420 ,
2731 1354 2924 1408 factum
2946 1364 3048 1419 est,
3081 1366 3136 1408 ut
3165 1355 3392 1408 maxima
3423 1369 3542 1421 pars
3563 1355 3727 1406 semio

2146 1447 2226 1500 nis
2270 1445 2507 1516 periret?
2536 1445 2646 1500 Non
2677 1461 2740 1499 ex
2767 1447 3065 1500 seminante
3099 1445 3149 1499 id
3172 1457 3345 1499 ortum
3376 1453 3457 1499 est
3477 1487 3489 1508 ,
3520 1447 3610 1498 sed
3659 1461 3725 1499 ex

2145 1545 2280 1590 terra
2306 1550 2489 1592 semen
2517 1535 2843 1603 excipiente;
2877 1536 2927 1589 id
2955 1545 3057 1601 est,
3079 1552 3142 1590 ex
3168 1536 3342 1590 anima
3371 1552 3473 1590 non
3502 1536 3727 1590 audien-

2143 1635 2215 1680 te.
2244 1626 2310 1680 Et
2335 1642 2434 1696 qua
2456 1626 2522 1682 de
2550 1641 2707 1681 causa
2738 1640 2842 1679 non
2865 1627 3012 1690 dicit,
3032 1628 3231 1682 inertes
3261 1629 3359 1681 alia
3388 1630 3588 1683 semina
3607 1643 3729 1682 sus-

2143 1718 2350 1784 cepisse
2372 1759 2385 1781 ,
2419 1732 2588 1785 eaque
2627 1717 2958 1787 perdidisse;
2987 1719 3088 1770 alia
3131 1717 3343 1780 divites,
3377 1727 3430 1772 et
3455 1733 3516 1773 ea
3560 1717 3726 1772 suﬁ‘o-

2143 1823 2326 1871 casse;
2355 1809 2456 1862 alia
2501 1809 2712 1874 molles,
2759 1823 2926 1878 caque
2955 1809 3287 1876 prodidisse?
3314 1810 3428 1864 Non
3477 1810 3586 1864 vult
3629 1826 3727 1865 eos

2143 1898 2511 1953 vehementius
2533 1899 2799 1962 insectari,
2835 1915 2901 1952 ne
2930 1900 2983 1952 in
3011 1898 3432 1968 desperationem
3453 1901 3721 1970 conjiciat,

2142 1989 2233 2042 sed
2262 1988 2388 2043 illud
2408 1991 2735 2059 arguendum
2759 1988 3058 2044 eruditorum
3086 1991 3427 2044 conscientia:
3454 1991 3721 2060 relinquit.

2143 2079 2256 2133 Non
2287 2089 2463 2133 autem
2490 2095 2671 2134 semen
2699 2087 2902 2134 tantum
2935 2080 3036 2133 hoc
3065 2095 3276 2148 passum
3304 2071 3520 2144 cstfscd
3561 2083 3723 2134 etiam

2141 2187 2358 2240 sagena.
2384 2171 2513 2224 Nam
2537 2181 2590 2226 ct
2633 2171 2720 2225 illa
2752 2171 2951 2226 inutilia
2999 2171 3162 2224 multa
3201 2172 3336 2225 tulit.
3371 2170 3515 2225 Hauc
3562 2186 3726 2240 porro

2142 2260 2451 2330 parabolam
2471 2259 2632 2323 dixit,
2666 2269 2722 2314 ut
2747 2261 3038 2330 discipulos
3060 2269 3337 2315 exerceret
3365 2261 3685 2329 doceretque
3705 2302 3720 2324 ,

2141 2361 2200 2404 ut
2226 2351 2268 2404 si
2299 2350 2436 2404 inter
2464 2365 2562 2405 eos
2603 2351 2691 2421 qui
2720 2365 2902 2406 semen
2948 2352 3265 2420 reciperent,
3296 2351 3475 2420 plures
3499 2359 3680 2406 essent
3701 2390 3722 2414 ,

2139 2441 2378 2510 quiillud
2431 2442 2731 2510 perderent,
2757 2456 2828 2496 ne
2876 2442 3054 2495 animo
3090 2441 3451 2497 conciderent.
3505 2440 3635 2495 Nam
3666 2451 3724 2495 et

2143 2533 2366 2586 Domino
2393 2533 2443 2587 id
2472 2533 2699 2597 accidit;
2743 2542 2799 2589 et
2825 2534 2930 2600 qui
2967 2533 3122 2602 plane
3149 2543 3389 2603 noverat,
3437 2534 3549 2589 haec
3598 2549 3722 2590 esse

2139 2621 2331 2686 futura,
2355 2623 2618 2677 seminare
2649 2637 2752 2678 non
2804 2622 3026 2678 destitit.
3059 2624 3126 2678 Et
3158 2641 3259 2695 qua
3301 2626 3366 2680 de
3404 2641 3583 2688 causa,
3633 2627 3718 2680 in-

2139 2711 2311 2780 quies,
2354 2713 2404 2765 in
2434 2713 2600 2780 spinis
2629 2711 2895 2768 Seminare
2918 2754 2932 2780 ,
2965 2730 3122 2783 supra
3156 2726 3380 2784 petram,
3425 2717 3477 2769 in
3508 2717 3630 2770 via?
3661 2716 3718 2771 lu

2140 2802 2455 2867 seminibus,
2488 2812 2542 2856 et
2571 2802 2623 2855 in
2671 2812 2834 2868 terra,
2875 2805 3014 2858 nulla
3043 2816 3187 2860 esset
3215 2807 3350 2859 ratio
3383 2824 3396 2860 :
3432 2807 3482 2861 in
3511 2809 3721 2861 anima-

2139 2892 2238 2948 bus
2265 2902 2441 2948 autem
2468 2902 2523 2946 et
2549 2893 2599 2946 in
2628 2892 2866 2948 doctrina
2883 2935 2898 2960 ,
2927 2895 2977 2948 id
3004 2911 3341 2966 summepere
3371 2898 3716 2954 laudandum.

2137 2981 2380 3052 Agricola
2408 2983 2551 3036 enim
2577 2982 2699 3052 jure
2722 2984 3026 3052 culparetur
3052 2985 3096 3038 si
3146 2985 3198 3040 id
3228 2985 3461 3041 laceret:
3489 3005 3594 3042 non
3623 3004 3719 3057 po-

2139 3079 2243 3126 test
2265 3071 2406 3125 enim
2434 3081 2582 3140 petra
2615 3071 2729 3127 ﬁeri
2770 3083 2930 3139 terra,
2962 3089 3134 3143 neque
3174 3076 3253 3128 via
3307 3091 3411 3130 nun
3444 3092 3562 3131 esse
3589 3080 3670 3132 via
3695 3120 3715 3146 ,

2139 3175 2311 3229 neque
2341 3171 2561 3229 possunt
2590 3161 2756 3231 spina!
2781 3177 2886 3216 non
2906 3177 3024 3216 esse
3044 3164 3210 3232 spinze
3239 3182 3252 3216 :
3283 3167 3334 3218 in
3369 3167 3718 3226 rationalibus

2137 3260 2315 3307 autem
2363 3267 2469 3306 non
2504 3254 2582 3307 sic
2613 3269 2626 3306 :
2660 3263 2836 3323 potest
2859 3256 2999 3308 enim
3031 3268 3180 3324 petra
3203 3259 3393 3310 mutari
3419 3259 3469 3312 in
3486 3259 3715 3315 fertilem

2138 3351 2355 3408 terram,
2387 3343 2575 3412 viaque
2604 3357 2708 3398 non
2731 3344 2864 3399 ultra
2889 3347 3191 3401 conculcari
3215 3348 3282 3402 ab
3308 3351 3553 3403 omnibus
3576 3366 3715 3420 prai-

2137 3432 2488 3497 lereuntibus,
2520 3447 2743 3504 esseque
2769 3437 2978 3505 pinguis
3007 3451 3168 3507 ager;
3192 3439 3464 3508 spinmque
3495 3450 3719 3508 possunt

2135 3525 2289 3579 evelli
2315 3565 2330 3588 ,
2358 3526 2428 3580 ita
2458 3527 2729 3579 utsemina
2758 3527 2822 3579 iis
2845 3528 3060 3581 liberata
3086 3528 3420 3585 fructiﬁcent.
3439 3532 3548 3585 Nisi
3570 3533 3714 3586 enim

2138 3612 2188 3667 id
2217 3621 2395 3682 posset
2422 3610 2558 3679 ﬁeri,
2591 3629 2695 3668 non
2720 3615 3037 3671 semiuasset
3065 3617 3172 3672 ille.
3207 3620 3355 3686 Quod
3391 3624 3432 3673 si
3463 3621 3574 3677 haec
3600 3639 3720 3677 mu-

2137 3703 2265 3755 tatio
2309 3704 2360 3756 in
2405 3704 2652 3757 omnibus
2678 3703 2812 3757 facta
2853 3720 2956 3759 non
2982 3706 3071 3771 sit,
3102 3707 3153 3760 id
3185 3725 3288 3763 non
3314 3724 3378 3763 ex
3408 3712 3717 3768 seminaute

2138 3791 2415 3859 provenit,
2445 3790 2538 3846 sed
2559 3807 2624 3846 ex
2653 3792 2718 3846 iis
2744 3794 2831 3861 qui
2863 3797 3052 3849 mutari
3103 3798 3406 3853 noluerunt.
3459 3799 3590 3856 Nam
3624 3803 3717 3857 ille

2134 3879 2350 3948 quidem
2375 3896 2494 3950 quae
2541 3881 2707 3949 ipsius
2732 3890 2884 3936 erant
2909 3883 3084 3940 elfecit
3111 3905 3123 3939 :
3153 3888 3195 3940 si
3221 3903 3350 3942 vero
3381 3889 3454 3943 illi
3479 3905 3598 3959 qua:
3622 3908 3714 3947 ac-

2136 3979 2390 4039 ceperant
2435 3970 2609 4024 abeo
2653 3972 2994 4040 prodiderunt
3015 4016 3030 4037 ,
3058 3976 3173 4031 sine
3198 3978 3351 4046 culpa
3391 3980 3482 4035 ille
3505 3991 3588 4037 est
3623 3984 3714 4052 qui

2139 4067 2339 4113 tantam
2385 4059 2759 4130 benignitatem
2809 4063 3068 4116 exhibuit.
3122 4065 3199 4120 Tu
3233 4083 3362 4124 vero
3402 4071 3528 4126 illud
3577 4074 3714 4128 mihi

2138 4150 2426 4218 perpende,
2455 4166 2558 4225 non
2580 4165 2738 4204 unam
2756 4167 2875 4206 esse
2899 4156 3153 4223 perniciei
3178 4160 3335 4221 viam,
3355 4161 3447 4216 sed
3473 4162 3718 4222 diversas

2137 4253 2260 4294 esse
2289 4238 2524 4308 aliasque
2554 4242 2618 4293 ab
2645 4240 2762 4294 aliis
2784 4241 3015 4297 dissitas.
3048 4244 3148 4299 Alii
3179 4264 3402 4318 namque
3438 4253 3535 4308 viae
3568 4256 3718 4310 simi-

2141 4333 2219 4382 les
2239 4338 2380 4394 sunt,
2415 4341 2470 4383 ut
2494 4331 2751 4395 forenses,
2793 4346 2984 4402 segnes
3013 4347 3066 4390 et
3097 4338 3452 4408 negligentes;
3495 4343 3582 4398 alii
3627 4342 3720 4415 pe.

2141 4427 2276 4472 Iram
2305 4418 2613 4484 referentes,
2657 4421 2979 4478 inﬁrmiores
3003 4437 3146 4478 sunt.
3185 4426 3275 4482 21.
3309 4430 3458 4494 Quod
3494 4433 3547 4486 in
3575 4445 3720 4503 petra

2138 4509 2411 4562 seminatur
2437 4524 2622 4572 semen,
2649 4511 2835 4580 inquit,
2869 4515 3018 4581 refert
3039 4514 3184 4568 illum
3204 4517 3290 4587 qui
3318 4521 3515 4574 verbum
3549 4524 3717 4589 audit,

2141 4610 2185 4653 et
2209 4602 2375 4652 statim
2395 4616 2506 4653 cum
2533 4601 2717 4670 gaudio
2739 4605 2950 4674 accipit;
2980 4605 3069 4661 21.
3093 4609 3181 4661 sed
3201 4627 3300 4664 non
3328 4613 3470 4667 liabet
3493 4616 3722 4670 radicem

2140 4689 2193 4742 in
2218 4689 2400 4758 seipse,
2419 4700 2468 4746 et
2498 4690 2567 4742 ad
2586 4701 2780 4761 tempus
2807 4703 3001 4749 tantum
3019 4699 3243 4752 consistit
3267 4716 3286 4753 :
3314 4701 3404 4755 sed
3426 4703 3721 4759 adueniente

2143 4789 2345 4868 propter
2367 4779 2567 4834 uerbum
2587 4781 2891 4851 calautitate,
2919 4785 2998 4838 vel
3023 4793 3419 4860 persequutione,
3443 4795 3614 4848 statim
3638 4801 3721 4868 of-

2150 4865 2429 4934 fendit.l9.
2449 4871 2579 4926 Cum
2597 4890 2714 4927 vero
2725 4877 2840 4943 quis
2859 4878 3011 4931 audit
3025 4881 3232 4935 verbum
3249 4885 3483 4936 ueritatis
3506 4886 3596 4944 ’,ει
3613 4865 3719 4938 non

2140 4958 2409 5028 intelligit,
2453 4962 2583 5014 venit
2613 4962 2884 5032 malignus,
2926 4973 2974 5017 et
2998 4967 3128 5032 rapit
3163 4968 3218 5020 id
3256 4971 3391 5035 quod
3419 4973 3721 5028 seniinaluut

2141 5060 2246 5102 erat
2282 5051 2334 5102 in
2361 5052 2512 5103 corde
2538 5054 2711 5121 ipsius.
2748 5051 2858 5106 Hoc
2878 5064 2951 5110 est
2971 5072 3135 5109 semen
3160 5059 3314 5127 juxta
3335 5064 3466 5115 svium
3497 5065 3718 5134 jactum.

2142 5140 2254 5195 Non
2297 5151 2379 5195 est
2406 5156 2580 5196 autem
2612 5145 2832 5213 :equale,
2875 5148 3086 5202 nemine
3137 5163 3380 5218 vexante,
3419 5156 3506 5209 vel
3557 5160 3720 5211 moli-

2142 5231 2295 5284 stiam
2324 5231 2601 5293 intercute.
2631 5232 2924 5288 doctrinam
2946 5239 3225 5302 exsiccari,
3255 5253 3307 5296 et
3339 5244 3571 5299 instante
3605 5259 3721 5301 ten-

2144 5323 2342 5374 tatione
2375 5321 2598 5390 idipsum
2648 5321 2760 5377 ﬁeri
2792 5340 2805 5375 :
2840 5327 2926 5394 qui
2956 5343 3083 5382 vero
3112 5331 3280 5400 spinis
3309 5332 3511 5389 similes
3555 5345 3720 5404 sunt,

2146 5414 2324 5465 minus
2354 5411 2435 5466 his
2455 5422 2578 5478 sunt
2607 5415 2757 5469 venia
2781 5414 2946 5486 digni.

2204 5505 2258 5559 4.
2300 5504 2378 5558 Ne
2396 5506 2550 5574 igitur
2572 5521 2752 5561 eorum
2775 5509 3042 5580 quidpiam
3067 5511 3350 5583 patiamur,
3382 5513 3493 5571 hac
3515 5517 3725 5574 semim

472 5596 540 5651 de
565 5595 756 5664 populo
780 5597 927 5665 quasi
958 5596 1024 5650 de
1069 5599 1217 5653 vines
1249 5600 1530 5669 loquuntur
1560 5618 1572 5651 :
1614 5601 1769 5654 Vinea
1796 5604 1937 5656 enim
1961 5606 2037 5672 [ηε
2133 5613 2148 5622 ⁸

471 5693 553 5741 ctu
579 5694 652 5740 est
692 5684 874 5741 dilecto
902 5685 1086 5758 (Ibid)
1111 5730 1123 5754 ,
1154 5689 1351 5758 inquit;
1385 5701 1457 5755 et,
1490 5689 1695 5745 Vini-am
1718 5692 1779 5747 de
1806 5690 2038 5763 Egyrto

2211 5703 2226 5734 ¹
2265 5701 2370 5763 alii,
2395 5704 2586 5757 verbum
2614 5709 2780 5778 regni.
