4076 6508
298 423 398 481 ωε)

260 532 660 609 \magnitudinc
689 530 933 584 animiet
961 526 1210 581 diuturna
1252 521 1509 576 memoria
1550 518 1884 587 obtegamus.

301 625 525 681 Etiamsi
553 624 692 678 enim
720 622 889 690 rapiat
914 618 1180 679 diabolus,
1210 615 1261 669 in
1290 613 1443 668 nobis
1471 622 1554 665 est
1583 624 1651 664 ne
1681 608 1891 678 rapian-

303 729 387 771 tur
419 736 429 768 :
464 716 605 786 quod
649 715 693 768 si
722 714 925 767 semina
954 712 1239 771 siccentur,
1298 720 1407 760 non
1438 704 1488 758 id
1514 704 1582 758 ab
1608 712 1739 755 :cstu
1775 698 1891 754 effi-

300 808 458 861 citur.
511 806 623 860 Non
670 805 812 857 enim
860 802 1025 864 dixit,
1075 799 1200 853 Haec
1231 807 1448 867 propter
1483 802 1670 849 aestum
1713 791 1890 846 exsic-

301 911 418 954 cata
459 908 603 963 sunt,
623 895 737 961 sed,
786 894 936 962 Quod
968 892 1188 945 radicem
1213 906 1313 943 non
1340 887 1607 941 habebant.
1640 885 1774 939 Etsi
1802 883 1890 936 illa

302 992 688 1060 prmfocantur,
724 1002 829 1040 non
874 1002 901 1039 a
930 986 1131 1053 spinis,
1182 982 1274 1036 sed
1325 980 1394 1033 ab
1426 980 1489 1033 iis
1519 977 1609 1047 qui
1658 977 1754 1031 bas
1776 992 1894 1030 cre-

301 1102 453 1141 scere
493 1085 749 1139 siverunt.
782 1082 929 1135 Licet
977 1080 1156 1143 enim,
1202 1076 1243 1130 si
1284 1074 1535 1138 volueris,
1567 1074 1667 1126 hoc
1693 1072 1892 1126 malum

301 1190 518 1244 germen
551 1173 827 1243 impedire,
853 1185 917 1223 ac
942 1168 1162 1229 divitiis,
1205 1176 1262 1221 ut
1304 1166 1477 1229 decet,
1508 1166 1603 1219 uti.
1638 1163 1761 1218 Ideo
1786 1178 1893 1215 non

302 1269 454 1330 dixit,
488 1265 776 1327 Saeculum,
809 1260 1256 1327 sed,Sollicitudo
1284 1258 1456 1312 swculi
1478 1275 1496 1321 ;
1524 1271 1719 1325 neque,
1750 1255 1895 1309 Divi-

304 1359 412 1418 tiae,
444 1356 559 1420 sed,
586 1354 819 1407 Fallacia
844 1352 1134 1405 divitiarum
1160 1349 1371 1416 (Matth.
1393 1346 1614 1416 1532).
1637 1346 1714 1401 Ne
1738 1345 1896 1415 igitur

306 1463 394 1501 res
417 1451 559 1516 ipsas
579 1444 877 1515 culpemus,
911 1442 1004 1497 sed
1025 1450 1331 1511 corruptam
1363 1440 1714 1494 voluntatem.
1751 1437 1899 1492 Licet

304 1540 447 1593 enim
483 1538 700 1592 divitem
734 1550 873 1597 esse,
898 1543 953 1590 et
978 1548 1085 1588 non
1116 1532 1288 1602 decipi
1322 1548 1335 1584 :
1370 1533 1421 1586 in
1451 1530 1553 1585 hoc
1579 1545 1698 1584 esse
1722 1544 1895 1583 siccu-

304 1630 377 1692 lo,
413 1637 467 1684 et
495 1625 948 1683 sollicitudinibus
970 1640 1075 1679 non
1120 1624 1418 1693 praefocari.
1450 1623 1562 1675 Duo
1591 1622 1788 1690 quippe
1814 1620 1895 1673 vi-

309 1721 375 1772 tia
407 1720 545 1772 inter
569 1733 627 1771 se
657 1717 901 1786 opposita
932 1716 985 1769 in
1004 1714 1206 1770 divitiis
1226 1721 1384 1778 sunt;
1409 1712 1572 1777 aliud,
1603 1712 1745 1782 quod
1772 1728 1897 1766 cru-

307 1811 414 1863 ciat
445 1818 498 1863 et
522 1808 768 1872 oﬂ'uscat,
796 1816 880 1861 est
908 1806 1239 1870 sollicitudo;
1268 1806 1433 1871 aliud,
1461 1804 1603 1875 quod
1629 1805 1900 1859 molliores

308 1898 504 1962 reddit,
534 1906 660 1953 sunt
684 1896 909 1951 deliciae.
939 1895 1105 1950 Recte
1133 1905 1311 1949 autem
1333 1895 1486 1961 dixit,
1512 1895 1746 1949 Fallacia
1773 1895 1901 1948 diei-

310 1988 513 2040 tiarum.
540 1986 730 2042 Omnia
753 1984 1015 2055 quippein
1039 1985 1236 2039 divitiis
1263 1984 1464 2040 fallacia
1496 1994 1653 2040 sunt:
1686 1986 1900 2040 nomina

310 2082 505 2149 quippe
560 2086 719 2143 sunt,
770 2092 877 2133 non
925 2078 978 2133 in
1009 2079 1167 2134 rebus
1213 2080 1336 2133 sita.
1380 2079 1591 2134 Etenim
1636 2081 1898 2150 voluptas,

310 2170 497 2239 gloria,
524 2167 934 2238 pulchritudinis
949 2167 1205 2229 studium,
1230 2168 1531 2239 similiaque
1550 2171 1749 2234 omnia,
1782 2186 1903 2239 spe-

312 2262 422 2314 cies
449 2259 690 2330 quautam
720 2268 775 2314 et
805 2258 1082 2328 phantasia
1128 2268 1275 2321 sunt.
1324 2277 1431 2315 non
1470 2276 1648 2316 rerum
1679 2264 1898 2318 veritas.

313 2354 447 2406 Cum
494 2366 621 2420 ergo
669 2351 923 2418 perniciei
970 2351 1158 2406 modos
1188 2352 1444 2417 dixisset,
1492 2352 1709 2408 demum
1755 2354 1904 2423 ponit

316 2452 513 2497 terram
545 2442 756 2505 bonam,
785 2457 892 2495 nou
923 2441 1210 2509 desperare
1236 2442 1437 2507 sinens,
1468 2443 1562 2498 sed
1590 2458 1739 2511 spem
1770 2446 1906 2498 (laus

316 2532 665 2601 plenitentire,
688 2530 1085 2599 ostendensque
1102 2546 1260 2599 posse
1278 2547 1306 2584 a
1329 2532 1649 2601 supradictis
1674 2532 1739 2587 ad
1762 2533 1903 2586 illam

316 2625 596 2678 transitum
631 2622 764 2677 fieri.
818 2623 978 2691 Atqui
1022 2622 1067 2677 si
1100 2635 1239 2675 terra
1292 2621 1431 2675 bona
1470 2632 1550 2678 est
1576 2632 1631 2677 et
1673 2624 1906 2689 agricola

318 2730 477 2779 unus,
507 2716 818 2783 seminaque
851 2713 1061 2775 eadem,
1085 2728 1180 2767 cur
1200 2712 1344 2767 aliud
1366 2722 1603 2776 centum,
1632 2714 1775 2766 aliud
1816 2727 1905 2768 se-

321 2808 535 2876 xaginta
558 2848 572 2871 ,
602 2804 747 2860 aliud
779 2806 990 2875 triginta
1022 2804 1179 2859 tulit?
1206 2804 1301 2859 llic
1328 2819 1512 2860 rursus
1533 2821 1599 2861 ex
1628 2814 1786 2861 terra:
1814 2822 1907 2861 na-

322 2910 435 2951 tura
467 2896 754 2950 discrimen
784 2913 796 2947 :
828 2910 949 2948 nam
994 2895 1079 2949 ubi
1112 2895 1249 2949 bona
1295 2904 1434 2948 terra
1462 2904 1545 2948 est
1566 2935 1580 2957 ,
1627 2896 1793 2950 multa
1838 2897 1907 2950 ibi

317 2987 639 3041 dim-rentia.
669 2985 831 3040 Vides
861 3002 966 3039 non
997 2985 1284 3054 agricolam
1313 3000 1433 3039 esse
1463 3000 1710 3051 causam,
1738 3002 1910 3055 neque

318 3078 525 3131 semina
549 3118 564 3143 ,
595 3076 687 3130 sed
722 3084 917 3129 terram
948 3074 1305 3145 excipientem
1326 3116 1339 3139 ,
1386 3089 1559 3142 neque
1588 3090 1651 3129 ex
1698 3083 1907 3137 natura,

320 3167 413 3221 sed
454 3183 518 3221 ex
551 3168 823 3220 voluntate
842 3165 1131 3220 discrimen
1162 3166 1391 3220 censeri.
1422 3166 1519 3220 ilic
1543 3176 1724 3220 autem
1750 3166 1911 3222 multa

228 3320 231 3323 _
325 3258 419 3312 Dei
445 3258 745 3328 benignitas
788 3257 1239 3326 deprehenditur,
1278 3258 1369 3326 qui
1410 3273 1512 3311 non
1541 3273 1701 3311 unam
1752 3258 1915 3327 exigit

321 3352 533 3406 virtutis
554 3366 896 3412 mensuram;
930 3349 1025 3404 sed
1074 3350 1275 3420 primos
1305 3350 1533 3405 libenter
1570 3350 1794 3419 recipit,
1824 3366 1914 3404 se-

320 3445 525 3499 cundos
551 3458 655 3496 non
682 3441 845 3510 ejicit,
882 3441 1053 3495 tertiis
1078 3441 1170 3495 dat
1194 3442 1393 3495 locum.
1419 3442 1543 3495 Hmc
1574 3456 1735 3509 porro
1764 3442 1913 3508 dicit,

323 3549 392 3587 ue
432 3540 618 3601 putent
658 3532 691 3585 ii
736 3531 827 3600 qui
859 3531 1031 3598 ipsum
1061 3541 1377 3598 sequuntur,
1409 3531 1591 3585 auditu
1639 3539 1915 3600 exceptam

323 3622 623 3677 doctrinam
646 3620 712 3675 ad
735 3619 958 3674 salutem
987 3635 1109 3674 esse
1130 3621 1279 3674 satis.
1310 3619 1417 3675 Sed
1443 3637 1560 3685 cur,
1592 3623 1783 3691 inquit,
1814 3639 1918 3677 non

323 3723 517 3767 caztera
548 3712 698 3781 ponit
721 3711 871 3775 vitia,
895 3719 950 3764 ut
971 3725 1255 3779 corporum
1283 3712 1796 3780 concupiscentiam,
1829 3728 1921 3767 va-

325 3819 449 3858 nam
495 3802 761 3873 gloriam?
787 3800 917 3857 Cum
946 3800 1141 3856 dixerit
1183 3801 1599 3859 sollicitudinem
1631 3802 1791 3874 hujus
1816 3821 1916 3860 sa:-

326 3894 469 3959 culi,
501 3903 557 3949 et
583 3892 845 3948 fallaciam
869 3892 1195 3958 divitiarum,
1239 3894 1419 3948 omnia
1461 3895 1655 3963 posuit.
1704 3894 1836 3950 Nam
1869 3905 1924 3953 et

328 4002 462 4042 vana
485 3986 652 4056 gloria
681 3994 735 4040 et
778 3994 970 4040 cratera
1000 3984 1181 4039 omnia
1206 3994 1259 4039 et
1280 3983 1444 4051 huius
1470 3986 1652 4041 saeculi
1682 3996 1809 4041 sunt
1826 4030 1842 4057 ,
1868 3997 1926 4044 et

328 4079 393 4133 ad
419 4078 723 4131 divitiarum
742 4075 1003 4130 fallaciam
1027 4075 1206 4131 reduci
1234 4086 1475 4147 possunt;
1492 4076 1721 4148 exempli
1737 4093 1921 4148 causa,

328 4169 595 4238 voluptas,
616 4167 759 4237 gula,
788 4166 1006 4232 invidia,
1038 4180 1173 4220 vana
1199 4166 1388 4237 gloria,
1412 4178 1467 4222 et
1496 4168 1689 4224 similia
1719 4172 1922 4227 omnia.

328 4259 547 4315 Addidit
596 4267 775 4313 autem
805 4267 860 4312 et
886 4258 1027 4313 viam
1066 4268 1122 4313 et
1153 4270 1392 4329 petram,
1428 4268 1485 4313 ut
1529 4262 1779 4315 ostendat
1816 4279 1921 4317 non

328 4351 459 4405 satis
496 4364 617 4405 esse
644 4350 744 4403 sia
773 4350 1119 4418 pecuniarum
1154 4366 1339 4404 amore
1382 4360 1581 4405 tantum
1628 4368 1727 4407 nos
1764 4369 1925 4423 expc-

328 4440 538 4495 diamus
557 4456 572 4503 ;
602 4440 694 4495 sed
722 4451 946 4496 caeteras
966 4457 1178 4511 quoque
1196 4444 1418 4497 virtutes
1434 4443 1762 4498 exercendas
1779 4461 1921 4501 esse.

335 4530 470 4598 Quid
503 4532 645 4586 enim
676 4531 925 4601 prodest,
972 4532 1015 4586 si
1047 4522 1247 4587 divitiis
1278 4548 1381 4587 non
1408 4535 1611 4601 servis,
1643 4551 1809 4606 esque
1842 4547 1922 4591 ta-

331 4638 455 4678 men
482 4624 702 4693 ignavus
730 4633 785 4679 et
822 4624 1038 4680 mollis?
1061 4626 1207 4695 quid,
1239 4626 1286 4680 si
1326 4627 1546 4698 ignavus
1577 4644 1682 4683 non
1704 4633 1777 4683 sis
1806 4632 1926 4700 qui-

330 4714 490 4779 dem,
536 4716 631 4769 sed
672 4715 853 4785 segnis
880 4717 949 4772 ad
984 4717 1285 4773 doctrinam
1333 4720 1693 4775 audiendam?
1741 4722 1925 4792 Neque

330 4806 475 4860 enim
500 4806 713 4861 illorum
744 4822 910 4862 unum
937 4809 1066 4863 satis
1085 4820 1168 4864 est
1188 4809 1253 4864 ad
1278 4810 1540 4877 salutem;
1568 4811 1661 4867 sed
1691 4828 1824 4882 Opus
1845 4823 1927 4868 est

330 4896 509 4966 primo
538 4896 789 4953 audiendi
817 4898 1126 4967 sedulitate,
1146 4899 1342 4956 deinde
1362 4901 1473 4973 jugi
1492 4904 1773 4970 memoria,
1804 4904 1926 4960 hinc

332 4989 455 5043 forti
483 4990 684 5053 animo,
715 4988 1021 5046 divitiarum
1062 5007 1273 5047 necnon
1305 4995 1645 5050 saecularium
1686 4998 1924 5051 omnium

336 5091 670 5151 contemptu.
696 5080 819 5137 Ideo
847 5084 991 5138 enim
1017 5084 1264 5140 audiendi
1294 5085 1528 5141 studium
1558 5088 1730 5155 primo
1758 5070 1923 5158 ponit,

332 5172 631 5243 deindeque
660 5180 876 5240 cetera,
896 5176 1017 5243 quia
1040 5175 1141 5230 hoc
1172 5176 1343 5245 primo
1367 5187 1449 5232 est
1470 5193 1604 5247 opus
1634 5179 1924 5251 (Quomodo

334 5266 463 5318 enim
486 5266 708 5329 credent,
738 5266 842 5319 nisi
862 5267 1076 5319 audiant
1111 5266 1286 5341 [Βοω.
1318 5269 1405 5324 10.
1436 5267 1564 5342 ll]?
1592 5281 1647 5325 ut
1676 5288 1776 5326 nos
1795 5289 1928 5342 quo-

333 5372 437 5424 que
487 5356 588 5410 nisi
618 5356 776 5412 dictis
806 5357 1144 5413 attendamus
1170 5400 1185 5423 ,
1236 5376 1341 5415 non
1372 5364 1667 5430 poterimus
1706 5379 1767 5418 ea
1807 5380 1926 5433 qum

335 5448 540 5517 agenda
593 5458 719 5504 sunt
769 5449 1050 5519 ediscere)
1085 5468 1099 5504 :
1129 5450 1326 5507 deinde
1369 5454 1527 5506 animi
1563 5453 1933 5511 fortitudinem

335 5541 481 5609 ponit
507 5549 561 5594 et
589 5555 766 5594 rerum
796 5542 1140 5610 prarsentium
1167 5554 1554 5613 contemptum.
1579 5545 1704 5600 Haec
1748 5545 1927 5617 itaque

336 5632 634 5699 audientes,
654 5647 752 5687 nos
768 5635 1000 5703 undique
1022 5637 1323 5689 muniamus
1346 5653 1358 5687 :
1389 5637 1543 5691 dictis
1565 5638 1923 5707 attendentes,

336 5725 519 5777 tirmas
548 5724 819 5779 mittentes
836 5728 1064 5791 radices,
1091 5729 1540 5799 maculat-illasque
1558 5732 1809 5787 oumibus
1830 5750 1928 5789 nos

330 5817 703 5887 expedientes.
728 5816 781 5873 Si
814 5828 989 5875 autem
1014 5820 1112 5873 alia
1140 5819 1353 5888 quidem
1384 5819 1661 5887 faciamus,
1689 5824 1791 5877 alia
1824 5839 1920 5880 nc-

1254 410 1317 467 lN
1350 403 1760 465 ΜᾹΤΤΗιΕυΜ
1798 401 1910 459 11οΔ

2019 441 2028 456 .
2075 403 2255 458 XLIV.
2299 404 2368 459 al.
2411 402 2570 458 XLV.
3495 408 3598 462 tt7n

1998 514 2279 582 gligamus,
2333 516 2462 568 nihil
2518 514 2673 569 nobis
2700 515 2960 582 Conferet,
2990 529 3050 568 ac
3080 516 3121 568 si
3152 531 3257 569 non
3287 516 3415 581 hoc,
3450 532 3599 574 certe

1997 606 2165 659 altero
2192 607 2350 661 modo
2377 607 2843 675 peribimusuuid
2878 608 3021 662 enim
3072 607 3267 672 refert,
3314 621 3487 661 utrum
3531 611 3601 665 ob

1997 699 2247 764 divitias,
2304 710 2481 755 utrum
2530 701 2598 753 ob
2625 701 2942 769 segnitiem,
2974 710 3151 753 utrum
3204 700 3274 753 ob
3319 702 3598 754 mollitiem

2000 808 2213 862 pessum
2266 796 2486 849 camus?
2542 795 2672 848 Nam
2729 795 2961 863 agricola
3004 810 3156 863 mque
3186 795 3333 864 luget
3382 797 3424 848 si
3466 795 3597 854 huc.

2000 901 2153 954 aeque
2183 886 2226 939 si
2253 886 2342 939 illo
2374 886 2535 940 modo
2560 902 2742 940 semen
2775 885 2980 954 perdat.
3007 885 3083 939 Ne
3113 886 3291 954 itaque
3321 886 3462 953 quod
3488 903 3594 941 non

2001 991 2097 1044 per
2122 991 2310 1029 onmcs
2336 977 2527 1030 modos
2557 992 2766 1043 pereas,
2803 975 2925 1028 hinc
2953 976 3374 1029 c0u5olationem
3401 975 3599 1028 admit-

2002 1077 2103 1131 tas,
2136 1068 2231 1123 sed
2258 1083 2596 1137 quocumque
2632 1068 2845 1121 tandem
2890 1065 3051 1120 modo
3082 1082 3291 1135 pereas,
3322 1068 3461 1136 lnge.
3486 1066 3604 1134 Spi-

2002 1176 2097 1214 nas
2128 1161 2507 1214 comburamus
2533 1200 2547 1223 ,
2578 1175 2698 1228 qua:
2732 1160 2952 1213 verbum
2986 1157 3267 1212 suifocant.
3306 1157 3359 1211 ld
3406 1167 3606 1210 norunt

2001 1253 2213 1315 divites,
2243 1251 2330 1319 qui
2362 1265 2535 1320 neque
2564 1250 2629 1302 ad
2656 1250 2789 1310 lucc,
2818 1266 2991 1318 neque
3021 1250 3086 1302 ad
3114 1248 3217 1301 alia
3259 1259 3382 1302 sunt
3425 1249 3602 1301 utiles.

2002 1342 2154 1398 Servi
2198 1357 2428 1410 namque
2476 1348 2534 1396 et
2562 1342 2755 1409 captivi
2790 1341 3153 1407 voluptatum,
3212 1354 3278 1394 ne
3326 1339 3389 1392 ad
3429 1339 3604 1393 civilia

2002 1434 2216 1503 quidem
2265 1434 2485 1502 negotia
2504 1443 2626 1486 sunt
2660 1433 2850 1495 utiles;
2898 1432 2941 1485 si
2988 1446 3091 1485 non
3140 1431 3383 1496 ad'illa,
3436 1431 3606 1484 multo

2002 1526 2179 1578 minus
2221 1523 2287 1577 ad
2329 1524 2582 1577 caelestia.
2618 1523 2825 1592 Duplex
2857 1522 2999 1576 enim
3047 1523 3211 1589 pestis
3250 1521 3604 1591 cogitationes

2004 1632 2191 1670 eorum
2226 1616 2467 1679 invadit,
2498 1616 2810 1670 deliciarum
2857 1616 3062 1669 scilicet
3102 1624 3153 1668 et
3184 1614 3560 1668 sollicitudinis
3592 1633 3604 1666 :

2004 1724 2233 1777 quorum
2273 1707 2479 1776 singula
2524 1716 2747 1775 possunt
2794 1705 3046 1775 scapham
3096 1704 3433 1773 demergere.
3474 1705 3605 1757 Cum

2006 1812 2182 1855 autem
2209 1802 2366 1855 ambo
2392 1809 2742 1863 Concurrunt,
2766 1800 2941 1869 cogita
2971 1809 3167 1868 quanta
3197 1799 3267 1852 sit
3296 1808 3605 1865 tempestas.

2078 1894 2130 1947 5.
2167 1893 2402 1946 Ciborum
2422 1892 2618 1945 delicia:
2647 1892 3024 1961 redarguuntur
3045 1931 3060 1955 ,
3090 1899 3265 1958 utpote
3308 1889 3609 1958 corporibus

2007 1993 2053 2037 et
2098 1985 2281 2038 animis
2310 1984 2551 2037 exitiostc.
2577 1982 2771 2036 —Nec
2816 1981 3028 2035 mireris
3070 1981 3115 2035 si
3155 1979 3377 2035 delicias
3426 1980 3608 2047 spinas

2008 2088 2183 2132 vocet.
2216 2078 2295 2132 Tu
2347 2078 2514 2142 enim,
2545 2077 2664 2145 quia
2699 2075 2799 2128 hoc
2822 2073 2951 2129 vitio
2974 2073 3155 2127 ebrius
3185 2088 3263 2135 cs,
3289 2071 3338 2125 id
3373 2072 3606 2140 ignoras:

2008 2172 2096 2242 qui
2142 2186 2271 2226 vero
2322 2170 2439 2225 sani
2493 2178 2638 2232 sunt,
2673 2176 2871 2223 norunt
2912 2180 3005 2220 eas
3047 2165 3417 2220 vehementius
3453 2180 3610 2231 quam

2008 2264 2190 2332 spinas
2217 2276 2483 2331 pungere:
2518 2260 2724 2322 deliciae
2749 2258 2865 2327 plus
2891 2272 3051 2327 quinm
3072 2256 3463 2311 εειιιίεἰιιιιιίιιοε
3486 2256 3601 2305 ani-

2009 2368 2150 2407 mam
2176 2350 2520 2411 labefaciunt,
2551 2350 2931 2419 gravioresque
2963 2358 3016 2401 et
3062 2347 3273 2408 corpori
3323 2355 3375 2398 et
3419 2344 3611 2397 anima:

2013 2444 2228 2513 pariunt
2255 2444 2491 2497 dolores.
2523 2442 2707 2510 Neque
2732 2441 2875 2495 enim
2910 2439 3029 2508 quis
3058 2438 3128 2491 ita
3152 2437 3421 2490 sauciatur
3447 2436 3611 2496 euris,

2012 2546 2072 2591 ut
2102 2538 2364 2591 satietate.
2422 2534 2648 2601 Quando
2677 2533 2819 2588 enim
2852 2533 2972 2601 quis
3002 2540 3057 2585 et
3096 2545 3289 2586 somno
3337 2530 3574 2599 privatus
3599 2570 3613 2591 ,

2013 2645 2076 2683 ac
2106 2627 2301 2697 capitis
2332 2637 2745 2696 temporumque
2775 2625 3113 2694 :egritudine.
3148 2634 3204 2678 et
3225 2623 3490 2676 viscerum
3518 2620 3616 2673 do-

2016 2723 2215 2776 loribus
2236 2721 2500 2775 distentus
2530 2718 2711 2781 fuerit,
2736 2718 2908 2786 cogita
2930 2724 3059 2785 quot
3080 2716 3247 2784 spinis
3278 2715 3389 2768 lucc
3412 2732 3459 2782 gi
3475 2714 3619 2765 avio-

2014 2827 2073 2866 ra
2100 2811 2226 2864 sint.
2261 2811 2338 2864 Ac
2365 2806 2817 2878 quemadmodum
2848 2805 3018 2873 spina:
3039 2820 3377 2874 quacumque
3407 2817 3474 2856 ex
3506 2819 3620 2871 par-

2022 2908 2075 2956 te
2102 2902 2406 2970 capiantur,
2438 2913 2629 2953 manus
2658 2906 2936 2951 (ruenlanl
2966 2912 2979 2948 :
3010 2896 3089 2949 sic
3115 2904 3169 2949 ct
3194 2893 3402 2948 delicia:
3434 2894 3621 2962 pedes,

2017 3008 2231 3056 manus,
2253 3000 2433 3058 caput,
2464 2990 2672 3054 oculos,
2699 2998 2754 3042 et
2780 2985 2958 3042 omnia
2992 2989 3206 3040 demum
3232 2985 3473 3039 membra
3504 3002 3624 3053 prs-

2018 3082 2288 3146 sumdant,
2332 3082 2545 3149 illmquc
2606 3080 2771 3134 arida:
2823 3078 3281 3147 infructuosieque
3312 3086 3436 3131 sunt
3480 3077 3619 3130 sicut

2019 3172 2212 3241 spinae,
2242 3180 2297 3225 et
2328 3172 2498 3241 magis
2526 3186 2684 3239 quam
2717 3170 2821 3223 ill-.e
2852 3177 3048 3222 nocent
3076 3168 3126 3221 in
3154 3168 3460 3238 praecipuis.
3487 3168 3619 3221 Nam

2020 3272 2073 3317 et
2093 3270 2422 3317 senectutem
2450 3270 2576 3315 ante
2607 3270 2819 3328 tempus
2851 3259 3127 3322 inducunt,
3164 3274 3358 3313 sensus
3383 3260 3624 3328 sopiunt,

2021 3354 2404 3421 cogitationem
2432 3351 2669 3406 tenebris
2696 3350 2979 3404 offundunt
3006 3390 3018 3409 ,
3062 3359 3300 3403 mentem
3346 3358 3505 3404 acute
3552 3352 3627 3403 vi-

2022 3437 2238 3492 dentem
2268 3444 2565 3502 excaecant,
2592 3435 2872 3489 ﬂaccidum
2903 3451 3103 3503 crispus
3125 3433 3371 3488 ciliciunt
3392 3476 3407 3499 ,
3460 3436 3629 3502 majo-

2024 3544 2137 3584 rem
2161 3539 2456 3583 stercorum
2486 3528 2694 3596 copiam
2725 3530 3026 3581 recondunt
3050 3566 3064 3589 ,
3127 3526 3262 3579 mala
3293 3535 3627 3595 congerunt,

2027 3624 2199 3693 majus
2224 3638 2361 3677 Onus
2383 3630 2437 3676 et
2464 3621 2673 3692 pondus
2706 3621 2937 3675 faciunt:
2990 3619 3115 3673 hinc
3138 3619 3441 3688 frequentes
3473 3634 3631 3673 casus

2025 3723 2079 3767 et
2104 3712 2294 3775 ruinae,
2325 3710 2490 3765 multa
2515 3709 2808 3779 naufragia.
2827 3709 2956 3773 Cur,
2984 3725 3189 3779 qumso,
3219 3725 3416 3777 corpus
3438 3710 3632 3778 impin-

2026 3802 2203 3875 guas?
2233 3805 2317 3857 An
2340 3812 2391 3857 te
2418 3802 2747 3857 immolaturi
2773 3803 3000 3857 sumus?
3026 3817 3094 3856 an
3124 3803 3178 3856 in
3205 3816 3387 3857 mensa
3420 3805 3632 3869 apposi-

2030 3894 2333 3949 turi?Aves
2352 3905 2499 3949 recte
2522 3893 2863 3964 impinguas;
2914 3894 3023 3947 imo
3089 3908 3157 3948 ne
3194 3908 3327 3949 aves
3377 3893 3633 3962 quidem:

2027 4003 2151 4043 cum
2190 3987 2334 4043 enim
2392 3987 2618 4057 pingues
2671 3995 2832 4051 sunt,
2886 3985 2953 4040 ad
3001 4001 3191 4041 sanum
3235 3985 3427 4041 edendi
3481 4003 3634 4041 usum

2028 4090 2155 4135 sunt
2175 4079 2410 4135 inutiles.
2443 4078 2675 4133 Tantum
2709 4078 2911 4132 malum
2962 4085 3046 4131 est
3098 4077 3342 4133 ciborum
3392 4078 3637 4147 voluptas

2031 4173 2218 4237 nimia,
2249 4171 2487 4225 utetiam
2518 4170 2569 4223 in
2600 4169 2771 4224 brutis
2797 4169 3101 4239 perniciosa
3135 4169 3224 4224 sit.
3254 4169 3384 4222 Nam
3432 4170 3519 4223 illa
3547 4187 3637 4221 sa-

2032 4264 2247 4318 turitate
2277 4262 2440 4317 nimia
2481 4270 2534 4315 ct
2554 4259 2656 4315 sibi
2687 4269 2741 4315 ct
2764 4260 2919 4314 nobis
2966 4258 3171 4314 inutilia
3204 4260 3485 4316 efficimus.
3538 4260 3638 4317 Su-

2033 4354 2361 4424 pertluitates
2411 4354 2607 4422 quippe
2650 4351 2950 4421 indigestis,
2981 4363 3035 4406 et
3057 4351 3273 4407 humida
3298 4354 3524 4423 putredo
3571 4354 3641 4409 ab

2032 4443 2119 4497 illa
2148 4441 2318 4497 oritur
2360 4441 2698 4511 pinguedine.
2738 4441 2871 4509 Quae
2922 4457 3051 4496 vero
3095 4444 3344 4497 animalia
3402 4460 3508 4498 non
3566 4446 3637 4498 ita

2032 4536 2271 4601 aluntur,
2304 4534 2401 4588 sed
2429 4534 2581 4604 quasi
2622 4533 2871 4605 jejunant
2898 4545 2953 4591 et
2985 4535 3250 4599 laborant.
3292 4537 3377 4592 illa
3421 4549 3567 4593 certe
3587 4551 3641 4593 et

2031 4626 2131 4681 sibi
2161 4634 2219 4680 et
2242 4625 2361 4679 aliis
2385 4625 2665 4679 utilissima
2694 4634 2840 4691 sunt,
2874 4635 2984 4680 tum
3031 4627 3098 4681 ad
3144 4628 3348 4693 cibum,
3409 4640 3517 4683 tum
3571 4631 3637 4684 ad

2029 4717 2133 4770 alia
2160 4716 2338 4770 omnia
2376 4732 2390 4768 :
2429 4716 2625 4785 quique
2670 4716 2734 4770 iis
2780 4727 3067 4772 vescuntur
3092 4759 3106 4783 ,
3149 4721 3383 4773 livmiore
3410 4721 3639 4789 gaudent

2031 4806 2359 4869 valetudine;
2398 4807 2487 4875 qui
2514 4817 2694 4861 autem
2739 4807 3130 4877 pinguioribus,
3153 4808 3286 4879 ipsis
3318 4810 3524 4865 similes
3555 4814 3634 4866 fa-

2031 4900 2127 4965 cti,
2160 4900 2425 4955 tardiores
2459 4912 2601 4966 sunt,
2638 4901 2854 4967 inlirmi,
2906 4901 3149 4973 duroque
3196 4905 3409 4960 vinculo
3466 4908 3634 4977 ligati.

2032 4992 2171 5047 Nihil
2197 4993 2340 5047 enim
2384 4992 2456 5048 ita
2500 4996 2713 5062 corpori
2754 4996 2973 5050 noxium
3006 5005 3066 5051 ut
3093 4997 3333 5052 ciborum
3385 5000 3629 5054 delirio:

2033 5086 2164 5141 nihil
2196 5086 2266 5140 ita
2318 5086 2519 5154 rumpit
2555 5095 2611 5140 et
2634 5087 2813 5141 obruit
2842 5088 3049 5155 ipsum,
3103 5097 3163 5143 ut
3190 5089 3472 5159 ingluvies.
3516 5091 3640 5145 Ideo

2034 5177 2159 5233 hinc
2183 5179 2415 5232 maxime
2457 5178 2671 5231 illorum
2718 5181 2996 5233 stultitiam
3042 5182 3163 5251 quis
3211 5186 3454 5247 miretur,
3498 5187 3639 5253 (μιοά

2033 5287 2139 5325 non
2162 5271 2266 5324 sibi
2298 5278 2519 5341 parcant
2548 5282 2603 5323 ut
2627 5273 2807 5326 etcteri
2838 5273 3067 5328 utribus.
3093 5273 3224 5329 Nam
3250 5277 3337 5344 qui
3368 5278 3487 5329 vina
3514 5294 3641 5331 ven-

2037 5363 2188 5424 dunt.
2223 5362 2410 5416 nolunt
2436 5362 2559 5433 plus
2580 5378 2737 5431 inquo
2758 5364 3151 5434 utresimplere
3174 5408 3190 5431 ,
3236 5383 3303 5421 ne
3339 5378 3588 5435 rumpant
3623 5386 3637 5421 :

2034 5456 2088 5510 hi
2105 5471 2235 5510 vero
2248 5456 2505 5531 miserum
2530 5465 2795 5521 ventrem,
2826 5472 2891 5512 ne
2920 5458 3017 5510 hac
3043 5458 3255 5525 quidem
3273 5473 3400 5513 cura
3419 5460 3636 5529 dignum

2033 5558 2283 5614 censent;
2311 5549 2405 5603 sed
2434 5559 2715 5619 postquam
2750 5550 2896 5605 illum
2926 5552 3437 5623 impleverintatque
3464 5570 3640 5622 rupe—

2035 5645 2164 5708 rint,
2184 5658 2350 5711 usque
2374 5641 2440 5695 ad
2467 5657 2649 5707 aures,
2670 5658 2846 5707 nares,
2873 5645 3051 5699 l’auccs
3074 5647 3197 5700 vino
3219 5648 3449 5716 replent,
3467 5647 3641 5716 dupli-

2035 5750 2151 5788 cem
2183 5733 2304 5786 hinc
2328 5734 2595 5801 patientes
2615 5737 2934 5801 angustiam.
2956 5745 3011 5791 et
3031 5738 3263 5806 Spiritui,
3282 5750 3335 5794 et
3354 5741 3401 5792 vi
3428 5740 3501 5793 illi
3520 5757 3640 5809 quae

2044 5824 2241 5879 animal
2274 5834 2441 5881 totum
2471 5825 2801 5881 moderatur.
2832 5830 2909 5883 Au
2944 5830 3064 5885 ideo
3103 5830 3193 5885 tibi
3233 5843 3413 5900 guttur
3456 5833 3642 5891 datum
