4076 6462
523 324 617 380 471
1259 336 1313 392 S.
1353 336 1628 392 JOANNIS
1664 333 2133 393 CIIRYSOSTOMI
2173 337 2480 396 ARCHIEP.
2523 339 3053 404 CONSTANTINOP.
3683 359 3786 415 472

513 464 618 520 cst,
659 470 714 508 nt
741 452 912 522 usque
934 449 997 502 ad
1026 464 1086 504 os
1133 447 1266 503 illud
1289 449 1411 503 vino
1437 450 1660 519 aliisque
1685 448 1949 517 corruptis
1977 463 2089 502 ma-

520 547 672 602 teriis
719 542 971 612 repleas?
1019 540 1136 595 Non
1186 538 1308 596 ideo
1336 539 1516 596 datum
1561 551 1643 595 est
1665 581 1681 604 ,
1712 556 1744 594 ο
1772 540 1932 594 homo
1955 581 1968 604 ,
1999 539 2094 594 sed

519 637 784 709 prmcipue
809 643 866 689 ut
890 635 998 689 Deo
1016 647 1196 696 canas,
1242 641 1297 687 et
1320 647 1499 688 sacras
1530 646 1716 702 preces
1742 632 1953 685 emittas
1975 673 1989 696 ,
2021 631 2096 685 le-

521 744 618 798 ges
644 728 849 782 divinas
869 725 1031 795 legas,
1063 723 1389 794 consiliaque
1409 724 1502 778 des
1526 724 1767 792 proximo
1793 724 2088 794 profutura.

521 820 602 876 Tu
633 833 757 874 vero
790 817 936 886 quasi
983 817 1070 870 illa
1100 824 1301 870 tantum
1329 815 1394 870 de
1420 830 1577 869 causa
1603 813 1782 869 datum
1811 825 1988 881 esset,
2023 828 2091 868 ne

518 910 796 964 minimum
843 905 1058 977 quidem
1111 905 1244 959 sinis
1299 905 1467 973 ipsum
1491 904 2088 959 ministeriosacroser-

516 1000 654 1067 vire,
685 997 780 1053 sed
805 1005 969 1052 totam
996 996 1158 1050 vitam
1188 996 1311 1049 huic
1343 995 1587 1064 pessimae
1614 996 1856 1049 servituti
1902 994 2086 1049 tradis.

514 1090 594 1143 Ac
644 1085 1088 1157 quemadmodum
1119 1085 1165 1138 si
1209 1085 1327 1153 quis
1355 1083 1610 1139 citharam
1656 1099 1876 1139 sumens
1908 1084 2088 1140 aureis

514 1178 708 1233 lidibus
753 1183 1077 1246 compactam
1105 1217 1121 1243 ,
1160 1189 1222 1230 ac
1265 1174 1484 1244 pulchre
1538 1175 1939 1241 ceucinnatam,
1980 1190 2090 1231 non

512 1269 578 1322 ad
608 1261 824 1322 dulcem
843 1267 1260 1321 modulationem
1289 1266 1542 1335 pulsaret,
1584 1264 1677 1319 sed
1707 1264 1832 1319 limo
1859 1265 2088 1334 repleret

512 1373 575 1412 ae
597 1359 708 1412 luto
747 1375 760 1411 :
812 1358 890 1412 sic
918 1365 973 1412 et
1012 1355 1063 1409 hi
1095 1352 1314 1409 faciunt.
1350 1355 1555 1408 Fimum
1585 1369 1718 1407 voco
1744 1370 1850 1408 non
1872 1357 2048 1409 cibum
2068 1395 2081 1419 ,

512 1450 607 1504 sed
637 1449 892 1514 delicias,
939 1455 994 1502 et
1021 1447 1166 1501 illam
1198 1455 1395 1500 tantam
1427 1447 1911 1515 intemperantiam.
1954 1446 2085 1500 Nam

511 1541 650 1610 quod
681 1547 829 1594 extra
855 1539 1226 1593 necessitatem
1248 1546 1351 1602 est,
1379 1552 1482 1592 non
1513 1537 1681 1603 cibus,
1716 1536 1808 1591 sed
1837 1536 1952 1591 lues
1980 1545 2082 1592 est.

512 1633 709 1689 Venter
733 1622 873 1687 enim
900 1632 967 1687 ad
992 1633 1240 1687 alimenta
1269 1632 1438 1686 solum
1464 1630 1770 1701 accipienda
1794 1629 1949 1686 datus
1971 1641 2082 1697 est;

515 1742 580 1781 os
614 1733 668 1780 et
708 1726 886 1781 fauces
913 1735 965 1780 et
1010 1725 1186 1795 lingua
1209 1736 1257 1780 et
1275 1724 1339 1778 ad
1366 1724 1466 1778 huc
1492 1735 1546 1780 et
1572 1724 1638 1778 ad
1671 1725 1772 1778 alia
1802 1724 1886 1778 his
1917 1725 2086 1794 magis

505 1817 841 1873 necessaria:
873 1816 1143 1885 multoque
1185 1816 1351 1886 magis
1373 1831 1545 1886 neque
1588 1824 1771 1871 venter
1815 1813 1882 1870 ad
1929 1815 2083 1871 cibos

505 1909 743 1979 quolibet
782 1908 941 1962 modo
961 1908 1335 1978 excipiendos,
1378 1908 1472 1963 sed
1519 1907 1822 1964 moderatos
1853 1917 2077 1964 tantum.

506 2001 668 2071 quue
694 2001 928 2057 ostendit
956 2002 1092 2071 ipse,
1125 1999 1248 2056 dum
1280 2001 1424 2055 mille
1451 2001 1624 2056 modis
1651 2001 1883 2068 clamat,
1908 2017 2079 2072 quan-

505 2093 572 2147 do
611 2093 710 2162 ipsi
764 2107 859 2162 per
904 2092 1042 2148 hanc
1091 2091 1304 2147 nimiam
1351 2092 1556 2160 capiam
1581 2106 1869 2158 nocemus;
1910 2107 2081 2162 neque

1553 2341 1582 2352 Ι

2205 453 2396 506 elimat
2416 454 2614 521 solum,
2648 457 2742 512 sed
2770 459 2929 512 etiam
2959 460 3010 514 id
3034 463 3183 530 quasi
3203 463 3451 534 iniuriam
3487 471 3783 538 ulciscitur,

2196 552 2568 616 extremasque
2614 551 2844 618 reposcit
2898 565 3102 620 poenas.
3138 555 3316 610 Primo
3365 559 3528 628 pedes
3580 568 3780 633 punit,

2196 633 2284 702 qui
2315 651 2412 690 uos
2436 637 2503 690 ad
2550 637 2666 692 illas
2705 640 2966 710 pessimas
3017 642 3305 713 deportant
3341 650 3556 718 epulas:
3586 653 3783 709 deinde

2197 742 2387 782 manus
2413 730 2558 800 ligat,
2584 731 2726 799 quod
2749 741 2824 786 tot
2854 741 2911 789 et
2933 744 3078 790 tanta
3097 739 3403 796 ministrent
3426 759 3439 794 :
3489 743 3779 799 multorum

2195 819 2354 872 etiam
2382 833 2445 873 os
2469 819 2751 876 distortum
2785 822 2884 879 fuit
2905 865 2919 888 ,
2968 825 3110 880 oculi
3149 838 3204 882 et
3234 841 3394 900 caput
3437 832 3777 890 laborarunt.

2194 909 2272 962 Ac
2301 909 2458 963 veluti
2485 924 2689 978 servus,
2717 928 2837 967 cum
2859 915 2984 985 quid
3006 917 3146 972 vires
3167 919 3432 975 excedens
3456 937 3616 992 agere
3636 939 3781 993 pra:-

2193 997 2404 1066 cipitur,
2438 1000 2688 1055 efferatus
2717 1018 3115 1075 nonnumquam
3146 1008 3427 1077 imperanti
3472 1013 3777 1069 maledicit:

2192 1091 2270 1146 sic
2283 1100 2336 1147 et
2365 1101 2548 1146 venter
2570 1093 2674 1147 vim
2709 1109 2912 1164 passus,
2945 1112 3063 1152 cum
3087 1098 3171 1153 bis
3201 1099 3456 1155 membris
3481 1104 3644 1158 etiam
3671 1121 3772 1160 ce-

2192 1179 2408 1235 rebrum
2436 1197 2581 1252 saepe
2610 1183 2897 1239 labefactat
2934 1195 2989 1240 et
3036 1187 3230 1256 perdit.
3277 1188 3531 1260 Deusque
3572 1195 3780 1263 Optime

2193 1272 2447 1339 providit,
2471 1282 2528 1328 ut
2546 1287 2613 1329 ex
2637 1275 2989 1332 immoderato
3017 1292 3114 1332 usu
3148 1287 3351 1334 tantum
3374 1279 3630 1337 damnum
3681 1299 3777 1339 ac-

2190 1361 2487 1432 cedat,quo
2505 1379 2626 1418 cum
2655 1364 2849 1421 lubens
2879 1366 3244 1438 philosOphari
3275 1371 3530 1439 nolueris,
3563 1374 3650 1429 vel
3689 1375 3777 1428 in-

2190 1450 2329 1508 vitus
2357 1454 2544 1510 saltem
2576 1469 2643 1510 ex
2665 1466 2809 1512 metu
2841 1467 3001 1513 tanta:
3030 1461 3280 1527 perniciei
3316 1462 3589 1519 moderate
3613 1479 3777 1534 agerc

2190 1535 2386 1592 discas.
2417 1538 2543 1594 Haec
2571 1553 2690 1594 cum
2715 1543 2966 1608 sciamus,
2986 1545 3224 1598 ciborum
3243 1544 3463 1600 delicias
3484 1546 3773 1616 fugiamus,

2190 1629 2656 1701 moderationique
2681 1632 3010 1699 studeamus,
3040 1644 3098 1689 ut
3127 1645 3181 1691 et
3207 1637 3448 1706 corporis
3471 1638 3777 1695 valetudine

2189 1719 2448 1784 fruamur,
2481 1731 2534 1774 et
2555 1722 2788 1776 animam
2809 1723 3118 1778 inﬁrmitate
3141 1726 3285 1779 omni
3315 1727 3626 1794 liberemus,
3656 1729 3769 1782 sic-

2186 1827 2292 1882 que
2311 1810 2486 1866 futura
2508 1825 2898 1882 consequamur
2924 1812 3064 1869 bona
3090 1855 3105 1881 ,
3154 1816 3319 1886 gratia
3351 1825 3406 1871 et
3444 1816 3775 1886 benignitate

2189 1903 2398 1958 Domini
2451 1903 2621 1958 nostri
2675 1902 2803 1959 Jesu
2845 1904 3091 1973 Christi,
3145 1907 3232 1961 cui
3279 1908 3449 1977 gloria
3497 1916 3554 1963 et
3597 1908 3773 1979 impe-

2185 1995 2360 2062 rium,
2389 2009 2531 2051 nunc
2571 2003 2626 2052 et
2667 2011 2918 2068 semper,
2971 2007 3026 2055 ct
3077 1999 3132 2055 in
3184 2000 3379 2057 secula
3426 2001 3768 2059 saeculorum.

2188 2091 2380 2142 Amen.

1505 3331 1685 3394 FlNlS
1720 3334 1888 3398 ’1⁸0111
1921 3330 2464 3405 QUINQUAGESIMI
2499 3331 2788 3396 SEPTIMI.
