4140 6298
276 451 3542 509 W

1530 611 1764 667 SANCTI
1799 612 2029 665 PATRIS
2063 610 2296 664 NOSTBI

746 851 845 1008 J
854 845 1374 1006 OANN
1381 845 1560 1004 IS
1684 840 3110 1003 CHRYSOSTOMI‘

1285 1150 1755 1198 ARCHIEPISCOPI
1800 1146 2527 1196 CONSTANTINOPOBITANI

898 1302 1623 1500 HOMILIAE
1702 1373 1863 1497 IN
1956 1366 2932 1515 MATTH‘IEVM

809 1631 1096 1683 ΤΕΙΤΥΜ
1130 1632 1220 1681 ΔΩ
1251 1630 1470 1682 FIDE!
1506 1632 1815 1685 CODICYH
1850 1628 2001 1683 MSS.
2035 1632 2122 1681 ET
2162 1628 2444 1683 VIRSIOR

1387 1633 1470 1682 ΕΙ
1506 1632 1815 1685 CODICYH
1850 1628 2001 1683 MSS.
2035 1632 2122 1681 ET
2162 1628 2574 1683 VIRSIONVH
2608 1622 3022 1677 ΕΙΙΕΝΒΔΥΙΤ

1016 1718 1443 1771 ΡΜΟΙΡΤΔΠ
1494 1719 1865 1772 ιεστιοηις
1902 1717 2351 1768 ΥΔΒΙΕΤΑἸἜΠ
2385 1711 2800 1767 Αυςοιῐηνειΐ

1252 1804 1885 1855 ΔΠΝΟΤΛΤΙΟΝΙΒΥΞ
1919 1802 2047 1853 ΥΒΙ
2101 1801 2286 1854 ΟΡΥ8
2323 1799 2492 1850 ERAT
2528 1799 2613 1849 ET

1409 1887 1628 1940 NOVIB
1664 1885 2040 1939 INDICIBVS
2075 1882 2467 1936 INSTRYIIT

319 2082 792 2146 FRIDEBICVS
832 2080 1052 2145 FIELD
1090 2084 1210 2178 AA.
1263 2083 1342 2144 M.
1389 2082 1740 2144 COLLEGII
1778 2083 1885 2145 SS.
1925 2082 2369 2144 TRINITATIS
2409 2085 2460 2144 Α
2496 2082 2704 2144 REGE
2745 2082 2926 2145 ΗΕΝ.
2975 2082 3110 2144 VIII
3144 2082 3483 2147 FVNDATI

1523 2188 1728 2250 UNUS
1769 2191 1814 2251 E
1852 2189 2282 2253 SODALITIO.

913 2372 1237 2439 Cantabriam
1268 2374 1315 2425 ln
1352 2372 1554 2427 Ofﬁcia:
1590 2374 1912 2435 Academia,
1949 2374 2190 2429 svmtibvs
2220 2374 2429 2429 editoris
2484 2374 2903 2429 MDCCCXXXIX.

1577 2562 2215 2599 ———-—-u-———

1537 2747 2263 2856 PBZEFATIO.

328 3165 517 3241 Quod
552 3162 1001 3244 Chrysostomo
1030 3161 1177 3245 ipsi,
1200 3162 1351 3225 dum
1381 3158 1445 3223 in
1473 3156 1625 3224 vivis
1648 3168 1802 3236 erat,
1834 3176 1870 3223 a
1902 3156 2294 3226 lividioribus
2324 3161 2741 3248 objiciebatur
2762 3169 2872 3250 (α),
2891 3185 3038 3234 eum
3075 3166 3341 3251 prolixis
3365 3180 3555 3230 exor-

250 3264 370 3331 diis
399 3265 733 3340 auditores
759 3264 1013 3339 morari,
1051 3256 1116 3325 id
1146 3278 1227 3324 ne
1260 3260 1418 3323 mihi
1463 3272 1723 3341 quoque
1776 3261 2029 3324 crimini
2060 3256 2269 3337 detur,
2304 3262 2616 3341 praefandi
2662 3268 2922 3351 negotio
2970 3267 3136 3332 intra
3170 3267 3557 3332 arctissimos

248 3362 489 3427 limites
519 3361 848 3436 concluso,
876 3354 958 3424 ad
1005 3357 1489 3423 disertissimum
1536 3352 1785 3420 Patrem
1846 3354 2179 3420 Leetorem
2226 3356 2564 3420 remittam.
2612 3362 2967 3443 Antequam
3027 3380 3180 3428 vero
3236 3363 3320 3427 ad
3370 3379 3558 3427 novat

249 3461 559 3525 editionis
583 3460 940 3523 institutum
967 3458 1405 3537 rationemque
1435 3452 1919 3519 describendam
1955 3455 2277 3535 accingor,
2310 3473 2524 3536 operae
2564 3461 2839 3537 pretium
2876 3461 3017 3539 erit,
3041 3461 3196 3542 quid
3233 3466 3381 3525 ante
3438 3477 3559 3524 nos

246 3561 311 3625 in
345 3559 474 3624 hac
510 3565 686 3642 parte
724 3558 1049 3622 immensae
1084 3558 1467 3638 scriptorum
1490 3552 2147 3635 ChrySOStomicorum
2177 3552 2371 3635 sylvas
2411 3556 2760 3621 excolenda
2790 3560 3067 3624 editores
3117 3559 3556 3643 prmstiterint,

247 3658 535 3722 breviter
560 3673 912 3723 recensere.
934 3658 1091 3721 Nam
1121 3662 1184 3719 et
1214 3672 1344 3719 non
1371 3654 1591 3719 leviter
1622 3650 1870 3732 erravit,
1905 3656 2017 3737 qui
2043 3654 2211 3718 idem
2243 3654 2570 3735 negotium
2596 3656 2661 3717 in
2690 3656 3067 3723 Praefatione
3094 3676 3208 3723 sua
3252 3660 3557 3741 suscepit,

248 3762 821 3840 Montefalconius,
878 3768 943 3825 et
997 3760 1078 3825 de
1122 3760 1288 3824 veris
1341 3758 1543 3823 nostri
1576 3758 1777 3822 Patris
1835 3759 2185 3823 editionum
2214 3765 2350 3822 tum
2380 3751 2664 3825 fontibus
2719 3768 2853 3824 tum
2891 3760 3133 3826 meritis
3170 3762 3340 3841 viros
3366 3760 3557 3825 etiam

249 3864 664 3928 doctissimos
690 3864 755 3927 in
788 3879 1035 3927 summa
1067 3858 1424 3943 ignorantia
1459 3858 1694 3922 versari
1718 3858 1930 3923 video.

323 3966 378 4027 Ι.
430 3965 658 4028 Statim
694 3962 759 4027 in
804 3962 1120 4045 principio
1180 3961 1368 4042 hujus
1422 3959 1801 4040 argumenti,
1833 3962 2113 4025 notanda
2146 3969 2239 4024 est
2282 3963 2440 4025 mira
2477 3964 2954 4030 Montefalconii
2978 3962 3413 4038 hallucinatio,
3446 3962 3557 4044 qui

249 4066 545 4130 editione
586 4061 913 4139 Saviliana,
932 4078 1102 4130 anno
1126 4061 1278 4125 1612
1312 4060 1585 4143 vulgata,
1613 4060 1823 4143 primo
1849 4059 1995 4121 loco
2026 4062 2255 4140 posita,
2286 4054 2821 4127 Commelinianae
2857 4060 3213 4126 secundum
3239 4062 3558 4136 tribuerit,

248 4166 349 4229 bis
396 4164 615 4230 verbis
665 4184 680 4227 :
723 4189 753 4223 α
792 4168 974 4229 Anno
1024 4161 1173 4227 1617
1215 4164 1410 4228 altera
1469 4162 1707 4244 prodiit
1775 4161 1971 4225 editio
2000 4160 2475 4229 Graecoslzatina
2524 4163 2944 4247 Homiliarum
3001 4164 3435 4245 Chrysostomi
3492 4164 3557 4226 in

246 4266 623 4328 Matthaaum
655 4270 841 4346 atque
866 4264 934 4326 in
969 4264 1279 4327 Joannem
1325 4279 1405 4325 ex
1430 4260 1683 4324 oﬂicina
1709 4258 2202 4324 Commeliniana
2239 4260 2703 4340 Heidelbergaa.
2736 4261 2852 4337 Qui
2891 4269 3103 4329 autem
3142 4264 3312 4329 illam
3341 4263 3558 4346 publi-

249 4366 531 4429 candam
559 4372 881 4457 curarunt,
910 4363 1280 4427 Savilianam
1301 4362 1429 4441 jam
1484 4361 1771 4442 quinque
1799 4365 1947 4427 ante
1990 4362 2175 4425 annis
2215 4360 2509 4425 emissam
2539 4378 2621 4423 ne
2659 4363 2913 4426 novisse
2935 4363 3196 4444 quidem
3226 4363 3557 4454 videntur;

245 4465 355 4529 illa
384 4472 570 4549 certe
600 4480 730 4528 non
754 4466 852 4527 usi
877 4467 1045 4538 sunt,
1081 4478 1201 4525 nec
1223 4462 1357 4541 ejus
1384 4460 1634 4543 uspiam
1659 4459 2110 4524 meminerunt.
2146 4480 2176 4517 ιν
2200 4460 2329 4523 Nec
2354 4458 2609 4521 mirum.
2642 4460 2802 4522 Nam
2828 4460 3176 4524 editionem
3216 4479 3397 4525 suam
3424 4479 3553 4525 non

247 4568 537 4647 quinque
574 4561 941 4643 annispost,
979 4562 1092 4626 sed
1130 4560 1339 4623 decem
1393 4561 1579 4623 annis
1619 4570 1763 4623 ante
1803 4560 2117 4639 vulgatam
2144 4559 2544 4636 Savilianam,
2573 4560 2867 4624 videlicet
2891 4578 3063 4627 anno
3098 4562 3272 4639 1602,
3315 4562 3554 4643 publici

237 4665 405 4745 juris
424 4664 771 4738 fecerunt;
810 4660 1317 4743 eamqueipsam,
1339 4666 1412 4723 ut
1442 4678 1593 4724 mox
1638 4660 2013 4736 videbimus,
2044 4659 2308 4723 Savilius
2342 4660 2690 4741 typothette
2728 4677 2846 4727 suo
2871 4663 3347 4744 exprimendam
3367 4664 3557 4725 tradi-

246 4765 365 4829 dit.
400 4767 540 4827 Res
564 4770 775 4828 autem
803 4769 898 4825 est
921 4762 1097 4826 haec:
1126 4760 1385 4824 Prodito
1413 4760 1760 4843 exemplari
1779 4759 2148 4838 Anglicano,
2179 4759 2775 4840 Heidelbergenses,
2806 4779 2890 4827 ne
2920 4780 3035 4827 sua
3075 4763 3272 4828 editio
3294 4782 3555 4847 prorsus

247 4868 715 4943 obsolesceret,
746 4866 942 4930 libros
972 4881 1140 4929 novo
1186 4864 1391 4940 titulo,
1412 4882 1650 4927 annum
1677 4863 2095 4945 posteriorem
2112 4861 2273 4927 falso
2304 4862 2572 4939 ferente,
2609 4865 2954 4931 instructos
2984 4868 3361 4946 emiserunt;
3388 4888 3554 4951 quo-

243 4986 391 5035 rum
425 4983 631 5031 unum
664 4965 916 5029 incaute
941 4963 1274 5044 descripsit
1304 4960 1849 5026 Montei‘alconius.
1881 4964 1999 5036 Qui
2022 4970 2236 5024 tamen
2264 4978 2347 5024 ne
2390 4961 2480 5025 sic
2515 4962 2777 5043 quidem
2825 4968 3225 5031 excusandus
3246 4979 3363 5032 est.
3397 4970 3553 5035 Nam

251 5070 536 5134 Savilius
555 5067 693 5153 ipse
733 5065 801 5127 in
830 5066 999 5130 notis
1027 5067 1106 5131 ad
1132 5063 1522 5128 Homiliasin
1550 5064 1914 5127 Matthteum
1942 5064 2031 5128 sic
2058 5064 2359 5145 praefatus
2388 5072 2521 5130 erat
2553 5083 2568 5128 :
2608 5091 2637 5126 α
2668 5069 2858 5132 Hisce
2879 5069 3253 5152 (codicibus)
3282 5075 3555 5141 accessit

252 5174 459 5239 editio
500 5170 758 5252 vulgata
788 5166 1449 5247 Heidelbergensis,de
1478 5183 1603 5246 qua
1634 5167 1920 5246 quamvis
1944 5164 2299 5229 innumeris
2328 5173 2564 5230 scateat
2590 5168 2936 5245 erroribus,
2961 5187 3236 5251 quorum
3256 5190 3554 5253 magnam

250 5275 317 5332 et
348 5275 532 5334 certe
567 5267 902 5331 maximam
931 5272 1172 5345 partem
1202 5277 1321 5327 nos
1367 5260 2117 5345 expurgavimus,tamen
2156 5265 2351 5348 gratia
2379 5265 2649 5329 debetur
2688 5268 2877 5331 bonis
2915 5269 3040 5332 illis
3075 5270 3225 5334 viris
3246 5320 3262 5348 ,
3303 5275 3453 5354 quia
3495 5283 3552 5338 et

247 5371 439 5453 prius
472 5369 710 5433 inedita
748 5368 937 5433 edere
964 5370 1321 5445 voluerunt,
1355 5370 1549 5452 idque
1580 5372 1755 5435 libris
1775 5368 1912 5436 'non
1940 5372 2481 5452 negligentissime
2509 5374 2837 5457 inspectis.
2875 5399 2905 5433 κ
2934 5378 3178 5459 Itaque,
3207 5384 3278 5442 ut
3305 5380 3386 5443 ad
3415 5398 3551 5445 rem

245 5472 623 5548 redeamus,
653 5470 1082 5550 Chrysostomi
1101 5468 1406 5535 Homilias
1423 5471 1490 5533 in
1512 5472 1871 5538 Matthaeum
1894 5475 1978 5559 (b)
2004 5474 2244 5554 primus
2273 5475 2481 5538 Graec
2522 5475 2718 5538 edidit
2758 5474 2925 5560 (nam
2956 5477 3037 5541 de
3064 5479 3297 5543 Latinis
3313 5480 3551 5545 editio-

313 5659 407 5801 ἔα)
426 5660 558 5718 Viti.
750 5671 883 5744 tom.
903 5656 992 5727 Ill,
1033 5677 1090 5732 p.
1123 5663 1244 5719 “Si.

338 5738 398 5799 av)
436 5730 646 5788 Harum
720 5732 1024 5789 omiharum
1048 5748 1158 5787 una
1186 5744 1244 5790 et

338 5730 398 5799 Iv)
436 5730 646 5788 Harum
665 5730 1158 5789 Homiliarum'una
1186 5744 1244 5790 et
1257 5734 1434 5792 altera
1455 5750 1704 5794 seorsum
1724 5734 1837 5808 jam
1866 5743 1992 5792 ante
2018 5734 2363 5806 prodierant.

589 5825 861 5889 Ρηιοι.
894 5825 1012 5908 Gn.
1042 5826 1242 5892 LVII.
