4140 6298
535 328 608 379 ,τι
1770 305 1949 362 rmo.
1992 302 2194 362 FIELD
2232 264 2605 360 ramulo

572 416 753 480 nibus
786 433 955 479 nunc
981 432 1109 477 non
1157 413 1379 492 dicam)
1414 409 1834 472 Commelinus
1864 404 2293 485 typographus
2320 400 2885 495 Heidelbergensis,
2926 397 2988 459 in
3027 410 3341 457 volumine
3372 390 3548 472 cujus
3576 386 3804 451 insen-

569 522 701 597 ptio
734 517 866 578 hinc
896 524 988 577 est
1020 533 1033 575 ξ
1066 524 1172 577 Τοῦ
1190 525 1245 576 ὲν
1275 522 1447 590 ἁγίοις
1474 519 1687 592 Πατρδς
1714 520 1868 591 ἡμῶν
1908 517 2152 572 Ἰωάννου
2181 515 2275 567 τοῦ
2313 512 2694 586 Χρυσοστόμω)
2723 510 3151 582 ἀρχιεπισκόπου
3186 500 3803 561 Κωνσταντινουπόλεως

582 626 876 697 Ἑρμηνεια
908 628 987 691 εἰς
1021 626 1079 679 τὸ
1110 626 1249 680 κατὰ
1273 624 1547 687 Ματθαϊον
1576 622 1728 691 ἅγιον
1767 620 2116 689 Εὑαγγέλιον.
2160 610 2217 670 Si

2173 610 2381 670 Sancti
2423 607 2632 669 Patris
2678 605 2880 664 nostri
2909 599 3173 663 Joannis
3230 596 3655 674 Chrysostomi
3698 608 3808 650 ar—

572 695 946 796 chiepiscopi
976 714 1594 795 Constantinopoleos
1655 713 2003 792 Expositio
2030 711 2097 770 in
2153 707 2563 786 Evangelium
2606 703 2940 764 secundum
2983 698 3363 763 Matthwum.
3407 695 3611 757 Griece
3648 705 3809 750 nunc

573 817 839 895 primum
888 818 1257 896 producitur
1296 838 1323 878 e
1361 816 1503 877 mss.
1549 815 1865 878 illmtriss.
1904 813 1986 892 (α)
2021 810 2531 873 bibliothecarum
2580 805 2910 878 Palatina,
2940 805 3221 876 Bonane,
3249 799 3655 896 Augustam,
3679 807 3811 851 cum

574 891 1087 992 interpretatione
1128 914 1381 976 Anioni.
1413 914 1668 976 Accedit
1689 891 2180 977 Commentarius
2215 929 2378 970 mere
2408 910 2667 970 Latinus
2713 909 2779 968 in
2823 902 3211 974 Matthceum,
3242 897 3437 1002 vulgo
3474 891 3815 1002 attributae

578 1016 769 1079 eidem
799 1018 872 1077 Ι).
908 1016 1488 1093 Chryeoetomo.E:c
1516 1019 1770 1097 ofﬁcina
1801 1014 2313 1079 Commeliniana.
2334 1014 2484 1075 Cum
2522 1008 2896 1091 privilegiis.
2918 1005 3149 1066 MDCI'I.
3171 998 3348 1074 Quod
3380 996 3480 1057 hic
3500 994 3577 1056 de
3595 994 3814 1102 Aniaui

583 1115 1092 1195 interpretatione
1144 1120 1458 1192 asseritur,
1496 1119 1557 1180 id
1590 1118 1841 1180 nonnisi
1873 1117 1949 1181 de
1994 1124 2135 1181 octo
2196 1116 2509 1196 prioribus
2551 1110 2822 1174 homiliis
2868 1103 3344 1183 intelligendum
3385 1104 3477 1159 est
3512 1114 3524 1155 :
3562 1110 3708 1157 nam
3753 1107 3815 1151 in

580 1213 785 1276 fronte
815 1213 984 1276 hom.
1036 1233 1106 1277 1x
1155 1218 1394 1280 diserte‘
1435 1218 1681 1294 legitur,
1717 1218 1982 1296 Georgio
2027 1214 2438 1296 Trapezuntio
2493 1214 2851 1289 interprete.
2883 1199 3377 1268 Commentariua
3421 1202 3630 1258 autem
3656 1209 3820 1296 more

585 1317 841 1379 Latinus
873 1316 926 1379 is
948 1325 1063 1392 est,
1090 1320 1199 1398 qui
1246 1320 1429 1396 vulgo
1467 1292 1903 1397 Chrysoetomi
1928 1343 1957 1376 α
2001 1292 2169 1398 Opus
2206 1315 2631 1395 imperfectum
2689 1314 2757 1373 in
2795 1308 3160 1374 Matthcum
3194 1326 3231 1404 in
3281 1292 3821 1404 nupcupaturtde

584 1433 737 1497 quo-
770 1426 996 1496 praeter
1029 1394 1186 1480 alios
1233 1394 1379 1497 egit‘
1408 1394 1653 1493 Minius,
1684 1394 2242 1498 Prolegom.—num.
2274 1394 2450 1477 ‘l03'l.
2488 1411 2574 1477 De
2622 1414 2839 1474 Graeco
2895 1408 3081 1489 hujus
3134 1400 3423 1465 editionis
3482 1394 3826 1498 exemplari

587 1522 810 1595 printer
832 1515 1038 1577 Savilii
1065 1496 1487 1580 testimOnium
1512 1537 1700 1599 supra
1750 1496 2010 1605 allatum
2041 1534 2241 1599 pauca
2267 1515 2579 1580 mouenda
2611 1519 2777 1575 sunt.
2802 1509 3099 1572 Codicum
3124 1499 3547 1605 dissensionis
3576 1496 3665 1605 in.
3688 1498 3825 1556 toto

587 1630 781 1694 opere
825 1616 993 1676 nulla
1045 1617 1302 1679 mentio.
1344 1619 1559 1681 Plures
1586 1595 1796 1681 autem
1820 1595 2014 1681 libros
2038 1595 2105 1680 in
2132 1617 2367 1679 Graecis
2390 1610 2846 1678 constituendis
2883 1606 3168 1671 evolutos
3195 1617 3332 1665 esse
3353 1648 3367 1672 ,
3400 1595 3670 1659 dubitari
3696 1610 3825 1656 non

592 1722 830 1796 potest;
862 1718 926 1777 in
951 1718 1177 1797 quibus
1201 1721 1531 1783 tractandis
1553 1721 1755 1784 editor
1790 1722 1952 1787 hanc
1992 1722 2200 1799 legem
2240 1720 2358 1781 sibi
2416 1714 2792 1797 imposuisse
2822 1711 3087 1783 videtur,
3124 1714 3192 1769 ut
3234 1704 3522 1785 pleniore
3560 1699 3831 1762 lectione

592 1818 654 1879 in
690 1822 920 1879 textum
957 1818 1482 1887 relata.vocabula
1503 1839 1644 1902 quas
1670 1821 1736 1886 in
1761 1840 1891 1886 uno
1921 1830 2027 1886 aut
2047 1823 2330 1904 pluribus
2375 1820 2697 1882 codicibus
2724 1834 2855 1879 non
2886 1807 3414 1884 exstarent,uncis
3443 1803 3828 1868 includeret:

592 1934 779 1997 quam
829 1918 1082 1998 quidem
1140 1920 1414 1998 regulam
1456 1940 1533 1986 eo
1568 1942 1777 2005 usque
1828 1923 2219 1996 observavit,
2281 1930 2351 1983 ut
2394 1919 2932 1984 manifestissimos
2971 1921 3231 1996 propter
3291 1905 3832 1973 homoeoteleuton

594 2015 870 2082 defectus
894 2020 1113 2083 iisdem
1142 2022 1304 2083 notis
1346 2022 1775 2103 distingueret.
1805 2024 1890 2086 De
1917 2024 2014 2085 bis
2044 2023 2206 2085 notis
2234 2023 2400 2085 aliud
2433 2034 2623 2100 porro
2655 2017 3045 2079 monendum
3084 2022 3197 2087 est,
3249 2010 3537 2075 videlicet
3560 2023 3674 2087 per
3699 2006 3833 2066 Hos

594 2118 793 2180 milies
822 2137 923 2191 XL,
954 2137 1059 2181 xu
1088 2127 1148 2183 et
1174 2137 1301 2182 xw
1328 2139 1432 2184 eas
1466 2122 1712 2202 parcius
1741 2122 2166 2197 disseminari;
2218 2122 2284 2182 in
2341 2119 2539 2180 tribus
2594 2123 2804 2179 autem
2853 2113 3265 2195 sequentibus
3301 2109 3505 2171 nullas
3552 2112 3838 2169 exstare:

597 2218 763 2281 unde
793 2218 1093 2280 Homilies
1120 2220 1266 2281 istas
1288 2238 1363 2281 ex
1399 2222 1589 2283 unico
1628 2221 1847 2283 codice
1875 2220 2219 2299 descriptas
2258 2236 2419 2293 esse,
2450 2217 2661 2294 colligi
2690 2222 2919 2297 potest.
2946 2214 3092 2274 Post
3114 2208 3439 2271 bomiliam
3474 2223 3595 2267 XLV
3627 2222 3843 2267 rursus

599 2324 892 2380 notantur
938 2319 1224 2382 codicum
1281 2318 1583 2393 defectus,
1615 2320 1727 2381 sed
1765 2320 2110 2399 aliquanto,
2143 2320 2206 2381 ni
2253 2316 2457 2391 fallor,
2490 2315 2841 2397 pauciores.
2878 2314 3202 2374 Postremo
3231 2311 3307 2371 ab
3339 2308 3596 2370 homilia
3628 2323 3842 2367 Lxxxv

599 2414 676 2488 ad
703 2413 982 2478 ultimam
1014 2420 1215 2477 textus
1246 2414 1608 2495 hujusmodi
1635 2416 1830 2493 signis
1863 2416 2123 2477 omnino
2176 2432 2402 2497 expers
2467 2424 2582 2481 est.
2615 2413 2799 2491 Cujus
2836 2410 2951 2485 rei,
3010 2426 3153 2472 eum
3183 2407 3261 2470 de
3309 2407 3632 2469 codicibus
3655 2422 3847 2467 manu

508 2532 545 2563 κ
600 2513 848 2593 scriptis
874 2512 1210 2575 dicendum
1248 2512 1456 2585 fuerit,
1497 2513 2006 2580 ratioponstabit.
2042 2514 2248 2575 Unum
2284 2513 2530 2585 addam,
2564 2508 2921 2591 exemplum
2945 2508 3135 2588 hujus
3162 2506 3669 2587 editionis,quod
3697 2506 3857 2569 olim

606 2613 795 2676 lsaaci
824 2610 1167 2674 Casauboni
1203 2611 1349 2686 fuit,
1379 2611 1648 2674 Londini
1692 2612 1763 2674 in
1788 2614 2003 2675 Museo
2034 2612 2392 2677 Britannico
2441 2618 2707 2685 exstare,
2752 2610 2932 2690 cujus
2954 2608 3022 2670 in
3051 2607 3267 2668 limine
3302 2624 3497 2687 pauca
3536 2608 3853 2685 quaedam,

603 2716 682 2780 ad
710 2734 810 2779 res
836 2716 900 2777 in
933 2716 1152 2796 primis
1183 2716 1585 2795 pertinentia,
1618 2717 1853 2779 notavit
1886 2717 1980 2779 vir
2005 2735 2290 2794 magnus,
2320 2715 2543 2779 harum
2586 2714 3010 2790 homiliarum,
3044 2719 3113 2774 ut
3133 2729 3210 2774 ex
3239 2710 3689 2774 commentario
3720 2710 3857 2789 ejus

608 2813 687 2877 ad
714 2814 909 2874 Persii
935 2821 1171 2891 satyros
1194 2812 1359 2875 facto
1383 2821 1666 2894 apparet,
1697 2815 1897 2878 lector
1932 2815 2450 2878 studiosissimus.

688 2913 767 2975 Π.
809 2911 1232 2991 Chrysostomi
1261 2914 1462 2994 Opera
1510 2914 1721 2975 omnia
1753 2915 1967 2977 Grmce
2006 2914 2201 2977 edidit
2242 2915 2551 2977 Henricus
2614 2906 2895 2987 Savilius,
2945 2914 3161 2975 Etonm
3214 2926 3382 2973 anno
3414 2909 3585 2984 1612,
3620 2910 3686 2971 in
3716 2915 3859 2971 octo

611 3020 817 3076 tomos
844 3014 1191 3092 distributa,
1225 3032 1496 3095 quorum
1545 3016 1860 3089 secundus
1901 3019 2203 3078 Homilies
2250 3017 2315 3077 in
2346 3016 2700 3079 Mattbteum
2733 3023 2795 3077 et
2821 3018 3127 3077 Joannem
3174 3014 3631 3094 complectitur.
3664 3013 3859 3093 Hujus

612 3107 848 3172 ultima;
901 3111 1146 3190 pagina!
1183 3111 1517 3197 ascriptum
1570 3117 1681 3182 est,
1718 3112 1937 3194 Etonce
1977 3131 2267 3174 emensum
2295 3114 2375 3197 in
2415 3111 2688 3191 Collegia
2719 3111 2941 3192 Reguli
2996 3114 3262 3176 MDCX.
3287 3112 3768 3193 Typographus,
3794 3119 3864 3174 ut

614 3223 803 3287 supra
826 3208 1117 3279 diximus,
1156 3196 1494 3287 exemplari
1529 3210 2024 3271 Coanmeliniano
2059 3228 2213 3272 usus
2246 3196 2362 3289 est,
2394 3212 2472 3274 ab
2498 3212 2697 3291 ipsius
2725 3213 2929 3274 Savilii
2952 3229 3143 3275 manu
3179 3212 3651 3290 diligentissime
3682 3228 3863 3275 reco-

616 3309 813 3388 gnito,
847 3310 1014 3388 quod
1044 3312 1251 3391 ipsum
1286 3310 1489 3378 adhuc
1514 3311 1737 3372 Oxonii
1762 3313 1828 3373 in
1858 3311 2238 3377 bibliotheca
2264 3314 2603 3379 Bodleiana
2631 3314 2921 3393 religiose
2942 3320 3243 3377 servatur.
3265 3316 3381 3376 Hic
3401 3313 3551 3390 illic,
3572 3315 3637 3375 in
3660 3322 3865 3396 poste.

616 3412 780 3474 riore
811 3413 1179 3492 praesertim,
1210 3412 1261 3473 si
1294 3412 1455 3475 bene
1475 3413 1757 3488 memini,
1797 3414 2132 3478 voluminis
2188 3425 2389 3497 parte,
2426 3435 2544 3498 pro
2594 3433 2827 3480 excuso
2872 3416 3285 3497 archetypum
3319 3432 3512 3477 manu
3539 3416 3872 3496 scriptum,

617 3513 1016 3576 emendatum
1076 3520 1137 3574 et
1179 3512 1357 3587 illud,
1394 3530 1605 3594 Operae
1660 3523 2125 3594 eXpresserunt.
2167 3518 2255 3579 De
2310 3518 2603 3581 subsidiis
2662 3536 2791 3581 suae
2836 3518 3221 3581 recensionis
3265 3534 3466 3597 pauca
3504 3533 3620 3577 nos
3657 3516 3873 3579 docuit

618 3614 821 3679 editor
848 3616 1161 3695 egregius,
1198 3634 1339 3697 qua:
1377 3616 1480 3679 hic
1510 3617 1865 3681 exscribere
1903 3637 2033 3682 non
2054 3619 2375 3699 gravabor.
2408 3645 2436 3677 α
2458 3622 2696 3682 Harum
2725 3620 3068 3682 editionem
3095 3619 3509 3681 Homiliarum
3537 3617 3870 3681 adornavi-

617 3732 779 3793 mus,
827 3722 1071 3793 Lector,
1110 3736 1184 3781 ex
1216 3720 1499 3800 quinque
1527 3716 1700 3783 libris
1744 3739 1936 3783 manu
1987 3723 2256 3804 scriptis.
2312 3724 2596 3786 Primum
2633 3723 2817 3787 nobis
2869 3720 3152 3786 exhibuit
3198 3720 3575 3786 bibliotheca
3621 3720 3872 3802 collegii

619 3820 911 3900 Corporis
948 3822 1168 3884 Christi
1212 3822 1461 3895 Oxonii,
1491 3839 1526 3883 a
1573 3822 1926 3902 Serbopulo
1956 3824 2253 3903 quodam,
2283 3823 2543 3887 homine
2567 3826 2807 3899 Graeco,
2839 3841 3007 3895 anno
3037 3823 3455 3886 MCCCCXCIX
3495 3823 3643 3885 satis
3668 3822 3875 3901 negtio

621 3924 840 3997 genter
867 3926 923 3980 et
964 3919 1248 3999 imperite
1277 3921 1601 4001 scriptum,
1660 3921 1958 4001 Redingaa
1990 3922 2057 3982 in
2089 3921 2335 4001 Anglia,
2358 3924 2509 3985 XLV
2550 3929 2785 3986 tantum
2815 3924 3059 4004 priores
3086 3924 3387 3987 Homilies
3417 3925 3873 3987 continentem.

623 4020 971 4083 Secundum
1006 4020 1385 4083 bibliotheca
1408 4021 1805 4082 illustrissimi
1849 4024 2077 4083 Caecilii
2130 4024 2373 4084 comitis
2415 4024 2811 4099 Oxoniensis,
2838 4024 2918 4086 ab
2954 4026 3179 4087 eodem
3241 4022 3597 4105 SerbOpalo
3637 4023 3877 4085 ibidem

622 4122 844 4185 eadem
868 4121 991 4183 ﬁde
1023 4127 1085 4181 et
1111 4120 1426 4199 diligentia
1456 4119 1757 4199 scriptum
1787 4107 1953 4182 anno
1981 4126 2309 4201 sequente,
2345 4137 2435 4183 sc.
2464 4120 2596 4195 MD,
2620 4120 2891 4201 reliquas
2919 4122 3297 4203 posteriores
3323 4121 3873 4202 complectentem-

632 4226 909 4287 Tertium
945 4224 1129 4285 nobis
1146 4223 1427 4286 codicem
1450 4221 1623 4285 dedit
1650 4221 2035 4285 bibliotheca
2059 4222 2314 4305 Collegii
2341 4224 2498 4287 Novi
2525 4223 2770 4296 Oxonii,
2804 4230 2865 4287 et
2898 4234 3189 4304 quartum
3213 4223 3593 4286 bibliotheca
3622 4223 3877 4284 Univer-

624 4324 817 4387 sitatis
872 4325 1265 4401 Oxoniensis,
1317 4324 1857 4406 Constantinopoli
1886 4343 2091 4406 nuper
2142 4327 2494 4402 advectum,
2535 4326 2813 4391 melioris
2865 4335 3032 4391 notae
3080 4333 3142 4390 et
3185 4328 3514 4409 antiquum
3543 4328 3713 4400 satis,
3745 4342 3878 4387 nou

625 4422 841 4503 plures
902 4432 1112 4488 tamen
1172 4443 1464 4505 quemque
1494 4443 1684 4505 quam
1733 4444 1877 4488 erv
1910 4434 2015 4490 aut
2043 4445 2170 4489 ην
2209 4426 2453 4510 priores
2498 4435 3073 4514 repraesentantem.
3138 4430 3439 4506 Quintum
3476 4434 3538 4487 et
3588 4426 3879 4488 ultimum

627 4522 1009 4600 posteriores
1048 4521 1357 4598 bomilias,
1387 4540 1619 4603 easque
1648 4542 1778 4587 non
1804 4525 1993 4606 plene
2023 4526 2475 4601 continentem,
2506 4526 2618 4588 sed
2655 4528 2904 4608 Optimae
2942 4544 3087 4590 cum
3116 4525 3335 4607 primis
3364 4530 3532 4587 notae
3567 4523 3877 4597 codicem,

629 4638 819 4704 supra
853 4639 1354 4690 commemoratae
1384 4625 1809 4689 Universitatis
1835 4626 2234 4691 bibliothecae
2264 4628 2591 4691 debemus.
2620 4651 2647 4685 ι
2668 4630 2906 4690 Horum
2935 4635 3061 4690 tres
3090 4628 3333 4708 priores
3376 4643 3506 4688 non
3551 4624 3875 4701 indagavi;

630 4733 887 4805 quartus
906 4728 1103 4792 codex
1137 4729 1188 4791 is
1210 4734 1325 4801 est,
1355 4728 1420 4793 ni
1449 4727 1652 4801 fallor,
1674 4728 1801 4809 ‘qui
1829 4729 2019 4795 hodie
2048 4730 2224 4792 Bodl.
2261 4729 2368 4791 160
2400 4722 2688 4793 notatur:
2728 4731 2837 4809 qui
2862 4736 3070 4792 tamen
3099 4745 3228 4790 non
3256 4745 3405 4790 κων
3436 4736 3541 4789 aut
3578 4744 3723 4800 va,
3766 4726 3875 4787 sed

534 4817 535 4820 “
633 4844 759 4894 xm
787 4834 1033 4895 tantum
1071 4825 1358 4894 homilias
1388 4826 1687 4889 continet.
1729 4827 1855 4889 Sed
1886 4835 2302 4908 praeterquam
2365 4828 2537 4909 quod
2591 4828 2799 4890 caeteri
2862 4846 3083 4892 omnes
3139 4828 3525 4890 Oxonienses
3570 4827 3767 4890 serius
3811 4826 3875 4887 in

635 4928 1076 4993 bibliothecam
1112 4930 1437 4998 venerunt,
1482 4926 1789 4989 lectiones
1817 4928 2115 5007 quasdam
2146 4946 2402 5011 prorsus
2437 4929 2806 5008 singulares,
2834 4945 2869 4990 a
2898 4928 3123 4990 Savilio
3153 4928 3219 4990 in
3261 4930 3426 4991 notis
3464 4945 3542 4990 ex
3573 4927 3735 4988 libro
3762 4942 3876 4987 suo

638 5025 1327 5106 Constantinopolitano
1359 5034 1707 5108 excerptas,
1748 5027 1816 5089 in
1854 5027 2017 5090 dicto
2048 5029 2265 5092 codice
2294 5029 2635 5092 Bodleiano
2664 5028 2874 5090 inveni
2906 5028 3013 5109 (ὁ).
3042 5029 3341 5089 Craterum
3370 5042 3575 5090 utrum
3623 5033 3878 5107 quartus

636 5134 751 5194 iste
780 5129 980 5193 codex
1000 5128 1246 5205 Savilio,
1280 5128 1431 5191 dum
1458 5136 1697 5195 textum
1755 5130 1974 5194 harum
2006 5131 2404 5196 homiliarum
2450 5133 2879 5205 concinnaret,
2910 5133 2988 5194 ad
3009 5148 3259 5195 manum
3290 5130 3503 5208 fuerit,
3537 5150 3616 5194 an
3656 5132 3877 5207 serius,

710 5365 787 5441 (tl)
815 5364 970 5441 Unuc
998 5378 1140 5417 novo
1164 5372 1481 5441 argumento
1502 5365 1717 5434 probari
1742 5376 1941 5441 potest,
1976 5383 2075 5441 pro,
2097 5368 2201 5441 hoc
2380 5372 2452 5439 (ὁ)
2494 5370 2612 5426 Vid.
2646 5370 2841 5425 Adnot.
2870 5371 2935 5425 ad
2962 5386 3051 5441 pp.
3082 5371 3207 5441 240,
3242 5367 3489 5441 ἓᾷἓςβόδ
3542 5365 3650 5441 (ad
3677 5366 3876 5441 miram

642 5433 804 5512 titulo
834 5435 1002 5512 alium
1034 5443 1221 5512 postea
1237 5433 1591 5512 suppositum
1618 5433 1759 5512 esse:
1806 5436 1939 5512 N_am
1971 5433 2199 5512 ile_sub-
2306 5433 2477 5511 partis
2505 5441 2755 5512 secunda:
2785 5433 3342 5512 hujus'ivoluminis).
3368 5438 3591 5512 Paginas
3639 5435 3877 5512 intelligo

639 5502 793 5556 sidiis
834 5502 997 5581 hujus
1043 5502 1294 5581 editionis
1341 5501 1787 5581 Moptpl‘alconius
1808 5506 1885 5558 sic
1914 5528 1926 5557 :
1958 5526 1975 5557 ‹
2013 5506 2198 5561 Graeca
2308 5501 2559 5567 Editionis
2591 5501 3001 5581 Blaurinm'quas
3046 5512 3191 5566 inter
3237 5501 3407 5562 un'cos
3431 5501 3487 5561 in
3519 5514 3667 5559 textu
3690 5501 3875 5574 posui-

642 5586 703 5624 ex
730 5585 884 5631 mss.,
916 5580 973 5624 ut
1022 5572 1241 5625 credere
1283 5580 1386 5650 est,
1412 5571 1668 5650 Palatinis
1700 5584 1998 5629 erucrunt:
2034 5592 2198 5644 neque
2307 5597 2445 5637 mus.
2486 5581 2641 5635 Enn.
2668 5578 2856 5650 Pun.)

644 5650 776 5694 imm
818 5650 1147 5697 monuerunt.
1186 5646 1322 5694 unde
1349 5641 1747 5709 deeumpserint.
