4140 6298
1507 367 1695 427 FltlD.
1731 367 1932 424 FlELD
1972 359 2361 420 Pil.£F.\TIO.
3499 371 3558 410 ut

294 473 443 524 cum
490 457 569 522 ad
626 464 806 522 notas
848 461 1102 522 ventum
1146 465 1331 531 esset,
1363 458 1421 520 ei
1479 456 1850 531 innotuerit,
1883 455 2036 518 mihi
2093 456 2354 538 quidem
2384 470 2513 517 non
2559 454 2776 534 liquet.
2812 460 3025 522 Restat
3051 459 3308 540 quintus
3340 454 3568 527 codex,

298 558 702 636 Bodleianus,
739 560 1028 623 homiiias
1058 562 1438 640 posteriores
1485 578 1706 640 easque
1734 577 1860 620 non
1886 557 2066 638 plene
2119 557 2442 618 continens
2454 580 2473 626 ;
2502 575 2692 639 quem
2723 558 2828 622 diu
2854 559 3249 640 multumque
3279 573 3574 638 qumreus

295 660 526 724 fmstra
554 660 671 736 fui,
700 661 904 726 donec
931 663 1168 737 inveni,
1199 679 1344 725 eum
1401 660 1466 724 in
1496 661 1791 740 Catalogo
1811 677 1989 724 num.
2023 657 2179 721 3019
2206 658 2323 721 sub
2347 658 2558 723 indice
2595 661 3018 738 tenebricoso,
3049 663 3110 724 Ι.
3143 659 3574 738 Chrysostomi

297 758 591 826 Ηοοκιῖἰω
611 758 876 842 aliquot,
907 762 1122 826 latere.
1151 763 1353 844 Hujus
1376 779 1522 843 pars
1566 762 1824 842 antiqua
1854 765 1916 824 et
1945 759 2423 823 membranacea
2468 776 2596 824 non
2636 762 2780 842 plus
2811 780 2998 843 quam
3027 780 3145 824 xxx
3163 760 3476 836 homilias,
3506 759 3570 822 id

296 865 415 934 est,
442 875 483 920 a
531 876 596 939 p.
625 858 746 920 564
783 859 829 919 Β
864 858 943 922 ad
983 877 1050 940 p.
1096 857 1209 921 ’141
1251 863 1299 920 Α
1355 857 1836 939 complectitur;
1895 864 1959 920 et
1996 857 2207 938 quoad
2249 863 2454 920 textus
2482 862 2920 925 recensionem
2971 862 3379 926 arctissimam
3423 879 3571 924 cum

293 959 497 1039 Regio
519 958 633 1021 688
674 959 936 1040 posthac
955 959 1370 1024 describenda
1391 959 1754 1023 afﬁnitatem
1780 977 1911 1042 prta
1933 976 2000 1022 se
2025 958 2168 1021 fert.
2183 957 2453 1039 Reliqua
2472 959 2752 1040 ejusdem
2783 962 3119 1026 voluminis
3147 979 3294 1044 pars
3325 960 3571 1024 nullum

295 1075 563 1140 prorsus
615 1058 694 1122 ad
733 1058 997 1122 criticen
1020 1077 1203 1121 usum
1237 1058 1450 1124 habet.
1484 1061 1703 1140 Itaque
1732 1063 1999 1132 constat,
2023 1063 2252 1138 praeter
2284 1057 2516 1122 librum
2547 1059 3010 1140 Redingianum
3061 1060 3569 1124 recentissimum

297 1165 362 1221 et
389 1176 425 1221 a
443 1158 650 1222 scriba
681 1157 978 1239 imperito
1003 1156 1415 1238 descriptum,
1438 1165 1569 1221 tres
1593 1161 1834 1220 tantum
1862 1156 2120 1220 codices
2145 1155 2377 1220 Savilio
2412 1165 2644 1238 praesto
2672 1158 2892 1235 fuisse,
2930 1161 3058 1225 duo
3080 1161 3368 1237 videlicet
3407 1162 3575 1242 prio-

295 1260 385 1325 ris
416 1259 635 1342 partis,
667 1267 729 1324 et
757 1278 980 1335 unum,
1007 1276 1286 1340 eumque
1315 1258 1492 1324 valde
1518 1258 1834 1332 mutilum,
1855 1257 2244 1339 posterioris.
2267 1257 2456 1321 Hisce
2485 1259 2782 1323 subsidiis
2810 1278 2961 1324 sane
2979 1262 3375 1328 tenuioribus
3404 1280 3569 1342 quo-

293 1363 490 1427 modo
535 1381 691 1427 usus
715 1363 928 1438 fuerit,
959 1379 1132 1425 nunc
1161 1360 1527 1424 videndum.
1565 1359 1899 1440 Exemplar
1946 1356 2509 1436 Heidelbergense,
2539 1359 2649 1440 qui
2678 1359 2738 1442 ei
2782 1361 2996 1425 Codex
3022 1381 3283 1424 cxcusus
3306 1368 3421 1435 est,
3455 1378 3570 1442 pro

292 1465 706 1530 fundamento
757 1468 936 1527 novin
992 1461 1287 1526 editionis
1343 1461 1576 1543 posuit.
1624 1461 1760 1524 Hoc
1791 1477 2037 1523 summa
2084 1458 2406 1538 diligentia
2439 1466 2502 1525 et
2535 1460 2659 1524 ﬁde
2689 1459 2772 1523 ad
2805 1461 3057 1525 codices
3085 1478 3257 1535 suos,
3284 1461 3570 1525 adhibito

293 1581 556 1644 quoque
584 1569 795 1626 vetere
847 1561 1214 1641 interprete,
1237 1557 1634 1636 recognovit;
1675 1572 1924 1619 errores
1953 1555 2472 1638 typograpbicos,
2505 1559 2558 1620 si
2587 1575 2718 1622 non
2749 1575 2994 1634 omnes,
3032 1567 3204 1624 certe
3235 1561 3567 1625 maximam

293 1672 563 1746 partem,
607 1664 984 1746 plerumque
1031 1679 1162 1724 non
1197 1659 1443 1723 monito
1496 1657 1758 1734 lectore,
1789 1657 2054 1732 exemit;
2104 1657 2602 1735 distinctionem,
2633 1677 2777 1740 quin
2827 1660 3005 1742 prius
3028 1661 3266 1724 misere
3291 1661 3568 1742 jacebat,

291 1768 517 1832 sedulo
554 1766 876 1846 castigavit
903 1781 920 1840 ;
945 1781 1143 1828 uncos
1197 1760 1751 1835 Commelinianos,
1780 1761 1860 1823 de
1906 1759 2139 1840 quibus
2169 1759 2360 1842 paulo
2410 1769 2557 1824 ante
2584 1760 2820 1824 dictum
2853 1767 2968 1836 est,
3001 1761 3311 1842 plurimos
3344 1763 3571 1827 merito

292 1869 567 1944 sustulit,
607 1867 826 1950 paucis
878 1863 1112 1929 relictis
1139 1863 1320 1940 alios,
1353 1862 1463 1925 sed
1511 1863 1865 1944 pauciores,
1907 1862 1988 1925 de
2023 1879 2138 1924 suo
2176 1862 2243 1925 in
2270 1869 2512 1926 textum
2542 1862 2775 1926 intulit.
2805 1863 2984 1937 Quod
3005 1863 3083 1927 ad
3099 1863 3394 1928 ordinem
3427 1883 3570 1928 ver-

288 1971 517 2038 borum
545 1970 787 2045 attinet,
807 1968 876 2032 in
904 1983 1034 2050 quo
1063 1965 1509 2030 constituendo
1530 1963 1767 2027 librarii
1797 1962 2065 2026 multum
2122 1962 2289 2025 inter
2331 1981 2405 2026 se
2430 1963 2829 2040 dissentiunt,
2861 1964 2925 2028 in
2956 1964 3269 2045 prioribus
3296 1964 3573 2032 bomiliis

286 2071 708 2152 archetypum
731 2086 874 2133 raro
903 2067 1176 2142 deserit;
1209 2067 1276 2129 in
1304 2063 1765 2147 posterioribus
1791 2081 1942 2128 vero
1968 2111 1983 2139 ,
2006 2080 2161 2143 Ope,
2184 2068 2256 2126 ut
2285 2063 2554 2141 videtur,
2580 2064 2824 2130 codicis
2848 2066 2972 2142 sui,
2996 2066 3264 2148 plurima
3296 2068 3568 2133 novavit.

286 2173 599 2234 Prazterea
622 2169 820 2232 varias
863 2158 1186 2239 lectiones,
1215 2163 1325 2227 sed
1358 2180 1486 2226 non
1526 2164 1611 2226 ita
1658 2161 2048 2242 frequentes,
2071 2179 2201 2224 orte
2235 2161 2380 2224 libri
2396 2162 2710 2244 ascripsit,
2741 2175 2920 2227 more
2949 2165 3060 2244 qui
3088 2170 3239 2227 tunc
3265 2166 3571 2246 temporis

288 2271 553 2334 usitatus
589 2273 742 2332 erat.
765 2266 1036 2338 Scilicet,
1067 2264 1238 2327 nulla
1267 2263 1656 2342 singulorum
1680 2262 1970 2324 codicum
1997 2261 2525 2345 mentionefacta,
2557 2263 2611 2325 si
2634 2263 2787 2342 quid
2812 2264 3008 2326 textui
3032 2264 3112 2328 ab
3141 2264 3283 2346 ipso
3311 2272 3570 2348 recepto

285 2369 430 2433 libri
488 2366 898 2450 probabiliter
950 2364 1348 2446 adjiciebant,
1379 2361 1680 2425 asterisco
1731 2361 1798 2422 in
1833 2360 1997 2424 serie
2027 2360 2261 2441 posito,
2292 2361 2483 2435 verba
2512 2361 2814 2439 addititia,
2840 2361 3122 2425 eamdem
3157 2372 3372 2426 notam
3400 2381 3570 2446 pim-

287 2471 635 2544 tendentia,
663 2469 928 2550 margini
961 2467 1183 2543 illevit;
1212 2467 1267 2530 si
1320 2465 1471 2548 quid
1507 2465 1855 2538 mutabant,
1887 2463 2131 2526 duabus
2172 2462 2422 2526 lineolis
2452 2464 2822 2530 transversis
2855 2465 2875 2546 (
2903 2464 2977 2545 ")
3005 2463 3086 2528 ad
3117 2465 3366 2528 initium
3395 2465 3570 2530 verbi

286 2573 383 2635 vel
415 2575 929 2652 verborumque
956 2585 994 2632 e
1028 2575 1207 2632 textu
1243 2565 1552 2630 movenda
1580 2571 1778 2640 erant,
1809 2563 2084 2639 insertis,
2119 2565 2380 2628 verbum
2401 2565 2498 2626 vel
2524 2564 2735 2640 verba,
2759 2579 2902 2645 quas
2936 2582 3012 2628 ex
3039 2564 3365 2629 codicibus
3390 2564 3568 2627 suﬂi-

281 2672 514 2738 cienda
558 2678 758 2748 erant,
805 2672 870 2734 in
900 2670 1249 2751 marginem
1295 2671 1476 2750 signo
1506 2695 1600 2748 τρ.
1633 2667 1978 2750 prtnposito
2027 2666 2263 2729 retulit.
2301 2667 2439 2728 Hoc
2475 2682 2625 2731 vero
2680 2666 2740 2729 ei
2792 2665 3128 2730 infeliciter
3161 2666 3374 2742 cessit,
3397 2665 3567 2747 quod

284 2773 527 2836 nullam
572 2771 856 2836 notulam
885 2770 1178 2846 habebat,
1218 2788 1344 2852 qua
1372 2770 1856 2850 significaretur,
1879 2767 1956 2829 ad
1999 2774 2155 2846 quot
2177 2765 2483 2827 vocabula
2509 2782 2651 2828 sese
2688 2767 2983 2830 extendat
3011 2767 3383 2831 lineolarum
3415 2771 3569 2833 ista-

288 2891 426 2939 rum
468 2873 564 2938 vis
619 2895 634 2935 :
669 2889 813 2954 qua
849 2890 951 2936 res
987 2872 1348 2936 Editoribus
1396 2871 1820 2935 Benedictinis
1856 2883 2320 2950 nonnunquam
2357 2869 2614 2932 errandi
2669 2869 2922 2932 occasio
2965 2871 3205 2932 exstitit
3228 2870 3338 2953 (α).
3371 2872 3568 2934 tidem

285 2991 419 3038 non
446 2990 580 3037 uno
625 2973 770 3036 loco
824 2979 1006 3037 notas
1053 2972 1404 3036 additionis
1439 2980 1502 3035 et
1544 2971 1917 3034 mutationis
1963 2970 2130 3033 inter
2167 2989 2235 3034 se
2283 2970 2765 3046 confundendo,
2799 2988 2995 3035 novas
3030 2957 3339 3036 lecticues
3376 2973 3570 3036 ﬁnxev

285 3078 432 3136 runt
464 3072 571 3155 (ὁ).
603 3072 879 3137 Tertium
910 3073 1191 3136 liciarum
1225 3072 1567 3136 lectionum
1598 3089 1799 3151 genus
1829 3089 1907 3134 ex
1934 3071 2136 3153 ipsius
2160 3072 2376 3136 Savilii
2407 3072 2649 3135 incuria
2680 3072 2988 3152 originem
3016 3074 3204 3135 traxit
3240 3073 3343 3154 (ο).
3376 3076 3568 3136 Porro

287 3174 751 3239 observandum
818 3182 911 3237 est
946 3174 1244 3236 Savilium
1291 3173 1616 3256 plurimas,
1667 3181 1736 3236 ut
1771 3173 1924 3248 dixi,
1965 3174 2194 3236 veteris
2245 3174 2546 3237 editionis
2590 3162 2898 3238 lectiones
2945 3177 3080 3240 sine
3133 3177 3568 3241 admonitione

281 3281 591 3350 mutasse;
624 3275 681 3338 si
700 3292 850 3338 vero
881 3273 1222 3354 aliquando
1253 3274 1334 3336 de
1361 3274 1760 3337 correctione
1793 3275 2020 3336 Lector
2048 3275 2412 3339 monendus
2456 3279 2642 3348 esset,
2671 3274 3010 3338 lectionem
3035 3293 3072 3338 a
3101 3294 3170 3340 se
3198 3286 3473 3341 amotam
3502 3276 3567 3338 in

283 3374 570 3454 margine
595 3390 741 3436 cum
768 3372 948 3450 signo
985 3398 1077 3450 γρ.
1113 3370 1428 3451 posuisse,
1452 3369 1620 3433 haud
1647 3387 1832 3433 secus
1860 3387 2052 3451 quam
2075 3371 2127 3432 si
2159 3387 2201 3433 e
2225 3372 2452 3435 codice
2480 3371 2755 3452 quodam
2789 3389 2979 3435 manu
3005 3376 3242 3456 scripto
3271 3387 3565 3459 excerpta

287 3475 527 3538 fuisset.
564 3474 702 3536 Hoc
745 3488 1003 3552 quoque
1033 3477 1129 3534 est
1157 3470 1266 3533 ubi
1304 3469 1732 3534 Benedictinis
1775 3469 1982 3532 fraudi
2039 3471 2174 3534 fuit.
2197 3473 2313 3554 (ἀ).
2371 3473 2550 3546 Quod
2580 3490 2733 3536 vero
2749 3474 2830 3537 ad
2857 3481 3064 3538 textus
3089 3479 3566 3558 castigationem

278 3577 527 3651 attinet,
557 3575 626 3638 in
657 3573 866 3656 priore
897 3573 1110 3654 Operis
1138 3577 1315 3652 parte
1334 3618 1351 3646 ,
1383 3571 1495 3634 ubi
1529 3569 1745 3652 plures
1773 3571 2030 3636 codices
2065 3574 2126 3636 ei
2157 3574 2239 3636 ad
2286 3591 2546 3638 manum
2589 3580 2789 3650 erant,
2814 3575 3015 3639 multo
3040 3578 3286 3642 cautius
3316 3587 3378 3642 et
3415 3581 3565 3643 reti-

283 3675 524 3754 giosius
571 3675 640 3737 in
683 3673 1142 3737 mutationibus
1193 3678 1328 3734 tum
1367 3671 1773 3736 admittendis
1813 3678 1949 3735 tum
1987 3675 2281 3738 notandis
2341 3683 2625 3740 versatus
2663 3687 2796 3752 est;
2834 3678 2902 3740 in
2950 3679 3302 3758 posteriore
3326 3687 3565 3759 autem,

283 3779 491 3844 codici
515 3796 656 3855 suo.
687 3785 759 3842 ut
785 3777 1058 3852 videtur,
1088 3776 1352 3840 nimium
1383 3775 1693 3853 addictus,
1731 3779 2065 3842 innumera
2093 3778 2226 3842 fere
2247 3780 2519 3857 novavit,
2550 3781 2631 3844 de
2664 3781 2896 3862 quibus
2923 3797 3134 3863 neque
3163 3782 3227 3844 in
3259 3799 3371 3848 ora
3396 3783 3563 3858 libri,

293 3896 495 3962 neque
543 3881 612 3942 in
659 3879 824 3942 notis
850 3878 1109 3940 verbum
1156 3876 1425 3940 monuit.
1459 3878 1696 3941 Harum
1730 3878 2150 3942 mutationum
2194 3880 2535 3944 nonnullas
2564 3890 2674 3946 aut
2707 3882 2775 3946 in
2813 3881 3326 3949 adnotationibus
3352 3891 3460 3946 aut
3499 3887 3562 3950 in

295 3981 465 4043 rariis
488 3977 870 4042 lectionibus
893 3975 1203 4049 iudicavi;
1235 3975 1450 4055 plures
1476 3974 1728 4040 silentio
1753 3977 2049 4057 praeterii.
2075 3980 2384 4043 Caeterum
2414 3989 2644 4062 printer
2670 3990 2852 4049 notas
2878 3971 3278 4066 marginales,
3300 3991 3562 4053 Savilius

294 4079 757 4147 abservationes
785 4094 950 4151 suas,
996 4092 1226 4157 paucas
1258 4073 1517 4156 quidem
1547 4076 1658 4138 sed
1687 4076 1875 4138 bona
1909 4075 2096 4157 frugi,
2131 4078 2198 4140 in
2229 4086 2408 4160 parte
2436 4082 2788 4162 posteriore
2815 4088 2971 4148 tomi
2999 4089 3200 4150 octavi
3237 4090 3560 4164 condidit;

278 4201 550 4266 quarum
584 4181 920 4244 maximam
943 4183 1185 4258 partem
1215 4176 1421 4241 amico
1455 4193 1593 4250 suo,
1615 4177 1840 4240 Joanni
1873 4177 2086 4241 Boisio
2109 4177 2211 4259 (ε),
2238 4182 2549 4246 canonico
2577 4182 2835 4259 Eliensi,
2856 4187 3088 4250 debere
3106 4204 3176 4251 se
3205 4191 3572 4269 proﬁtetur.»

281 4285 528 4366 Incepti
570 4277 860 4347 Saviliani
894 4297 1039 4343 vere
1082 4279 1396 4357 inagniﬁci
1423 4284 1485 4340 et
1520 4277 1832 4358 privatum
1869 4295 2131 4342 censum
2179 4284 2617 4362 exsuperantis
2656 4286 2939 4350 notitiam
2971 4304 3176 4351 meam
3214 4289 3557 4366 absolvam;

284 4389 618 4464 postquam
648 4381 728 4443 de
755 4385 885 4442 toto
913 4395 1107 4460 opere
1141 4391 1840 4457 monueromperarum
1866 4383 2264 4442 correctores
2296 4380 2364 4444 in
2393 4379 2602 4446 ofﬁcio
2631 4401 2748 4447 suo
2777 4384 3251 4465 diligentissime
3281 4397 3556 4454 versatos

297 4499 423 4546 esse
441 4501 459 4557 ;
500 4489 569 4545 ut
599 4499 728 4545 non
763 4482 962 4558 magis
1002 4486 1263 4541 externo
1300 4477 1528 4563 nitore,
1559 4493 1750 4557 quam
1780 4477 2079 4542 interiore
2109 4482 2515 4545 accuratione
2541 4499 2616 4546 ac
2646 4482 2769 4549 ﬁde
2799 4483 2962 4547 liber
2979 4486 3270 4550 emineat.

359 4585 469 4645 llI.
523 4581 615 4646 Ad
643 4579 888 4644 tertiam
922 4577 1263 4642 editionem
1290 4575 1391 4656 (Γ),
1422 4592 1566 4657 qua
1623 4575 1869 4638 Morelli
1937 4583 2058 4652 est,
2114 4577 2596 4645 describendam
2639 4581 3107 4648 Montefalconii
3147 4588 3352 4652 verbis
3390 4598 3552 4653 utar.

279 4705 313 4739 ι
341 4682 546 4744 Editio
572 4681 848 4744 Parisina
871 4677 1106 4742 Claudii
1125 4675 1526 4753 limo-Caroli}
1550 4676 1791 4739 Morelli
1818 4694 1988 4741 anno
2016 4680 2419 4747 MDCXXXVI
2440 4680 2594 4759 [imo
2620 4684 3046 4765 MDCXXXIII}
3064 4688 3550 4763 data,Saviliane

275 4791 346 4845 et
395 4779 884 4844 Commeliniana
939 4777 1200 4843 inferior
1249 4782 1367 4853 est,
1414 4779 1532 4840 etsi
1566 4777 1703 4858 ipse
1735 4780 2172 4860 typographus
2210 4781 2554 4846 admodum
2582 4782 2754 4847 illam
2783 4787 3187 4853 commendet
3215 4789 3278 4851 in
3313 4791 3552 4854 Monito

275 4901 423 4950 suo.
453 4883 886 4964 Exemplaria,
906 4883 1134 4962 inquit,
1177 4881 1399 4963 quibus
1427 4883 1495 4943 in
1515 4882 1816 4961 presenti
1841 4883 2114 4946 editione
2143 4886 2245 4946 usi
2271 4904 2484 4946 sumus
2505 4886 2708 4964 fuere,
2742 4890 3163 4953 authenticum
3205 4893 3365 4956 illud
3413 4899 3546 4958 Αηοο

273 4985 546 5067 glicana:
604 4984 920 5056 editionis,
953 4999 1272 5062 nunquam
1334 4982 1492 5044 satis
1559 4979 1910 5057 laudatum,
1952 4986 2055 5046 cui
2112 4985 2403 5064 religiose
2460 4984 2830 5050 adha'simus
2873 4990 2940 5050 in
2961 4994 3334 5072 corrigendo
3364 4997 3551 5058 textu

281 5089 521 5155 Greco.
549 5083 787 5150 notatis
817 5088 1001 5168 prius
1035 5104 1147 5148 suo
1185 5083 1525 5167 quibusque
1555 5083 1690 5146 loco
1728 5087 1994 5164 mendis,
2039 5108 2173 5170 quae
2210 5091 2279 5150 in
2315 5087 2480 5149 caios
2515 5089 2788 5170 ejusdem
2827 5093 3122 5157 editionis
3170 5108 3460 5160 accurate
3492 5109 3549 5162 et

346 5325 429 5399 (α)
460 5325 594 5384 Vide
627 5325 828 5380 Adnot.
867 5325 937 5381 ad
977 5342 1032 5396 p.
1059 5326 1186 5383 ‘59.
1958 5334 2174 5389 libellus
2204 5334 2546 5395 utilissimus.
2587 5352 2691 5391 nec
2720 5337 2853 5392 satis
2901 5349 3063 5392 nctus
3107 5361 3119 5394 :
3153 5337 3344 5392 Veteris
3378 5339 3546 5395 inter-

349 5417 428 5489 (ὁ)
454 5415 589 5473 Vide
616 5415 820 5470 Adnot.
852 5415 922 5470 ad
953 5431 1044 5486 pp.
1071 5415 1195 5481 546,
1227 5415 1353 5482 569,
1376 5417 1502 5483 615,
1537 5419 1658 5474 664.
1957 5420 1984 5489 η

1957 5407 2118 5489 mritis
2157 5421 2274 5457 cum
2291 5404 2430 5458 Beza
2462 5407 2685 5477 aliisque
2710 5408 3079 5462 recentioribus
3105 5409 3335 5461 collatio.
3368 5408 3543 5467 Lond.

344 5476 574 5568 (:lVide
599 5497 800 5554 Adnot.
836 5497 904 5552 ad
936 5476 1349 5568 ῥρλοδζιιδί
1490 5476 1500 5483 ⁷
1965 5476 2262 5580 Wfﬁn“
2294 5545 2461 5580 Mm“
2515 5543 2788 5580 Mm,”
3256 5547 3360 5580 mn,

345 5545 426 5676 ᾇ)
454 5545 1375 5676 ᾖᾷοἶᾷπξὸξξὶἀῖιὲ.’ἑρἆ,’ὦζε.
1425 5665 1436 5676 ⁸
1471 5665 1482 5676 .
1961 5609 1980 5664 ι

2033 5546 2098 5615 (Γ)
2136 5546 2263 5600 lianc
2294 5545 2461 5600 editio
2515 5545 2788 5599 interdum
2845 5546 3206 5601 Frontouitma
3255 5547 3478 5614 dicitur,
3508 5566 3538 5602 η

1961 5609 2239 5670 Frontone
2271 5615 2467 5670 Ducmo
2495 5614 2700 5668 Jcsuita
2743 5617 2962 5670 nomine
2991 5617 3158 5672 ducto
3185 5618 3311 5676 :qui
3358 5628 3538 5676 tamen

348 5633 427 5738 is;
454 5661 629 5735 Hujus
660 5663 783 5728 viri,
803 5633 1306 5735 linguierutriusquc
1323 5665 1660 5744 peritissimi,
1681 5677 1860 5724 exstat
1961 5633 1983 5736 ἱ

1961 5633 2239 5670 rromonc
2271 5633 2467 5670 vucmo
2495 5633 2700 5668 scsuua
2743 5633 2962 5670 nomine
2991 5633 3158 5672 curto
3185 5633 3311 5688 ;qui
3358 5633 3541 5676 tamen

1961 5681 2224 5739 llomilias
2255 5685 2309 5740 in
2338 5686 2648 5739 .‘lattlueuui
2683 5699 2790 5739 non
2821 5686 3015 5753 tetigit.
