4140 6298
591 359 665 406 ’τοι
1839 333 2025 390 FB"):
2064 327 2220 384 FIEL

1839 333 2025 390 FRID:
2064 325 2265 384 FIELD
2305 318 2698 380 PREFATIO.

607 457 873 537 ﬁdeliter
899 459 1240 520 habentur.
1267 455 1542 517 alterum
1581 453 1706 530 fuit
1743 452 1932 512 editio
1977 457 2290 530 postrema
2318 443 2695 507 Parisicmis
2723 441 2938 500 Latine
2967 445 3211 499 tantum
3244 457 3282 496 a
3318 436 3390 496 R.
3420 435 3493 497 P.
3526 430 3852 537 Frontone

608 531 826 618 bucera
855 561 1131 618 societat.
1161 561 1308 619 Jesu
1348 556 1672 634 Theologo,
1713 551 2027 631 etc.Atqui
2051 547 2220 630 quod
2252 547 2551 608 aitille'se
2595 542 2936 620 A-nglicano
2957 539 3323 620 exemplari,
3357 539 3485 599 sive
3515 531 3850 634 saviliano,

607 658 894 734 religiose
946 657 1306 729 adhaesisse,
1355 630 1593 718 miram.
1651 657 1953 733 quantum
2003 666 2038 711 a
2085 663 2232 708 vero
2291 647 2744 707 aberratznam
2789 640 2867 701 ab
2925 639 3032 700 illo
3069 637 3412 716 saepissime
3442 635 3526 694 ita
3549 630 3851 734 dis‘soiiat,

605 727 874 816 maxime
921 774 1070 817 vero
1121 727 1492 835 quihusdam
1530 757 1602 816 in
1637 727 1819 826 locis,
1852 758 1913 814 et
1949 750 2202 830 quidem
2247 754 2340 808 sat
2366 743 2822 824 frequentibus,
2860 746 2927 802 ut
2957 739 3212 819 planum
3247 737 3323 798 sit
3361 736 3539 810 illum
3571 749 3606 793 a
3637 727 3856 835 labore

610 851 896 913 haec-duo
927 833 1305 931 exemplaria
1335 850 1699 914 conferendi
1726 849 1819 911 vel
1851 848 2134 920 omnino,
2157 843 2252 904 vel
2283 844 2500 905 saltem
2525 842 2892 921 plerumque
2922 837 3318 900 abstinuisse.
3354 835 3616 894 Prorsus
3645 833 3856 931 autem

607 962 961 1018 consonant
981 929 1194 1017 Graeca
1221 953 1459 1014 Morelli
1491 971 1631 1016 cum
1665 953 1892 1015 Graecis
1912 949 2416 1011 Commelinianis
2443 965 2457 1021 ;
2485 947 2568 1010 ita
2594 951 2660 1006 ut
2692 945 2877 1006 etiam
2923 959 3109 1004 voces
3161 957 3403 1012 omnes,
3437 953 3578 1018 quae
3608 929 3858 996 uncinis

606 1054 1009 1117 includuntur
1035 1056 1098 1116 in
1139 1054 1625 1116 Commeliniana
1656 1053 1954 1126 editione,
1983 1051 2046 1112 id
2086 1050 2256 1130 quod
2289 1048 2518 1129 passim
2545 1045 2836 1117 occurrit,
2868 1043 3116 1105 uncinis
3145 1039 3429 1102 similiter
3457 1033 3859 1098 includantur

606 1153 668 1211 in
699 1154 1206 1215 Morelliana......
1238 1155 1418 1216 Unde
1460 1155 1638 1216 facile
1679 1153 2076 1226 crediderim,
2125 1169 2353 1231 operas
2406 1147 2642 1210 Morelli
2702 1145 3186 1225 typographicas
3221 1142 3296 1204 ad
3345 1132 3856 1241 Commelinianaa

606 1247 896 1311 editionis
927 1249 1111 1311 ﬁdem
1153 1251 1366 1312 Graeca
1421 1250 1844 1330 Chrysostomi
1899 1250 2190 1312 edidisse.
2231 1250 2304 1310 Et
2331 1254 2535 1310 tamen
2568 1244 2735 1306 nulla
2760 1243 3264 1305 Commelinianre
3297 1237 3590 1302 editionis
3617 1237 3857 1295 mentio

606 1347 869 1410 habetur
905 1350 968 1411 in
997 1350 1231 1411 Monito
1261 1350 1522 1412 Morelli.
1546 1375 1571 1405 η
1597 1353 1745 1414 Ηωε
1775 1353 2095 1414 verissime
2122 1368 2157 1411 a
2184 1346 2671 1412 Montet‘alconio
2693 1344 2856 1407 dicta
2886 1362 3021 1406 esse
3051 1350 3268 1414 testor,
3301 1338 3650 1420 praesertim
3683 1331 3856 1412 quod

605 1449 683 1510 de
713 1467 949 1511 summa
981 1452 1318 1513 concordia
1351 1452 1799 1532 exemplarium
1826 1454 2169 1516 Morelliani
2199 1459 2260 1513 et
2297 1446 2770 1513 Commeliniani
2807 1445 3064 1507 afﬁrmat
3091 1462 3106 1517 ;
3140 1444 3225 1504 ita
3258 1435 3347 1514 ut,
3381 1441 3486 1500 sia
3508 1432 3861 1498 manifestis

606 1551 928 1629 utriusque
984 1567 1314 1629 operarum
1359 1555 1673 1615 erroribus
1727 1555 2092 1626 decesseris,
2136 1555 2238 1614 vix
2263 1553 2479 1614 decem
2510 1550 2779 1616 locisea
2814 1547 2978 1608 inter
3003 1562 3070 1606 se
3113 1542 3446 1606 dissentire
3480 1536 3856 1602 existimem.

606 1647 820 1729 Itaque
869 1668 1010 1712 cum
1039 1652 1186 1713 satis
1219 1655 1572 1728 constet,in
1605 1654 1720 1716 hac
1761 1653 2040 1715 editione
2077 1651 2234 1713 nihil
2289 1651 2550 1714 omnino
2581 1647 2811 1710 critica)
2873 1643 3019 1706 ﬁdei
3068 1648 3174 1704 aut
3204 1637 3590 1702 auctoritatis
3619 1634 3856 1702 inesse,

606 1755 862 1830 prorsus
891 1752 969 1816 de
997 1770 1070 1815 ea
1104 1755 1457 1830 tacuissem,
1491 1757 1612 1818 nisi
1646 1757 1786 1818 duas
1833 1774 2037 1820 causae
2077 1755 2460 1819 obstitissent
2495 1771 2508 1812 :
2537 1758 2686 1826 una,
2717 1749 2889 1830 quod
2915 1747 3037 1810 hoc
3067 1749 3271 1827 ipsum
3306 1741 3648 1821 exemplar,
3681 1737 3861 1815 cujus

609 1854 1080 1932 depravationes
1136 1862 1260 1919 tam
1314 1859 1564 1938 penitus
1618 1865 1977 1939 perspectas
2023 1857 2239 1919 habuit
2265 1853 2806 1926 Montefalconius,
2841 1855 2977 1933 ipse
3015 1860 3228 1931 spreto
3276 1847 3615 1925 Anglicano
3647 1838 3861 1921 epen's

607 1952 735 2011 suis
788 1952 1160 2016 imitandum
1207 1956 1407 2031 dedit;
1432 1958 1643 2033 altera,
1685 1957 1854 2037 quod
1887 1958 2034 2019 dum
2065 1960 2277 2020 Graeca
2305 1974 2446 2018 mea
2480 1955 2802 2029 ornabam,
2825 1954 3169 2016 editionem
3197 1944 3746 2011 Commelinianam
3778 1938 3860 2015 ad

608 2068 860 2112 manum
891 2051 1119 2116 habere
1157 2073 1283 2117 non
1316 2057 1532 2136 potui:
1567 2066 1787 2137 postea
1815 2076 1962 2121 vero
1997 2057 2339 2138 exemplari
2377 2065 2762 2136 comparato,
2802 2054 2928 2116 vidi
2958 2053 3018 2118 in
3054 2052 3264 2113 locum
3287 2045 3529 2108 Merelli
3567 2046 3858 2105 Comme-

608 2153 718 2214 iini
747 2171 976 2215 nomen
993 2155 1226 2234 ubique
1251 2156 1382 2217 fere
1408 2151 1605 2218 sufﬁci
1633 2174 1818 2237 posse
1854 2156 1966 2239 (a).

681 2253 782 2313 IV.
825 2253 956 2314 Jam
995 2252 1245 2316 tandem
1283 2255 1360 2316 ad
1389 2256 1852 2320 Benedictinam
1885 2259 2272 2332 devenimus,
2306 2275 2448 2337 quin
2476 2275 2721 2320 summo
2751 2256 3025 2318 virorum
3060 2252 3390 2314 doctorum
3417 2247 3856 2308 indoctorum-

607 2371 731 2435 que
765 2369 1078 2414 consensu
1121 2353 1200 2416 ad
1237 2353 1405 2418 hunc
1453 2357 1620 2418 diem
1651 2357 1978 2419 Editionis
1999 2359 2244 2436 optima:
2265 2357 2473 2436 elogio
2504 2358 2858 2420 decoratur.
2895 2354 3139 2416 Prodiit
3164 2351 3350 2428 igitur
3370 2350 3642 2427 Operum
3665 2343 3860 2420 Chry-

607 2451 866 2514 sostomi
895 2458 1100 2514 tomus
1127 2454 1449 2533 septimus,
1482 2456 1588 2534 qui
1621 2474 1655 2516 a
1682 2456 1909 2518 nostris
1944 2457 2232 2518 Homiliis
2253 2463 2417 2519 totus
2447 2463 2811 2536 occupatur,
2833 2453 3082 2517 Parisiis
3115 2466 3282 2512 anno
3332 2447 3502 2509 1727.
3535 2449 3606 2507 In
3643 2445 3855 2505 fronte

608 2553 748 2615 libri
805 2553 882 2614 de
925 2553 1347 2633 Chrysostomi
1386 2557 1683 2636 cperibus
1729 2556 1797 2618 in
1853 2557 2215 2618 universum
2275 2557 2689 2636 praedicatur,
2726 2572 2805 2616 na
2850 2573 2931 2615 Αι)
2975 2569 3110 2614 uss.
3155 2565 3411 2611 coerces
3451 2559 3859 2614 GALLICANOS,

607 2671 970 2728 VATICANOS,
1012 2665 1416 2731 ANGLICANOS,
1457 2672 1993 2732 GERMANICOSQUE,
2039 2675 2289 2720 NECNON
2327 2676 2409 2719 AD
2452 2671 2827 2719 SAVILIANAM
2867 2672 2946 2718 ET
2979 2667 3469 2716 FRONTONIANAI
3507 2662 3861 2718 EDITIONES,

613 2773 947 2817 CASTIGATA
990 2772 1158 2816 esse.
1210 2754 1388 2826 Quod
1449 2753 1555 2816 hic
1600 2756 1678 2816 de
1709 2755 2030 2818 codicibus
2056 2757 2369 2820 Vaticanis
2384 2756 2895 2835 Germanicisque
2932 2757 3483 2822 commemoratur,
3514 2746 3578 2809 id
3618 2745 3696 2807 ad
3737 2743 3862 2805 alia

607 2854 1028 2932 Chrysostomi
1060 2871 1253 2934 Opera
1289 2855 1560 2935 pertinet
1595 2872 1606 2914 :
1638 2856 2123 2933 Anglicanorum
2171 2876 2320 2921 vero
2357 2858 2647 2921 codicum
2675 2857 2911 2919 mentio
2955 2853 3207 2917 nonnisi
3263 2849 3526 2930 repetita
3565 2843 3864 2909 editionis

607 2953 928 3015 Savilianae
955 2953 1302 3015 nominatio
1333 2964 1447 3016 est.
1485 2954 1742 3016 Restant
1770 2973 1918 3035 ergo
1947 2956 2270 3032 Gallicani,
2299 2975 2459 3037 quos
2483 2957 2561 3019 ad
2596 2957 2843 3030 initium
2871 2955 3146 3017 homilim
3176 2951 3396 3034 primas
3449 2947 3722 3010 breviter
3751 2944 3865 3006 de-

599 3053 891 3128 signavit.
924 3051 1335 3127 Contulimus,
1366 3053 1594 3134 inquit,
1636 3055 1874 3117 codices
1904 3059 2131 3136 Regios
2172 3055 2345 3133 1934,
2391 3057 2566 3132 1940,
2611 3057 2782 3119 1942.
2814 3055 3085 3120 Colbert.
3125 3053 3259 3127 166,
3289 3051 3428 3113 205.
3459 3045 3722 3112 Coislin.
3755 3043 3858 3104 66.

609 3150 815 3211 Alium
836 3152 978 3211 item
1004 3152 1174 3212 Dom.
1221 3151 1540 3216 Foucault.
1575 3161 1632 3212 et
1674 3155 2089 3213 Turoucmem
2135 3155 2313 3214 Dom.
2354 3153 2440 3213 du
2472 3153 2732 3225 Poirier,
2759 3150 2992 3213 Medici
3017 3148 3449 3209 eruditissimi.
3471 3144 3678 3210 Habes
3715 3147 3852 3202 octr

607 3251 857 3312 codices
888 3250 1049 3310 bene
1085 3255 1468 3323 numeratos,
1499 3251 1564 3310 in
1591 3247 1863 3329 quorum
1890 3256 2099 3312 tamen
2137 3251 2356 3312 notitia
2388 3252 2604 3312 Virum
2633 3247 3206 3330 palmographicum
3235 3252 3296 3308 et
3318 3251 3519 3307 totum
3548 3243 3614 3304 in
3654 3257 3860 3304 mem-

606 3358 940 3419 branarum
971 3352 1389 3431 descriptione
1419 3359 1728 3412 versatum
1757 3351 2048 3430 equidem
2080 3369 2209 3413 non
2240 3366 2537 3429 agnosco.
2581 3351 2756 3424 Quod
2789 3350 3129 3430 plurimum
3180 3348 3462 3420 interest,
3492 3352 3703 3407 utrum
3726 3343 3861 3404 sin-

608 3450 736 3530 guli
765 3451 1013 3512 codices
1061 3449 1374 3526 integrum
1429 3465 1610 3528 Opus,
1645 3465 1724 3510 an
1755 3450 2030 3527 priorem
2060 3455 2299 3511 tantum
2331 3449 2426 3511 vel
2474 3449 2889 3530 posteriorem
2931 3453 3172 3527 partem
3227 3445 3611 3518 contineant,
3659 3444 3723 3505 id
3778 3458 3862 3505 ne

607 3552 795 3611 verbo
849 3549 1103 3628 quidem
1143 3548 1494 3610 declaravit.
1557 3549 1687 3620 Qua
1717 3547 1796 3607 de
1850 3563 1918 3609 re
1966 3565 2162 3627 pauca
2196 3550 2396 3612 nobis
2415 3548 2681 3610 dicenda
2711 3554 2878 3610 sunt.
2925 3546 3217 3608 Codicem
3250 3543 3858 3622 Coislinianumipse

606 3648 861 3710 Montef.
916 3650 982 3709 in
1044 3646 1426 3708 Bibliotheca
1466 3644 1717 3706 Coislin.
1778 3662 1842 3723 p.
1889 3643 2021 3718 129,
2068 3643 2268 3706 fusius
2320 3645 2648 3724 descripsit
2694 3663 2708 3705 :
2749 3645 3031 3706 continet
3079 3641 3370 3705 homilias
3406 3643 3554 3704 XLV
3585 3643 3861 3722 priores.

608 3752 839 3828 Regius
891 3750 1063 3823 1940,
1100 3749 1289 3810 hodie
1329 3747 1464 3820 673,
1497 3745 1747 3808 easdem
1779 3745 1986 3807 habet.
2022 3748 2255 3824 Regius
2302 3746 2473 3821 1942,
2505 3746 2697 3809 hodie
2741 3746 2878 3821 666,
2921 3752 2982 3808 et
3013 3749 3169 3826 Reg.
3209 3744 3461 3821 1934-3,
3493 3745 3684 3808 hodie
3713 3745 3857 3823 668,

608 3851 850 3931 priores
877 3849 1056 3908 XLIV
1088 3856 1351 3925 uterque
1375 3855 1680 3911 numerat.
1707 3847 1980 3919 Quatuor
2003 3847 2120 3910 hos
2141 3848 2392 3910 codices
2428 3847 2562 3927 ipse
2588 3847 2859 3927 inspexi,
2888 3845 3319 3926 lectionesque
3346 3846 3680 3908 nonnullas
3705 3847 3858 3910 inde

609 3954 956 4027 excerptas,
989 3946 1054 4006 in
1088 3944 1594 4007 adnotationibus
1621 3955 1766 4010 cum
1801 3948 2060 4008 Lectore
2109 3945 2586 4008 communicavi.
2626 3947 2860 4025 Regius
2893 3945 3144 4021 1934-4,
3176 3945 3365 4008 hodie
3395 3944 3533 4020 685,
3560 3945 3714 4008 mihi
3757 3950 3854 4023 L-,

609 4046 1017 4126 posteriorem
1078 4044 1472 4107 homiliarum
1515 4052 1757 4124 partem
1797 4048 2098 4109 continet.
2132 4048 2216 4109 De
2241 4047 2484 4110 caateris
2520 4048 2673 4110 nihil
2697 4054 3091 4128 compertum
3126 4047 3354 4112 habeo.
3397 4051 3701 4110 Cmterum
3742 4067 3855 4112 co-

609 4147 816 4208 dicum
846 4145 1154 4206 indicibus
1175 4145 1240 4205 in
1283 4144 1489 4206 fronte
1528 4145 1740 4223 cperis
1777 4146 2020 4224 positis,
2053 4152 2273 4224 postea
2323 4163 2360 4208 a
2391 4146 2595 4225 prima
2639 4145 2898 4208 homilia
2941 4163 3146 4226 usque
3183 4146 3261 4208 ad
3322 4147 3723 4210 novissimam
3773 4165 3854 4210 ne

609 4263 806 4310 unum
845 4245 1099 4325 quidem
1139 4243 1504 4306 nominatim
1534 4242 1836 4322 appellat;
1865 4243 1974 4304 sed
2030 4261 2242 4318 unum,
2276 4243 2423 4318 duo,
2470 4243 2652 4318 alios,
2691 4245 2989 4324 quosdam
3045 4244 3347 4324 plurimos
3373 4294 3388 4320 ,
3424 4245 3544 4309 hoc
3572 4246 3666 4309 vel
3697 4245 3852 4311 illud

610 4348 819 4424 legere
865 4361 1151 4416 monens,
1187 4343 1424 4404 umbris
1469 4358 1538 4403 ac
1598 4341 1946 4403 simulacris
1983 4341 2284 4404 lectorem
2335 4342 2493 4404 ludit
2527 4341 2635 4423 (b).
2694 4341 2876 4404 Plura
2907 4342 2987 4404 de
3035 4342 3213 4405 istius
3253 4343 3527 4406 hominis
3560 4345 3851 4410 codicum

611 4446 972 4508 tractatione
1008 4446 1076 4505 in
1123 4442 1626 4504 adnotationibus
1683 4441 1833 4515 dixi,
1873 4459 2014 4521 quae
2044 4459 2213 4505 nunc
2259 4450 2548 4523 repetere
2578 4459 2703 4506 non
2732 4443 2958 4524 placet.
3007 4445 3262 4507 Summa
3305 4451 3514 4508 autem
3545 4447 3679 4509 hinc
3713 4455 3848 4510 est:

611 4552 868 4612 Codices
904 4564 1033 4610 non
1078 4546 1265 4608 modo
1294 4562 1422 4606 non
1462 4545 1720 4605 contulit
1758 4547 1963 4607 bonus
1985 4546 2353 4621 monachus,
2385 4546 2496 4609 sed
2526 4547 2838 4609 interdum
2865 4547 3049 4610 etiam
3085 4547 3152 4610 in
3181 4547 3338 4612 locis
3367 4549 3847 4627 difﬁcilioribus,

614 4659 675 4712 et
702 4651 811 4711 ubi
837 4665 901 4710 se
931 4648 1168 4710 haerere
1205 4646 1553 4726 proﬁtetur,
1575 4661 1655 4706 nc
1687 4646 1962 4722 inspexit
2000 4645 2256 4724 quidem
2289 4645 2389 4724 (ο).
2422 4647 2742 4708 Variamm
2774 4647 3116 4710 lectionum
3157 4667 3228 4710 ex
3262 4657 3354 4712 tot
3389 4651 3681 4714 subsidiis
3709 4670 3744 4714 a
3783 4673 3850 4718 se

608 4751 873 4815 evolutis
904 4750 1002 4810 vix
1031 4748 1214 4812 unius
1243 4745 1511 4810 codicilli
1533 4763 1798 4809 messem
1826 4747 2079 4826 collegit
2094 4748 2207 4832 (ἀ).
2243 4749 2610 4812 Notularum
2641 4767 2860 4829 magna
2881 4767 3026 4832 pars
3053 4753 3120 4815 in
3154 4754 3314 4816 vitiis
3343 4755 3443 4818 ed.
3467 4757 3848 4821 Morellianm

685 4954 772 5034 (fit
795 4953 969 5034 Editio
994 4951 1454 5034 Momllt_repetita
1483 4961 1564 5007 est
1584 4951 1925 5008 Francofurti
1953 4953 2094 5024 apud
2114 4953 2171 5008 Β.
2282 4973 2302 5007 ‹
2345 4953 2566 5011 Montet‘.
2595 4956 3146 5034 taciteexclusitcaw.
3171 4960 3304 5034 Nam
3335 4963 3548 5019 codices
3575 4963 3845 5034 inspicere

601 5025 674 5079 'C.
696 5024 995 5103 ‘Wu‘stiuui,
1028 5021 1472 5103 ann01698.n_
1601 5099 1610 5103 Α
1737 5091 1752 5103 ⁸
1871 5092 1903 5103 η
1988 5021 2003 5024 “
2281 5045 2301 5078 ι
2329 5027 2640 5103 properanti
2694 5026 2891 5103 Critico
2917 5098 2931 5103 _
2953 5045 3061 5103 non
3098 5032 3359 5103 vacabat._
3381 5052 3400 5083 ι
3436 5035 3570 5103 lbid.
3602 5021 3793 5103 p.'i36
3826 5021 3841 5092 ἐ

689 5095 758 5163 (b)
795 5093 975 5173 Semel
1006 5092 1241 5173 quidem,
1282 5106 1335 5160 p.
1367 5090 1492 5152 287,
1519 5099 1659 5173 μοι..
1687 5091 1752 5145 ad
1789 5092 2024 5173 codicain
2059 5111 2172 5147 om-
2282 5115 2300 5147 ι
2331 5090 2564 5173 Eodices
2589 5098 2872 5173 consulere
2901 5098 3133 5173 debebat
3160 5099 3378 5173 Montef.
3409 5121 3426 5153 ι
3451 5102 3584 5157 Ibid.
3604 5090 3668 5173 'p.
3702 5090 3838 5160 159ξ

614 5161 758 5240 (χε-πω
794 5161 1267 5240 ειιιειξᾴᾳιὶξεὶηψεη
1285 5171 1552 5240 provocat,
1582 5176 1685 5240 nec
1711 5161 2172 5240 nominattarnen.
2281 5183 2300 5214 ‹
2335 5165 2505 5218 Vetus
2543 5165 2816 5240 Inter-pres
2867 5169 3124 5240 multunr
3150 5169 3420 5240 discrepat
3449 5189 3476 5226 a
3499 5161 3701 5228 Cra-lca.
3739 5175 3840 5232 Hic

614 5232 710 5304 tif.
743 5245 862 5298 qua:
901 5230 1008 5304 dixi
1064 5230 1138 5304 in_
1165 5229 1449 5304 Adnot._ad
1493 5246 1548 5304 p.
1578 5230 1702 5304 295.
1737 5230 2005 5304 matthwi,
2032 5232 2172 5304 A103.
2281 5253 2299 5284 ‹
2336 5249 2463 5304 ergo
2486 5229 2800 5304 consulendi
2829 5246 2984 5290 erant
3011 5238 3241 5293 codices.
3292 5258 3310 5288 ι
3333 5229 3413 5294 Ἐι
3436 5243 3512 5295 sic
3542 5244 3767 5298 centies.

615 5300 794 5382 Ecloq:
821 5315 873 5382 [ξ.
892 5299 1042 5382 ᾕὸβε
1069 5316 1088 5348 σ
1117 5299 1196 5382 ita
1223 5313 1350 5382 ergo
1370 5299 1899 5382 invenit-Montef.‘in
1929 5302 2038 5382 suis
2056 5300 2173 5354 XIV
2314 5381 2317 5382 ν
2348 5299 2423 5382 (ιθ
2455 5303 2567 5357 Hoc
2595 5303 2649 5356 in
2683 5303 3095 5382 goriiment‘ariis
3129 5309 3195 5362 ad
3221 5309 3390 5382 Pauli
3421 5311 3688 5380 Epistolas
3740 5329 3845 5382 po-

621 5389 638 5416 ι
669 5367 943 5450 codicibus
972 5367 1070 5450 ise.
1111 5367 1534 5450 Homiliarttm‘t'n
1571 5367 1849 5436 Joannem]
1875 5371 2015 5437 apud
2046 5387 2174 5450 suos
2275 5367 2533 5450 sierint-es
2562 5373 2909 5450 manifestius
2926 5377 3158 5450 videtur,
3180 5378 3271 5431 ubi
3301 5379 3353 5432 in
3379 5367 3583 5450 integra
3617 5367 3839 5439 homi'ia

624 5457 641 5516 ς
682 5437 949 5516 quosdam,
975 5436 1032 5490 et
1065 5436 1205 5506 apud
1243 5451 1369 5490 suos
1417 5437 1568 5502 alios,
1607 5453 1744 5506 quos
1781 5436 1941 5493 nemo
1978 5449 2174 5509 praeter
2272 5458 2437 5516 {egigni
2471 5442 2738 5496 interdum
2791 5436 3167 5516 lecti‘unculan'i
3214 5464 3278 5501 cx
3328 5436 3604 5505 codicibus
3659 5436 3837 5508 allcrt.

613 5504 1044 5584 ips‘unl'novit.)
1231 5573 1248 5584 _
1806 5583 1809 5584 ν
1953 5504 1997 5584 _'
2021 5579 2041 5584 _
2063 5579 2075 5584 _
2273 5511 2673 5584 Va_lek._gopusc.
2720 5528 2775 5573 ll,
2809 5530 2861 5582 p.
2905 5514 3002 5568 198
3035 5534 3048 5570 :
3088 5536 3105 5567 ι
3133 5517 3263 5570 Illud
3288 5534 3415 5572 vero
3441 5504 3627 5584 miror,
3653 5521 3704 5574 in
3737 5504 3839 5578 ista

692 5573 1568 5664 (3213983dn‘ottadhpp.“
1763 5583 1825 5664 ert;
1841 5577 1986 5664 alibi.
2012 5579 2168 5664 idem
2273 5573 2567 5664 splendida
2587 5582 2714 5635 edit.
2742 5573 2846 5663 ιιιτῇ
2876 5600 3035 5664 raras
3060 5588 3138 5640 ex
3159 5587 3316 5644 codd.
3341 5587 3527 5664 Regiis
3549 5573 3839 5650 adnotata;

620 5641 886 5698 Matth-nio
909 5658 1122 5714 quoque
1144 5641 1464 5713 persuasum
1491 5652 1589 5700 est.
1622 5645 1753 5701 Nov.
1786 5645 1966 5717 Eclog.
2008 5663 2060 5716 p.
2095 5649 2124 5702 7
2153 5667 2166 5703 :
2275 5641 2375 5717 legi
2407 5651 2687 5718 scriptura:
2717 5652 3026 5710 varietates.
3062 5673 3081 5706 ι
