4140 6298
544 276 640 318 nu
1754 250 1935 308 rato.
1975 247 2176 305 tum.»
2231 225 2613 306 ΡκιειτΑτιο.

547 378 690 443 qum
719 381 790 426 ex
825 366 1108 431 Homiliis
1145 370 1209 430 in
1246 369 1599 432 Matthaaum
1657 377 1948 449 excerpta
1978 373 2146 442 sunt,
2177 367 2484 440 omnium,
2517 365 2585 426 ni
2605 363 2812 438 fallor,
2840 361 3094 424 sedibus
3122 355 3452 439 indagatis,
3474 352 3786 418 lectiones

548 481 667 528 nec
695 485 924 546 paucas
951 474 1065 533 nec
1089 473 1604 546 contemnendas,
1636 489 1763 533 non
1794 448 1928 532 sine
1960 485 2194 548 magno
2217 467 2432 532 labore
2469 473 2687 530 nactus
2717 481 2880 527 sum.
3751 448 3753 450 ’

624 566 1077 649 TbeOphylacti
1104 574 1594 635 Commentarius
1625 572 1690 634 in
1719 570 2098 646 Matthaaum,
2137 568 2325 650 hujus
2359 569 2571 648 operis
2599 567 2663 628 in
2695 565 2956 643 gratiam
2987 579 3022 625 a
3048 561 3232 625 nobis
3267 575 3596 633 excussus,
3619 571 3784 619 non-

549 665 704 727 nihil
732 665 993 729 subsidii
1022 669 1245 731 attulit.

624 791 855 871 Majore
881 841 897 867 ,
939 795 1068 857 imo
1135 796 1408 858 maxime
1477 814 1619 863 cum
1669 796 1901 872 fructu,
1942 795 2322 858 contulimus
2358 792 2680 874 Euthymii
2727 789 3021 870 Zigabeni
3054 806 3238 870 Opus,
3285 783 3457 868 quod
3496 781 3789 861 magnam

548 894 788 964 partem
817 906 895 951 ex
940 888 1363 971 Chrysostomi
1412 893 1899 966 commentariis.
1932 893 2136 955 verbis
2192 890 2518 971 paululum
2565 892 2839 967 mutatis,
2888 891 3260 970 decerptum
3299 903 3459 959 esse,
3495 881 3792 946 omnibus

550 996 766 1052 notum
800 1000 915 1055 est.
945 994 1142 1074 Hujus
1170 996 1381 1076 operis
1411 995 1602 1059 editio
1632 997 1846 1061 Latina
1879 1013 1916 1060 a
1945 998 2188 1060 Joanne
2221 996 2532 1058 Hentenio
2570 995 2880 1068 confecta,
2909 993 3060 1055 inde
3095 993 3173 1054 ab
3210 1005 3377 1053 anno
3415 984 3563 1047 1544
3591 983 3792 1046 exsti-

547 1091 622 1154 tit
655 1109 670 1150 :
703 1093 954 1154 Graecus
989 1101 1194 1156 autem
1244 1103 1449 1159 textus
1487 1099 1759 1178 primum
1805 1114 1841 1160 a
1883 1095 2202 1159 Matthin
2249 1113 2416 1158 anno
2461 1096 2609 1160 179%
2641 1115 2717 1158 ex
2756 1095 3002 1158 duobus
3050 1090 3236 1154 codd.
3266 1090 3512 1168 Mosqq.
3549 1081 3793 1166 publici

548 1191 703 1268 juris
742 1189 967 1271 factus,
991 1210 1158 1255 nunc
1191 1193 1441 1257 tandem
1467 1195 1542 1258 ad
1567 1197 1740 1276 ipsos
1775 1195 1983 1259 fontes
2019 1195 2380 1275 purgandos
2402 1212 2438 1258 a
2480 1196 2664 1258 nobis
2701 1194 3014 1258 adhibitus
3044 1198 3158 1252 est.

624 1312 1041 1386 Quaestionem
1080 1314 1157 1376 de
1185 1316 1447 1391 Aniano,
1484 1324 1691 1378 vetere
1714 1316 1934 1378 harum
1973 1316 2382 1379 Homiliarum
2410 1307 2778 1397 interprete,
2812 1316 3100 1397 pluribus
3130 1312 3412 1376 tractavit
3458 1306 3784 1372 Montel‘al-

551 1413 773 1475 conius
815 1412 881 1474 in
925 1414 1319 1488 Prait'atione,
1358 1422 1508 1478 sect.
1545 1434 1580 1477 v
1617 1434 1630 1474 :
1669 1432 1811 1494 quae
1832 1433 2002 1478 nunc
2034 1422 2320 1496 repetere
2350 1432 2480 1478 non
2500 1421 2696 1479 vacat.
2725 1417 2925 1496 Hujus
2959 1415 3260 1477 versionis
3276 1409 3534 1499 Latinae,
3560 1407 3795 1471 saeculo

550 1519 595 1573 ν
616 1514 942 1589 confectae,
974 1534 1120 1596 pars
1143 1519 1423 1594 minima,
1449 1537 1588 1599 qua}
1626 1521 1865 1583 scilicet
1892 1525 2036 1581 octo
2068 1520 2313 1599 priores
2342 1519 2632 1582 homilias
2659 1518 2962 1591 continet,
3004 1517 3193 1578 hodie
3217 1515 3285 1575 in
3323 1513 3505 1575 editis
3539 1527 3797 1589 compa-

552 1616 644 1672 ret
676 1628 688 1670 :
720 1617 920 1676 totum
950 1631 1097 1678 vero
1129 1616 1356 1678 librum
1385 1619 1463 1680 ab
1496 1635 1573 1680 eo
1611 1634 1984 1681 conversum
2016 1633 2176 1690 esse,
2216 1617 2342 1679 imo
2372 1618 2682 1695 integram
2706 1617 2840 1696 ejus
2867 1615 3217 1677 versionem
3239 1611 3316 1673 ad
3351 1610 3519 1672 hunc
3541 1608 3705 1670 diem
3731 1609 3796 1668 in

553 1709 1070 1776 bibliothecarum
1101 1713 1353 1777 latebris
1387 1715 1752 1778 delitescere
1775 1731 1986 1796 posse,
2017 1714 2449 1795 probabilibus
2477 1715 2862 1794 argumentis
2891 1713 3102 1776 docuit
3125 1708 3645 1794 Montel‘alconius
3679 1703 3793 1785 (α).

628 1813 930 1876 Homilias
969 1831 1189 1878 omnes
1217 1833 1253 1878 a
1281 1832 1449 1878 nona
1471 1817 1548 1878 ad
1579 1815 1860 1878 ultimam
1878 1816 2096 1878 Latine
2131 1817 2388 1878 vertisse
2422 1815 2610 1895 vulgo
2639 1815 2915 1879 creditur
2958 1813 3262 1892 Georgius
3300 1808 3793 1890 Trapezuntius:

552 1914 718 1993 quod
755 1920 958 1977 tamen
993 1932 1123 1977 non
1159 1917 1332 1978 omni
1363 1935 1440 1978 ex
1466 1921 1645 1997 parte
1674 1933 1892 1978 verum
1921 1931 2057 1978 esse
2087 1915 2276 1978 docui
2300 1916 2366 1977 in
2388 1915 2613 1978 Adnot.
2650 1915 2729 1977 ad
2757 1934 2822 1994 p.
2855 1913 2991 1975 838.
3017 1916 3362 1992 Utrumque
3390 1911 3797 1988 interpretem

553 2018 695 2091 post
722 2013 997 2075 Boisium
1036 2019 1098 2074 et
1127 2013 1418 2075 Savilium
1469 2013 1678 2076 denuo
1708 2013 1785 2075 ad
1843 2012 2269 2074 dissensiones
2315 2012 2608 2074 codicum
2663 2009 3091 2088 dijudicandas
3138 2007 3463 2080 advocavi;
3521 2004 3800 2067 adhibita

553 2115 763 2176 tamen
793 2129 1034 2174 summa
1073 2111 1384 2184 cautione,
1420 2127 1499 2172 ne
1523 2128 1601 2172 ex
1635 2110 1853 2171 solutis
1873 2109 2305 2188 verbosisque,
2336 2108 2653 2170 interdum
2684 2107 2869 2169 etiam
2900 2106 3070 2168 falsis
3097 2106 3513 2185 interpretum
3541 2120 3802 2165 conver-

552 2211 858 2284 sionibus,
896 2225 1087 2272 novas
1106 2208 1408 2271 lectiones
1443 2208 1973 2271 comminiscerer.
2010 2205 2368 2286 Exemplari
2397 2213 2607 2268 autem
2636 2222 2787 2266 usus
2813 2221 2973 2278 sum,
3022 2201 3192 2282 quod
3222 2202 3290 2262 in
3319 2209 3491 2264 tomo
3520 2200 3803 2262 secundo

552 2311 842 2375 editionis
871 2309 1318 2388 Chrysostomi,
1349 2307 1599 2370 Parisiis
1625 2324 1793 2368 anno
1825 2306 1972 2368 1580
2002 2306 2215 2368 Latine
2238 2323 2511 2380 excusas,
2549 2309 2781 2377 exstat;
2815 2304 2925 2366 ubi
2955 2303 3033 2365 ad
3061 2303 3299 2365 calcem
3321 2302 3495 2366 hom.
3523 2320 3629 2364 xc:
3657 2302 3802 2373 haec

552 2411 841 2488 leguntur
875 2409 1056 2469 :Divi
1083 2408 1350 2469 Joannis
1382 2406 1808 2484 Chrysostomi
1832 2404 2253 2467 Homiliarum
2287 2405 2439 2466 XCI
2477 2407 2543 2465 in
2578 2403 2943 2466 Matthwum
2968 2403 3136 2479 ﬁnis,
3177 2421 3293 2482 per
3320 2402 3592 2483 Philipp.
3631 2405 3805 2465 Mon-

554 2513 767 2574 tanum
795 2512 1259 2588 recognitarum
1288 2509 1372 2570 ad
1403 2507 1783 2586 exernplaria
1815 2511 2025 2572 (ἔπεσα
2064 2511 2186 2570 duo
2219 2510 2661 2583 vetustissima,
2699 2526 2832 2587 qua:
2856 2507 3038 2570 nobis
3067 2507 3572 2586 suppeditaverut
3603 2507 3809 2586 Regia

551 2611 721 2690 apud
753 2603 1166 2692 Bella-Aqua:
1191 2613 1427 2690 fontem
1448 2609 1840 2673 bibliotheca.
1860 2610 2108 2673 Scilicet
2134 2614 2308 2672 textu
2328 2609 2546 2672 Latino
2572 2608 2817 2686 integro
2851 2612 3118 2683 servato,
3145 2609 3479 2671 Montanus
3509 2605 3806 2670 emenda-

552 2713 757 2774 tiones
786 2728 930 2773 suas
963 2727 1093 2773 non
1121 2711 1207 2772 ita
1240 2711 1467 2773 multas
1497 2710 1565 2772 in
1593 2709 1875 2788 margine
1898 2708 2116 2771 illevit.

639 2861 955 2924 Veniam}
982 2861 1264 2923 Armenta
1287 2859 1510 2922 harum
1545 2857 1957 2921 Homiliarum
1995 2857 2279 2920 notitiam
2308 2858 2512 2922 debeo
2545 2860 2694 2921 viris
2727 2858 3011 2934 eruditis,
3043 2858 3470 2922 Benedictinre
3507 2857 3798 2940 repetitae

553 2960 931 3035 editoribus;
985 2961 1095 3040 qui
1131 2960 1198 3022 in
1240 2959 1580 3022 Corollario
1610 2959 1690 3020 ad
1732 2957 2200 3021 Montefalconii
2245 2956 2682 3020 Praefationem
2730 2959 2867 3023 hinc
2894 2960 3285 3040 scripserunt
3319 2976 3333 3022 :
3368 2981 3398 3015 ct
3431 2960 3808 3021 Versionem

553 3070 886 3127 Armenam
915 3063 1146 3126 saiculo
1179 3080 1222 3124 ν
1253 3061 1604 3126 confectam
1636 3065 1699 3123 S.
1727 3061 1985 3125 Joannis
2011 3061 2437 3139 Cbrysostomi
2473 3062 3074 3124 Commentariorum
3100 3063 3167 3122 in
3199 3063 3262 3121 S.
3296 3060 3576 3123 Mattbaai
3599 3062 3807 3122 Evan-

552 3168 789 3248 gelium
820 3165 988 3245 typis
1023 3164 1448 3242 vulgaverunt,
1481 3163 1730 3226 duobus
1757 3160 2288 3226 voluminibus‘in
2315 3167 2557 3235 octavo,
2585 3162 3022 3226 Mechitaristre
3069 3165 3258 3226 Revv.
3299 3165 3512 3226 Patres
3552 3165 3808 3227 Armeui

553 3269 620 3329 in
657 3266 860 3329 insula
883 3267 947 3327 S.
975 3266 1209 3338 Lazari,
1240 3264 1544 3338 Venetiis,
1578 3281 1746 3327 anno
1783 3262 1958 3336 1826,
1988 3263 2179 3325 nullis
2214 3263 2441 3326 additis
2470 3262 2635 3324 notis
2662 3263 2917 3337 Latinis,
2948 3268 3009 3324 et
3033 3264 3169 3325 sine
3198 3265 3604 3327 translatione
3629 3265 3757 3327 ulla
3787 3281 3803 3326 :

555 3369 640 3431 ita
667 3376 734 3432 ut
780 3368 985 3442 nobis,
1037 3371 1322 3428 Armenes
1351 3365 1582 3443 linguae
1635 3365 1892 3443 ignaris,
1948 3363 2068 3427 hoc
2097 3362 2258 3426 libro
2292 3363 2385 3425 uti
2406 3379 2536 3425 non
2583 3379 2954 3438 concessum
2985 3362 3196 3424 fuerit.
3231 3385 3262 3422 ι
3305 3365 3558 3425 Librum
3595 3365 3806 3427 statim

557 3466 935 3548 comparavi,
967 3472 1030 3529 et
1057 3483 1175 3546 pro
1203 3481 1343 3527 mea
1369 3464 1547 3527 istius
1575 3462 1807 3542 linguai
1836 3463 2120 3539 scientia,
2150 3480 2292 3543 qum
2328 3480 2636 3543 perquam
2665 3464 2890 3541 exigua
2924 3469 3038 3536 est,
3063 3473 3292 3542 magna
3313 3481 3458 3526 cum
3486 3463 3808 3546 voluptate

557 3565 778 3630 evolvi.
836 3564 1124 3627 Continet
1175 3561 1464 3624 homilias
1496 3577 1601 3626 un
1651 3561 1917 3640 priores.
1974 3562 2292 3640 Interpres
2333 3562 2548 3622 Graeca
2576 3561 2775 3640 probe
2830 3561 3163 3636 intellexit,
3208 3568 3376 3625 tense
3424 3581 3497 3626 ac
3539 3561 3810 3628 ﬁdeliter

557 3667 896 3748 expressit;
927 3664 1244 3727 interdum
1271 3678 1437 3723 unus
1464 3660 1748 3723 omnium
1771 3678 1990 3724 verum
2020 3660 2173 3722 vidit
2206 3659 2316 3740 (b).
2347 3663 2658 3734 Quantum
2694 3677 2845 3722 vero
2872 3661 3155 3723 utilitatis
3184 3663 3263 3725 ad
3293 3665 3636 3741 genuinum
3683 3665 3809 3725 No-

556 3766 671 3830 stri
692 3783 913 3829 aurum
931 3782 967 3827 e
995 3763 1287 3827 sordibus
1315 3761 1665 3825 eruend‘um
1692 3762 1841 3824 inde
1868 3761 2359 3843 perceperimus,
2391 3779 2509 3842 pro
2540 3781 2607 3826 se
2635 3761 2903 3843 quisque
2931 3762 3072 3844 ipso
3102 3781 3297 3845 opere
3315 3765 3603 3850 inspecto
3629 3766 3808 3846 judi-

557 3883 703 3930 care
723 3865 956 3947 poterit
997 3864 1104 3944 (b).

635 3983 813 4059 Quod
842 3991 1150 4064 superest,
1184 4001 1424 4049 merces
1441 4000 1614 4049 meas
1643 3998 1794 4052 sane
1823 3984 2347 4065 locupletissimas
2374 3987 2701 4067 quomodo
2730 3988 2799 4049 in
2820 3985 3050 4050 chartis
3073 3989 3508 4070 explicuerim,
3531 3991 3808 4057 breviter

558 4084 1008 4167 exponendum
1037 4091 1152 4147 est.
1189 4087 1405 4166 Itaque
1438 4087 1638 4145 varias
1684 4083 2010 4156 lectiones,
2056 4100 2137 4145 ne
2172 4085 2384 4164 operis
2420 4101 2536 4165 per
2588 4102 2658 4149 se
2711 4088 3032 4150 crassioris
3074 4089 3276 4151 moles
3322 4107 3512 4171 supra
3545 4093 3804 4157 modum

560 4192 941 4261 excurreret,
972 4202 1116 4248 cum
1139 4185 1382 4248 delectu
1399 4185 1704 4248 notandas
1731 4185 1902 4247 duxi.
1930 4187 2001 4246 In
2032 4201 2160 4264 quo
2186 4185 2570 4263 adhibendo,
2593 4189 2826 4251 accidit
2841 4190 3019 4265 mihi,
3041 4191 3213 4271 quod
3234 4193 3549 4270 omnibus,
3584 4196 3802 4274 credo,

560 4283 670 4379 qui
701 4281 781 4344 ad
812 4299 944 4344 rem
967 4283 1241 4346 criticam
1286 4283 1671 4344 tractandam
1703 4281 1894 4361 paulo
1925 4281 2210 4345 rudiores
2237 4284 2638 4359 accesserint,
2679 4293 2745 4347 ut
2775 4286 3033 4349 ineunte
3065 4305 3260 4367 Opere
3303 4293 3605 4355 nonnulla
3637 4313 3806 4375 prae-

555 4382 988 4458 termitterem,
1019 4399 1160 4463 qum
1189 4389 1402 4463 postea
1435 4382 1822 4463 experientia
1845 4381 2067 4444 doctus
2095 4380 2270 4445 nullo
2299 4383 2494 4446 modo
2531 4386 2994 4449 contemnenda
3025 4402 3163 4450 esse
3192 4388 3340 4450 vidi.
3378 4390 3540 4453 Hinc
3571 4390 3804 4455 factum

558 4491 674 4557 est,
703 4489 773 4545 ut
794 4483 986 4546 altera
1013 4501 1158 4564 pars
1179 4483 1592 4546 Homiliarum
1616 4483 1980 4546 uberiorem
2004 4484 2379 4548 variantium
2407 4485 2755 4549 letitionum
2787 4494 3064 4566 segetem
3095 4489 3335 4568 jactare
3358 4492 3671 4569 videatur;
3703 4497 3805 4558 cui

559 4594 770 4646 tamen
791 4582 1219 4662 intequalitati,
1249 4582 1484 4662 multis,
1517 4599 1660 4662 qua)
1681 4583 1860 4663 prius
1886 4583 2244 4660 omiseram,
2282 4587 2349 4648 in
2372 4586 2813 4650 adnotationes
2841 4589 3076 4664 relatis,
3102 4592 3365 4654 remedii
3383 4593 3619 4674 aliquid
3650 4595 3804 4657 alla-

559 4695 690 4748 tum
723 4691 837 4749 est.
869 4687 1175 4750 Praeterea
1200 4687 1254 4749 si
1277 4687 1440 4750 forte
1466 4687 1769 4750 lectiones
1795 4688 2183 4752 Oxonienses
2210 4689 2409 4752 serius
2439 4690 2841 4768 advenerant,
2869 4709 3060 4774 quam
3095 4699 3165 4756 ut
3194 4711 3312 4757 suo
3339 4681 3611 4778 qumque
3657 4697 3805 4766 loco

558 4790 945 4859 notarentur,
974 4784 1056 4848 de
1085 4785 1184 4848 his
1204 4803 1461 4868 quoque
1488 4787 1554 4850 in
1581 4785 2096 4853 adnotationibus
2120 4789 2340 4853 sedulo
2367 4792 2679 4854 monitum
2701 4800 2818 4856 est.

633 4912 707 4973 In
735 4910 916 4973 variis
937 4898 1318 4976 lectionibus
1351 4909 1706 4990 digerendis
1724 4911 2003 4978 has‘fere
2031 4915 2278 4994 regulas
2315 4921 2569 4979 secutus
2601 4931 2740 4978 sum
2781 4931 2796 4976 :

636 5038 685 5100 Ι.
723 5035 1004 5111 Codices,
1030 5037 1141 5121 qui
1187 5054 1317 5102 non
1346 5045 1799 5108 memorantur,
1847 5037 1967 5102 nisi
1998 5038 2161 5104 forte
2203 5041 2440 5132 lacuna_
2451 5047 2675 5116 exstet,
2706 5057 2853 5104 cum
2889 5046 3068 5105 textu
3107 5046 3325 5106 nostro
3362 5045 3804 5110 consentiunt.

629 5273 704 5342 (α)
743 5271 862 5327 Hoc
893 5269 1164 5340 pertinere
1184 5270 1395 5326 videtur
1413 5270 1718 5394 exemgilum
1741 5269 1796 5325 in
1825 5268 2021 5327 Adnot.
2054 5275 2122 5330 ad
2229 5271 2506 5347 Chrysost.
2525 5273 2625 5329 ista
2642 5273 2914 5344 leguntur.
2943 5273 3118 5345 Hujus
3131 5274 3296 5330 verba
3312 5282 3442 5330 sunt
3461 5275 3536 5346 (p.
3561 5275 3805 5344 12).οΰδδ

648 5342 756 5394 θδι
775 5341 1018 5394 allatum.
1049 5339 1201 5394 Adde
1229 5340 1415 5394 Petav.
1456 5340 1522 5394 ad
1593 5355 1744 5394 vnes.
1778 5349 1920 5394 nota
1949 5357 2003 5394 ι).
2031 5343 2119 5394 57.
2227 5345 2259 5394 ἠ
2293 5346 2349 5394 ἐν
2406 5344 2711 5394 πουτανεὶω
2765 5343 2992 5394 σίτησις.
3048 5345 3291 5394 Anianus
3319 5359 3446 5394 vero
3487 5347 3557 5394 ita
3601 5347 3798 5394 reddit-

560 5359 614 5412 p.
640 5339 756 5397 634
775 5339 1018 5421 allatum.
1049 5339 1201 5396 Adde
1229 5340 1415 5421 Petav.
1456 5340 1524 5420 ad
1550 5339 1744 5410 Synes.
1778 5349 1920 5395 nota
1949 5357 2003 5422 η.
2031 5343 2119 5398 57.
2227 5345 2260 5413 ή
2285 5339 2357 5396 'tv'
2406 5339 2723 5466 πργταγεὶηιξ
2765 5343 2992 5415 σίτησις.
3029 5339 3291 5398 'Anianus
3319 5339 3557 5426 vero.'ita
3597 5339 3800 5427 reddit,

563 5431 583 5464 α
610 5411 726 5495 Non
749 5424 928 5495 minus
949 5409 1216 5495 falsusgest
1234 5407 1868 5495 Idemscabgerndumex
1889 5409 2117 5477 Amano,
2226 5429 2317 5466 nec
2350 5413 2554 5495 puplice
2584 5430 2639 5495 τῃ
2681 5481 2696 5495 Ἃ
2719 5421 2931 5495 νῃεαηςο
2965 5425 3229 5495 apparata
3265 5429 3522 5495 convivia.
3554 5414 3644 5472 Sic
3672 5417 3798 5473 ille:

562 5481 727 5535 veteri
767 5477 1136 5561 Chrysostomi
1186 5477 1505 5548 interprete,
1539 5477 1879 5548 conjectatur
1910 5495 2117 5549 πρυτα-

564 5554 675 5604 νεῖα
697 5563 992 5625 sumpsisse
1018 5547 1460 5625 Chrysostomutn
1495 5563 1594 5625 pro
1627 5548 1862 5618 sportula
1892 5550 1948 5603 in
1979 5549 2116 5625 Pryt

1946 5497 2117 5549 rputa-
2223 5497 2326 5537 nec
2346 5477 2503 5552 vulgo
2527 5481 2721 5546 exstat,
2744 5477 2844 5536 'ncc
2878 5483 2935 5535 in
2965 5477 3227 5552 Prytaneo
3253 5484 3519 5550 sportula.
3563 5502 3581 5535 ι

1946 5589 1948 5596 .
1979 5549 2116 5625 Pryt
2293 5553 2365 5620 (ὁ)
2383 5553 2853 5625 AYideAdnotaad‘
2869 5569 2960 5622 pp.
2989 5553 3074 5616 89,
3099 5553 3225 5625 216,
3248 5553 3374 5625 t3].
3396 5623 3406 5625 4
3431 5622 3490 5625 __
3540 5624 3550 5625 ί

563 5631 734 5676 tuneo.
784 5619 984 5676 Verum
1021 5633 1196 5690 neque
1245 5618 1386 5689 apud
1422 5619 1710 5685 Anianum,
1756 5634 1931 5690 neque
1974 5618 2116 5690 apud
2293 5618 2361 5690 (ε)
2382 5623 2511 5678 Vide
2531 5623 2583 5678 in
2611 5622 2800 5694 primis
2828 5618 3361 5696 Adbot.adpp.ll$,
3389 5622 3656 5693 “7,147.
