4140 6298
1511 320 1690 378 ιεἰιιο.
1734 321 1939 378 FIELD
1978 321 2379 384 PREFATIO.

1850 321 1939 377 ιο
1978 321 2379 384 ΡῐιλειτΑτιο.
3430 328 3485 372 ⁸⁸

228 439 346 505 Ubi
381 459 530 507 vero
575 442 850 520 colices,
895 443 1006 525 qui
1055 443 1481 519 nominantur,
1522 437 1840 528 receptam
1884 449 2228 513 lectionem
2274 446 2530 522 habent,
2576 442 2990 522 caeteros'pro
3030 443 3261 524 rejecta
3303 448 3496 516 stare,

239 554 346 619 per
373 561 442 606 se
470 545 621 606 satis
648 545 1037 625 intelligitur.

314 664 369 725 li
431 667 516 728 De
535 665 673 729 aliis
695 669 976 743 testibus,
1009 669 1119 748 qui
1171 670 1428 732 nonnisi
1455 673 1640 734 certis
1663 672 1820 735 locis
1840 670 2148 753 appellari
2170 674 2459 751 possunt,
2486 688 2544 733 e.
2579 687 2637 749 g.
2659 669 2777 751 Ep.
2799 665 2987 730 Euth.
3010 662 3302 744 Theoph.
3325 659 3494 724 Flor.

240 765 300 821 et
326 763 604 844 Iuterpp.
639 767 759 827 nisi
787 766 1014 830 diserte
1049 769 1476 844 nominentur,
1508 770 1666 831 nihil
1701 787 1739 833 a
1767 773 2031 835 Lectore
2071 769 2282 850 colligi
2312 777 2547 850 potest.

316 889 422 950 IlI.
453 891 770 955 Editorum
800 894 1103 956 librorum
1130 895 1436 958 lectiones
1470 913 1725 978 semper
1745 904 1806 961 et
1849 899 2092 979 ubique
2131 913 2631 962 commemorare
2673 909 2805 956 non
2833 888 3034 954 nostri
3069 886 3187 948 fuit
3231 883 3494 964 incepti.

237 985 458 1066 Itaque
491 1005 659 1068 saepe
689 990 936 1066 accidit,
968 997 1039 1053 ut
1069 991 1259 1055 lectio
1295 993 1504 1055 minus
1532 995 1903 1074 probabilis,
1945 1013 2023 1058 ex
2051 992 2181 1058 uno
2211 1001 2318 1057 aut
2346 993 2634 1075 pluribus
2663 990 2851 1054 codd.
2881 989 2949 1050 in
2979 985 3261 1063 margine
3286 981 3495 1056 allata,

239 1101 313 1150 ea
339 1090 477 1167 ipsa
507 1089 606 1162 sit,
643 1107 784 1169 quae
811 1092 876 1152 in
905 1090 1052 1155 edd.
1081 1097 1186 1154 aut
1215 1092 1614 1172 quibusdam,
1654 1100 1762 1156 aut
1788 1096 1975 1158 etiam
2002 1094 2297 1158 omnibus
2329 1093 2697 1174 reperiatur.

319 1214 426 1274 IV.
457 1213 576 1275 Ubi
605 1231 720 1293 pro
751 1214 946 1277 altera
966 1213 1240 1277 lectione
1267 1233 1477 1276 omnes
1507 1215 1746 1296 scripti,
1779 1232 1896 1296 pro
1919 1216 2111 1278 altera
2132 1232 2278 1278 vero
2302 1233 2508 1276 omnes
2533 1213 2684 1276 editi
2712 1211 2855 1276 libri
2873 1213 3180 1293 pugnant,
3207 1206 3502 1272 Codicum

239 1313 513 1376 lectione
544 1319 819 1393 recepta,
849 1313 1078 1376 editam
1112 1313 1180 1375 in
1217 1314 1498 1392 margine
1524 1315 1769 1394 scripsi,
1801 1332 1946 1377 cum
1977 1322 2148 1390 nota,
2187 1338 2217 1372 α
2248 1316 2405 1377 Edd.
2434 1338 2466 1373 κ

328 1433 400 1494 γ.
449 1433 569 1496 Ubi
598 1433 664 1494 in
691 1433 898 1512 aliqua
924 1433 1199 1496 lectione
1226 1434 1461 1496 tuenda
1495 1451 1640 1496 cum
1667 1440 1837 1495 textu
1868 1434 2180 1498 Saviliano
2215 1436 2618 1499 consentiunt
2652 1454 2858 1497 omne:
2886 1434 3162 1510 codices,
3189 1431 3356 1498 hanc
3397 1431 3502 1493 in-

244 1534 528 1597 numeris
566 1534 745 1609 locis,
779 1537 1011 1614 rejecta
1045 1534 1318 1597 lectione
1347 1535 2085 1612 Morello-Benedictina,
2119 1539 2304 1599 tacite
2341 1538 2590 1600 excudi.

324 1655 426 1715 VI.
472 1654 799 1728 Inordine
825 1654 1162 1717 verborum
1197 1654 1640 1718 constituendo
1672 1656 1934 1734 singulis
1968 1657 2124 1721 locis
2146 1658 2360 1739 plures
2395 1664 2457 1723 et
2486 1659 2782 1722 meliores
2810 1657 3008 1721 libros
3049 1662 3302 1720 secutus
3337 1672 3502 1726 sum,

244 1750 439 1832 idque
470 1753 804 1816 maximam
848 1759 1088 1833 partem
1131 1769 1262 1815 non
1305 1754 1546 1817 monito
1591 1757 1886 1832 Lectore;
1919 1774 2061 1819 cum
2095 1756 2356 1820 infinitae
2390 1757 2575 1821 molis
2616 1755 2853 1822 fuisset.
2892 1773 3114 1819 omnes
3141 1751 3507 1838 hujusmodi

245 1855 625 1917 mutationes
653 1854 718 1916 in
747 1854 1002 1916 tabellas
1031 1853 1294 1918 referre.

327 1997 674 2059 Moralium
704 1998 878 2061 initia
898 1999 1029 2080 jam
1049 2006 1194 2064 ante
1226 2017 1344 2064 nos
1372 2000 1741 2065 distinxerat
1767 2003 2029 2066 Savilius
2043 2020 2061 2080 ;
2094 2003 2459 2069 earumdem
2481 2018 2630 2066 vero
2653 2006 3017 2081 argumenta
3040 2015 3207 2061 nunc
3231 1995 3507 2076 primum

244 2117 284 2162 e
314 2101 647 2166 codicibus
681 2101 926 2184 prolata
949 2109 1116 2164 sunt.
1147 2103 1296 2164 Haec
1326 2102 1393 2163 in
1422 2102 1749 2166 codicibus
1778 2122 1909 2167 non
1941 2107 2236 2169 omnibus
2265 2106 2485 2170 eadem
2507 2104 2805 2184 leguntur
2828 2121 2841 2164 :
2866 2102 2986 2166 alia
3012 2119 3131 2164 nos
3160 2101 3500 2173 edidimus,

243 2203 366 2264 alia
401 2202 620 2264 Latine
648 2219 826 2264 versa
859 2201 928 2263 in
953 2200 1159 2264 fronte
1187 2201 1400 2282 operis
1427 2201 1600 2264 dedit
1628 2203 1945 2267 Morellus.
1981 2206 2068 2268 De
2087 2205 2186 2267 his
2218 2213 2416 2270 exstat
2444 2206 2752 2270 Monitum
2779 2205 2848 2266 in
2883 2203 3104 2267 codice
3129 2201 3377 2264 Coislin.
3407 2200 3506 2275 66,

243 2300 418 2381 quod
449 2300 553 2364 hic
584 2300 942 2364 exscribere
980 2301 1071 2362 nil
1106 2306 1287 2363 vetat.
1331 2299 1550 2372 Ἐπειδὴ
1583 2301 1704 2366 ἔθος
1732 2298 1800 2374 ἦν
1823 2304 1878 2374 τῆ

1873 2304 1904 2374 ἶ)
1929 2305 2334 2376 μακαριωτάτῳ
2357 2302 2574 2378 Ἰωάννῃ
2597 2303 2675 2375 τῷ
2707 2300 3078 2373 Χρυσοστόμῳ
3104 2298 3242 2370 μετὰ
3262 2299 3508 2371 τὺὲρμη-

245 2405 437 2458 νεῦσαι
470 2404 531 2458 τὸ
561 2405 692 2474 παρ’
721 2404 886 2459 αὐτοῦ
916 2404 1179 2476 προτεθὲν
1207 2405 1562 2474 εὐαγγελικδν
1591 2407 1754 2476 ῥητὸν
1778 2407 1862 2472 εἰς
1889 2407 2081 2479 ἠθικὸν
2115 2407 2456 2482 καταπαύειν
2489 2409 2581 2463 τὸν
2604 2408 2784 2474 λόγον,
2812 2405 3110 2474 ἀναγκαῖον
3156 2401 3381 2472 ὶνόμισα
3417 2399 3514 2454 καὶ

235 2500 312 2553 τὰ
343 2499 474 2571 παρ’
500 2500 665 2554 αὐτοῦ
695 2499 754 2554 ἐν
782 2499 861 2572 τῷ
907 2498 1084 2572 ἠθικῷ
1119 2500 1262 2553 κατὰ
1289 2499 1491 2562 πλάτος
1521 2500 1792 2571 εἰρημένα
1817 2502 1876 2555 ὲν
1905 2503 2155 2572 συντόμῳ
2181 2502 2470 2574 προτάξαι,
2502 2502 2591 2556 ἵνα
2628 2501 2727 2572 ἔχῃ
2756 2503 2786 2555 ὁ
2809 2499 3130 2571 βουλόμενος
3162 2495 3263 2567 τὴν
3283 2493 3512 2563 δύναμιν

237 2595 336 2648 τοῦ
362 2595 566 2659 παντὸς
591 2592 783 2664 ἠθικοῦ
814 2593 1030 2658 ἀπόνως
1055 2593 1148 2647 καὶ
1180 2594 1240 2646 ιν
1268 2592 1515 2664 συντόμῳ
1542 2594 1816 2664 εὑρίσκειν

1874 2594 1958 2676 α).
1989 2596 2373 2676 Plerumque
2393 2614 2542 2659 vero
2573 2613 2704 2658 non
2733 2595 2799 2656 in
2824 2593 3032 2656 fronte
3063 2591 3299 2672 operis,
3339 2588 3509 2651 indi-

238 2697 334 2759 cis
378 2695 594 2770 modo,
630 2695 744 2758 sed
767 2694 896 2757 suis
922 2709 1192 2776 quaeque
1215 2692 1372 2756 locis
1399 2693 1465 2754 in
1487 2694 1770 2770 margine
1795 2693 1962 2770 libri,
1996 2695 2167 2774 quod
2205 2713 2323 2758 nos
2357 2695 2647 2769 fecimus,
2680 2698 3050 2772 argumenta
3083 2696 3406 2753 notantur.

320 2822 391 2882 In
429 2820 962 2894 adnotationibus,
991 2823 1222 2900 praater
1249 2834 1322 2881 ea
1351 2836 1495 2899 quaa
1522 2819 1617 2882 vel
1655 2819 1733 2880 ad
1762 2818 2025 2881 criticen
2047 2817 2140 2881 vel
2185 2818 2263 2880 ad
2309 2817 2901 2898 interpretationem
2947 2810 3307 2876 necessaria
3338 2806 3511 2869 vide-

237 2920 493 2995 bantur,
529 2921 828 3002 pauculas
842 2921 1244 3016 conjecturas
1272 2925 1516 2981 nostras
1550 2918 1630 2981 ad
1663 2919 1786 2980 alia
1823 2917 2260 2997 gratiosissimi
2308 2918 2596 2981 Auctoris
2629 2918 2863 2996 scripta
2908 2913 3327 2995 pertinentes,
3365 2922 3514 2970 cum

236 3024 503 3085 Lectore
526 3020 1149 3085 communicavimus.

322 3150 650 3212 Postremo
702 3147 781 3210 ad
815 3146 1062 3210 Indices
1116 3149 1454 3209 consuetos
1502 3144 1764 3208 accessit
1799 3145 1958 3207 alius
1993 3146 2245 3207 Graecus
2263 3161 2280 3218 ;
2319 3143 2385 3205 in
2415 3144 2543 3224 'quo
2579 3141 2978 3206 conﬁciendo
3017 3140 3081 3202 id
3113 3138 3515 3220 potissimum

239 3246 400 3311 mihi
436 3247 832 3328 propositum
867 3251 981 3322 est,
1010 3251 1083 3308 ut
1116 3261 1334 3307 eorum
1381 3226 1733 3307 commodis
1762 3244 2126 3317 inserviam,
2167 3244 2277 3324 qui
2304 3243 2569 3324 posthac
2607 3243 2730 3306 alia
2775 3243 3043 3304 fortasse
3085 3235 3518 3319 Chrysostomi

239 3366 444 3431 opera
480 3350 806 3429 purganda
840 3347 1223 3429 suscipie’bt;
1273 3346 1447 3428 quod
1484 3346 1809 3426 negotium
1853 3352 1982 3409 tam
2031 3346 2421 3428 expeditum,
2459 3363 2652 3428 quam
2685 3344 3116 3409 necessarium
3159 3359 3320 3418 esse,
3370 3344 3518 3422 post

239 3468 463 3516 meum
486 3449 769 3513 laborem
805 3464 1018 3524 nemo,
1050 3446 1300 3527 opinor,
1331 3445 1607 3524 negabit.

327 3572 694 3638 Scribebam
720 3566 1149 3646 Cantabr-igitr),
1196 3564 1298 3627 die
1325 3565 1464 3626 XIX
1487 3562 1716 3644 Aprilis
1743 3565 2256 3628 MDCCCXXXIX.

326 3789 405 3874 (ο)
457 3790 584 3874 "999
633 3791 774 3874 ipss.
803 3792 1118 3874 θεορίιίςε,
1140 3791 1643 3874 Passuri-Mrs.
1666 3794 1825 3874 νίᾲεο
1931 3811 1960 3850 ³

1931 3793 2220 3874 θιὼ-αὐτὸν
2246 3793 2572 3874 προτερρθεν
2593 3793 2769 3874 ῤεὶι.
2791 3793 2902 3852 Sed
2932 3795 3307 3868 apograplium
3332 3802 3517 3847 meum

248 3860 446 3944 eadem
473 3860 940 3944 alioniefalconio
960 3861 1171 3944 inBibl:
1194 3860 1411 3944 Caiatia:
1444 3880 1522 3944 με
1545 3865 1648 3918 150
1676 3865 1824 3944 edita
1933 3866 2116 3922 verius
2144 3860 2300 3935 esse,
2319 3860 2496 3937 quivis
2521 3864 2692 3921 videt.

249 3941 401 3997 esse,
431 3930 520 4000 qui
547 3939 727 3989 tamen
760 3948 862 4004 pro
880 3932 1061 3990 verbis
1108 3932 1171 3986 τὸ
1194 3934 1321 4004 παρ’
1348 3930 1514 3988 αὑτρῦ
1538 3935 1821 4005 προτεθὲν,
