4140 6298
665 339 726 389 1ΐὲ
1375 324 1431 379 S.
1468 321 1753 379 JOANNIS
1789 318 2272 378 CIIRYSOSTOMI
2310 314 2626 374 ARCIIIEP.
2663 315 3209 374 CONSTANTINOP.
3858 313 3927 369 ιο

657 440 1059 499 ἐπισπάσασθαι
1083 438 1106 471 '
1142 438 1324 511 χάριν,
1364 437 1633 507 σιώπησον
1676 432 2214 508 ήλίκη¹κατηγορία,

656 534 716 587 τὸ
750 532 885 604 μηδὲ
926 530 1061 600 μετά
1087 530 1187 600 τὴν
1225 528 1472 599 βοήθειαν
1514 528 1716 598 ταύτην
1758 526 1960 580 ἐθέλειν
2004 518 2219 594 κερδαί-

654 641 789 690 νειν,
828 622 943 676 ἀλλ’
968 622 1043 682 ὡς
1070 622 1189 692 εἰκῆ
1222 623 1316 674 καὶ
1348 621 1521 690 μάτην
1558 619 1784 688 κείμενα
1810 616 1880 669 τὰ
1917 614 2220 686 γράμματα
2264 690 2265 693 η

660 713 941 785 περιορᾲν,
987 712 1081 765 καὶ
1132 711 1357 783 μείζονα
1401 707 1733 763 ἐπισπᾶσθαι
1763 707 1786 739 ⁸
1828 705 1930 777 τὴν
1974 703 2219 759 κόλασιν.

663 802 838 872 Ὅπερ
862 802 949 855 ἵνα
978 800 1056 874 μὴ
1087 800 1329 879 γένηται,
1360 798 1714 871 προσέχωμεν
1762 795 1906 879 μετά
1937 793 2225 865 ἀκριϐείας

662 894 772 953 τοῖς
804 890 1230 962 γεγραμμένοις,
1255 878 1347 944 καὶ
1382 888 1641 959 μάθωμεν
1677 883 1761 960 [3]
1782 878 1905 949 πῶς
1935 884 2040 955 μιν
2064 886 2094 937 6
2122 898 2225 935 πα-

662 979 813 1043 λαιὸς
850 978 1003 1050 ἐδόθη
1046 978 1232 1049 νόμος,
1262 977 1380 1042 πῶς
1416 977 1471 1030 δέ
1508 977 1558 1047 ή.
1584 977 1761 1045 Καινὴ
1790 974 2054 1043 Διαθήκη.
2098 969 2224 1033 Πῶς

662 1065 757 1122 οὖν
782 1070 811 1122 6
840 1070 1000 1138 νόμος
1028 1069 1228 1130 ἐκεῖνος
1255 1065 1410 1136 ἐδόθη
1452 1063 1593 1128 τότε,
1639 1063 1734 1116 καὶ
1778 1060 1909 1115 πότε
1950 1059 2044 1113 καίι
2081 1057 2224 1123 ποῦς

666 1156 819 1211 Μετά
842 1156 935 1209 τὸν
958 1155 1065 1209 τῶν
1099 1154 1410 1223 Αἰγυπτίων
1445 1152 1681 1224 ὄλεθρον,
1728 1151 1821 1205 ἐπὶ
1860 1150 1959 1220 τῆς
1995 1149 2225 1220 ἐρήμου,

666 1247 724 1298 ἐν
752 1245 830 1316 τῷ
875 1244 992 1315 δρει
1035 1244 1187 1307 Σινά,
1226 1242 1431 1297 καπνοῦ
1475 1242 1568 1296 καὶ
1603 1240 1813 1312 πυρὸς’
1846 1239 2087 1302 ἀνιόντος
2120 1237 2227 1291 ἀπὸ

666 1336 761 1388 τοῦ
795 1335 973 1405 ὅρους,
1002 1334 1297 1402 σάλπιγγος
1322 1331 1576 1403 ὴχούσης,
1610 1331 1846 1403 βροντῶν
1889 1330 1985 1382 καὶ
2026 1329 2229 1398 ἀστρα-

669 1426 788 1479 πῶν
817 1424 1113 1494 γινομένων
1136 1423 1202 1488 ⁸⁸,
1234 1421 1329 1476 τοῦ
1356 1422 1634 1485 Μωΰσέως
1663 1423 1743 1484 εἰς
1774 1416 1937 1474 αὑτὸν
1974 1418 2228 1478 εἰσιόντος

669 1512 762 1564 τὸν
799 1511 1013 1579 γνόφον.
1058 1509 1147 1564 Ἑν
1187 1513 1251 1582 τῇ
1301 1511 1477 1581 Καινῇ
1525 1509 1582 1563 δέ
1624 1510 1723 1580 οὐχ
1766 1506 1970 1572 οὕτως·
2001 1506 2125 1562 οὔτε
2172 1506 2232 1558 ἐν

672 1603 885 1673 ἐρήμῳ,
914 1601 1033 1656 οὔτε
1065 1604 1122 1655 ἐν
1153 1602 1289 1671 δρει,
1318 1600 1442 1653 οὔτε
1479 1600 1615 1671 μετά
1642 1598 1850 1653 καπνοῦ
1881 1599 1975 1651 καί⁵
2009 1598 2233 1658 σκότους

675 1694 770 1746 καὶ
791 1693 987 1761 γνόφου
1022 1691 1119 1745 καὶ
1149 1690 1373 1761 θυέλλης
1391 1706 1405 1719 ’
1435 1690 1547 1743 ἀλλ’
1569 1688 1877 1760 ἀρχομένης
1904 1686 2139 1758 ἡμέρας.
2176 1688 2233 1738 ἐν

675 1782 856 1851 οἰκία,
912 1780 1127 1834 πάντων
1162 1778 1630 1849 συγκαθημένων,
1677 1777 1817 1848 μετά
1872 1776 2073 1843 πολλῆς
2133 1776 2234 1845 τῆς

676 1870 1010 1941 ἡμερότητος
1051 1869 1226 1922 πάντα
1267 1869 1493 1937 ἐγίνετο.
1534 1869 1657 1931 Τοῖς
1703 1868 1801 1937 μὲν
1833 1860 1941 1937 γὰρ
1969 1865 2235 1933 ἀλογωτέ-

680 1976 793 2028 ροις
831 1960 925 2013 καὶ
960 1959 1229 2027 δυσηνίοις
1268 1957 1583 2028 σωματικῆς
1626 1956 1731 2010 ἔδει
1777 1955 2097 2025 φαντασίας,
2126 1948 2237 2006 οἷον

680 2050 935 2125 ἐρημίας,
982 2048 1160 2120 ὄρους,
1207 2048 1435 2110 καπνοῦ,
1478 2049 1774 2115 σάλπιγγος
1799 2048 1957 2116 ἠχῆς,
2005 2044 2238 2099 καὶτῶν

679 2137 855 2191 ἀλλων
878 2136 983 2190 τῶν
1013 2137 1293 2191 τοιούτωνο
1323 2139 1437 2200 τοῖς
1464 2136 1531 2191 δέ
1551 2135 1896 2205 ὑψηλοτέροις
1934 2134 2030 2187 καὶ
2070 2149 2238 2186 κατα-

680 2227 889 2280 πειθέσι
921 2229 1014 2279 καὶ
1055 2218 1155 2297 τὴν
1185 2226 1292 2277 τῶν
1340 2226 1605 2295 σωμάτων
1648 2224 1854 2278 ἐννοιαν
1898 2222 2234 2294 ὑπεραναϐε-

681 2312 923 2386 ϐηκόσιν,
953 2316 1162 2379 οὐδενὸς
1188 2313 1255 2387 ἦν
1286 2317 1485 2369 τούτων
1515 2316 1690 2386 χρεία.
1724 2315 1785 2367 Εἰ
1813 2313 1872 2365 δὲ
1905 2314 1999 2367 καὶ
2031 2314 2118 2365 ἐπ’
2144 2313 2239 2364 αὐο

681 2409 787 2461 τῶν
816 2405 946 2478 ἦχος
976 2408 1206 2475 ἐγένετο,
1231 2408 1291 2458 οὐ
1322 2406 1409 2458 διὰ
1436 2407 1562 2467 τοὺς
1611 2402 1957 2465 ἀποστόλους,
1991 2400 2125 2456 ἀλλά
2150 2401 2241 2455 διά

682 2500 809 2560 τοὺς
848 2498 1116 2567 παρόντας
1148 2495 1457 2559 Ἰουδαίους,
1505 2495 1572 2547 δι’
1600 2492 1692 2555 οὓς
1721 2494 1814 2545 καὶ
1843 2494 1900 2546 αἰ
1925 2491 2020 2544 τοῦ
2072 2490 2239 2555 πυρὸς

680 2586 938 2655 ὤφθησαν
974 2572 1231 2651 γλῶσσαι.
1274 2580 1337 2632 Εἰ
1376 2579 1486 2649 γάρ
1525 2580 1619 2640 καὶ
1648 2579 1787 2648 μετά
1830 2576 1987 2631 τοῦτο
2037 2576 2245 2646 ἔλεγον,

680 2676 760 2727 6::
790 2672 1054 2735 Γλεύκους
1096 2667 1503 2741 μεμεστωμένοι
1534 2669 1669 2726 εἰσὶ,
1718 2666 1897 2735 πολλῷ
1944 2667 2162 2736 μᾶλλον,
2197 2669 2245 2720 εἰ

683 2762 846 2832 μηδὲν
877 2761 1082 2814 τούτων
1134 2755 1290 2819 εἶδον,
1337 2758 1508 2845 τειῦτα
1539 2758 1606 2811 ἂν
1655 2753 1824 2811 εἷπον.
1863 2759 1971 2810 Καὶ
2008 2758 2101 2812 ἐπὶ
2153 2760 2249 2829 μὲν

677 2852 776 2920 τῆς
826 2844 1101 2912 Πύαιᾶς,
1149 2847 1425 2910 Μωῦσὲώς
1474 2846 1801 2912 ἀναϐάντος,
1843 2847 2013 2912 οὕτως
2046 2848 2074 2899 6
2117 2848 2248 2912 Θεὸς

678 2939 911 3010 κατέϐη*
940 2938 1168 2992 ἐνταῦθα
1203 2924 1403 3004 δέτῆς
1436 2937 1650 3006 φύσεως
1697 2938 1796 3006 τῆς
1846 2938 2119 3009 ήμετέρας
2167 2939 2247 2994 εἰς

677 3028 768 3081 τὸν
794 3028 1036 3096 οὐρανὸν,
1072 3027 1268 3095 μᾶλλον
1296 3026 1354 3079 δέ
1378 3028 1465 3089 εἰς
1502 3026 1592 3078 τὸν
1622 3026 1810 3096 θρόνον
1848 3027 1936 3079 τὸν
1970 3027 2250 3095 βασιλικὸν

677 3120 1084 3189 ἀνενεχθείσης,
1125 3118 1266 3172 οὕτω
1301 3120 1359 3171 τὸ
1400 3107 1620 3187 Πνεῦμα
1667 3121 1927 3173 κάτεισιν.
1981 3123 2042 3173 Εἰ
2079 3121 2134 3173 δέ
2181 3121 2245 3173 τὸ

677 3208 904 3277 Πνεῦμα
944 3208 1183 3271 ἔλαττον,
1220 3208 1319 3261 οὒκ
1354 3206 1421 3265 ἂν
1460 3206 1680 3277 μείζονα
1717 3206 1784 3281 ἦν
1816 3210 1886 3264 τά
1913 3210 2177 3281 γενόμενα
2201 3212 2242 3243 ¹¹

679 3298 773 3349 καὶ
798 3297 1227 3367 θαυμαστότερα.
1267 3299 1377 3350 Καὶ
1408 3297 1515 3367 γὰρ
1548 3300 1601 3349 αί
1629 3299 1833 3361 πλάκες
1875 3296 2032 3353 αὗται
2070 3298 2247 3368 πολλῷ

682 3384 921 3455 βελτίους
947 3389 1011 3449 ¹¹,
1058 3389 1149 3439 καὶ
1193 3388 1261 3439 τά
1310 3385 1705 3456 κατορθώματα
1740 3387 2113 3460 λαμπρότερα.
2166 3388 2243 3443 Οὐ

677 3478 786 3546 γάρ
813 3477 1059 3547 ἐξδρους
1094 3476 1361 3547 κατῄεσαν
1393 3475 1592 3545 στήλας
1625 3475 1881 3545 φέροντες
1911 3476 2117 3541 λιθίνας
2153 3478 2245 3537 ἐπὶ

678 3566 789 3619 τῶν
825 3567 1019 3635 χειρῶν
1057 3567 1106 3619 οἰ
1146 3564 1459 3626 ἀπόστολοι,
1492 3565 1741 3633 καθάπερ
1794 3567 2069 3635 Μωῦσῆς·
2111 3566 2246 3620 ἀλλά

677 3653 738 3706 τὸ
770 3653 990 3723 Πνεῦμα
1015 3654 1072 3705 ἐν
1108 3656 1173 3724 τῇ
1218 3640 1424 3725 διανοίᾳ
1471 3654 1878 3725 περιφέροντες,
1908 3655 2002 3707 καὶ
2034 3655 2238 3726 θησαυ-

680 3744 771 3813 ρόν
813 3759 935 3796 τινα
961 3742 1054 3795 καὶ
1083 3742 1261 3812 πηγὴν
1290 3743 1577 3810 δογμάτων
1619 3742 1712 3793 καὶ
1758 3744 2115 3813 χαρισμάτων
2144 3744 2239 3796 καὶ

679 3831 896 3883 πάντων
938 3828 1044 3882 τῶν
1079 3829 1293 3896 ἀγαθῶν
1331 3828 1752 3895 ἀναϐλύζοντες,
1788 3829 1929 3884 οὕτω
1972 3833 2245 3901 πανταχοῦ

679 3917 997 3989 περιῄεσαν,
1046 3916 1223 3987 βιϐλία
1270 3919 1363 3969 καὶ
1395 3917 1546 3986 νόμοι
1594 3917 1865 3988 γινόμενοι
1899 3917 1988 3971 διά
2034 3919 2134 3988 τῆς
2167 3918 2245 3991 [4]

677 4009 898 4080 χάριτος
928 3994 1178 4077 ἐμψυχοι.
1206 4005 1363 4059 Οὕτω
1398 4006 1525 4069 τοὺς
1554 4007 1903 4077 τρισχιλίους,
1937 4008 2080 4062 οῦτω
2120 4011 2246 4072 τοὺς

677 4096 1165 4167 πεντακισχιλίους,
1190 4095 1331 4148 οὕτω
1361 4096 1488 4156 τοὺς
1521 4095 1621 4165 τῆς
1652 4095 1976 4166 οἰκουμένης
2006 4098 2249 4151 ἐπεσπά-

681 4203 842 4241 σαντο
876 4186 1108 4256 δήμους,
1139 4183 1233 4237 τοῦ
1267 4183 1401 4237 Θεοῦ
1425 4184 1534 4238 ’διά
1582 4185 1681 4255 τῆς
1729 4185 1953 4240 ἐκείνων
2003 4186 2250 4255 γλώττης

678 4277 791 4338 τοῖς
830 4273 1142 4346 προσιοῦσιν
1185 4272 1356 4327 ἀπασι
1397 4273 1800 4345 διαλεγομένου.
1840 4275 1959 4345 ’Δφ’
1990 4270 2053 4331 οῦ
2094 4278 2189 4330 καὶ⁸
2219 4278 2249 4329 6

677 4363 955 4427 Ματθαῖος
991 4362 1086 4416 τοῦ
1116 4360 1431 4430 Πνεύματος
1461 4362 1795 4433 ἐμπλησθεὶς
1826 4362 2065 4435 ἐγραψεν
2098 4364 2244 4436 ειπερ

679 4451 917 4522 ἔγραψε·
964 4450 1239 4512 Ματθαῖος
1274 4451 1302 4503 ό
1340 4448 1605 4521 τελώνης·
1642 4453 1702 4504 οὐ
1757 4452 1867 4524 γάρ
1922 4454 2248 4526 αἰσχύνομαι

681 4541 859 4596 καλῶν
887 4542 1045 4595 αὑτὸν
1073 4542 1179 4595 ἀπὸ
1205 4541 1304 4610 τῆς
1335 4540 1547 4609 τέχνης,
1573 4539 1697 4593 οὔτε
1727 4541 1934 4607 τοῦτον,
1959 4541 2085 4598 οὕτε
2121 4549 2246 4610 τοὺς

681 4631 895 4692 ἄλλους.
936 4630 1103 4684 Τοῦτο
1155 4632 1261 4701 γὰρ
1318 4631 1549 4700 μάλιστα
1596 4631 1834 4685 δείκνυσι
1875 4633 1970 4686 καὶ
2010 4632 2110 4705 τὴν
2152 4635 2245 4689 τοῦ

682 4720 994 4789 Πνεύματος
1021 4721 1199 4790 χάριν,
1230 4721 1324 4773 καὶ
1353 4720 1451 4789 τὴν
1490 4720 1710 4773 ἐκείνων
1748 4721 1971 4791 ἀρετήν.

752 4809 819 4878 β’.
846 4810 1170 4876 Εὑαγγὲλιον
1194 4810 1251 4862 δέ
1272 4810 1433 4862 αὐτοῦ
1471 4809 1568 4878 τὴν
1606 4810 1986 4881 πραγματείαν
2026 4812 2246 4877 εἰκότως

681 4898 923 4952 ἐκάλεσε.
951 4899 1061 4951 Καὶ⁸
1086 4898 1195 4969 γάρ
1221 4898 1493 4961 κολάσεως
1528 4899 1831 4969 ἀναίρεσιν,
1864 4902 1961 4955 καὶ
1996 4903 2246 4974 ἁμαρτη-

684 4988 864 5056 μάτων
898 4986 1068 5049 λύσιν,
1108 4989 1200 5040 καὶ
1246 4986 1608 5057 δικαιοσύνην,
1657 4990 1752 5042 καὶ
1813 4991 2102 5061 ἀγιασμὸν,
2151 4995 2247 5047 καὶ

680 5072 1073 5143 ἀπολύτρωσιν,
1126 5070 1219 5123 καὶ
1262 5070 1547 5135 υἱοθεσίαν,
1598 5076 1693 5125 καὶ
1736 5073 2093 5145 κληρονομίαν
2140 5074 2250 5132 τῶν

679 5162 943 5229 οὐρανῶν,
994 5162 1088 5216 καὶ
1131 5161 1447 5228 συγγένειαν
1484 5162 1618 5231 πρὸς
1665 5162 1757 5215 τὸν
1790 5163 1916 5216 Υἰὸν
1949 5163 2041 5217 τοῦ
2089 5165 2245 5229 Θεοῦ,

684 5257 849 5308 πᾶσιν
893 5248 1052 5322 ἦλθεν
1094 5250 1449 5318 ἀπαγγέλλων
1466 5266 1481 5281 ⁸
1516 5254 1626 5316 τοῖς
1668 5253 1899 5322 ἐχθροῖς,
1932 5258 2042 5319 τοῖς
2074 5257 2243 5325 ἀγνώ-

690 5360 851 5413 μοσι,
892 5344 1004 5404 τοῖς
1040 5342 1098 5393 ἐν
1145 5341 1319 5408 σκότῳ
1371 5341 1715 5410 καθημένοις.
1762 5344 1826 5395 Τί
1860 5347 1978 5398 ποτ’
2020 5342 2112 5399 οὖν
2143 5348 2249 5400 τᾶν

688 5431 1020 5499 εὐαγγελίων
1062 5428 1265 5482 τούτων
1306 5424 1421 5480 ἴσον
1449 5428 1644 5494 γένοιτ’
1672 5432 1767 5496 ἀν;
1808 5432 1939 5495 Θεὸς
1983 5435 2075 5487 ἐπὶ
2116 5437 2246 5505 γῆς,

690 5517 973 5586 ἄνθρωπος
1010 5516 1068 5567 ἐν
1113 5514 1356 5586 ούρανῷ’
1398 5514 1492 5567 καὶ
1544 5518 1718 5570 πάντα
1775 5520 1977 5589 ἀναμὶξ
2016 5522 2247 5589 ἐγένετο,

751 5722 774 5755 ⁷
805 5723 1214 5795 ἐπισπάσασθαι
1240 5723 1259 5795 ]
1286 5724 1610 5795 ἐφέλκεσθαι
1641 5732 1703 5782 ις.
1784 5724 1805 5756 ⁸
1832 5727 2232 5790 ἐπισπάσασθαι

682 5793 1095 5875 νομένωνΡεΨέ
1130 5793 1510 5875 ,,¹¹’Υιν⁶,ξιενα
1546 5796 1696 5875 Αιβ·
1786 5798 1831 5875 ’ἶ
1855 5796 2145 5875 βελτίους]

2340 422 2559 492 ἄγγελοι
2596 420 2946 491 συνεχόρευον
2980 421 3310 490 ἀνθρώποις,
3341 422 3617 495 ἂνθρωποι
3665 426 3781 491 τοῖς
3822 428 3923 496 ἀγ.

2342 514 2519 577 γὲλοις
2560 511 2896 577 ἐκοινώνουν,
2926 511 3019 563 καὶ
3047 513 3166 575 ταῖς
3212 512 3400 577 ἄλλαις
3442 513 3562 579 ταῖς
3607 515 3724 570 ἀνω
3759 516 3922 573 δυνά-

2347 620 2499 675 μεσι·
2531 603 2625 661 καὶ
2648 599 2719 674 ἦν
2749 602 2880 656 ἰδεῖν
2909 602 3001 655 τὸν
3030 603 3242 674 χρόνιον
3271 603 3500 660 λυθέντι.
3536 605 3793 679 πόλεμον,
3822 609 3923 663 καὶ

2344 693 2686 761 καταλλαγάς
2730 690 2865 744 Θεοῦ
2906 694 3040 764 πρὸς
3086 692 3187 765 τὴν
3220 693 3499 766 ήμετέραν
3542 697 3923 768 γεγενημένας

2344 784 2525 853 φύσιν,
2551 781 2796 837 διάϐολον
2827 782 3237 853 αἰσχυνόμενον,
3265 783 3528 856 δαίμονας
3560 787 3924 858 δραπετεύω-

2340 889 2461 937 τας,
2489 871 2719 927 θάνατον
2757 872 3049 941 λελυμένον
3073 871 3138 939 ⁸³,
3174 872 3499 943 παράδεισον
3544 874 3923 947 ἀνοιγόμενον,

2342 962 2590 1035 κατάραν
2626 962 3023 1033 ἠφανισμένην,
3072 962 3348 1033 ἁμαρτίαν
3392 963 3640 1018 ἐκποδὼν
3685 980 3924 1036 γεγενη-

2349 1053 2537 1125 μένην,
2582 1052 2791 1121 πλάνην
2828 1050 3268 1123 ἀπεληλαμένην,
3313 1052 3570 1125 ἀλήθειαν
3598 1055 3929 1111 ἐπανελθοῦ-

2349 1162 2468 1211 σαν,
2508 1147 2611 1215 τῆς
2640 1141 2921 1206 εὐσεϐείας
2949 1141 3043 1197 τὸν
3089 1142 3246 1211 λόγον
3294 1145 3567 1215 πανταχοῦ
3626 1163 3932 1201 κατασπει-

2350 1235 2573 1305 ρόμενον
2610 1235 2705 1286 καὶ
2750 1232 3028 1303 κομῶντα,
3072 1233 3168 1303 τὴν
3197 1232 3304 1286 τῶν
3338 1235 3450 1289 ἀνω
3490 1235 3776 1290 πολιτείαν
3833 1236 3934 1289 ἐπὶ

2346 1325 2442 1395 τῆς
2476 1326 2579 1394 γῆς
2625 1323 3061 1394 πεφυτευμένην,
3109 1323 3248 1394 μετά
3292 1325 3475 1390 ἀδείας
3524 1327 3622 1391 τάς
3671 1326 3935 1398 δυνάμεις

2347 1414 2560 1477 ἐκείνας
2583 1413 2877 1483 όμιλούσας
2901 1415 3055 1485 ἡμῖν,
3084 1415 3179 1467 καὶ
3205 1417 3271 1485 τῇ
3297 1417 3369 1485 γῇ
3394 1415 3634 1486 συνεχῶς
3661 1416 3935 1486 ἀγγέλους

2351 1503 2849 1579 ἐπιχωριάζοντας,
2893 1505 2989 1557 καὶ
3045 1505 3245 1575 πολλὴν
3288 1505 3430 1577 ὑπὲρ
3471 1506 3581 1559 τῶν
3628 1507 3935 1577 μελλόντων

2348 1597 2447 1668 τὴν
2483 1594 2673 1647 ἐλπίδα
2722 1590 2906 1647 οὖσαν.
2950 1593 3050 1647 Διά
3078 1593 3235 1647 τοῦτο
3266 1595 3600 1664 Εύαγγέλιον
3636 1597 3735 1668 τὴν
3784 1599 3937 1651 ιστο-

2350 1689 2472 1759 ρίαν
2505 1685 2783 1749 ἐκάλεσεν,
2815 1683 2891 1747 ὡς
2928 1686 2997 1739 τά
3030 1702 3093 1752 γε
3126 1685 3260 1739 ἄλλα
3295 1686 3473 1740 πάντα
3510 1688 3729 1758 ῥήματα
3770 1690 3936 1759 μόνον
3974 1744 3985 1756 ,

2351 1779 2466 1833 ἐστὶ
2503 1777 2845 1849 πραγμάτων
2879 1775 3082 1847 ἔρημα,
3124 1775 3233 1831 οἷον
3263 1780 3561 1849 χρημάτων
3599 1777 3678 1851 [5]
3713 1796 3938 1851 περιου-

2354 1873 2475 1934 σία,
2525 1869 2843 1932 δυναστείας
2880 1868 3126 1938 μέγεθος,
3171 1872 3267 1923 καὶ
3306 1872 3471 1941 ἀρχαὶ
3503 1872 3597 1925 καὶ
3643 1871 3791 1938 δόξαι
3833 1873 3938 1927 καὶ

2352 1964 2539 2033 τιμαί,
2586 1963 2680 2016 καὶ
2730 1964 2797 2017 τά
2858 1962 2991 2017 ἄλλα
3031 1962 3135 2015 ὅσα
3184 1963 3333 2032 παρά
3384 1961 3694 2033 ἀνθρώποις
3752 1965 3939 2033 ἀγαθά

2356 2051 2493 2108 εἶναι
2537 2053 2834 2125 νομίζεται.
2874 2052 2955 2105 Τά
3004 2052 3061 2106 δὲ
3098 2052 3245 2121 παρά
3289 2051 3398 2103 τῶν
3425 2051 3622 2105 ἀλιέων
3650 2052 3938 2122 ἀπαγγελ-

2355 2145 2517 2199 θέντα.
2542 2144 2775 2215 γνησίως
2800 2162 2860 2197 τε
2890 2137 2984 2197 καὶ
3013 2142 3219 2214 κυρίως
3241 2139 3536 2209 εὐαγγέλια
3560 2139 3627 2194 ἂν
3651 2141 3903 2195 καλοῖντο
3920 2160 3937 2174 ο

2354 2237 2454 2289 οὐκ
2492 2236 2679 2307 ἐπειδὴ
2713 2235 2903 2304 βέϐαια
2937 2234 3032 2287 καὶ
3080 2232 3315 2301 ἀκίνητα
3352 2231 3510 2301 μόνον
3534 2231 3697 2301 ἐστὶν
3728 2231 3937 2299 ἀγαθὰ,

2358 2326 2451 2379 καὶ
2477 2326 2615 2397 ὺπέρ
2650 2326 2749 2392 τὴν
2777 2326 2933 2391 ἀξίαν
2972 2324 3070 2394 τὴν
3098 2322 3392 2393 ἡμετέραν,
3425 2321 3539 2373 ἀλλ’
3576 2321 3656 2375 ὅτι
3686 2322 3779 2374 καί⁵
3813 2322 3940 2392 μετ’

2356 2414 2603 2478 εὐκολίας
2636 2416 2851 2485 ἀπάσης
2898 2417 3031 2486 ἡμῖν
3066 2413 3245 2484 ἐδόθη.
3284 2411 3418 2465 Ούδέ
3448 2411 3555 2481 γάρ
3593 2412 3937 2484 πονήσαντες

2355 2506 2451 2559 καὶ
2491 2504 2835 2575 ίδρώσαντες,
2863 2507 2925 2559 οὐ
2959 2504 3225 2574 καμόντες
3254 2504 3349 2555 καὶ
3388 2500 3936 2575 ταλαιπωρηθέντες,

2354 2597 2469 2651 ἀλλ’
2513 2597 2889 2668 ἀγαπηθέντες
2933 2596 3089 2667 παρά
3128 2592 3226 2648 τοῦ
3260 2591 3396 2647 Θεοῦ
3438 2593 3621 2662 μόνον,
3667 2592 3940 2665 ἐλάϐομεν

2356 2687 2499 2760 ἀπερ
2527 2687 2815 2758 ἐλάϐομεν.
2859 2688 2969 2741 Καὶ
2988 2688 3055 2753 ¹τί
3094 2686 3295 2757 δήποτε
3320 2683 3591 2739 τοσούτων
3626 2684 3793 2740 ὄντων
3824 2685 3941 2740 τῶν

2366 2772 2638 2841 μαθητῶν,
2684 2770 2779 2847 δύο
2806 2769 3110 2838 γράφουσιν
3154 2769 3219 2820 ἐκ
3253 2766 3361 2821 τῶν
3404 2764 3717 2823 ἀποστόλων
3748 2767 3938 2837 μόνοι,

2364 2862 2457 2916 καὶ
2477 2861 2569 2914 δύο
2596 2862 2661 2915 ἐκ
2690 2859 2799 2913 τῶν
2819 2860 3025 2922 τούτοις
3054 2857 3396 2923 ἀκολούθων;
3437 2859 3497 2910 '0
3528 2858 3624 2927 μέν
3652 2857 3761 2928 γάρ
3785 2857 3942 2912 Παύ-

2364 2952 2478 3016 λου,
2519 2954 2549 3004 6
2584 2952 2640 3005 δέ
2673 2952 2881 3022 Πέτρου
2927 2949 3175 3022 μαθητὴς
3220 2948 3316 3013 ὢν,
3366 2948 3504 3019 μετά
3540 2948 3781 3003 Ἰωάννου
3842 2949 3941 3002 καὶ

2362 3040 2643 3094 Ματθαίου
2675 3041 2743 3092 τά
2790 3039 3098 3105 Εὑαγγὲλια
3141 3037 3405 3108 ἔγραψαν.
3435 3038 3558 3091 Ὀτι
3599 3037 3750 3090 οὐδὲν
3797 3038 3941 3107 πρὸς

2362 3129 2669 3198 φιλοτιμίαν
2719 3128 2956 3189 ἐποίουν,
3005 3126 3139 3180 ἀλλά
3194 3126 3372 3180 πάντα
3426 3126 3562 3198 1:96;
3609 3126 3815 3198 χρείαν.
3868 3127 3941 3179 Τί

2362 3214 2493 3282 οῦνς
2546 3220 2660 3271 Οὺκ
2713 3217 2873 3288 ἢρκει
2928 3212 3008 3281 εἷς
3056 3215 3440 3287 εὐαγγελιστὴς
3499 3217 3674 3272 πάντα
3725 3218 3942 3283 εἰπεῖυς

2368 3310 2565 3379 mpm
2598 3308 2723 3378 μέν’
2760 3307 2897 3361 ἀλλά
2928 3310 3032 3361 κᾶν
3065 3308 3325 3379 τέσσαρες
3363 3301 3496 3359 ὦσιν
3533 3310 3581 3360 οἱ
3613 3307 3941 3377 γράφοντεςο

2368 3399 2506 3468 μήτε
2534 3397 2676 3451 κατά
2702 3399 2828 3460 τοὺς
2855 3397 3052 3459 αὐτοὺς
3077 3396 3322 3467 καιροὺς,
3355 3396 3492 3466 μήτε
3525 3396 3581 3448 ἐν
3610 3398 3720 3460 τοῖς
3750 3398 3944 3461 αὐτοῖς

2363 3488 2567 3549 τόποις,
2600 3488 2737 3557 μήτε
2768 3484 3108 3548 συνελθόντες
3134 3486 3227 3538 καὶ
3255 3484 3625 3555 διαλεχθέντες
3662 3485 3943 3554 ἀλλήλοις,

2363 3570 2480 3629 εἶτα
2507 3575 2696 3646 ὥσπερ
2722 3576 2816 3642 ἀφ’
2848 3575 2965 3638 ἐνὸς
2993 3575 3258 3644 στόματος
3285 3574 3467 3627 πάντα
3495 3573 3838 3642 φθέγγωνται
3872 3576 3920 3607 ίι

2368 3666 2596 3736 μεγίστη
2631 3667 2730 3736 τῆς
2758 3664 3011 3736 ἀληθείας
3038 3664 3307 3730 ἀπόδειξις
3340 3663 3497 3717 τοῦτο
3531 3665 3754 3733 γίνεται.

2438 3757 2547 3810 Καὶ
2578 3756 2683 3827 μὴν
2714 3755 3022 3809 τούναντίον
3048 3755 3266 3826 συνέϐη,
3310 3755 3476 3825 φησί·
3510 3755 3774 3826 πολλαχοῦ
3825 3756 3945 3829 γὰρ

2364 3845 2753 3914 διαφωνοῦντες
2795 3844 3126 3914 ἐλέγχονται.
3171 3844 3311 3897 Δύτὸ
3361 3845 3459 3915 μὲν
3508 3840 3603 3898 οῦν
3647 3844 3803 3900 τοῦτο
3841 3850 3946 3917 μέ-

2363 3950 2549 4003 γιστον
2579 3935 2777 4004 δεῖγμα
2826 3934 2927 4003 τῆς
2975 3934 3231 4005 ἀληθείας
3281 3934 3448 3989 ἐστίν.
3501 3937 3564 3990 Εἰ
3612 3936 3722 4005 γὰρ
3760 3939 3949 3992 πάντα

2369 4022 2751 4091 συνεφώνησαν
2787 4025 2923 4092 μετά
2949 4024 3258 4097 ἀκριϐείας,
3284 4026 3379 4077 καὶ
3410 4026 3570 4095 μέχρι
3599 4027 3813 4098 καιροῦ,
3844 4032 3949 4085 καὶ

2372 4112 2533 4182 μέχρι
2565 4112 2755 4173 τόπου,
2778 4113 2873 4164 καὶ
2906 4115 3067 4184 μέχρι
3110 4114 3369 4184 ῥημάτων
3409 4114 3610 4180 αὐτῶν,
3654 4117 3827 4183 οὐδεὶς
3872 4120 3950 4175 ἂν

2366 4203 2653 4256 ἐπίστευσε
2683 4202 2792 4255 τῶν
2825 4202 3057 4274 ἐχθρῶν,
3082 4204 3165 4257 ὅτι
3200 4203 3273 4275 μὴ
3308 4204 3649 4270 συνελθόντες
3676 4206 3783 4261 ἀπὸ
3816 4224 3948 4262 συν-

2368 4292 2540 4362 θήκης
2564 4292 2704 4354 τινὸς
2731 4290 3080 4363 ἀνθρωπίνης
3119 4291 3364 4364 ἔγραψαν
3393 4293 3536 4365 ἀπερ
3567 4294 3839 4365 ἔγραψανο
3873 4297 3943 4350 οὐ

2365 4383 2475 4453 γὰρ
2513 4376 2650 4434 εἶναι
2682 4382 2780 4450 τῆς
2810 4379 3111 4451 ἁπλότητος
3138 4381 3236 4452 τὴν
3278 4383 3545 4454 τοσαύτην
3595 4386 3943 4455 συμφωνίαν,

2365 4472 2501 4525 Νυνὶ
2548 4470 2605 4525 δέ
2641 4473 2733 4523 καὶ
2773 4473 2807 4541 ή
2844 4470 3074 4524 δοκοῦσα
3121 4472 3178 4523 ἐν
3230 4472 3444 4542 μικροῖς
3489 4468 3629 4525 εἶναι
3672 4472 3946 4540 διαφωνία

2366 4564 2547 4633 πάσης
2599 4559 2925 4615 ἀπαλλάττει
2965 4561 3159 4623 αὐτοὺς
3203 4560 3470 4628 ὑπσᾲίας,
3518 4561 3611 4613 καὶ
3670 4560 3949 4636 λαμπρῶς

2366 4654 2506 4725 ὺπέρ
2543 4652 2635 4706 τοῦ
2667 4653 2865 4722 τρόπου
2888 4651 2997 4705 τῶν
3022 4652 3349 4723 γραψάντων
3386 4650 3751 4717 ἀπολογεῖται.
3782 4654 3847 4707 Εἰ
3879 4654 3948 4709 δέ

2364 4762 2415 4797 τι
2444 4745 2573 4815 περὶ
2596 4742 2801 4814 καιρῶν
2828 4743 2862 4813 ἢ
2888 4742 3068 4796 τόπων
3096 4740 3367 4811 διαφόρως
3390 4742 3748 4811 ἀπήγγειλαν,
3775 4744 3947 4798 τοῦτο

2364 4834 2514 4887 οὐδὲν
2549 4832 2772 4903 βλάπτει
2799 4834 2906 4888 τῶν
2932 4832 3236 4904 εἰρημένων
3264 4829 3360 4909 τὴν
3403 4829 3677 4909 ἀλήθειαν.
3706 4830 3789 4903 [6]
3825 4834 3947 4889 Καὶ

2364 4924 2535 4978 ταῦτα
2578 4924 2634 4977 δὲ
2661 4925 2726 4987 ³⁸,
2766 4925 2839 4987 ὼς
2886 4925 2953 4977 ἂν
2992 4926 3021 4978 6
3072 4922 3201 4985 Θεὸς
3259 4914 3517 4997 παρέχῃ,
3560 4925 3947 4997 πειρασόμεθα

2367 5016 2643 5085 προϊόντες
2694 5016 2968 5083 ἀποδεῖξαι
2988 5054 3003 5081 ,
3056 5015 3232 5069 ἐκεῖνο
3284 5014 3421 5084 μετά
3471 5017 3579 5070 τῶν
3631 5017 3943 5088 εἰρημένων

2365 5104 2640 5169 ἀξιοῦντες
2670 5105 2809 5175 ὑμᾶς
2838 5106 3194 5175 παρατηρεῖν,
3226 5104 3307 5158 ὅτι
3335 5105 3392 5156 ἐν
3418 5106 3529 5167 τοῖς
3557 5106 3873 5174 κεφαλαίοις
3893 5110 3945 5142 ιι

2367 5193 2462 5245 καὶ
2493 5192 2799 5262 συνέχουσιν
2832 5194 2986 5264 ήμῶν
3010 5194 3107 5265 τὴν
3138 5193 3281 5265 ζωὴν
3309 5195 3403 5247 καὶ
3428 5194 3488 5247 τὸ
3517 5195 3777 5267 κήρυγμα
3804 5213 3943 5268 συγ-

2367 5281 2671 5352 κροτοῦσιν,
2699 5282 2933 5352 οὐδαμοῦ
2963 5301 3045 5348 τις
3091 5283 3271 5337 αὐτῶν
3317 5284 3436 5337 οὑδέ
3488 5286 3682 5355 μικρὸν
3728 5286 3937 5357 διαφωρ

2364 5374 2531 5445 νήσας
2564 5372 2891 5441 εὑρίσκεται.
2919 5373 3051 5427 Τίνα
3076 5374 3133 5427 δέ
3172 5374 3345 5427 ταῦτά
3391 5376 3572 5439 ἐστιν;
3606 5370 3751 5443 υίον,
3787 5377 3872 5431 δτι
3908 5383 3943 5434 6

2363 5462 2497 5526 Θεὸς
2536 5461 2817 5533 ἄνθρωπος
2849 5462 3086 5533 ἐγένετο,
3125 5463 3206 5517 ὅτι
3248 5463 3501 5532 θαύματα
3545 5466 3815 5538 ἐποίησεν,
3851 5468 3941 5524 ὃτι

2367 5552 2703 5624 ἐσταυρώθη,
2734 5556 2816 5607 ὅτι
2849 5553 3042 5626 ἐτάφη,
3072 5556 3153 5609 ὅτι
3188 5554 3407 5625 ἀνέστη,
3445 5556 3524 5610 ὅτι
3567 5558 3815 5630 ἀνῆλθεν,
3854 5561 3941 5616 ὃτι

2190 5753 2347 5862 “Jun
2378 5740 2441 5794 ι).
2520 5742 2541 5774 ⁸
2566 5742 2657 5794 καὶ
2691 5747 2783 5796 τοῦ
2809 5748 3016 5801 καπνοῦ
3046 5750 3138 5803 καὶ
3167 5748 3262 5802 τοῦ
3302 5751 3470 5821 πυρός
3500 5753 3561 5808 C.
3595 5754 3660 5809 D.
3745 5756 3790 5791 ⁸⁸
3810 5772 3912 5827 γε-

2190 5805 2234 5860 Α
2276 5808 2330 5862 d.
2366 5810 2590 5867 ἐκείνων
2610 5812 2672 5866 Ι).
2751 5814 2796 5846 ⁸³
2824 5815 3113 5867 λελυμένον
3146 5817 3166 5867 Ἰ
3204 5818 3293 5867 Sin
3321 5820 3422 5867 An.
3452 5826 3601 5867 Arm-
3625 5823 3912 5867 δεδιηίυηυ

2751 5814 2796 5846 ⁸³
2824 5815 3113 5898 λελυμένον
3146 5817 3166 5890 ]
3199 5818 3293 5898 βία
3319 5814 3602 5898 ᾼὴὲλιςηι.
3625 5814 3912 5898 δεδεμένον

680 5860 840 5920 Α.Ἐ.
927 5864 970 5894 ⁸⁸
1009 5862 1097 5917 Sic
1129 5860 1318 5934 Steph.
1360 5860 1483 5920 εον.
1520 5865 1737 5921 codices
1767 5860 2144 5939 φθέγγονταῖ.’
2190 5876 2233 5909 ¹⁸

2358 5860 2453 5933 ’ΤΠιῄ
2572 5860 2583 5865 ⁷
2610 5860 2672 5914 ἦ-
