4140 6298
240 321 307 378 τε
1418 329 1490 384 ῙΝ
1529 331 1950 392 ΜᾹΤΤΗΑΞΠΜ
2017 335 2252 393 ΙΙΟΜῐ-Ιι.
2292 337 2333 390 1.
3451 340 3520 396 16

234 426 347 484 bn's
369 441 512 498 opus
536 429 868 494 habeamus;
910 445 977 487 ne
1006 430 1110 489 hoc
1146 433 1383 490 secundo
1409 436 1623 507 quidem
1647 454 1828 496 reme-

236 519 325 574 dio
351 527 411 573 ut
438 533 540 588 par
565 526 715 574 esset
735 529 966 576 utamur.
993 521 1128 578 Nam
1155 525 1198 579 si
1224 539 1329 581 non
1350 527 1504 597 culpa
1531 540 1683 586 vacat
1711 531 1826 588 lite-

235 609 309 664 ris
329 622 514 680 egere,
545 622 647 664 nec
672 624 768 679 per
791 626 851 667 se
875 611 1105 682 Spiritus
1131 616 1356 684 gratiam
1378 619 1697 693 attrahere;
1731 638 1827 677 co-

228 701 336 770 gita
365 708 631 770 quantum
656 703 862 758 crimen
900 705 970 760 sit
1009 721 1076 761 ne
1116 707 1218 763 hoc
1251 708 1466 778 quidem
1505 713 1707 768 auxilio
1751 716 1826 770 uti

231 789 389 856 velle,
429 790 529 847 sed
558 791 742 848 literas
765 794 884 850 illas
913 796 1065 865 quasi
1089 796 1283 854 frustra
1311 810 1366 855 et
1391 810 1594 858 temere
1625 806 1827 874 positas

223 877 529 948 despicere,
568 890 628 935 et
659 883 918 952 majorem
950 885 1002 939 in
1031 900 1092 942 se
1114 889 1619 960 attrahere-poenam
1671 893 1826 961 Quod

226 982 295 1023 ne
317 968 550 1034 accidat,
575 970 872 1042 Scripturis
913 985 1160 1032 accurate
1185 978 1534 1036 adhibeamus
1559 984 1821 1053 animum,

223 1072 287 1112 ac
312 1057 587 1115 discamus
612 1062 880 1131 quomodo
900 1074 1054 1120 vetus
1085 1067 1170 1122 lex
1200 1069 1323 1126 data
1349 1070 1528 1137 fuerit,
1553 1076 1823 1144 quomodo

223 1157 411 1215 postea
442 1148 647 1205 Novum
673 1152 1097 1211 Testamentum.
1119 1156 1239 1225 Quo
1264 1160 1422 1230 igitur
1442 1164 1602 1220 modo
1625 1167 1711 1222 lex
1731 1167 1821 1223 illa

221 1236 340 1291 data
374 1247 485 1292 tum
517 1241 648 1295 fuit?
672 1245 888 1312 quando
911 1256 966 1300 et
996 1247 1249 1304 ubinam?
1293 1251 1421 1306 Post
1447 1251 1818 1326 Egyptiorum

219 1329 538 1397 perniciem,
563 1332 616 1385 in
639 1331 878 1402 deserto,
907 1345 961 1390 et
990 1337 1041 1391 in
1069 1349 1250 1396 monte
1274 1341 1422 1410 Sina,
1453 1344 1598 1399 fumo
1623 1355 1677 1401 et
1699 1347 1820 1418 igne

215 1419 288 1475 de
337 1432 523 1479 monte
563 1435 899 1495 erumpente,
945 1429 1065 1482 tuba
1103 1431 1408 1502 clangente,
1448 1433 1818 1505 frequentibus:

220 1509 519 1581 fulguribus
545 1523 706 1584 atque
737 1517 1004 1584 tonitruis,
1037 1517 1325 1591 Moyseque
1352 1522 1404 1576 itt
1433 1523 1604 1594 ipsam
1631 1527 1820 1598 ealigi-

219 1617 338 1656 nem
377 1605 626 1659 intrante.
671 1608 725 1661 tn
760 1607 909 1663 Novo
934 1619 1111 1665 autem
1149 1627 1254 1666 non
1296 1612 1364 1667 ita
1393 1629 1492 1671 nec
1521 1616 1572 1670 in
1600 1617 1816 1674 deserto

217 1707 316 1746 nec
337 1694 391 1747 in
424 1705 625 1760 monte,
649 1714 754 1751 non
776 1715 897 1754 cum
930 1701 1093 1767 fumo,
1117 1704 1372 1770 tenebris,
1403 1707 1630 1777 caligine
1655 1720 1815 1781 atque

216 1785 476 1851 procella,
508 1787 603 1842 sed
632 1788 850 1845 ineunte
876 1792 982 1858 die,
1010 1793 1177 1860 domi,
1205 1796 1461 1853 omnibus
1490 1815 1592 1854 una
1621 1803 1817 1858 seden-

209 1873 376 1940 tibus,
423 1890 612 1946 magna
652 1894 776 1933 cum
820 1883 1202 1951 tranquillitate
1243 1897 1391 1955 gesta
1436 1899 1561 1944 sunt
1609 1894 1807 1948 omnia.

212 1959 590 2020 Ferocioribus
627 1969 823 2050 quippe
851 1970 952 2024 illis
975 1980 1028 2025 et
1057 1971 1508 2043 el'frenatioribus,
1552 1994 1809 2050 corporea

209 2052 391 2119 specie
436 2068 571 2124 opus
611 2043 775 2122 erat;'
801 2074 991 2129 nempe
1028 2062 1347 2131 solitudine,
1393 2076 1594 2133 monte,
1639 2043 1808 2138 fumo,

205 2145 352 2199 tubae
398 2146 654 2218 clangore
693 2159 749 2206 et
792 2153 1087 2221 similibus;
1135 2155 1537 2215 sublimioribus
1585 2179 1711 2217 vero
1754 2174 1810 2220 et

207 2233 736 2305 obsequentioribus,
779 2240 870 2310 qui
914 2256 1203 2312 corporeae
1247 2247 1599 2317 cogitationes
1651 2253 1810 2323 longe

201 2335 622 2402 exsuperabant,
656 2333 956 2406 hujustnodi
984 2340 1143 2394 rebus
1169 2341 1302 2397 nihil
1332 2358 1466 2413 opus
1487 2354 1622 2400 erat.
1652 2347 1805 2414 Quod

203 2423 251 2476 si
293 2433 351 2478 et
407 2424 548 2494 apud
600 2425 720 2483 illos
774 2441 940 2484 sonus
983 2431 1217 2487 emissus
1265 2441 1381 2501 est,
1425 2433 1477 2490 id
1520 2451 1628 2491 non
1670 2452 1805 2508 apo-

203 2512 512 2581 stolorum,
567 2516 662 2571 sed
707 2516 1014 2576 Iudaeorum
1059 2530 1184 2578 tunc
1246 2526 1587 2594 praesentium
1639 2543 1802 2584 causa

207 2599 443 2684 factum,
478 2615 587 2668 est,
664 2607 927 2678 simulque
992 2612 1161 2680 ignea:
1225 2616 1419 2684 lingua:
1469 2619 1599 2673 visae
1653 2632 1799 2674 sunt.

195 2678 333 2735 Nam
405 2681 449 2736 si
501 2684 585 2739 his
642 2689 712 2740 ita
755 2689 922 2756 gestis
952 2729 970 2755 ,
1017 2678 1171 2761 ipsos
1218 2678 1399 2752 musto
1451 2697 1639 2768 plenos
1673 2715 1795 2760 esse

191 2771 448 2828 dicebant
473 2775 612 2842 (Act.
653 2777 709 2830 2.
751 2780 874 2849 l3);
904 2783 1071 2837 multo
1098 2788 1266 2857 magis
1306 2789 1360 2843 id
1393 2789 1585 2847 dicturi
1613 2804 1796 2858 erant.

189 2862 240 2917 si
273 2863 406 2919 nihil
445 2865 637 2920 horum
667 2869 942 2924 vidissent.
985 2871 1055 2926 Et
1099 2875 1152 2929 in
1196 2879 1364 2934 veteri
1394 2880 1612 2950 quidem
1652 2882 1789 2953 lege,

187 2966 315 3008 cum
361 2955 573 3027 Moyses
613 2959 963 3024 ascendisset.
1005 2961 1284 3022 descendit
1325 2967 1465 3024 Deus
1497 2985 1512 3025 :
1541 2970 1629 3026 hic
1666 2985 1793 3027 vero

191 3057 478 3116 postquam
506 3060 693 3103 natura
727 3061 906 3106 nostra
934 3053 989 3107 in
1019 3057 1236 3124 omium,
1269 3058 1378 3113 imo
1403 3059 1456 3114 in
1484 3059 1676 3116 solium
1704 3077 1787 3118 re-

189 3138 337 3208 gium
365 3152 554 3196 evecta
581 3153 746 3203 esset.
776 3145 1008 3214 Spiritus
1030 3148 1327 3206 descendit.
1359 3153 1416 3208 Si
1446 3165 1628 3211 autem
1662 3155 1785 3226 Spi-

189 3228 328 3282 ritus
354 3230 532 3283 minor
557 3243 717 3298 esset,
749 3233 862 3289 haec
890 3252 996 3290 non
1027 3238 1131 3293 illis
1156 3241 1345 3307 priscis
1373 3243 1574 3311 majora
1617 3246 1788 3301 mira-

188 3315 490 3388 bilioraque
521 3319 766 3375 fuissent.
809 3322 942 3378 Nam
987 3325 1068 3381 lue
1111 3328 1305 3385 tabulae
1345 3332 1504 3403 longe
1535 3344 1796 3404 praestan-

185 3407 357 3460 tiores
386 3416 515 3461 sunt
546 3409 674 3476 illis,
701 3421 761 3465 ut
791 3421 846 3467 et
872 3429 960 3469 res
981 3426 1146 3485 gestae
1171 3420 1582 3488 Splendidiorcs.
1609 3424 1791 3495 Neque

186 3497 331 3551 enim
359 3499 588 3567 apostoli
621 3515 685 3555 ex
722 3512 906 3558 monte
945 3505 1339 3564 descenderunt
1375 3511 1579 3568 tabulas
1618 3515 1790 3570 mani-

189 3585 288 3640 bus
336 3597 646 3656 gestantes,
684 3599 740 3645 ut
770 3592 1023 3664 Moyses;
1065 3597 1161 3652 sed
1211 3599 1467 3667 Spiritum
1512 3602 1567 3656 in
1609 3615 1790 3662 mento

182 3675 653 3745 circumferentes,
698 3696 762 3737 ac
811 3684 1119 3741 thesaurum
1163 3690 1449 3758 quemdam
1489 3702 1546 3748 et
1584 3694 1786 3752 fontem

181 3765 497 3833 dogmatum
540 3778 595 3824 et
622 3769 888 3827 donorum
932 3774 1301 3849 bonorumque
1330 3782 1568 3837 omnium
1603 3784 1786 3840 effun-

177 3853 410 3920 dentes,
446 3858 524 3912 sic
548 3874 956 3929 quoquoversus
991 3866 1314 3935 circuihant,
1347 3870 1446 3940 ipsi
1474 3888 1689 3945 quoque
1717 3875 1786 3931 li-

184 3945 264 4000 bri
297 3948 540 4004 viventes
568 3959 731 4021 atque
759 3953 906 4024 leges
934 3971 1031 4024 per
1054 3960 1278 4027 gratiam
1314 3961 1486 4017 effecti
1519 3983 1533 4019 :
1574 3967 1655 4022 sic
1685 3967 1783 4023 tria

182 4037 378 4102 millia,
408 4040 486 4094 sic
527 4042 760 4113 quinque
791 4045 981 4110 millia,
1017 4048 1095 4102 sic
1123 4049 1403 4105 universos
1429 4052 1576 4108 orbis
1615 4069 1784 4125 popu-

183 4127 266 4181 los
295 4139 653 4197 attraxerant,
696 4135 803 4189 Deo
835 4151 932 4205 per
961 4151 1147 4193 eorum
1190 4141 1424 4211 linguam
1463 4144 1782 4203 accedentes

180 4218 490 4288 alloquente
513 4222 651 4293 (Act.
686 4223 741 4277 Ξ.
768 4225 859 4281 ιι.
900 4237 948 4281 et
971 4228 1025 4283 ιε
1053 4228 1130 4301 4).
1160 4230 1278 4297 Quo
1301 4233 1438 4288 duce
1461 4236 1621 4290 etiam
1649 4237 1784 4294 Mat-

176 4309 360 4365 alueus
371 4313 505 4379 Spiri
515 4322 567 4366 tu
582 4316 815 4384 repletus
833 4316 949 4374 haec
961 4320 1173 4390 scripsit
1189 4339 1202 4386 ;
1217 4321 1517 4393 Matthaus,
1539 4326 1777 4397 inquam,

182 4399 275 4454 ille
319 4402 632 4470 publicanus
666 4426 678 4460 :
710 4421 817 4461 non
861 4410 1005 4464 enim
1050 4411 1213 4480 pudet
1253 4413 1376 4468 eum
1417 4416 1486 4470 ab
1524 4425 1639 4474 arte
1681 4434 1779 4476 sua

183 4509 530 4562 nuncupare:
581 4512 758 4567 neque
805 4499 985 4566 illum,
1041 4518 1215 4573 neque
1262 4505 1418 4580 alios.
1471 4507 1584 4563 lloc
1635 4511 1776 4565 enim

175 4588 418 4643 maxime
445 4599 499 4644 et
523 4590 753 4658 Spiritus
773 4593 1002 4662 gratiam
1029 4604 1083 4650 et
1109 4597 1318 4650 illorum
1354 4599 1604 4654 virtutem
1629 4616 1777 4657 eont-

183 4680 419 4735 ntettdat.

247 4929 305 4983 2.
348 4930 490 4999 Opus
534 4943 710 4989 autem
753 4951 910 4991 suum
951 4937 1073 5006 jure
1103 4939 1445 5011 Evangelium
1474 4943 1764 5016 inscripsit.

174 5018 453 5084 Siquidem
499 5024 757 5077 sublatam
814 5027 1070 5083 ultionem
1150 5041 1484 5097 peccatorum
1533 5037 1764 5107 veniam,

175 5109 458 5179 justitiam,
487 5115 987 5191 sanctificationem,
1035 5124 1480 5195 redemptionem,
1518 5131 1768 5202 adoptio-

175 5216 324 5264 nem,
368 5203 618 5260 czelorum
652 5207 1001 5268 hereditatem
1032 5225 1086 5270 et
1114 5219 1483 5285 cognationem
1522 5238 1645 5278 cum
1675 5224 1764 5280 Fi-

177 5288 248 5345 lio
278 5293 399 5359 Dei,
427 5299 678 5354 omnibus
698 5306 1068 5360 annuntiatum
1094 5308 1262 5374 venit,
1293 5311 1541 5379 inimicis,
1573 5315 1765 5385 impro-

177 5381 277 5444 his,
324 5386 633 5444 sedentibus
678 5392 730 5446 in
773 5395 1028 5451 tenebris.
1073 5398 1210 5464 Quid
1251 5409 1356 5455 tam
1395 5403 1536 5458 bono
1578 5381 1764 5462 nuntio

173 5477 348 5542 possit
383 5484 620 5550 aequari?
665 5484 804 5540 Deus
842 5490 892 5541 in
931 5497 1092 5555 terra,
1127 5491 1287 5546 homo
1311 5495 1359 5546 in
1389 5497 1521 5551 caelo
1554 5515 1566 5550 :
1596 5498 1759 5554 faeta-

169 5583 274 5633 que
326 5572 560 5628 omnium
608 5579 995 5635 commixtione
1046 5584 1220 5653 angeli
1278 5601 1399 5640 cum
1457 5589 1760 5648 hominibus

166 5657 396 5716 choreas
424 5665 675 5734 agebant,
718 5667 962 5726 homines
1005 5688 1124 5729 cum
1155 5679 1357 5745 angelis
1402 5680 1628 5753 aliisque
1667 5699 1758 5740 su-

1935 456 2116 510 pernis
2149 436 2500 512 potestatibus
2523 439 2880 498 versabantur
2907 459 2922 497 :
2945 437 3244 510 Videreque
3270 448 3394 495 erat
3413 439 3531 491 diu-

1933 541 2149 587 turnum
2176 532 2377 589 bellum
2421 532 2678 600 solutum,
2704 541 2759 588 et
2785 541 2939 601 pacta
2964 546 2992 584 a
3023 531 3134 586 Deo
3173 544 3297 585 eum
3339 539 3465 584 natu
3498 546 3530 582 ει

1933 631 2114 676 nostra
2158 621 2325 688 inita;
2372 621 2645 678 diabolum
2691 621 2896 692 pudore
2939 618 3211 686 aﬂ'ectum,
3252 618 3530 674 damnans

1933 710 2168 778 fugatos,
2223 721 2452 768 mortem
2485 709 2841 777 dissolutam,
2891 710 3202 781 paradisum
3247 718 3528 780 apertum,

1931 801 2361 860 maledictionem
2385 803 2641 869 ablatam,
2690 811 2966 871 peccatum
3010 802 3079 857 de
3122 798 3304 857 medio
3348 800 3528 855 subla-

1929 903 2062 959 tum,
2086 909 2325 950 errorem
2345 893 2649 964 depulsum,
2674 894 2952 948 veritatem
2983 907 3275 955 reversam,
3301 892 3527 947 verbum

1929 985 2140 1054 pietatis
2173 985 2374 1056 ubique
2398 984 2803 1039 disseminatum
2833 995 2889 1038 et
2912 989 3185 1050 crescens,
3232 997 3524 1052 supernam

1928 1076 2054 1131 vitta
2074 1077 2343 1134 rationem
2370 1078 2422 1132 in
2454 1085 2598 1132 terra
2624 1077 2861 1140 insitam,
2893 1075 3120 1131 virtutes
3141 1073 3266 1130 illas
3301 1074 3529 1129 familia-

1929 1167 2059 1222 riter
2099 1167 2378 1222 nobiscum
2421 1175 2659 1237 agentes,
2688 1165 2910 1236 angelos
2946 1163 3262 1236 frequenter
3283 1165 3342 1228 in
3383 1173 3522 1220 terra

1928 1266 2222 1323 versantes,
2252 1273 2608 1328 magnamque
2652 1272 2803 1328 spem
2833 1257 3152 1313 futurorum.
3190 1257 3318 1313 ideo
3355 1257 3526 1313 histo-

1928 1345 2058 1402 riam
2091 1348 2441 1419 Evangelium
2466 1349 2682 1404 vocavit
2724 1365 2738 1401 :
2775 1349 2926 1419 quasi
2963 1347 3172 1404 scilicet
3196 1347 3299 1402 alia
3340 1348 3520 1402 omnia

1920 1440 2086 1495 verba
2113 1444 2275 1496 rebus
2303 1441 2412 1495 sint
2440 1454 2629 1506 vacua,
2661 1448 2718 1495 ut
2740 1453 2873 1511 epes
2899 1440 3102 1505 multae,
3129 1439 3218 1494 vis
3239 1439 3520 1508 potentite,

1923 1530 2275 1602 principatus,
2308 1531 2497 1601 gloria,
2532 1530 2783 1596 honores,
2812 1537 3115 1600 czetcraque
3154 1529 3359 1594 onmia.
3400 1544 3522 1599 qua:

1921 1621 2061 1692 apud
2112 1622 2359 1678 homines
2406 1623 2544 1678 bona
2593 1636 2715 1678 esse
2762 1629 3050 1691 putantur;
3095 1635 3218 1690 quae
3261 1628 3443 1676 autem
3488 1635 3521 1676 a

1923 1715 2278 1784 piscatoribus
2304 1715 2568 1785 promissa
2598 1713 2774 1777 fuere,
2807 1727 2936 1768 vere
2961 1727 3025 1767 ac
3053 1712 3270 1782 pr0prie
3288 1725 3520 1783 evange-

1919 1807 1990 1860 lia
2021 1807 2268 1861 dicantur
2320 1821 2474 1860 :non
2519 1805 2694 1860 solum
2743 1805 2866 1874 quia
2917 1804 3070 1858 ﬁrma
3116 1803 3520 1874 immobiliaque

1921 1896 2058 1951 bona
2090 1905 2234 1960 sunt,
2271 1905 2620 1965 nostramque
2644 1893 3026 1964 exsuperantia
3053 1891 3389 1965 dignitatem,
3421 1893 3517 1949 sed

1918 1987 2079 2043 etiam
2108 1989 2230 2058 quia
2265 2003 2388 2041 cum
2418 1987 2564 2042 omni
2598 1985 2851 2041 facilitate
2887 1984 3054 2040 nobis
3068 1984 3192 2040 data
3222 1994 3365 2040 sunt.
3393 1984 3514 2088 Non

1916 2078 2063 2133 enim
2086 2094 2152 2132 ex
2185 2077 2371 2133 labore
2404 2086 2464 2132 et
2493 2076 2692 2132 sudore
2738 2084 2945 2140 nostro,
2978 2090 3085 2130 non
3123 2089 3191 2131 ex
3234 2076 3513 2143 aerumnis,

1915 2172 2011 2225 sed
2054 2187 2120 2225 ex
2166 2171 2259 2224 Dei
2302 2185 2428 2240 erga
2473 2185 2573 2225 nos
2613 2183 2800 2224 amore
2849 2168 2965 2223 haec
3004 2167 3361 2238 suscepimus.
3403 2167 3517 2222 Cur

1917 2271 2081 2329 porro
2118 2276 2239 2316 cum
2287 2271 2466 2316 tantus
2510 2262 2580 2316 sit
2620 2261 3002 2330 discipulorum
3049 2275 3309 2317 numerus
3336 2302 3352 2327 ,
3401 2261 3510 2316 duo

1919 2358 2120 2406 tantum
2169 2368 2234 2407 ex
2266 2353 2523 2423 apostolis
2549 2353 2808 2419 scribunt,
2858 2363 2914 2410 et
2955 2353 3062 2408 duo
3097 2369 3163 2409 ex
3208 2367 3398 2410 eorum
3423 2368 3512 2410 se-

1915 2443 2209 2513 quacibus?
2250 2445 2383 2500 Nam
2424 2446 2562 2501 alter
2605 2446 2775 2510 Pauli,
2824 2446 2962 2501 alter
3008 2445 3154 2501 Petri
3194 2445 3514 2516 discipulus,

1909 2549 2036 2590 cum
2060 2537 2267 2594 Joanne
2295 2549 2350 2595 et
2378 2540 2630 2598 Mattbzeo
2656 2543 2943 2616 Evangelia
2970 2548 3327 2618 scripserunt.
3369 2550 3505 2621 Quia

1910 2625 2039 2680 nihil
2069 2643 2163 2696 per
2191 2634 2610 2688 ostentationem
2639 2633 2926 2703 faciebant,
2954 2637 3051 2693 sed
3087 2639 3269 2694 omnia
3297 2640 3365 2696 ad
3398 2641 3506 2698 uti-

1910 2717 2135 2773 litatem.
2169 2721 2310 2788 Quid
2336 2723 2534 2793 igitur?
2558 2739 2742 2781 annon
2782 2727 3084 2784 sufficiebat
3109 2745 3250 2785 unus
3272 2745 3510 2803 evange-

1908 2808 2052 2876 lista,
2099 2811 2188 2881 qui
2231 2815 2411 2868 omnia
2467 2817 2750 2872 narraret?
2790 2817 3104 2876 Sufficiehat
3149 2821 3368 2892 quidem
3403 2837 3510 2878 :ac

1907 2897 2035 2954 licet
2089 2912 2321 2969 quatuor
2359 2906 2706 2975 scripserint,
2770 2923 2948 2980 neque
2992 2909 3185 2966 eodem
3225 2920 3505 2982 -tempore,

1907 3003 2083 3059 neque
2110 2989 2304 3047 eodem
2330 2994 2548 3062 inloco,
2588 3013 2769 3067 neque
2807 3001 3118 3072 congregati
3163 3001 3323 3057 simul
3347 3011 3404 3058 et
3436 3017 3504 3058 ex

1907 3089 2093 3135 mutuo
2121 3097 2470 3154 congressu:
2516 3095 2570 3142 et
2598 3097 2779 3144 tamen
2821 3094 3125 3163 cumquasi
3162 3109 3229 3150 ex
3260 3110 3369 3151 uno
3408 3111 3506 3152 ore

1907 3171 2083 3226 omnia
2111 3176 2479 3242 pronuntient,
2509 3178 2635 3234 hinc
2661 3195 2854 3249 magna
2882 3185 3112 3247 eruerint
3141 3186 3388 3246 veritatis
3406 3188 3505 3245 de-

1905 3265 2244 3319 monstratio.

1976 3488 2264 3562 Euangrila
2283 3510 2383 3549 cur
2400 3499 2678 3569 aliquando
2704 3519 2835 3558 inter
2852 3521 2905 3560 se
2923 3511 3192 3565 dissentire
3213 3511 3501 3571 uideantur.

1900 3583 2157 3652 —Atqui,
2192 3588 2420 3656 lnquies,
2440 3592 2664 3648 omnino
2699 3605 2884 3651 contra
2905 3600 3140 3654 accidit:
3181 3617 3327 3674 saepe
3355 3606 3501 3661 enini

1901 3669 2043 3726 inter
2061 3687 2122 3728 se
2139 3675 2429 3733 dissentire
2457 3681 2953 3751 deprehenduntur.
2980 3687 3139 3747 Certe
3167 3669 3295 3750 illud
3324 3696 3502 3766 ipsum

1897 3776 2150 3833 maguum
2172 3777 2254 3822 est
2277 3783 2376 3838 pro
2399 3773 2624 3830 veritate
2649 3790 3043 3848 argumentum.
3064 3781 3126 3837 Si
3149 3785 3294 3840 enim
3316 3788 3499 3844 omnia

1897 3867 2146 3914 accurate
2165 3872 2554 3920 consonassent
2570 3875 2620 3921 et
2641 3879 2898 3938 quantum
2918 3871 2985 3926 ad
3005 3882 3235 3944 tempus,
3258 3886 3494 3948 etquan-

1896 3956 2011 4001 tum
2037 3949 2105 4002 ad
2134 3951 2278 4016 loca,
2325 3962 2380 4006 et
2421 3967 2682 4024 quantum
2709 3960 2776 4013 ad
2808 3962 2919 4030 ipsa
2945 3964 3141 4033 verba,
3170 3982 3235 4021 ex
3266 3968 3496 4025 inimicis

1894 4050 2056 4091 nemo
2075 4040 2378 4096 crediturus
2397 4055 2514 4099 erat
2533 4087 2548 4111 ,
2575 4047 2669 4102 sed
2695 4064 2758 4104 ex
2783 4061 2969 4108 mutuo
2989 4054 3333 4128 humanoque
3357 4074 3495 4115 oon-

1893 4146 2057 4189 sensu
2088 4134 2202 4190 haec
2228 4139 2425 4207 scripta
2457 4139 2623 4196 fuisse
2654 4153 2964 4213 putassent,
2998 4157 3156 4218 atque
3178 4149 3493 4221 hujusmodi

1892 4228 2302 4282 consonantiam
2328 4243 2433 4282 non
2452 4244 2519 4285 ex
2545 4232 2905 4303 simplicitate,
2931 4239 3346 4312 sinceritateque
3367 4259 3492 4314 pro-

1890 4313 2104 4370 cedere.
2127 4314 2247 4370 Jam
2270 4332 2399 4372 vero
2421 4319 2509 4373 illa
2532 4337 2651 4390 qua:
2673 4323 2726 4376 in
2747 4325 2951 4396 exiguis
2980 4327 3140 4383 rebus
3160 4329 3490 4400 deprehendi

1889 4406 2102 4462 videtur
2130 4409 2413 4465 diversitas
2433 4451 2448 4476 ,
2481 4427 2700 4468 omnem
2726 4416 2794 4470 ab
2825 4417 2953 4487 ipsis
2994 4421 3357 4490 suspicionem
3387 4424 3487 4482 dc-

1887 4498 2067 4565 pellit,
2119 4501 2580 4574 scribendumque
2613 4504 2774 4560 fidem
2802 4508 2947 4563 clare
2976 4510 3229 4567 vindieat.
3257 4513 3412 4582 Quod
3441 4518 3492 4574 si

1886 4591 2014 4656 quid
2045 4593 2190 4646 circa
2219 4603 2460 4664 tempora
2488 4604 2543 4651 et
2583 4597 2697 4653 loca
2727 4602 2999 4656 varietatis
3044 4605 3399 4674 protulerint,
3431 4608 3487 4664 id

1885 4681 2018 4735 nihil
2047 4683 2214 4738 oﬂicit
2243 4687 2450 4741 veritati
2479 4689 2833 4746 narrationis:
2864 4692 2918 4746 id
2947 4693 3088 4762 quod
3110 4735 3125 4760 ,
3161 4696 3270 4752 Deo
3295 4697 3483 4768 dante.

1882 4774 1935 4826 in
1958 4776 2301 4843 sequentibus
2317 4779 2691 4837 demonstrare
2709 4783 3048 4841 conabimur.
3074 4786 3280 4845 Prteter
3295 4800 3479 4849 autem

1881 4878 2040 4933 supra
2065 4865 2211 4921 dicta
2248 4909 2261 4932 ,
2298 4869 2428 4924 illud
2456 4872 2616 4926 etiam
2649 4888 2744 4928 vos
2771 4873 3065 4931 observare
3094 4893 3348 4949 rogamus
3367 4923 3384 4950 ,
3425 4882 3481 4938 in

1883 4960 2040 5013 rebus
2073 4962 2352 5030 praecipuis
2373 5003 2386 5026 ,
2419 4978 2538 5032 qua:
2564 4965 2630 5019 ad
2658 4967 2821 5020 vitam
2847 4977 3086 5024 nostram
3118 4979 3174 5026 et
3205 4971 3274 5026 ad
3307 4972 3480 5041 ipsam

1880 5049 2312 5116 praedicationem
2339 5053 2591 5110 tutandam
2617 5058 2917 5124 pertinent,
2946 5059 3151 5114 nullum
3177 5077 3365 5120 eorum
3388 5079 3482 5121 us-

1880 5141 2020 5209 piam
2051 5142 2120 5196 ah
2164 5144 2286 5200 aliis
2326 5145 2411 5201 vel
2461 5148 2740 5203 minimum
2792 5149 3080 5208 dissentire
3121 5152 3479 5223 deprehendi.

1878 5230 2133 5329 Οιιειξιψη
2164 5243 2344 5290 autem
2376 5237 2463 5291 illa
2496 5239 2760 5308 praecipua
2793 5241 2956 5295 sunt?
2987 5240 3156 5297 Deum
3198 5243 3476 5305 hominem

1880 5321 2076 5378 factum
2108 5342 2248 5392 esse,
2290 5330 2548 5384 miracula
2579 5331 2829 5397 edidisse,
2862 5333 3175 5389 cruciﬁxum
3198 5351 3262 5392 ac
3293 5342 3479 5408 sepul-

1885 5428 1996 5472 tum
2024 5418 2223 5486 fuisse,
2255 5424 2649 5490 resurrexisse,
2677 5425 2733 5503 in
2779 5427 2968 5482 cazlum
3014 5432 3322 5488 ascendisse
3344 5476 3358 5501 ,
3387 5435 3478 5506 ju-

1880 5510 2180 5565 dicaturum
2207 5527 2328 5568 esse
2349 5555 2362 5578 ,
2406 5515 2656 5569 salutaria
2702 5517 2917 5573 dedisse
2964 5531 3231 5589 praecepta
3255 5568 3272 5590 ,
3303 5526 3476 5594 legem

1877 5604 2044 5656 veteri
2077 5618 2181 5657 non
2212 5605 2533 5658 contrariam
2568 5606 2875 5662 induxisse:
2909 5609 3080 5678 ipsum
3104 5613 3297 5668 Filium
3316 5630 3468 5679 esse,

1879 5691 2239 5763 Unigenitum,
2271 5699 2583 5769 genuinum,
2617 5699 2856 5768 ejusdem
2883 5717 3004 5758 cum
3036 5703 3193 5762 Patre
3222 5706 3473 5763 substatz~
