4140 6298
618 360 685 418 Π
1298 352 1354 406 S.
1391 347 1672 405 .IOANNIS
1711 337 2207 401 CHRYSOSTOMI
2241 330 2561 393 AliClllBP.
2599 311 3147 384 CONSTANTINOP.

611 456 697 506 tias
725 468 740 506 :
764 458 819 505 et
848 446 932 504 bis
955 441 1168 501 similia.
1195 437 1348 495 Circa
1377 433 1562 490 istlmc
1583 428 1728 487 enim
1755 439 1999 497 magnam
2029 425 2175 476 lnvec

611 542 817 595 niemus
835 536 974 590 inter
997 534 1143 602 ipsos
1160 522 1581 583 consonantiam.
1603 519 1658 574 Si
1685 532 1810 573 vero
1832 516 1885 570 in
1907 509 2175 567 miraculis

612 648 717 686 nou
738 641 923 685 omnes
943 601 1120 680 omnia
1143 620 1425 682 dixerunt,
1448 613 1541 669 sed
1564 612 1700 666 alius
1725 607 1840 662 haec
1861 645 1879 673 ,
1907 603 2042 658 alius
2065 601 2176 666 illa,

613 736 678 775 ne
721 718 840 773 ideo
883 710 1144 775 turberis;
1193 721 1317 763 nam
1341 704 1387 760 si
1415 716 1554 758 unus
1581 698 1757 755 omnia
1801 693 2056 753 dixisset,
2083 703 2177 745 sn-

613 807 847 880 pcrlluus
865 810 1011 861 esset
1033 799 1355 869 reliquorum
1385 804 1668 854 numerus;
1693 788 1777 841 sin
1800 796 1987 840 omnes
2007 781 2184 836 diver

607 915 668 953 sa
694 899 711 930 ί
737 905 791 950 et
833 907 968 950 nova
997 887 1366 959 scripsissent,
1411 881 1614 936 nullum
1658 882 1968 946 suppeteret
1991 883 2183 926 conso-

612 987 807 1042 nantiae
840 990 1227 1053 argumentum.
1270 974 1394 1031 ideo
1420 971 1586 1027 multa
1611 970 1633 1002 ³
1662 967 1844 1038 plures
1868 960 2025 1053 simul
2056 973 2180 1012 nar-

613 1037 1105 1142 Quinctianus
1125 1065 1391 1138 quidpiam
1418 1061 1515 1115 sibi
1537 1037 1810 1129 proprium
1837 1037 2178 1108 scribendum

620 1138 1023 1233 susceperunt;
1042 1156 1261 1227 nequid
1303 1150 1626 1223 superﬂuum
1656 1146 1739 1202 vel
1769 1154 1969 1200 temere
1997 1138 2181 1233 proje-

613 1265 759 1310 ctum
781 1224 1296 1309 dixissevideantur,
1321 1250 1482 1312 utque
1503 1237 1738 1294 veritatis
1760 1224 2064 1290 accuratum
2088 1242 2181 1284 no-

618 1343 700 1397 bis
712 1340 1078 1411 probationem
1096 1334 1373 1391 offerrent.

687 1554 743 1610 5.
770 1550 941 1608 Lucas
959 1545 1120 1616 igitur
1137 1542 1296 1597 etiam
1320 1544 1538 1592 causam
1562 1527 1717 1584 nobis
1741 1523 1966 1616 profert,
1990 1531 2095 1589 qua
2115 1513 2186 1570 ad

616 1609 951 1700 scribendum
979 1609 1226 1690 inductus
1251 1636 1368 1684 est:
1422 1623 1489 1679 Ut
1517 1620 1702 1675 [labeas
1721 1657 1736 1681 ,
1769 1609 1975 1676 inquit,
1994 1620 2186 1700 eorum

617 1696 874 1788 uerborum
894 1769 909 1788 .
941 1727 1004 1779 de
1036 1723 1215 1793 quibus
1251 1717 1502 1772 institutus
1537 1726 1622 1774 es,
1668 1706 1926 1762 raritatem
1945 1699 2107 1772 (Luc.
2131 1696 2185 1750 1.

619 1824 727 1889 4);
755 1818 809 1874 id
835 1825 919 1872 est
937 1858 952 1880 ,
980 1813 1047 1870 Ut
1073 1825 1216 1880 saepe
1242 1802 1595 1863 commonitus
1620 1808 1799 1853 certus
1820 1794 1896 1850 sis
1917 1833 1935 1860 ,
1966 1801 2186 1861 persua-

619 1926 815 1982 susqne
832 1920 1067 1962 maneas.
1090 1902 1321 1957 Joannes
1336 1911 1463 1951 vero
1475 1906 1688 1948 causam
1711 1883 1975 1943 scribendi
1994 1881 2149 1938 tacuit
2169 1892 2188 1942 ;

622 2016 679 2059 ut
717 1972 894 2056 autem
919 1998 1028 2067 jam
1055 1995 1182 2049 olim
1205 2007 1238 2045 a
1281 1988 1570 2059 majoribus
1599 1992 1654 2039 et
1695 1978 1934 2051 patribus
1978 1972 2192 2041 accepi-

623 2107 742 2149 mus
757 2131 779 2158 ,
801 2105 906 2145 non
922 2063 1043 2142 sine
1065 2097 1222 2140 causa
1240 2079 1308 2135 ad
1328 2075 1668 2133 scribendum
1693 2072 1929 2130 animum
1945 2063 2152 2134 appulit
2176 2077 2192 2115 :

622 2182 718 2240 sed
744 2152 865 2251 quia
892 2177 1126 2249 priorum
1152 2173 1309 2227 trium
1340 2169 1424 2222 hic
1453 2176 1646 2234 scopas
1690 2160 1862 2215 fuerat
1880 2197 1898 2221 ,
1927 2163 1987 2210 ut
2013 2152 2080 2208 de
2105 2166 2194 2205 as-

626 2280 835 2342 sumpta
853 2283 1014 2327 carne
1030 2264 1268 2336 pluribus
1286 2265 1523 2331 agerent,
1546 2253 1950 2326 periculumque
1968 2253 2106 2311 erat,
2129 2257 2196 2297 ne

627 2337 918 2419 divinitatis
957 2357 1202 2425 dogmata
1231 2356 1532 2405 tacerentur
1555 2385 1573 2412 ,
1597 2342 1812 2399 Christo
1837 2337 2052 2392 demum
2079 2346 2200 2386 mo-

627 2461 784 2509 vente
815 2448 882 2504 ad
912 2419 1258 2515 Evangelium
1283 2434 1621 2494 scribendum
1664 2428 1911 2486 inductus
1933 2433 2038 2481 est.
2067 2419 2200 2476 illud

631 2555 760 2598 vero
784 2539 959 2611 palam
981 2512 1159 2593 est'ex
1185 2531 1300 2605 ipsa
1326 2525 1548 2583 historia
1575 2531 1635 2582 et
1653 2531 1718 2576 ex
1749 2512 2024 2585 Evangelii
2047 2523 2202 2565 exor-

633 2639 741 2691 dio.
786 2601 966 2704 Neque
1008 2630 1150 2686 enim
1197 2601 1412 2695 perinde
1439 2626 1600 2688 atque
1624 2613 1712 2668 alii
1753 2611 1823 2665 ab
1866 2601 2200 2662 inferioribus

633 2727 824 2796 «epit;
844 2722 940 2779 sed
959 2736 990 2775 a
1009 2716 1370 2787 superioribus
1386 2754 1402 2779 ,
1430 2710 1483 2766 id
1502 2705 1644 2778 quod
1668 2704 1769 2760 sibi
1790 2703 1845 2757 in
1869 2713 2035 2768 scopo
2063 2711 2195 2752 erat.

636 2791 862 2886 ideoque
875 2823 1044 2869 totum
1055 2811 1247 2866 librum
1262 2804 1446 2860 edidit.
1465 2801 1646 2869 Neque
1661 2804 1865 2851 tantum
1889 2793 1942 2846 in
1959 2791 2196 2850 exordio,

635 2909 728 2965 sed
755 2906 985 2964 etiamin
1011 2911 1122 2957 toto
1152 2893 1426 2965 Evangelii
1447 2893 1670 2948 decursu
1694 2884 1907 2943 caeteris
1928 2879 2205 2936 sublimior

636 3012 736 3058 est.
764 2999 1019 3055 Narratur
1046 3005 1203 3064 porro
1228 2987 1532 3044 Matthsum
1555 3023 1572 3053 ,
1601 2975 1980 3037 accedentibus
2007 2983 2204 3040 rogan-

637 3094 884 3161 tibusque
906 3062 1104 3143 iudicis
1125 3083 1215 3152 qui
1245 3075 1618 3137 crediderant,
1648 3085 1712 3126 ea
1732 3081 1853 3137 qua:
1882 3062 2057 3161 verbis
2086 3071 2210 3128 pro-

639 3148 831 3240 tulerat
854 3175 1019 3233 literis
1035 3148 1296 3240 descripta
1324 3169 1514 3223 iisdcn
1537 3159 1815 3230 reliquisse
1833 3196 1849 3222 ,
1870 3163 1925 3209 et
1948 3148 2206 3207 Hebraice

641 3269 985 3338 Evangelium
1015 3263 1331 3333 scripsisse:
1363 3255 1594 3311 Marcum
1615 3251 1742 3306 item
1768 3247 1820 3301 in
1842 3243 2075 3313 Egypto
2114 3254 2209 3292 ro-

639 3371 764 3434 gatu
789 3331 1169 3425 discipulorum
1190 3349 1418 3417 idipsum
1448 3343 1656 3398 fecisse.
1680 3336 1884 3392 idcirco
1906 3331 2210 3394 Matthaeus,

643 3417 823 3521 utpote
849 3417 940 3518 qui
968 3441 1207 3500 Hebraeis
1243 3436 1528 3494 scriberet.
1566 3428 1696 3483 nihil
1739 3424 1882 3480 aliud
1929 3417 2214 3477 ostendere

644 3511 882 3605 studuit;
915 3550 1075 3608 quam
1101 3529 1242 3602 quod
1269 3528 1337 3583 ab
1366 3523 1668 3582 Abrahamo
1692 3526 1750 3573 et
1789 3511 1988 3571 Davide
2035 3519 2213 3566 ortum

645 3598 869 3688 duceret
884 3646 897 3681 :
934 3598 1270 3681 laneas—vero
1290 3660 1305 3684 ,
1333 3616 1530 3687 quippe
1552 3611 1645 3681 qui
1675 3606 1922 3663 omnibus
1950 3600 2108 3657 simul
2137 3598 2217 3652 lo-

645 3729 935 3794 queretur,
964 3716 1123 3768 altius
1145 3721 1446 3765 sermonem
1474 3700 1712 3760 extendit
1732 3741 1746 3762 ,
1776 3707 1830 3752 ct
1859 3695 1923 3750 ad
1954 3691 2218 3748 Adamnm

649 3779 814 3883 usque
854 3779 1206 3880 progreditur.
1261 3799 1352 3854 ille
1393 3795 1608 3866 quidem
1635 3808 1663 3843 a
1693 3786 2033 3857 generatione
2075 3779 2221 3833 ducit

648 3875 925 3960 exordium
957 3875 975 3950 ξ
1013 3893 1144 3950 nihil
1169 3890 1366 3961 quippe
1393 3896 1497 3940 tam
1527 3881 1713 3939 Juttco
1741 3877 1950 3945 placere
1976 3875 2217 3941 poterat,

649 4007 807 4065 quam
837 3989 882 4044 si
923 3984 1194 4041 Christum
1242 3975 1470 4032 Abrahae
1496 3978 1554 4026 et
1593 3965 1803 4022 Davidis
1845 3963 2073 4015 disceret
2100 3969 2222 4010 esse

653 4053 938 4151 nepotem;
966 4075 1052 4129 hic
1077 4083 1206 4126 vero
1229 4079 1424 4127 secus;
1456 4074 1580 4115 nam
1606 4055 1785 4111 multis
1814 4053 1960 4122 prius
1987 4061 2223 4104 comme-

652 4140 892 4235 moratis,
914 4140 980 4220 ad
997 4157 1363 4233 genealogiam
1382 4148 1572 4206 deinde
1594 4141 1846 4215 procedit.
1870 4140 2084 4194 illorum
2104 4148 2227 4205 por-

655 4279 715 4317 ro
743 4224 1085 4316 concordiam
1109 4292 1126 4318 ,
1155 4224 1285 4303 orbe
1317 4251 1428 4299 toto
1456 4248 1589 4295 teste
1619 4232 1992 4306 probabimus,
2023 4226 2112 4295 qui
2140 4224 2226 4277 illa

656 4350 920 4419 suscepit;
952 4348 1058 4401 imo
1079 4315 1242 4396 testes
1261 4335 1486 4392 aderunt
1508 4327 1606 4398 ipsi
1634 4326 1873 4380 veritatis
1894 4316 2114 4374 inimici.
2141 4315 2226 4369 Si-

657 4413 869 4515 quidem
899 4413 1079 4493 multa:
1116 4440 1234 4502 post
1271 4427 1388 4483 illos
1424 4423 1658 4478 hereses
1700 4413 2065 4486 pullularunt,
2094 4421 2227 4462 con-

659 4501 819 4588 traria
840 4531 904 4584 iis
925 4540 1043 4598 quin
1066 4501 1203 4578 dicta
1228 4525 1352 4574 sunt
1374 4514 1654 4583 opinantes
1678 4548 1694 4572 ,
1731 4517 1955 4574 quarum
1976 4501 2093 4556 alia:
2112 4512 2227 4551 om-

661 4627 748 4679 nia
788 4635 904 4691 qna:
942 4595 1135 4685 scripta
1171 4617 1296 4666 sunt
1323 4606 1691 4688 acceperunt;
1730 4595 1852 4650 alia:
1888 4605 2016 4645 vero
2055 4598 2230 4657 partes

664 4680 866 4771 tantum
905 4680 1157 4780 quasdam
1178 4685 1539 4759 admiserunt,
1566 4699 1621 4745 et
1641 4686 1781 4758 apud
1801 4699 1860 4740 se
1881 4680 2095 4737 mutilas
2114 4690 2230 4731 ser-

664 4770 807 4862 vant.
848 4770 998 4868 Quod
1028 4798 1273 4864 si-pttgna
1315 4788 1490 4855 aliqua
1515 4785 1567 4838 in
1597 4781 1751 4837 dictis
1780 4783 1957 4836 esset,
1985 4770 2091 4827 illa
2113 4781 2232 4838 quin

666 4915 730 4954 ex
755 4896 977 4950 adverso
1003 4889 1288 4954 loquuntur
1307 4881 1538 4934 haereses
1559 4887 1662 4928 non
1683 4869 1858 4926 omnia
1881 4865 2230 4936 recepissent,

667 4989 761 5044 sed
805 4985 946 5041 illam
986 4984 1188 5034 tantum
1217 4980 1418 5044 partem
1445 4981 1563 5038 quae
1592 4963 1688 5020 sibi
1720 4960 1898 5044 favere
1925 4956 2229 5020 videretur;

674 5089 848 5145 neque
863 5071 968 5126 illae
991 5082 1111 5137 qua:
1131 5043 1334 5133 partem
1362 5058 1706 5145 acceperupt,
1723 5045 1792 5100 ab
1818 5043 1908 5097 illa
1931 5047 2080 5110 parte
2103 5049 2235 5134 con-

672 5121 1051 5217 ,
1077 5121 1296 5221 propter
1339 5121 1582 5213 ipsorum
1629 5135 2052 5203 fragmentorum
2091 5121 2233 5182 noti-

678 5243 989 5318 tiam,quasi
1007 5215 1400 5297 clamitantium
1427 5238 1579 5286 suam
1606 5238 1726 5281 cum
1750 5229 1862 5275 toto
1877 5215 1996 5272 libri
2013 5224 2238 5282 corpore

739 5491 755 5521 ι
782 5483 864 5537 Sic
883 5477 1036 5530 Savil.
1057 5479 1302 5537 etomnes
1315 5480 1447 5537 pene
1482 5466 1592 5514 Mss.
1614 5468 1762 5527 atque
1784 5460 1850 5510 ita
1874 5460 1998 5523 legit
2022 5456 2236 5509 Anianus

558 5593 563 5599 .
677 5528 1065 5600 recmi—Ilorel.._
1080 5528 1334 5600 sinonmid
1354 5528 1568 5600 diversa.

740 5577 1194 5656 ῖῗίιῖἶὲἶέὲὶἕίιῖ
1206 5577 1599 5657 eumanuscrip'ti
1615 5596 1788 5634 omnes
1804 5597 1820 5657 ξ
1831 5587 1995 5657 atque
2016 5578 2084 5657 ita
2108 5577 2240 5642 legit

665 5673 706 5724 Α
728 5641 1120 5717 uiiiuifiiaéi.‘
1140 5641 1259 5702 vero
1275 5648 1417 5711 legit,
1440 5641 1619 5705 omnia,
1647 5659 1750 5706 pro,
1775 5641 1926 5692 mium
1949 5655 1960 5698 ;
1983 5641 2124 5691 male.

3730 300 3845 355 '18

2299 424 2731 487 consensionem.
2763 408 3229 484 Quemadmodum
3258 404 3302 460 si
3342 418 3407 458 ex
3439 402 3604 456 latere
3623 397 3876 470 aliquam

2302 529 2510 590 partem
2532 526 2740 577 sumas,
2764 504 2929 563 inilla
2947 513 3102 573 parte
3122 511 3184 551 ea
3203 494 3390 550 omnia
3412 491 3655 550 invenies
3673 505 3736 545 ex
3760 489 3876 560 qui-

2305 581 2405 668 bus
2415 612 2630 666 constat
2645 611 2816 658 totum
2829 581 3878 659 animal,nervos,venas,ossa,arterias.

2303 698 2644 771 sanguinem,
2664 699 2720 747 et
2748 686 2936 751 totius,
2959 691 3019 737 ut
3053 682 3126 737 ita
3168 678 3367 742 dicam,
3393 688 3589 729 massae
3613 671 3878 728 indicio

2304 801 2360 846 et
2374 763 2760 844 documentum
2789 795 2802 832 :
2831 776 2910 831 sic
2941 773 3109 828 etiam
3144 769 3198 825 in
3232 763 3529 836 Scripturis
3552 763 3733 817 videre
3753 769 3880 825 est;

2303 872 2656 943 conspicuam
2685 864 2934 921 videlicet
2948 858 3289 930 singulorum
3320 853 3594 907 dictorum
3613 863 3737 903 cum
3766 857 3883 902 toto

2305 937 2643 1021 atiinitatem.
2668 956 2724 1013 Si
2741 963 2922 1011 autem
2946 951 3425 1010 dissonarent,non
3450 937 3883 1011 deprehendere-

2306 1066 2456 1113 retur
2476 1055 2588 1108 haec
2605 1047 3144 1110 atilnitas,totumque
3151 1037 3266 1108 jam
3284 1035 3414 1089 olim
3432 1032 3627 1102 dogma
3641 1027 3885 1084 solutum

2309 1147 2523 1208 fuisset;
2549 1155 2674 1196 nam
2701 1139 2866 1194 Omns
2886 1147 3129 1204 regnum,
3152 1126 3346 1198 inquit,
3371 1126 3427 1178 in
3449 1139 3507 1179 sa
3521 1121 3753 1175 divisum
3778 1133 3886 1171 non

2307 1235 2469 1296 stabit
2483 1231 2636 1302 (Luc.
2653 1227 2858 1298 11.”).
2877 1225 3031 1281 Nune
3047 1230 3226 1277 autem
3250 1217 3306 1270 in
3325 1215 3426 1269 hac
3443 1212 3560 1282 ipsa
3575 1227 3634 1267 re
3658 1209 3888 1281 spiritus

2308 1301 2708 1384 virtuselucet,
2737 1317 2980 1374 suadens
3007 1305 3338 1371 hominibus,
3367 1315 3425 1358 ut
3461 1303 3610 1358 circa
3649 1301 3739 1354 illa
3770 1311 3890 1352 ma-

2309 1412 2394 1485 gis
2427 1408 2737 1467 necessaria
2771 1413 2827 1461 et
2859 1400 3108 1474 urgentia
3155 1403 3473 1458 versantes,
3515 1391 3654 1449 nihil
3691 1389 3761 1444 ab
3800 1387 3892 1444 hia

2311 1499 2541 1557 minutis
2569 1496 2834 1553 ladantur
2867 1492 2970 1565 (η).

2377 1671 2429 1726 ι.
2463 1661 2899 1733 Euangelist
2940 1649 3201 1709 consauio
3254 1644 3558 1700 vindicatur.
3597 1635 3894 1692 Piwatarea

2307 1772 2356 1817 et
2377 1723 2734 1814 illiterati'uon
2760 1748 2860 1803 nisi
2885 1746 3067 1801 uirtute
3083 1741 3255 1796 diuina
3284 1747 3491 1808 potuere
3513 1723 3891 1817 philosophari.

2308 1816 2542 1904 Ριαιοηίε
2561 1839 2779 1897 ridicula
2797 1833 3099 1906 respublica.
3126 1857 3200 1870 —
3218 1825 3446 1883 Ubinam
3469 1829 3646 1875 autem
3677 1816 3896 1870 illorum

2309 1937 2500 2009 singuli
2551 1930 2896 2001 scripserint,
2927 1938 3034 1979 non
3068 1928 3152 1976 est
3184 1915 3326 1988 quod
3354 1913 3579 1969 multum
3622 1908 3897 1977 disquira-

2312 1997 2468 2085 mus:
2499 1997 2872 2097 quod—autem
2912 2030 3019 2071 non
3062 2013 3198 2067 alius
3245 2003 3709 2062 adversus'alium
3751 1997 3898 2054 scri-

2313 2119 2498 2191 pseril,
2518 2094 2583 2170 vid
2621 2128 2717 2186 per
2759 2119 2927 2166 totum
2969 2103 3147 2176 operis
3192 2100 3476 2166 decursum
3525 2094 3902 2148 demonstrare

2311 2179 2640 2268 conabimur:
2672 2205 2752 2260 Tu
2783 2216 2911 2276 vero
2940 2199 3028 2268 qui
3072 2188 3455 2250 dissonantiam
3491 2186 3638 2241 illam
3664 2179 3855 2251 obiicis
3879 2220 3900 2243 .

2317 2300 2532 2373 perinde
2553 2295 2682 2351 facis
2693 2309 2754 2350 ac
2769 2294 2814 2348 si
2835 2270 3025 2348 eadem
3048 2287 3162 2357 ipsa
3184 2283 3368 2344 verba,
3392 2276 3614 2336 eosdem
3640 2270 3901 2343 loquendi

2316 2360 2503 2448 modos
2541 2384 2781 2455 proferre
2818 2379 3054 2450 juberes.
3085 2371 3321 2430 Necdum
3347 2368 3543 2431 dicam,
3594 2377 3689 2420 eos
3711 2361 3805 2433 qui
3831 2360 3905 2415 de

2317 2452 2581 2538 rhetorica
2607 2474 2754 2532 etde
2778 2466 3112 2542 philosophia
3127 2460 3414 2520 admodum
3435 2456 3748 2528 gloriantur.
3780 2452 3906 2523 qui.

2317 2586 2420 2643 que
2449 2567 2644 2624 multos
2670 2563 2838 2620 libros
2877 2558 3065 2615 iisdem
3090 2555 3161 2612 de
3184 2553 3350 2610 rebus
3395 2548 3758 2620 scripserunt,
3792 2559 3906 2600 non

2319 2635 2478 2716 modo
2493 2669 2678 2713 mutuo
2705 2653 3059 2720 discrepasse,
3085 2644 3182 2701 sed
3206 2643 3367 2698 etiam
3387 2635 3654 2696 contraria
3669 2635 3897 2691 dixisse.

2317 2749 2449 2808 Nam
2477 2745 2618 2802 aliud
2649 2751 2732 2801 est
2756 2741 2967 2797 diverse
3008 2735 3174 2806 loqui,
3199 2731 3345 2788 aliud
3371 2727 3657 2801 pugnantia
3691 2726 3902 2781 dicere.

2321 2841 2389 2895 At
2417 2837 2549 2892 nihil
2571 2835 2763 2890 borum
2788 2831 2912 2887 dico
2941 2845 2955 2883 :
2987 2827 3126 2883 absit
3144 2824 3286 2880 enim
3317 2836 3385 2876 ne
3407 2820 3619 2876 illorum
3640 2817 3910 2886 insipien-

2324 2932 2395 2983 tia
2425 2936 2542 2982 utar
2571 2925 2638 2980 ad
2682 2920 2971 2993 parandam
3014 2914 3423 2978 defensionem;
3444 2924 3618 2982 neque
3641 2909 3783 2962 enim
3815 2923 3915 2963 vc-

2323 3021 2414 3075 lim
2431 3033 2496 3075 ex
2525 3012 2802 3071 mendacio
2830 3010 3108 3066 veritatem
3140 3005 3353 3059 ﬁrmare
3381 3019 3395 3056 :
3430 3002 3526 3056 sed
3555 2999 3684 3055 illud
3713 3013 3914 3066 rogare

2326 3108 2505 3170 velim,
2538 3103 2805 3174 quomodo
2848 3100 3007 3154 fidem
3049 3097 3371 3152 meruissent
3396 3107 3458 3150 ea
3502 3107 3622 3164 qua
3661 3092 3920 3173 dissona-

2327 3167 2622 3264 rentiquo
2649 3202 2805 3262 pacto
2840 3187 3220 3260 superassent?
3249 3183 3520 3255 quomodo
3543 3183 3589 3238 si
3617 3167 3917 3253 pugnantia

2328 3283 2529 3353 loquuti
2556 3282 2796 3346 fuissent,
2825 3278 3251 3342 admirationem,
3279 3273 3436 3328 fidem
3457 3283 3512 3327 et
3539 3271 3917 3328 celebritatem

2329 3381 2532 3426 tantam
2570 3385 2670 3441 per
2713 3377 2883 3423 totum
2925 3365 3110 3421 orbem
3149 3360 3548 3418 obtinuissent?
3571 3358 3730 3429 Atqui
3759 3357 3921 3413 multi

2329 3473 2482 3518 erant
2507 3461 2771 3516 dictorum
2805 3466 2989 3523 testes,
3018 3464 3078 3511 ut
3093 3462 3149 3510 et
3175 3453 3324 3507 multi
3356 3451 3555 3506 inimici
3576 3457 3631 3504 et
3657 3448 3924 3504 adversa-

2330 3553 2416 3609 rii.
2448 3552 2631 3624 Neque
2659 3551 2803 3606 enim
2844 3549 2960 3603 hinc
2997 3547 3056 3601 in
3101 3544 3295 3615 angulo
3333 3541 3530 3610 scripta
3571 3539 3922 3604 defoderunt,

2330 3643 2427 3698 sed
2455 3643 2650 3711 ubique
2670 3639 2934 3696 terrarum
2957 3645 3013 3691 et
3031 3635 3259 3690 marium
3303 3632 3553 3686 omnibus
3577 3630 3927 3686 audientibus

2335 3733 2670 3802 publicarunt
2714 3728 2992 3784 :inimicis
3025 3725 3375 3796 praesentibus
3421 3723 3537 3779 haec
3581 3722 3924 3792 legebantur,

2335 3820 2778 3895 quemadmodum
2803 3827 2856 3873 et
2883 3817 3072 3881 hodie;
3101 3825 3154 3872 et
3185 3815 3450 3869 neminem
3471 3828 3720 3883 umquam
3745 3811 3928 3867 offen—

2334 3911 2556 3975 derunt,
2585 3909 2744 3979 idque
2776 3909 2899 3978 jure
2923 3905 3134 3961 merito.
3170 3904 3356 3959 Divina
3382 3902 3579 3974 quippe
3605 3904 3773 3956 virtus
3800 3912 3929 3956 er-at

2337 4015 2458 4068 quae
2488 3999 2605 4054 hinc
2638 3998 2815 4053 omnia
2838 3995 3161 4067 operabatur
3188 3992 3328 4062 apud
3371 3993 3674 4046 universos.
3709 3989 3931 4044 Etenim

2339 4091 2383 4142 si
2429 4103 2534 4141 non
2577 4089 2648 4140 ita
2677 4100 2736 4140 se
2781 4101 2869 4139 res
2916 4082 3210 4146 habuisset,
3260 4080 3528 4152 quomodo
3587 4079 3930 4148 publicanus,

2344 4179 2576 4248 piscator
2602 4183 2657 4231 et
2698 4175 2979 4229 illiteratus
3021 4174 3134 4228 haec
3178 4171 3474 4241 potuissent
3517 4167 3880 4240 philosophari
3905 4169 3931 4222 τ

2341 4268 2471 4336 Quae
2499 4268 2643 4323 enim
2684 4281 2752 4321 ne
2779 4280 2876 4336 per
2902 4265 3165 4320 somnium
3195 4261 3409 4333 quidem
3446 4261 3614 4316 exteri
3643 4259 3932 4329 imaginari

2343 4369 2645 4431 potuerant,
2676 4357 2790 4412 lucc
2815 4371 2936 4410 cum
2963 4346 3279 4409 auctoritate
3309 4367 3495 4422 magna
3525 4349 3578 4404 bi
3607 4350 3933 4403 annuntiant

2343 4459 2400 4507 et
2444 4448 2692 4515 suadent,
2737 4447 2896 4516 idque
2940 4461 3046 4502 non
3081 4443 3240 4500 modo
3266 4444 3320 4498 in
3357 4443 3494 4497 vivis
3539 4452 3778 4512 agentes,
3832 4439 3936 4497 sed

2346 4541 2505 4596 etiam
2553 4536 2786 4593 defuncti
2819 4550 2964 4591 :non
2993 4533 3199 4590 duobus
3235 4533 3319 4588 vel
3361 4531 3547 4602 viginti
3595 4527 3932 4599 hominibus,

2347 4645 2453 4684 non
2501 4627 2742 4684 centenis
2770 4627 2853 4683 vel
2907 4625 3168 4690 millenis,
3197 4624 3281 4677 vel
3318 4622 3499 4677 decies
3543 4621 3801 4685 millenis;
3833 4621 3938 4678 sed

2348 4719 2584 4785 urbibus,
2633 4716 2899 4788 gentibus,
2939 4713 3183 4786 populis.
3238 4720 3414 4775 terrae,
3471 4710 3626 4773 mari,
3677 4708 3935 4776 Graecia,

2352 4810 2704 4865 barbarorum
2740 4806 3066 4877 regionibus,
3097 4804 3214 4859 orbi
3252 4812 3307 4857 et
3331 4802 3592 4865 desertis;
3625 4800 3784 4868 idque
3803 4814 3938 4855 cum

2350 4902 2418 4957 de
2442 4901 2656 4971 scriptis
2681 4908 2923 4969 ageretur
2945 4907 3187 4953 naturam
3206 4903 3442 4951 nostram
3463 4892 3747 4954 admodum
3769 4906 3936 4948 exsu-

2352 4992 2678 5063 perantibus.
2717 4989 2848 5045 Nam
2893 4989 3054 5045 missa
3105 4996 3270 5054 terra,
3309 4986 3378 5041 de
3403 4984 3707 5041 aelestibus
3752 4983 3941 5038 omnia

2351 5084 2649 5140 cdisscrunt
2677 5098 2692 5135 :
2723 5081 2882 5136 aliam
2926 5079 3082 5135 nobis
3110 5079 3421 5134 inducentes
3448 5077 3616 5145 .vitam
3642 5083 3696 5130 et
3719 5075 3940 5132 vivendi

2353 5173 2634 5238 rationem,
2663 5171 2795 5225 alias
2814 5169 3044 5233 divitias,
3071 5169 3227 5222 aliam
3258 5177 3623 5237 paupertatem
3651 5207 3666 5233 ,
3701 5164 3941 5222 liberta-

2355 5259 2847 5330 '.cm,‘scrvitutem,
2877 5261 3032 5315 aliam
3060 5259 3225 5315 vitam
3253 5267 3411 5329 atque
3456 5265 3684 5314 mortem
3706 5296 3724 5320 .
3767 5249 3942 5314 alium

2368 5559 2502 5673 ωξὲ
2903 5558 2982 5622 hic
3006 5557 3253 5609 evolutum
3290 5554 3453 5607 multis
3478 5555 3668 5608 videtur
3685 5554 3955 5613 difﬁcultas.
