4140 6298
255 374 320 434 ω
1435 357 1503 412 lN
1542 351 1962 412 manumve
2022 350 2259 408 neum.
2299 356 2344 418 ι.
3464 347 3537 403 ao

251 479 530 547 mundum,
559 478 709 536 aliud
758 474 1061 534 institutum
1092 515 1107 542 ,
1141 471 1319 529 omnia
1361 468 1594 535 denique
1623 473 1845 519 mutata.

251 571 361 629 Non
388 571 533 628 sicut
580 570 756 635 Plato,
807 567 902 640 qui
950 565 1232 621 ridiculam
1286 561 1430 621 illam
1460 556 1848 628 rempublicam

261 663 513 729 instituit,
553 676 659 717 non
694 660 834 716 sicut
859 657 1008 715 Zeno
1031 655 1106 729 (α)
1126 695 1142 720 ,
1169 661 1224 709 et
1260 651 1306 707 si
1339 649 1431 721 qui
1461 646 1552 702 alii
1591 645 1660 701 de
1691 659 1849 712 repu-

254 753 388 810 blica
415 752 710 821 scripsere,
743 752 995 821 legesque
1020 744 1260 803 edidere.
1289 739 1566 811 Siquidem
1591 736 1674 791 vel
1702 750 1768 789 cx
1794 748 1854 788 re

251 837 360 903 ipsa
386 835 742 905 conspicuum
760 832 877 898 fuit,
903 831 1194 900 malignum
1224 828 1489 898 spiritum,
1517 826 1847 880 daemonem-

251 940 353 998 (με
376 940 544 997 quem
555 926 696 995 piam
724 922 918 989 fetum,
948 931 1152 975 natura:
1175 928 1372 975 nostrae
1397 916 1609 971 hostem
1629 956 1646 972 .
1682 914 1848 969 casti-

252 1015 375 1071 tatis
399 1014 704 1081 inimicum,
735 1010 1031 1067 honestatis
1059 1006 1431 1062 adversarium
1453 1046 1468 1070 ,
1513 1005 1692 1060 omnia
1723 1016 1848 1056 sus-

251 1106 427 1175 deque
473 1111 774 1160 vertentem
804 1141 820 1168 ,
870 1102 987 1156 haec
1035 1099 1247 1154 illorum
1291 1095 1487 1150 animis
1530 1093 1843 1149 inseruisse.

249 1196 386 1253 Cum
413 1195 562 1251 enim
582 1207 778 1249 uxores
806 1190 1057 1250 eatnibus
1077 1200 1394 1243 communes
1424 1184 1642 1250 faciant,
1675 1182 1849 1239 nudas

252 1287 491 1357 virgines
517 1283 587 1339 ad
629 1282 998 1354 spectaculum
1041 1281 1278 1334 virerqu
1325 1277 1377 1330 in
1416 1270 1849 1346 pala‘strumdu-

250 1388 398 1444 cant,
450 1372 819 1432 clandestinas
861 1371 1075 1441 nuptias
1129 1374 1413 1439 apparent,
1458 1365 1640 1419 omnia
1691 1360 1849 1420 simul

251 1469 671 1525 commiscentes
695 1474 753 1521 et
781 1463 1203 1524 conturbantes,
1235 1465 1548 1528 natumque
1589 1455 1851 1511 terminos

251 1568 578 1624 evertentes,
611 1555 739 1628 quid
768 1553 911 1612 aliud
936 1552 1006 1608 de
1035 1551 1143 1606 illis
1169 1549 1275 1605 dici
1293 1547 1505 1619 possit?
1525 1544 1680 1612 Quod
1704 1542 1849 1598 enim

249 1649 368 1704 inec
395 1648 582 1702 omnia
623 1646 735 1702 sint
773 1646 1076 1701 damouum
1106 1643 1322 1698 inventa
1367 1651 1424 1696 et
1451 1647 1659 1694 natura:
1686 1650 1851 1707 repu-

249 1741 492 1811 guantia,
521 1739 637 1808 ipsa
665 1746 812 1793 certe
843 1745 1030 1792 natura
1061 1727 1383 1790 testiﬁcatur
1403 1773 1419 1799 ,
1448 1746 1570 1803 qua:
1596 1739 1654 1788 et
1679 1744 1845 1800 supra

242 1829 407 1886 dictis
432 1830 694 1884 abhorret
734 1835 835 1884 :et
880 1828 968 1882 illa
1000 1841 1105 1880 non
1155 1839 1278 1879 cum
1320 1821 1849 1893 persequutiouibtts,

251 1937 357 1977 non
375 1935 501 1976 cum
531 1919 786 1991 pericth
802 1919 890 1974 vei
921 1917 1140 1988 praeliis,
1169 1915 1262 1970 sed
1283 1929 1405 1970 cum
1437 1913 1687 1968 libertate
1703 1913 1852 1967 omni

249 2021 305 2068 et
330 2012 627 2067 securitate
650 2009 1023 2071 scribentium,
1070 2014 1126 2061 et
1149 2014 1341 2060 ornatu
1384 2003 1653 2058 sermonis
1679 2001 1851 2056 multo

251 2116 398 2172 stupe
453 2100 715 2155 utentium
749 2139 767 2165 ,
813 2096 1033 2172 [emissa
1086 2093 1260 2166 sunt.]
1313 2093 1514 2148 Contra
1546 2105 1675 2147 vero
1721 2092 1840 2148 haec

249 2208 368 2261 qua
398 2191 691 2264 praedicata
715 2198 840 2244 sunt
864 2204 894 2243 a
919 2187 1293 2259 piscatoribus,
1319 2184 1506 2256 pulsis,
1534 2183 1852 2241 verberibus

249 2282 427 2347 caesia,
456 2281 596 2335 inter
623 2279 858 2350 pericula
890 2277 1232 2332 versantibus
1254 2316 1268 2339 ,
1297 2275 1554 2331 ineruditi
1587 2313 1602 2336 .
1636 2276 1849 2345 sapien-

251 2382 354 2439 tes,
381 2371 548 2438 servi,
577 2370 752 2437 liberi,
772 2383 948 2440 rcges,
971 2369 1188 2435 milites,
1221 2367 1457 2435 barbari,
1485 2368 1682 2436 Grzuci,
1718 2385 1844 2427 cum

249 2462 400 2520 omni
419 2462 795 2519 benevolentia
817 2473 1096 2528 excepere.

315 2679 370 2734 5.
399 2677 588 2748 Neque
613 2692 743 2733 vero
761 2676 942 2734 dicere
971 2678 1148 2748 pessis
1170 2719 1184 2743 ,
1210 2677 1327 2736 haec
1345 2722 1359 2746 ,
1387 2683 1530 2752 quod
1562 2698 1725 2752 parva
1755 2701 1840 2742 es-

241 2777 364 2824 sent
395 2778 454 2824 ct
480 2768 708 2824 humilia
733 2809 748 2833 ,
777 2767 932 2824 facile
957 2783 987 2824 a
1013 2771 1223 2825 cunctis
1264 2783 1513 2841 suscepta
1546 2773 1730 2829 fuisse.
1755 2776 1840 2831 Si-

241 2860 464 2931 quidem
496 2861 612 2916 basc
640 2859 811 2916 multo
857 2861 1170 2916 sublimiora
1196 2871 1322 2917 sunt
1351 2863 1478 2918 illis.
1508 2863 1839 2932 Virginitatis

241 2953 390 3013 enim
419 2950 496 3005 illi
525 2965 594 3006 ne
622 2964 819 3006 nomen
846 2951 1063 3022 quidem
1099 2953 1184 3008 vel
1230 2970 1328 3024 per
1350 2956 1618 3010 somnium
1645 2955 1832 3026 imagi-

244 3041 356 3096 nati
395 3050 542 3106 sunt,
585 3055 692 3096 non
737 3050 1107 3111 paupertatem
1132 3084 1149 3110 ,
1197 3059 1306 3098 non
1345 3045 1629 3114 jejunium,
1665 3062 1840 3116 neque

244 3132 553 3202 quampiam
610 3132 772 3188 aliam
824 3148 1004 3188 rerum
1051 3134 1385 3190 sublimium.
1433 3135 1670 3205 Magistri
1714 3153 1840 3194 vero

244 3224 419 3278 nostri
469 3238 578 3278 non
623 3224 786 3277 modo
831 3224 1321 3294 concupiscentiam
1378 3226 1683 3292 eliminant,
1732 3244 1838 3283 non

245 3312 411 3368 modo
463 3313 662 3367 malum
711 3326 850 3382 opus
886 3313 1174 3382 castigant,
1219 3313 1317 3370 sed
1359 3317 1523 3371 etiam
1566 3326 1841 3384 aspectum

249 3404 602 3475 impudicum,
632 3404 794 3459 verba
815 3405 1226 3470 contumeliosa,
1250 3406 1417 3462 risum
1440 3407 1841 3478 immodestum,

245 3497 517 3562 habitum,
548 3497 841 3560 incessum,
873 3497 1190 3563 clamorem,
1222 3509 1277 3552 et
1304 3513 1474 3568 usque
1512 3500 1581 3554 ad
1625 3501 1844 3556 minima

247 3597 557 3644 accuratam
587 3586 928 3656 disciplinam
975 3587 1274 3643 extendunt
1298 3627 1313 3651 ,
1342 3598 1506 3660 atque
1534 3590 1846 3646 universum

246 3679 436 3734 orbem
466 3677 789 3748 virginitatis
832 3679 1076 3749 germine
1101 3679 1468 3748 repleverunt.
1502 3679 1576 3735 De
1609 3679 1717 3736 Deo
1755 3696 1850 3736 au-

249 3779 359 3827 tem
386 3770 561 3840 deque
607 3769 912 3825 caelestibus
941 3785 1003 3825 ea
1046 3769 1413 3840 piiil050phari
1453 3770 1701 3838 suadent,
1730 3787 1849 3842 qua:

251 3863 386 3917 nulli
418 3877 611 3916 eorum
649 3875 899 3929 umquam
926 3861 979 3915 in
1026 3871 1262 3916 mentem
1312 3863 1500 3918 venire
1539 3872 1847 3932 potuerunt.

250 3944 538 4013 Quomodo
560 3943 706 3999 enim
734 3943 849 3998 haec
875 3944 1198 4014 cogitassent
1225 3945 1312 4014 qui
1336 3944 1595 4012 ferarum,
1624 3961 1850 4015 serpen-

252 4039 387 4094 tium
418 4038 759 4106 aliorumque
782 4035 1027 4090 villorum
1051 4036 1309 4105 imagines
1340 4036 1391 4089 in
1412 4036 1636 4090 deorum
1661 4052 1850 4092 nume-

253 4143 374 4183 rum
397 4126 634 4182 retulere
653 4125 955 4180 l-Attameu
985 4123 1104 4179 haec
1129 4115 1375 4179 sublimia
1397 4124 1646 4195 dogmata
1671 4140 1853 4182 susce-

255 4237 348 4299 pta
375 4235 432 4282 et
466 4224 670 4280 credita
691 4232 813 4279 sunt
838 4223 890 4276 in
911 4221 1138 4293 diesque
1177 4220 1370 4275 ﬂorent
1386 4230 1544 4290 atque
1560 4231 1809 4276 crescunt
1834 4238 1850 4286 ;

255 4317 475 4373 illorum
502 4331 632 4370 vero
669 4314 844 4368 cultus
878 4312 988 4367 abit
1025 4321 1080 4367 et
1127 4314 1300 4381 perit,
1330 4321 1490 4382 atque
1534 4327 1851 4366 aranearum

254 4408 388 4464 telis
424 4405 635 4460 facilius
682 4404 973 4458 evanescit.
1016 4401 1256 4473 illudque
1296 4402 1488 4455 merito
1521 4419 1534 4454 :
1579 4399 1858 4458 daemones

259 4500 408 4555 enim
465 4498 579 4552 haec
624 4495 984 4566 pradicarunt
1030 4514 1043 4546 :
1092 4503 1418 4563 quapropter
1465 4508 1586 4548 cum
1632 4494 1852 4550 lascivia

259 4588 486 4644 multam
510 4585 708 4641 habent
731 4585 1007 4655 caliginem
1032 4582 1396 4652 majoremque
1423 4582 1685 4639 laborem.
1715 4584 1856 4652 Quid

259 4680 408 4734 enim
454 4678 623 4748 magis
674 4675 958 4732 ridiculum
995 4674 1196 4740 fuerit,
1227 4689 1387 4745 quam
1429 4674 1711 4744 disciplina
1742 4675 1855 4744 illa,

261 4771 376 4835 ubi,
409 4779 604 4839 przeter
650 4784 713 4823 ea
759 4783 882 4837 quae
928 4767 1069 4823 dicta
1117 4775 1265 4831 sunt,
1292 4766 1588 4822 innumeris
1637 4769 1860 4838 prolatis

265 4858 518 4912 versibus
548 4858 896 4924 philosophus
917 4899 933 4922 ,
972 4869 1031 4910 ut
1057 4857 1182 4925 quid
1215 4858 1284 4910 sit
1314 4856 1518 4924 justum
1567 4858 1858 4925 ostendat,

256 4958 410 5007 tanta
436 4950 758 5020 loquacitate
787 4959 841 5007 et
865 4951 1192 5007 obscuritate
1213 4950 1356 5006 dicta
1379 4967 1474 5007 sua
1499 4953 1788 5024 replet,.ut
1815 4956 1860 5010 si

258 5040 392 5110 quid
419 5040 584 5095 etiam
612 5041 737 5104 boui
787 5042 1049 5097 haberent
1073 5084 1089 5108 ,
1120 5041 1407 5097 admodum
1440 5053 1620 5098 tamen
1653 5047 1860 5102 inutilia

260 5141 444 5186 essent
488 5133 764 5187 hominum
786 5133 950 5188 vitaz?
972 5134 1028 5188 Si
1055 5135 1200 5188 enim
1235 5135 1492 5205 agricola,
1529 5136 1609 5192 vel
1637 5140 1860 5194 arrarius

261 5221 416 5278 faber
454 5222 538 5277 vel
582 5223 926 5286 architectus,
977 5235 1072 5281 aut
1110 5228 1462 5298 gubernator,
1513 5237 1604 5284 aut
1647 5231 1690 5284 si
1737 5233 1858 5302 quis

259 5312 400 5367 aiius
427 5327 638 5380 eorum,
668 5314 758 5384 qui
805 5313 1000 5370 diurno
1029 5332 1286 5372 manuum
1321 5334 1487 5388 opere
1514 5321 1715 5376 victum
1760 5338 1854 5392 pa-

261 5413 404 5471 rant,
428 5406 586 5462 vellet
612 5407 683 5461 ab
709 5417 824 5463 arte
851 5420 945 5462 sua
968 5408 1224 5480 justeque
1254 5410 1442 5467 labore
1483 5413 1780 5480 abstinere,
1803 5418 1855 5470 in

332 5636 411 5701 (α)
442 5639 589 5701 Plator
609 5641 651 5688 is
671 5639 736 5701 de
743 5637 1015 5701 pewltlica
1037 5649 1161 5699 opus
1182 5639 1372 5701 ignorat
1393 5650 1556 5690 nemo.
1570 5637 1648 5691 De
1671 5644 1862 5691 Ecuene

273 5697 400 5750 vero
419 5699 586 5752 eleate
611 5699 723 5751 vide
742 5697 1020 5762 Diogenem
1041 5697 1300 5749 Laeuium.

1944 482 2117 538 caque
2162 481 2223 522 re
2264 466 2464 521 multos
2481 479 2656 521 annos
2682 464 2990 530 absumere,
3021 468 3082 518 ut
3101 461 3227 533 quid
3257 461 3549 532 sitjnsttuu

1941 557 2212 613 edisceret
2242 576 2256 610 :
2289 570 2438 628 stupe
2491 555 2802 625 priusquam
2837 553 2971 608 illud
3019 552 3371 619 edidicisset,
3406 553 3549 610 bime

1942 626 2314 716 consumptus,
2339 626 2538 701 'ahiret
2592 645 2722 714 justi
2779 643 3021 700 discendi
3059 657 3241 709 causa,
3291 651 3352 698 et
3398 642 3548 699 nulla

1942 748 2250 809 cmnparata
2279 737 2396 794 utili
2424 736 2733 806 disciplina,
2768 734 3312 792 violentamtnortem
3343 734 3543 789 obiret.

1945 830 2135 885 Nostra
2168 844 2299 884 vero
2326 845 2431 884 non
2459 827 2769 898 hujusutodi
2793 836 2950 891 suat;
2977 825 3075 882 sed
3101 827 3306 894 justum
3328 865 3343 890 ,
3372 825 3548 880 bene-

1941 933 2105 989 stutu,
2140 923 2293 986 utiie,
2319 923 2652 990 virtutesque
2691 933 2901 986 colles,
2923 917 3117 987 paucis
3141 917 3316 986 iisque
3332 915 3548 984 perspi-

1942 1016 2058 1070 cuis
2087 1015 2267 1073 verbis
2285 1013 2532 1070 Christus
2553 1027 2653 1067 uos
2675 1011 2884 1066 edocuit
2907 1008 3069 1066 modo
3082 1007 3268 1064 dicens
3291 1025 3304 1060 :
3331 1006 3395 1060 In
3412 1007 3547 1061 dao-

1942 1108 2033 1161 btts
2059 1105 2315 1160 numdatt’s
2342 1105 2425 1158 lex
2451 1113 2494 1158 et
2527 1102 2789 1173 propheta
2813 1101 3031 1172 pendent
3055 1099 3273 1171 (Matth.
3296 1098 3389 1154 23.
3408 1098 3502 1168 ιο)
3526 1115 3545 1166 ;

1943 1197 1994 1252 id
2013 1205 2114 1262 est,
2153 1197 2320 1251 inDci
2351 1205 2407 1250 et
2430 1194 2656 1265 prosilui
2697 1193 2963 1252 caritate;
2996 1189 3287 1262 aliquando
3326 1175 3544 1246 autem}

1947 1288 2290 1355 Quwcumque
2317 1285 2468 1340 sultis
2509 1295 2562 1339 ut
2611 1286 2799 1356 faciant
2831 1283 2969 1338 vobis
2997 1282 3250 1348 homines,
3280 1291 3326 1336 et
3352 1296 3439 1338 eos
3465 1285 3549 1353 fs-

1943 1379 2038 1433 cite
2059 1378 2183 1434 illis.
2210 1376 2339 1432 Merc
2365 1386 2436 1430 est
2461 1376 2596 1430 enim
2621 1375 2705 1428 lex
2740 1384 2790 1428 et
2827 1372 3088 1451 propheta:
3112 1370 3326 1451 (Matth.
3354 1373 3406 1426 7.
3435 1371 3544 1443 l2).

1940 1470 2074 1538 Qua:
2096 1479 2152 1526 et
2191 1469 2462 1539 agricolae,
2503 1477 2558 1523 et
2585 1482 2764 1532 serve,
2794 1475 2848 1521 et
2863 1449 3047 1520 .vidute
3065 1506 3080 1529 ,
3106 1473 3164 1519 et
3193 1480 3382 1535 puero,
3437 1466 3549 1520 imo

1941 1559 2105 1613 etiam
2126 1559 2181 1615 ei
2203 1558 2292 1628 qui
2323 1556 2613 1612 admodum
2650 1555 2849 1612 bardus
2873 1568 2996 1610 esse
3027 1554 3292 1616 videatur,
3325 1554 3545 1609 intelle-

1943 1660 2033 1703 ctu
2063 1648 2242 1703 facilia
2271 1648 2494 1704 omnino
2531 1654 2679 1702 sunt.
2711 1646 2839 1701 lituo
2865 1654 2948 1701 est
2966 1646 3114 1700 enim
3141 1644 3387 1700 veritatis
3414 1658 3548 1699 cen-

1941 1738 2096 1794 ditie.
2148 1737 2278 1794 Illud
2334 1746 2516 1794 autem
2565 1737 2882 1794 testiﬁcatur
2931 1738 3049 1806 ipse
3107 1750 3293 1812 rerum
3341 1736 3545 1791 exitus.

1942 1829 2218 1900 Siquidem
2249 1843 2441 1885 omnes
2463 1843 2589 1900 qua:
2619 1826 2826 1899 agenda
2867 1835 3024 1882 erant
3065 1824 3394 1890 didicerunt,
3429 1839 3534 1882 nec

1942 1923 2446 1987 didiceruntmude,
2471 1922 2567 1977 sed
2589 1921 2753 1976 etiarn
2784 1918 3006 1989 exsequi
3034 1916 3357 1973 studuerunt
3381 1931 3394 1968 :
3424 1928 3534 1968 non

1934 2020 1987 2072 in
2017 2016 2240 2071 urbibus
2263 2023 2494 2082 tantum,
2515 2028 2616 2068 nec
2639 2011 2692 2066 in
2718 2010 2897 2066 medio
2927 2007 3045 2063 fere
3070 2024 3084 2073 ;
3111 2007 3208 2062 scd
3232 2016 3291 2063 et
3311 2006 3364 2059 iu
3384 2019 3542 2060 meu-

1940 2111 2074 2164 tium
2101 2107 2397 2163 verticibus
2430 2105 2530 2176 (a).
2577 2104 2651 2159 lbi
2703 2103 2849 2158 enim
2893 2100 3117 2156 multam
3149 2097 3331 2154 videas
3361 2096 3536 2167 philo-

1938 2198 2206 2267 sophiam,
2237 2197 2435 2250 choros
2463 2195 2777 2265 angelorum
2807 2192 2860 2248 in
2889 2191 3126 2247 humane
3154 2203 3386 2258 corpore
3431 2187 3543 2242 ful-

1932 2306 2094 2360 gere,
2130 2299 2185 2343 et
2213 2288 2518 2342 institutum
2547 2286 2765 2340 caeleste
2805 2284 3028 2339 micare.
3071 2280 3210 2336 Nam
3238 2279 3543 2334 institutum

1935 2379 2061 2432 vitae
2110 2377 2266 2432 nobis
2301 2377 2605 2444 piscatores
2651 2374 2917 2443 scripsere
2948 2390 2964 2428 :
2999 2386 3108 2426 non
3136 2385 3166 2424 a
3197 2384 3363 2438 puere
3391 2367 3550 2422 iusti—

1938 2471 2011 2524 tui
2064 2469 2320 2538 jubentes
2368 2477 2426 2521 ut
2454 2466 2528 2522 illi
2557 2465 2904 2536 philosophi,
2937 2477 3046 2520 non
3072 2472 3277 2518 certam
3327 2470 3543 2517 aetatem

1939 2561 2151 2615 virtutis
2179 2559 2426 2615 studioso
2457 2559 2899 2629 prmibeates,
2925 2555 3022 2612 sed
3047 2555 3294 2626 quamvis
3323 2562 3540 2609 autem

1937 2651 2302 2705 iustitueutes.
2357 2649 2450 2702 illa
2495 2649 2640 2704 enim
2689 2661 2982 2718 puerorum
3026 2646 3185 2702 ludus
3217 2653 3378 2712 sunt;
3430 2644 3548 2698 hrrc

1937 2747 2138 2803 autem,
2159 2753 2340 2792 rerum
2385 2738 2602 2793 veritas.
2633 2737 2768 2791 iiuic
2801 2736 3053 2791 instituto
3087 2735 3263 2790 locum
3309 2734 3554 2804 assigna-

1937 2845 2066 2883 vere
2095 2830 2324 2896 caelum,
2360 2829 2640 2898 Deumque
2671 2828 2998 2886 induerunt
3045 2829 3164 2898 ejus
3189 2828 3443 2912 epiticcm
3487 2840 3553 2881 ac

1941 2919 2117 2988 legum
2145 2919 2375 2975 latorem
2401 2961 2416 2985 ,
2451 2930 2508 2973 ut
2553 2935 2651 2990 par
2681 2920 2904 2976 omnino
2936 2929 3072 2974 erat.
3126 2918 3364 2974 instituti
3419 2933 3553 2973 vero

1942 3011 2199 3078 prmmia,
2232 3024 2340 3063 non
2372 3009 2509 3064 lauri
2561 3008 2707 3074 folia,
2739 3025 2846 3065 non
2890 3009 3109 3066 oleastri
3160 3024 3383 3074 corona,
3437 3023 3545 3063 non

1940 3101 2244 3156 convivium
2284 3101 2338 3154 in
2390 3099 2659 3172 Prytaneo
2683 3101 2757 3171 (ὁ)
2781 3139 2802 3163 ,
2841 3115 2948 3156 nun
2989 3115 3148 3155 aerea:
3175 3108 3391 3164 statum,
3445 3114 3556 3155 non

1944 3191 2135 3260 frigida
2163 3191 2353 3245 isthmc
2379 3201 2434 3245 et
2460 3191 2638 3244 inania
2669 3208 2684 3244 :
2711 3191 2808 3246 sed
2837 3191 2943 3245 vita
2965 3190 3126 3245 linem
3155 3205 3261 3245 non
3283 3189 3555 3256 habitura,

1943 3285 2135 3340 collata
2181 3284 2416 3338 filiorqu
2450 3282 2544 3338 Dei
2593 3282 2852 3347 conditio,
2903 3282 3120 3337 chorea
3165 3296 3290 3338 cum
3347 3283 3560 3353 angelis

1946 3385 2102 3438 actm,
2133 3384 2259 3429 ante
2301 3373 2494 3428 solium
2525 3373 2731 3443 regium
2761 3371 3067 3442 praesentia,
3088 3370 3407 3443 perpetuum
3429 3386 3555 3428 cum

1947 3464 2160 3521 Christo
2189 3467 2545 3521 consortium.

2023 3664 2076 3717 fi.
2111 3661 2280 3731 Hujus
2308 3674 2476 3731 porro
2513 3657 2744 3714 instituti
2780 3656 3035 3712 doctores
3076 3662 3204 3711 sunt
3245 3651 3518 3723 publicani
3541 3697 3558 3722 ,

1953 3763 2249 3833 piscatores
2287 3765 2346 3810 et
2372 3753 2726 3809 tentoriorum
2762 3751 3019 3821 opifices,
3062 3765 3168 3805 non
3207 3752 3297 3820 qui
3346 3751 3558 3805 modico

1953 3862 2196 3919 tctétpore
2223 3845 2473 3909 vixerint,
2495 3842 2593 3898 sed
2613 3841 2704 3912 qui
2729 3851 2984 3896 aeternam
3008 3849 3172 3908 agant
3195 3841 3380 3894 vitam.
3408 3839 3560 3894 ωοο-

1950 3954 2055 4010 que
2074 3939 2235 3994 etiam
2257 3944 2377 4006 post
2396 3942 2629 3989 mortem
2645 3931 2876 3987 instituti
2902 3939 3198 3987 sectatores
3214 3930 3403 4000 juvare
3431 3945 3560 4000 pes-

1951 4029 2079 4081 sint.
2130 4025 2265 4080 iiuic
2307 4023 2557 4077 instituto
2604 4022 2804 4076 bellum
2848 4029 2948 4086 est,
3003 4035 3110 4075 non
3153 4020 3415 4076 adversus
3457 4020 3559 4076 bo-

1954 4121 2163 4181 mines,
2209 4115 2305 4171 sed
2355 4113 2614 4168 adversus
2648 4110 2925 4165 daemones
2963 4119 3018 4165 et
3064 4111 3411 4180 incorporeas
3443 4111 3561 4166 illas

1961 4215 2275 4278 potestates.
2311 4202 2545 4273 ideoque
2571 4201 2679 4256 dux
2713 4199 2817 4254 illis
2839 4209 2944 4265 est,
2977 4215 3083 4254 nou
3112 4199 3298 4266 homo,
3331 4216 3438 4254 non
3461 4216 3561 4254 an-

1963 4305 2236 4376 gelus,seol
2257 4305 2370 4371 ipse
2386 4301 2546 4356 Deus.
2561 4302 2726 4354 Arma
2740 4313 2870 4354 vero
2884 4297 3102 4354 illorum
3124 4295 3357 4350 militum
3371 4297 3437 4350 ad
3455 4297 3527 4350 hu

1961 4398 2052 4470 jus
2105 4397 2231 4451 belli
2269 4395 2536 4449 rationem
2575 4390 2856 4462 quadrant
2891 4407 2906 4445 :
2947 4404 3125 4459 neque
3164 4389 3310 4443 enim
3347 4404 3410 4442 ex
3449 4390 3560 4456 pel-

1957 4506 2092 4556 libus
2110 4508 2367 4571 parantur
2389 4505 2481 4553 aut
2509 4495 2674 4561 ferre,
2699 4493 2792 4550 sed
2819 4510 2885 4550 ex
2911 4493 3156 4557 veritate,
3184 4491 3410 4559 justitia,
3434 4489 3563 4556 fide,

1959 4590 2404 4662 philosophiaque
2441 4589 2610 4643 omni.
2641 4587 2904 4654 Quoniam
2956 4585 3116 4655 igitur
3142 4582 3211 4638 de
3257 4581 3564 4652 huiusmodi

1961 4684 2244 4757 disciplina
2259 4685 2347 4739 hic
2368 4683 2500 4737 liber
2517 4691 2596 4735 est
2617 4680 2979 4749 conscriptus,
3003 4675 3069 4732 de
3086 4691 3189 4747 qua
3208 4674 3364 4730 nobis
3383 4673 3568 4730 dicere

1959 4776 2295 4846 propositum
2329 4783 2446 4836 est,
2479 4771 2786 4826 Mattbmutn
2816 4780 3022 4824 attente
3054 4766 3338 4822 audiamus
3376 4767 3444 4822 de
3471 4766 3566 4822 illa

1959 4868 2241 4939 perspicue
2266 4865 2621 4921 disserentem
2651 4881 2664 4916 :
2691 4877 2795 4916 non
2817 4861 2959 4914 enim
2986 4861 3102 4930 ejus
3125 4867 3251 4913 sunt
3276 4858 3440 4926 dicta,
3469 4857 3564 4913 sed

1959 4958 2179 5024 Christi,
2209 4958 2300 5028 qui
2327 4957 2467 5011 hanc
2491 4954 2829 5026 disciplinam
2866 4952 3118 5007 instituit.
3154 4951 3408 5005 Animum
3433 4965 3566 5019 ergo

1962 5053 2334 5115 adhibeamus,
2367 5060 2425 5105 ut
2452 5049 2504 5102 in
2538 5047 2628 5103 illa
2652 5061 2956 5102 mereamur
2983 5043 3239 5110 adscribi,
3269 5059 3333 5097 ac.
3363 5041 3569 5112 fulgere

1962 5162 2081 5201 cum
2121 5147 2185 5200 iis
2215 5144 2304 5215 qui
2335 5143 2437 5197 hoc
2465 5141 2767 5196 institutum
2813 5137 3018 5193 emensi
3071 5135 3407 5190 immer:ales
3450 5135 3571 5190 illas

1963 5250 2222 5307 accepere
2265 5247 2516 5290 coronas.
2568 5230 2747 5285 Multis
2774 5240 2923 5284 certe
2953 5229 3071 5283 haec
3114 5225 3289 5282 facilia
3321 5225 3573 5280 videntur

1966 5344 2114 5392 esse,
2149 5327 2530 5397 prophetarum
2564 5336 2698 5377 vero
2740 5320 2882 5376 dicta
2922 5317 3152 5373 multum
3193 5316 3394 5370 habere
3431 5315 3571 5369 (ΙίΠί-

1966 5417 2201 5473 cultatis.
2235 5415 2432 5472 Verum
2465 5412 2537 5466 ita
2578 5411 2890 5466 existimant
2935 5408 3007 5474 ii,
3045 5407 3136 5476 qui
3180 5405 3573 5475 sententiarum

2019 5572 2094 5694 in;
2127 5571 2205 5621 De
2220 5571 2468 5620 monachis
2492 5573 2540 5619 in
2564 5578 2732 5619 monte
2754 5569 3057 5632 degentibus
3081 5571 3314 5633 loquitur.

2044 5633 2071 5682 ὸ
2128 5639 2414 5694 Prytaneum
2429 5633 2562 5679 locus
2581 5641 2687 5681 erat
2710 5631 2794 5679 ubi
2819 5644 3107 5684 communes
3131 5635 3294 5694 epulae

2044 5631 2094 5694 ὁ)
2114 5639 2414 5696 Prytaneum
2429 5633 2562 5696 locus
2581 5641 2687 5681 erat
2710 5631 2794 5679 ubi
2819 5631 3107 5684 connnttnes
3131 5631 3294 5696 epulae
3318 5633 3560 5683 dabantur

1958 5695 2019 5742 iis
2033 5690 2123 5758 qui
2146 5690 2212 5744 de
2235 5690 2431 5758 publico
2455 5693 2584 5743 bene
2609 5700 2913 5743 meruerant.
