4140 6298
672 356 740 412 2i

659 473 729 526 ibi
755 470 1147 527 reconditarum
1172 470 1586 540 profunditatem
1609 470 1875 539 ignorant.
1905 466 2238 535 Quapropter

657 573 807 631 rogo,
822 576 920 616 nos
936 576 1055 618 cum
1069 576 1261 632 magno
1275 561 1453 615 studio
1465 557 1781 628 sequamini.
1799 554 2083 611 utChristo
2095 555 2230 611 duce

656 653 710 708 iu
735 653 837 708 hoc
861 655 1180 723 scripton
1201 653 1418 723 pelagus
1438 651 1639 721 ingredi
1663 653 1956 706 valeamus.
1981 649 2052 705 Ut
2071 663 2234 720 porro

656 740 864 797 facilius
894 743 1007 796 haec
1032 742 1306 798 addiscere
1337 742 1548 812 possitis
1570 781 1585 802 ,
1615 755 1865 811 rogamus
1894 749 1949 792 et
1973 740 2231 794 obsecra-

657 847 797 897 nnis,
814 832 864 886 id
880 830 1020 901 quod
1033 831 1191 886 etiam
1209 832 1262 885 in
1276 831 1396 885 aliis
1412 830 1807 900 Scripturarum
1827 828 1977 883 libris
1988 827 2235 897 iecimus,

657 929 718 976 ut
731 921 875 976 illam
895 920 1182 991 Scriptura:
1197 921 1488 976 clausulam
1502 959 1518 986 ,
1540 935 1699 990 quam
1717 920 2114 989 interpretaturi
2143 933 2205 972 su
2218 951 2234 960 -

655 1019 797 1072 mus,
824 1009 1135 1077 prmlibetis,
1160 1019 1216 1062 ut
1242 1010 1402 1064 lectio
1426 1013 1781 1079 cognitimtem
1804 1011 2065 1079 pra-cedat
2097 1012 2112 1042 ¹
2133 1027 2148 1075 ;
2171 1009 2226 1066 id

651 1095 795 1164 quod
826 1097 878 1152 in
907 1099 1151 1154 eunucho
1177 1100 1432 1170 contigit,
1464 1103 1711 1170 quodque
1745 1102 1964 1156 multant
1995 1103 2229 1172 praebeat

654 1187 980 1245 facilitatem.
1011 1190 1343 1258 Quaestiones
1385 1193 1527 1248 enim
1571 1192 1823 1263 plurimas
1844 1203 1900 1249 et
1927 1194 2230 1264 frequentes

652 1289 964 1334 occurrunt.
983 1281 1358 1337 Animadverte
1379 1297 1507 1353 ergo
1532 1285 1711 1337 statim
1739 1284 1792 1337 in
1816 1284 1934 1353 ipso
1955 1283 2226 1354 Evangelii

652 1368 896 1433 exordio,
927 1381 1057 1439 quot
1081 1380 1136 1425 et
1162 1381 1356 1441 quanta
1385 1372 1668 1442 qumenda
1693 1384 1995 1427 occurrant.
2023 1372 2224 1440 Primo,

651 1470 747 1510 cur
767 1456 984 1528 Iosephi
1006 1460 1311 1530 genealogia
1341 1461 1586 1528 ducatur,
1617 1463 1705 1532 qui
1727 1462 1921 1518 Christi
1951 1473 2100 1533 pater
2123 1479 2227 1519 non

651 1555 789 1600 erat.
815 1546 1084 1615 Secundo,
1106 1550 1375 1619 quomMo
1392 1552 1605 1620 planum
1633 1553 1735 1608 erit
1755 1553 1926 1623 ipsum
1948 1569 2015 1608 ex
2034 1555 2230 1611 Davide

650 1635 914 1705 originem
943 1638 1157 1704 ducere,
1187 1653 1306 1693 cum
1345 1640 1618 1709 ignoretur
1645 1642 1862 1711 quinam
1905 1643 2083 1698 Maria:
2111 1660 2226 1697 nta-

652 1725 755 1780 tris
777 1726 896 1797 ejus
931 1727 1162 1798 majores
1189 1730 1385 1784 fuerint
1418 1748 1432 1784 :
1474 1747 1646 1802 neque
1691 1733 1833 1788 enim
1878 1733 2103 1803 Virginis
2129 1750 2225 1804 ge-

649 1817 888 1887 nealogis
917 1818 1182 1889 descripta
1207 1820 1325 1875 fuit.
1353 1822 1556 1888 Tertio,
1582 1837 1680 1878 cur
1703 1822 1942 1894 Iosephi,
1972 1827 2061 1894 qui
2094 1827 2226 1881 nihil

647 1908 716 1961 ad
739 1911 1136 1977 generationem
1167 1911 1412 1977 contulit,
1440 1914 1749 1984 genealogis
1775 1918 2001 1991 ducatur
2019 1958 2036 1983 ,
2065 1917 2226 1987 Virgo

647 2007 826 2053 autem
851 2013 972 2069 quae
998 2011 1169 2055 mater
1197 2011 1300 2066 est,
1330 2017 1437 2071 quo
1466 2013 1639 2072 patre,
1671 2021 1770 2058 avo
1799 2014 1853 2062 et
1897 2006 2068 2061 abavo
2110 2017 2225 2062 orta

648 2087 720 2142 sit
759 2102 867 2143 non
897 2100 1163 2145 narretur.
1195 2093 1273 2146 Ad
1305 2095 1418 2148 hac
1448 2093 1576 2148 illud
1614 2097 1775 2150 etiam
1826 2098 2094 2166 inquirere
2135 2114 2230 2167 par

646 2187 752 2242 cst,
800 2192 903 2234 cur
927 2180 1157 2235 virorum
1196 2183 1557 2252 genealogiam
1600 2199 1942 2254 persequens,
1974 2187 2228 2244 mulieres

646 2275 825 2323 tamen
869 2272 1352 2328 commemoravit:
1387 2283 1441 2327 et
1465 2275 1679 2342 quando
1702 2275 1756 2330 id
1797 2277 1868 2329 ita
1913 2278 2014 2347 ipsi
2054 2279 2224 2333 visum

648 2366 755 2422 est,
784 2371 882 2412 cur
909 2373 1016 2414 non
1041 2374 1231 2416 omnes
1272 2361 1523 2417 mulieres
1552 2365 1843 2419 nominavit
1861 2404 1878 2431 ,
1909 2367 2003 2420 sed
2052 2368 2227 2423 missis

649 2444 718 2502 iis
745 2463 864 2518 quae
892 2449 964 2504 ob
989 2449 1304 2519 probitatem
1328 2453 1568 2509 celebres
1587 2463 1773 2524 erant,
1800 2466 1857 2511 ut
1879 2457 2010 2512 Sara
2037 2466 2094 2514 et
2119 2459 2222 2515 Re-

650 2537 835 2604 becca,
868 2550 925 2596 et
950 2541 1233 2608 similibus,
1263 2544 1382 2598 illas
1410 2547 1614 2601 tantum
1631 2545 1695 2602 in
1723 2547 1954 2602 medium
1983 2550 2221 2618 protulit.

647 2645 768 2698 quze
792 2633 973 2701 aliquo
999 2633 1127 2686 vitio
1153 2634 1394 2689 celebres
1421 2646 1577 2690 erant
1604 2653 1620 2691 :
1644 2639 1686 2692 si
1712 2653 1818 2708 qua
1847 2640 2090 2696 videlicet
2115 2642 2216 2695 for-

649 2720 850 2775 nicaria
875 2731 968 2776 aut
994 2723 1231 2779 adultera
1253 2735 1495 2793 esset,et
1515 2729 1559 2782 si
1587 2743 1690 2799 qua
1714 2741 1964 2785 extranea
1991 2744 2078 2785 aut
2106 2734 2223 2786 bar-

646 2806 947 2862 Μηλίδα]
979 2827 1200 2867 uxorem
1226 2814 1452 2872 Uriaict
1471 2815 1770 2873 Thamar-et
1791 2823 2045 2875 ltahubet
2069 2823 2214 2875 ltutu

645 2901 1090 2955 commemoravit
1110 2919 1126 2967 ;
1146 2918 1380 2972 quarum
1391 2906 1498 2964 alia
1513 2907 1814 2977 alienigena
1831 2910 2081 2976 erat,alia
2103 2927 2210 2965 me-

645 2985 834 3049 retrix,
849 2987 997 3042 aliaa
1013 3003 1204 3045 socero
1218 2993 1403 3049 vitiata
1420 2993 1542 3060 fuit,
1568 3010 1674 3049 non
1694 2996 1807 3066 lege
1822 2999 2104 3060 connubii.
2123 2999 2218 3054 sed

646 3071 825 3129 iurata
850 3079 1196 3134 concubitum
1233 3091 1288 3136 et
1343 3085 1647 3140 meretricis
1685 3097 1963 3156 assumpta
2000 3088 2215 3157 specie:

641 3163 788 3234 quod
811 3176 1021 3234 spectat
1037 3177 1213 3222 autem
1233 3167 1376 3226 Uria:
1388 3175 1859 3243 osoremﬁgnorat
1876 3175 2120 3231 nemoob
2141 3176 2220 3229 fa-

638 3252 846 3308 cinoris
856 3255 1328 3324 conspicultatem.
1341 3259 1595 3314 Attamen
1611 3263 1793 3318 missis
1805 3259 1927 3317 aliis
1941 3263 2218 3331 omnibus,

645 3347 805 3399 hasce
834 3355 1042 3401 tantum
1067 3348 1123 3402 in
1146 3351 1453 3422 genealogis
1481 3356 1675 3423 posuit-
1709 3363 1867 3429 Atqui
1894 3363 1939 3415 si
1969 3364 2225 3419 mulieres

641 3446 1073 3494 commemorare
1100 3442 1372 3510 oportuit,
1399 3458 1586 3502 omnes
1616 3462 1900 3506 recensere
1937 3468 2035 3521 par
2071 3463 2222 3521 erat;

636 3522 680 3575 si
713 3538 819 3578 non
844 3538 1056 3592 omnes,
1085 3538 1233 3586 certe
1255 3533 1446 3602 aliqum
1469 3551 1651 3591 earum
1683 3539 2018 3608 proferenda;
2045 3555 2221 3610 erant,

634 3625 756 3680 qua
785 3613 981 3671 virtute
1024 3617 1348 3686 ﬂoruerant,
1380 3638 1486 3678 non
1517 3641 1702 3681 carum
1743 3645 1970 3699 quarum
2007 3644 2220 3702 peccata

633 3711 760 3756 sunt
790 3706 1092 3762 manifesta.
1121 3707 1310 3766 Videte
1338 3725 1532 3782 quanta
1566 3719 1719 3773 nobis
1744 3723 2038 3778 attentione
2056 3727 2138 3780 vel
2167 3727 2220 3780 in

634 3793 859 3848 exordio
877 3796 946 3850 sit
961 3811 1117 3865 opus,
1137 3801 1346 3855 etiamsi
1366 3803 1467 3858 hoc
1482 3809 1761 3863 exonlium
1773 3813 1984 3868 caeteris
1999 3815 2218 3882 clarius,

631 3879 739 3932 imo
770 3881 995 3940 fortasse
1016 3887 1255 3954 plurimis
1282 3893 1608 3960 superﬂuunt
1633 3912 1756 3953 esse
1797 3901 2057 3969 videatur,
2093 3879 2216 3974 quia

629 3973 845 4026 nomina
862 3984 1063 4031 tantum
1089 3979 1314 4049 plurima
1335 3989 1726 4054 complectitur.
1751 3991 1879 4044 Post
1903 3993 2015 4047 haec
2035 3973 2212 4048 autem

632 4058 759 4114 illud
791 4063 1060 4132 inquirere
1085 4084 1180 4136 par
1207 4080 1308 4138 est,
1339 4088 1434 4128 cur
1463 4084 1574 4130 tres
1604 4093 1757 4146 reges
1786 4081 2047 4136 omiserit.
2080 4083 2212 4139 Nam

625 4149 669 4200 si
714 4165 898 4208 eorum
952 4165 1138 4225 utpote
1179 4160 1465 4216 admodum
1522 4166 1802 4232 impiorum
1858 4172 2072 4224 nomina
2131 4181 2212 4226 ta-

625 4241 765 4305 cuit,
791 4258 965 4311 neque
1000 4246 1136 4302 alios
1164 4249 1295 4318 ipsis
1339 4252 1545 4308 similes
1587 4269 2010 4314 commemorare
2054 4275 2214 4330 Opor-

629 4329 745 4381 tnit.
778 4330 892 4383 Alia
924 4332 1049 4388 item
1089 4339 1314 4404 quastio
1342 4341 1600 4411 exsurgit.
1629 4342 1764 4398 Cum
1805 4329 2208 4416 quatuerdecim

621 4433 742 4473 esse
766 4425 1141 4490 generationes
1162 4426 1408 4498 dixisset,
1439 4433 1493 4487 in
1539 4435 1698 4490 tertia
1719 4437 1894 4493 classe
1936 4439 2078 4495 hunc
2108 4457 2206 4496 nu-

619 4525 822 4565 merum
850 4528 955 4567 non
985 4520 1236 4574 servavit.
1267 4519 1506 4592 [temne
1534 4540 1627 4580 cur
1656 4527 1826 4584 Lucas
1853 4529 1957 4585 alia
1987 4534 2202 4588 nomina

616 4605 910 4672 recensuit,
940 4615 994 4661 et
1019 4623 1116 4663 cur
1142 4625 1250 4667 non
1279 4614 1452 4669 solum
1483 4632 1588 4670 non
1618 4617 1838 4675 eosdem
1867 4635 2076 4688 omnes,
2106 4627 2200 4682 sed

614 4692 778 4747 etiam
809 4698 975 4751 multo
1006 4700 1186 4768 plures
1219 4709 1663 4762 commemoravit
1691 4726 1706 4764 :
1748 4708 2033 4766 hlattbzeus
2073 4729 2200 4772 vero

619 4791 674 4836 et
701 4783 834 4839 alios
862 4797 915 4841 et
940 4787 1210 4856 diversos,
1239 4792 1446 4849 etiamsi
1491 4794 1606 4865 ipse
1641 4797 1692 4852 in
1732 4798 2026 4869 lose-phum
2068 4803 2196 4859 des-

611 4873 760 4936 ierit,
793 4876 847 4928 in
900 4891 1007 4946 quo
1054 4889 1108 4934 et
1152 4880 1324 4936 Lucas
1373 4883 1533 4938 finem
1580 4886 1723 4942 fecit.
1757 4889 1947 4946 Videte
1984 4895 2196 4962 quantis

608 4962 763 5015 uobis
803 4964 874 5017 sit
899 4979 1034 5035 opus
1063 4969 1258 5038 vrgiliis
1285 4986 1395 5027 non
1420 4972 1488 5027 ad
1518 4975 1839 5032 solvendum
1871 4979 2030 5035 modo
2051 5021 2065 5044 ,
2099 4984 2192 5039 sed

604 5050 764 5105 etiam
805 5053 872 5107 ad
912 5055 1225 5114 discendum
1265 5076 1509 5131 quamam
1549 5065 1656 5120 sint
1692 5068 1966 5125 solvenda.
2009 5073 2192 5145 Neque

605 5155 800 5210 parum
836 5156 922 5201 est
947 5164 1007 5202 ea
1041 5150 1279 5208 invenire
1319 5169 1439 5223 quae
1471 5167 1693 5223 possunt
1746 5159 1798 5214 in
1845 5161 2061 5217 dubiuut
2099 5182 2190 5222 vo-

601 5234 750 5324 cari;
783 5250 905 5324 nam
933 5238 1064 5294 illud
1109 5257 1320 5313 quoque
1347 5245 1401 5298 in
1447 5245 1623 5302 dubiis
1668 5261 2012 5318 numeratur,
2055 5271 2188 5324 quo-

599 5322 760 5377 modo
782 5323 1019 5384 Elisabet
1043 5345 1110 5386 ex
1136 5330 1551 5402 Leviticatribu,
1579 5349 1802 5409 cognata
1827 5341 1896 5397 sit
1914 5322 2114 5400 Mariae.

661 5650 684 5684 ⁶
715 5650 907 5714 πίοι-ει..
929 5659 978 5703 ut
1003 5650 1136 5704 tertio
1159 5652 1405 5708 lectionem
1428 5666 1697 5723 prandet.

1367 360 1427 412 δ.
1462 355 1744 413 ,ιοωκιε
1778 352 2267 412 CHRYSOSTOMI
2301 356 2620 414 ARCHIEP.
2656 356 3201 414 CONSTANTINOP.

2423 464 2475 517 7.
2504 462 2772 518 Conclusio
2799 464 3047 519 moralis:
3073 465 3331 519 auditores
3368 479 3401 518 α
3428 462 3729 535 spectaculis
3763 475 3901 516 ercet
3917 478 3938 527 ς

2350 557 2577 610 studium
2619 556 2754 611 verbi
2799 556 2959 610 divini
3001 557 3054 610 in
3089 557 3163 611 eis
3203 536 3426 612 eicitur:
3467 565 3696 611 conatur.
3727 585 3800 596 —
3830 554 3939 608 Sed

2348 663 2415 701 ne
2433 649 2595 702 multa
2619 647 2777 701 simul
2799 657 3148 718 congerentes
3163 649 3478 702 memoriam
3496 657 3730 702 vestram
3751 646 3940 700 obrttao

2347 753 2466 792 inus
2512 738 2598 792 hic
2616 737 2865 806 loquendi
2889 738 3050 793 linem
3078 736 3352 792 faciemus.
3381 736 3588 792 Sufficit
3613 737 3756 793 enim
3782 735 3936 788 vobis

2351 837 2408 882 ut
2437 826 2740 880 excttemini
2763 868 2778 891 ,
2811 827 2855 880 si
2885 829 3207 897 quaestiones
3256 827 3372 882 illas
3398 827 3670 883 edtseatis.
3702 826 3759 884 Si
3795 842 3926 884 vere

2343 915 2661 971 solutionem
2687 915 3023 981 desideratis,
3047 928 3102 974 et
3129 917 3259 972 illud
3289 931 3505 988 quoque
3528 919 3611 972 vel
3641 928 3928 988 antequam

2344 1003 2644 1074 loquamur,
2677 1005 2729 1060 in
2758 1014 2933 1061 vestra
2963 1009 3065 1062 erit
3095 1016 3359 1076 potestate
3393 1009 3577 1062 situm.
3609 1007 3665 1063 Si
3697 1024 3928 1078 namque

2344 1110 2438 1149 vos
2457 1095 2718 1151 excitatos
2741 1106 2795 1150 et
2815 1095 3058 1152 discendi
3079 1097 3300 1167 cupidos
3329 1098 3576 1165 viderim,
3601 1099 3925 1152 solutionem

2343 1184 2498 1238 vobis
2522 1183 2716 1240 aﬂ'erre
2738 1187 2991 1250 tentabo;
3021 1187 3102 1240 sin
3141 1187 3437 1242 oscitantes
3466 1195 3523 1242 et
3553 1201 3656 1241 non
3689 1196 3927 1242 attentos

2341 1287 2707 1343 conspexero,
2733 1284 2789 1331 et
2813 1280 3136 1346 qumstioues
3159 1284 3216 1332 et
3239 1278 3562 1331 solutionem
3591 1277 3802 1331 illarum
3829 1291 3925 1330 oc-

2340 1364 2585 1430 cultabo,
2615 1366 2808 1420 divinae
2830 1367 3134 1437 obsequens
3164 1367 3261 1436 legi
3292 1383 3308 1422 :
3339 1360 3536 1429 Nolite,
3569 1367 3777 1434 inquit,
3807 1384 3930 1420 san-

2342 1463 2476 1506 ctum
2501 1454 2626 1508 dare
2653 1455 2880 1520 canibus,
2910 1472 3071 1526 neque
3095 1457 3377 1527 proﬁciatis
3404 1457 3706 1525 margaritas
3737 1467 3928 1511 vestras

2339 1553 2456 1597 ante
2473 1560 2672 1613 porcos,
2691 1561 2753 1598 ne
2779 1549 2912 1615 forte
2928 1545 3224 1599 conculcari
3242 1563 3327 1601 eos
3344 1546 3552 1614 pedibus
3577 1547 3681 1600 suis
3705 1545 3923 1613 (Matth.

2339 1633 2390 1687 7.
2424 1632 2499 1704 6).
2542 1634 2677 1700 Quis
2700 1644 2782 1689 est
2807 1644 2984 1691 autem
3026 1636 3114 1706 qui
3155 1637 3474 1691 conculcat?
3511 1636 3614 1702 Qui
3653 1638 3767 1691 ιη’(-
3819 1653 3928 1691 nou

2340 1725 2571 1794 pretiosa
2597 1736 2650 1779 et
2676 1725 2882 1781 honore
2906 1719 3066 1797 digna
3088 1742 3207 1781 esse
3227 1735 3432 1781 censet.
3458 1726 3672 1798 Ecquis,
3694 1727 3927 1798 inquies,

2339 1814 2409 1868 ita
2440 1815 2600 1869 miser
2629 1823 2732 1881 est,
2763 1826 2818 1870 ut
2848 1817 2964 1872 bare
2992 1833 3098 1870 non
3129 1817 3333 1872 honore
3358 1817 3536 1888 digna.
3569 1835 3666 1874 nec
3684 1821 3928 1874 omnium

2340 1905 2718 1973 pretiosissima
2747 1921 2869 1961 esse
2891 1907 3094 1962 ducat?
3123 1907 3170 1961 Is
3192 1909 3282 1977 qui
3311 1923 3420 1962 non
3443 1908 3550 1962 illis
3577 1918 3782 1963 tantum
3809 1921 3927 1963 stu-

2335 1995 2482 2050 dium
2508 1995 2751 2062 adhibet,
2799 2006 3061 2067 quantum
3110 1999 3485 2054 meretricibus
3529 2001 3843 2056 mulieribus
3869 2002 3925 2054 ita

2335 2085 2586 2140 satanicis
2619 2085 2863 2140 theatris.
2910 2087 2984 2141 lbi
3013 2088 3160 2142 enim
3187 2088 3407 2158 plurimi
3437 2098 3576 2144 totos
3601 2083 3714 2145 dies
3744 2100 3929 2144 trans-

2334 2177 2510 2247 igunt,
2565 2177 2839 2247 multaque
2886 2178 2938 2232 in
2968 2193 3028 2234 re
3057 2180 3356 2234 domestica
3399 2181 3692 2250 negligunt,
3735 2183 3808 2236 ob
3839 2183 3929 2236 iu-

2333 2269 2702 2340 tempestivam
2733 2271 2876 2325 illam
2917 2273 3324 2340 occupationem
3345 2313 3360 2338 ,
3395 2271 3790 2343 diligenterque
3831 2274 3927 2328 ilia

2335 2362 2592 2427 retinent,
2623 2377 2744 2430 qua
2771 2363 2964 2418 ibidem
2993 2363 3255 2430 audiunt,
3285 2364 3482 2432 illaque
3509 2365 3562 2418 in
3593 2365 3785 2419 animae
3815 2379 3932 2420 sua:

2333 2452 2623 2520 perniciem
2647 2465 2992 2508 conservant.
3025 2451 3120 2508 llic
3146 2462 3325 2508 autem
3359 2455 3474 2523 ipso
3504 2454 3618 2510 Deo
3649 2455 3926 2525 loquente,

2332 2555 2402 2595 ne
2431 2541 2709 2594 minimum
2737 2541 2953 2610 quidem
2982 2544 3242 2611 temporis
3275 2558 3498 2599 manere
3527 2545 3736 2599 volunt.
3767 2545 3929 2600 Ideo-

2329 2644 2434 2700 que
2483 2630 2614 2686 nibil
2643 2645 2931 2687 commune
2971 2631 3230 2688 habemus
3258 2649 3382 2688 cum
3423 2635 3555 2689 czelo
3587 2653 3602 2688 :
3631 2636 3725 2690 sed
3758 2638 3930 2694 verbo

2336 2729 2492 2774 tenus
2530 2722 2651 2774 vita:
2682 2706 2984 2776 institutum
3031 2732 3276 2778 nostrum
3311 2725 3602 2794 peragitur.
3645 2724 3806 2780 Certe
3833 2742 3929 2797 ge—

2335 2809 2566 2863 hennam
2595 2811 2797 2866 idcirco
2825 2812 2965 2867 Deus
2990 2814 3349 2868 comminatus
3370 2818 3475 2880 est,
3498 2830 3606 2869 non
3632 2824 3689 2870 ut
3714 2818 3771 2874 in
3800 2833 3925 2872 eam

2337 2913 2438 2954 nos
2459 2899 2753 2966 conjiciat;
2792 2906 2883 2956 sed
2906 2914 2963 2957 ut
2997 2907 3154 2961 nobis
3189 2911 3512 2974 persuadeat
3551 2916 3919 2982 perniciosam

2337 2988 2483 3042 illam
2537 2992 2876 3061 tyrannidem
2914 2997 2935 3026 ⁸
2977 2995 3185 3066 fugere.
3232 2997 3341 3055 Nos
3384 3017 3512 3057 vero
3552 3020 3583 3058 e
3634 3010 3918 3065 contrario

2333 3080 2575 3149 agimus;
2622 3083 2897 3148 audimus,
2940 3096 2998 3140 et
3036 3088 3280 3156 quOtidie
3321 3092 3389 3146 ad
3433 3094 3574 3149 viatn
3618 3111 3741 3167 qua:
3783 3100 3918 3156 illuc

2329 3167 2481 3222 ducit
2509 3171 2850 3228 accurrimus
2877 3191 2894 3227 :
2923 3173 3141 3245 Deoque
3174 3178 3404 3248 jubente
3441 3198 3552 3238 non
3591 3188 3770 3242 solum
3813 3207 3916 3245 au-

2327 3252 2466 3317 dire,
2488 3256 2581 3310 sed
2604 3257 2767 3312 etiam
2790 3259 2935 3314 dicta
2959 3265 3209 3334 exsequi,
3233 3281 3338 3322 nos
3375 3285 3444 3325 ne
3464 3274 3684 3341 quidem
3718 3279 3915 3338 audire

2329 3343 2682 3398 sustinemus.
2722 3347 3076 3412 Quandouam
3122 3354 3290 3423 igitur
3327 3373 3411 3423 ea,
3444 3376 3566 3430 quae
3600 3365 3865 3432 jubemur
3889 3410 3910 3436 ,

2326 3457 2548 3507 agemtts
2568 3484 2590 3540 ,
2611 3458 2664 3540 et
2704 3452 2956 3523 eperlbus
3002 3462 3220 3514 manum
3250 3459 3676 3534 admovebimus,
3705 3475 3927 3540 quando

2322 3548 2467 3604 aegre
2493 3548 2548 3592 et
2578 3538 2796 3626 indigne
2823 3542 3048 3601 ferimus
3077 3563 3276 3614 moras,
3313 3551 3401 3607 hic
3429 3555 3497 3610 ad
3533 3538 3922 3620 brevissimum

2325 3627 2583 3715 temporis
2607 3633 2838 3700 spatium
2869 3637 3151 3705 prolatas?
3174 3641 3336 3713 Atqui
3366 3661 3468 3702 nos
3510 3663 3632 3704 cum
3659 3653 3729 3708 de
3752 3657 3918 3715 rebus

2319 3714 2522 3772 frivolis
2548 3721 2708 3774 verba
2737 3723 3016 3794 facientes,
3046 3745 3142 3785 eos
3165 3736 3254 3802 qui
3289 3737 3564 3794 nobiseum
3593 3743 3778 3800 sedent
3807 3714 3909 3805 nos

2318 3807 2596 3863 attendere
2660 3813 3021 3886 advertimus,
3073 3821 3126 3876 id
3171 3830 3513 3886 contumelia:
3571 3833 3687 3889 loco
3741 3837 3912 3895 habe-

2318 3910 2487 3962 mus;
2541 3899 2704 3955 Deum
2762 3921 2889 3960 vero
2942 3925 3049 3964 non
3120 3924 3367 3982 putamus
3439 3911 3538 3976 nos
3589 3924 3909 3998 oﬂ'endere,

2315 3987 2529 4056 quando
2573 3993 2723 4088 illum
2771 3997 2837 4088 de
2892 4002 3055 4057 tantis
3104 4005 3266 4061 rebus
3315 4009 3624 4080 loquentem
3676 3987 3910 4088 despici:

2313 4091 2432 4178 mus
2477 4082 2665 4137 etalio
2710 4086 2897 4142 oculos
2931 4096 3337 4152 convertimus?
3375 4099 3536 4157 Certe
3582 4119 3746 4162 senex
3780 4082 3908 4181 'qui-

2310 4179 2391 4220 vta
2434 4182 2680 4238 magnam
2725 4190 2974 4234 emensus
3013 4192 3169 4238 terrae
3216 4197 3442 4256 partem,
3473 4195 3766 4254 stadiorum
3796 4179 3904 4258 nu-

2308 4269 2536 4354 incrum,
2583 4261 2793 4318 urbium
2843 4269 3161 4336 positionem
3200 4286 3256 4330 et
3304 4278 3555 4348 formam,
3607 4299 3796 4354 portus
3835 4307 3901 4349 ac

2304 4342 2477 4400 fortun
2503 4348 2911 4450 diligentissime
2940 4362 3093 4434 nobis
3111 4364 3368 4424 describit
3392 4389 3406 4424 :
3433 4385 3486 4426 at
3512 4342 3620 4431 nos
3637 4393 3705 4434 ne
3724 4342 3898 4450 quan:

2303 4442 2414 4490 tum
2441 4439 2658 4529 quidem
2690 4449 2870 4512 procul
2902 4450 3073 4508 simus
3116 4454 3186 4508 ab
3216 4458 3304 4513 illa
3334 4463 3532 4519 (πιθειί
3579 4467 3710 4523 urbe
3740 4439 3898 4529 novi-

2298 4539 2448 4591 mus;
2475 4528 2709 4600 alioquin
2736 4547 2912 4592 autem
2939 4542 3037 4596 vim
3058 4543 3442 4616 longitudinem
3468 4558 3711 4614 minuere
3736 4576 3896 4620 cura-
3949 4545 3952 4550 I

2296 4615 2582 4695 vissen‘uts,
2608 4622 2652 4675 si
2681 4638 2868 4696 nempe
2900 4631 3044 4686 illam
3074 4615 3382 4695 distantiam
3407 4653 3732 4703 teneremus.
3765 4651 3892 4712 Non

2294 4707 2436 4763 enim
2485 4719 2690 4767 tantum
2737 4716 3015 4777 dumtaxat
3055 4738 3086 4777 a
3114 4727 3272 4783 nobis
3314 4731 3478 4788 distat
3517 4737 3712 4796 civitas
3753 4707 3887 4813 illa,

2290 4809 2549 4868 quantum
2575 4813 2658 4858 est
2686 4805 2826 4863 inter
2843 4811 3035 4867 ‘ciclum
3061 4825 3115 4870 et
3137 4826 3332 4874 terram
3368 4824 3708 4887 interstiu‘um
3731 4851 3747 4900 ;
3773 4805 3888 4892 imo

2289 4890 2460 4947 inuito
2501 4895 2690 4965 magis,
2722 4898 2766 4952 si
2797 4903 3164 4973 negligemus;
3193 4919 3254 4965 ut
3278 4927 3310 4966 e
3351 4921 3624 4974 contrario
3643 4962 3659 4987 ,
3685 4890 3887 4982 sistu-

2286 4979 2420 5036 tliosi
2443 4983 2634 5053 simus,
2665 4987 2716 5041 in
2740 5004 3010 5050 momento
3036 5002 3292 5069 temporis
3318 5005 3382 5058 ad
3405 5007 3520 5076 ejus
3535 5009 3728 5078 januas
3751 5031 3882 5083 pcr-

2284 5076 2465 5130 vcuire
2488 5077 2799 5146 poterimus.
2822 5083 2936 5140 Non
2961 5089 3106 5143 enim
3135 5092 3372 5150 locorum
3397 5076 3884 5173 lettgiﬁtudine,'sctl

2281 5165 2520 5236 iustitiae
2541 5188 2747 5229 morum
2777 5175 2892 5234 bare
2917 5184 3086 5250 spatia
3118 5187 3384 5244 metienda
3415 5165 3561 5246 sunt.

2347 5257 2402 5312 8.
2429 5258 2509 5314 Tu
2539 5278 2667 5317 vero
2695 5273 2973 5335 prmsentis
3002 5275 3124 5330 vita:
3157 5293 3242 5333 res
3271 5280 3557 5352 diligenter
3605 5289 3778 5355 nosti,
3818 5303 3876 5349 ct

2274 5363 2410 5405 nova
2461 5363 2516 5408 et
2540 5357 2754 5426 antiqua
2799 5371 2852 5416 et
2889 5373 3108 5434 vetera,
3155 5371 3532 5444 principesque
3577 5394 3876 5443 numerare

2353 5683 2369 5711 ²
2403 5678 2627 5745 Quidam,
2649 5686 3051 5742 consuetudinem.
