4140 6298
314 353 384 411 23
1473 347 1542 404 IN
1579 345 1899 404 ΙΔἸἽἮΕ

2039 346 2278 405 HOMIL.
2341 346 2408 402 11.
3557 363 3630 419 ει

320 473 495 534 potes,
512 463 617 522 sub
633 464 829 537 quibus
849 462 1122 535 praeterito
1150 470 1391 535 tempore
1416 464 1657 521 militasti
1687 483 1702 521 :
1727 466 1921 520 etiam-

317 570 424 627 que
443 557 849 630 agouothetam,
880 569 1203 610 coronarum
1232 554 1632 621 distributores,
1654 565 1710 609 et
1728 555 1916 621 duces,

317 662 438 718 qtae
469 663 562 705 res
589 645 725 702 nihil.
757 645 849 701 tibi
884 645 1140 715 prodesse
1166 645 1364 700 valent.
1397 644 1528 714 Quis
1555 661 1685 718 vero
1709 645 1817 700 dux
1849 646 1920 700 sit

315 739 368 793 in
395 738 500 793 hac
523 736 592 792 dc
615 751 717 806 qua
743 735 1012 805 loquimur
1029 735 1266 802 civitate,
1292 734 1414 805 quis
1434 736 1658 805 primus,
1683 736 1804 806 quis
1829 750 1918 792 se-

310 823 540 888 cundus,
567 824 689 893 quis
713 824 924 890 tertius,
954 824 1040 879 vel
1060 832 1258 894 quanto
1279 827 1504 896 quisque
1525 835 1767 898 tempore
1792 844 1906 886 me-

309 915 499 984 ruerit,
543 914 740 985 quidve
784 916 1043 986 praeclare
1083 918 1334 987 gesserit,
1379 934 1449 975 ne
1494 934 1590 988 per
1635 921 1902 976 somnium

308 1004 529 1076 quidem
561 1007 830 1076 cogitasti.
859 1007 934 1061 De
969 1007 1181 1077 legibus
1223 1022 1355 1063 vero
1393 1007 1552 1080 hujus
1576 1010 1807 1067 civitatis
1839 1028 1907 1070 ne

307 1100 445 1156 alios
489 1101 706 1172 quidem
755 1100 1034 1172 loquentes
1082 1101 1318 1157 sustines
1363 1102 1574 1159 audire.
1622 1103 1905 1173 Quomodo

307 1193 493 1264 igitur,
543 1192 630 1248 die
674 1193 826 1258 mihi,
875 1193 1139 1264 promissa
1181 1193 1326 1249 bona
1357 1201 1410 1248 te
1437 1205 1904 1264 .eonsequuturum

306 1299 516 1353 speras,
547 1285 638 1355 qui
671 1298 770 1338 nec
794 1284 956 1340 dictis
998 1283 1065 1338 ad
1093 1283 1182 1338 illa
1207 1285 1575 1354 spectantibus
1617 1287 1908 1343 attendas?

308 1373 511 1428 Verum
538 1375 584 1429 si
630 1373 683 1427 id
713 1388 820 1428 non
848 1383 974 1444 ante
1021 1373 1373 1443 praestitimus
1393 1415 1409 1441 ,
1440 1375 1524 1430 vel
1553 1391 1697 1431 nunc
1729 1376 1907 1434 iacere

306 1481 578 1522 curemus.
609 1465 826 1521 Etenim
853 1467 898 1521 si
924 1465 1066 1521 Deus
1098 1465 1149 1520 id
1176 1467 1537 1534 concesserit,
1570 1467 1757 1525 urbem
1783 1469 1907 1524 adi-

311 1556 413 1610 turi
463 1571 655 1612 sumus
700 1570 954 1622 auream,
983 1563 1038 1610 et
1081 1555 1274 1625 quovis
1321 1568 1456 1610 auro
1505 1557 1903 1626 pretiosiorem.

307 1649 436 1719 Ejus
464 1664 594 1720 ergo
619 1647 966 1704 fundamenta
995 1648 1268 1704 discamus
1289 1689 1304 1714 ,
1337 1649 1454 1720 ejus
1477 1660 1663 1721 portas
1689 1666 1756 1708 ex
1781 1667 1906 1723 sap—

307 1740 464 1810 pbiro
491 1748 548 1794 et
573 1739 882 1811 margaritis
910 1747 1145 1794 structas
1176 1739 1494 1796 :ductorem
1534 1742 1733 1812 quippe
1763 1744 1906 1812 opti-

307 1846 454 1885 mum
483 1830 750 1887 habemus
769 1829 1099 1885 Matthaum.
1129 1830 1234 1885 Per
1257 1832 1423 1900 ipsius
1444 1846 1674 1902 namque
1696 1844 1904 1902 portam

307 1939 453 1980 nunc
483 1925 766 1988 intramus,
795 1923 1077 1993 multoque
1101 1923 1259 1977 nobis
1287 1922 1466 1977 studio
1487 1933 1574 1978 est
1593 1937 1748 1993 opus.
1771 1924 1904 1979 Nam

308 2019 352 2072 si
376 2015 687 2086 quempiam
729 2014 924 2069 viderit
963 2029 1071 2068 non
1125 2021 1425 2079 attentum,
1454 2014 1634 2084 ejiciet
1677 2031 1744 2070 ex
1772 2017 1909 2070 civi-

309 2117 442 2161 tate.
473 2106 571 2161 Est
609 2105 809 2176 quippe
838 2103 967 2159 urbs
993 2105 1081 2158 illa
1125 2105 1359 2159 maxime
1386 2105 1531 2175 regia
1560 2114 1616 2160 et
1643 2105 1866 2162 illustris
1887 2146 1903 2173 ,

307 2211 485 2267 neque
514 2207 576 2252 ut
620 2195 783 2251 urbes
812 2205 1047 2261 nostra},
1079 2195 1132 2250 in
1161 2195 1336 2251 lorum
1379 2204 1435 2252 et
1463 2198 1663 2267 regiam
1709 2198 1904 2253 distin-

305 2291 487 2360 gnitur
516 2310 532 2343 :
564 2289 661 2343 sed
694 2287 765 2344 ibi
794 2288 974 2343 omnia
1006 2289 1154 2358 regia
1203 2298 1347 2343 sunt.
1379 2291 1707 2358 Aperiamus’
1728 2292 1910 2362 itaque

305 2379 503 2433 mentis
542 2378 774 2448 januas,
817 2378 1124 2447 aperiamus
1169 2392 1365 2445 aures,
1407 2387 1464 2434 et
1499 2395 1622 2434 cum
1673 2389 1909 2438 tremore

306 2469 1166 2542 plurimoliminatransgressuri,
1189 2468 1392 2540 Regem
1415 2469 1565 2524 illum
1587 2469 1908 2528 adoremus:

301 2573 430 2616 nam
476 2561 567 2617 vel
608 2562 815 2632 primus
854 2574 1185 2631 congressus
1227 2560 1480 2616 sectatori
1519 2568 1779 2617 terrorem
1829 2563 1911 2616 in-

305 2666 491 2714 cutere
521 2655 690 2710 valet.
719 2653 876 2709 Modo
903 2652 1119 2724 quidem
1148 2662 1316 2723 porta:
1346 2654 1464 2708 istae
1493 2653 1649 2709 nobis
1677 2640 1909 2708 occlusa

314 2944 1818 2970 W

2034 467 2191 514 sunt:
2213 459 2430 528 quando
2455 468 2634 516 autem
2660 458 2792 517 istas
2811 469 3027 532 apertas
3053 461 3357 524 videbimus
3385 467 3528 536 (hmo
3547 481 3636 527 est

2030 549 2177 602 enim
2222 549 2578 619 qumstiomtm
2626 551 2885 623 solutio),
2922 563 3050 608 tunc
3077 556 3303 611 multum
3353 558 3499 615 intus
3523 559 3632 615 ful-

2027 653 2212 707 gorem
2245 639 2660 708 conspiciemus.
2691 639 2925 710 Spiritus
2949 646 3092 699 enim
3119 647 3293 701 oculis
3311 647 3506 704 ductus
3529 666 3628 720 pu-

2028 728 2277 789 blicauus
2304 729 2413 798 hic,
2442 731 2625 786 omnia
2651 746 2713 788 se
2743 733 2837 788 tibi
2878 744 3234 790 ostensurum
3252 752 3376 794 esse
3404 740 3628 809 pollice-

2028 828 2115 873 tur
2145 838 2158 874 :
2188 821 2406 876 ubinam
2433 822 2548 877 Rex
2571 822 2758 878 sedeat
2777 865 2791 889 ,
2819 825 3040 894 quinam
3071 827 3138 881 de
3164 829 3524 886 exeereitilius
3554 832 3630 887 illi

2031 914 2244 980 adsint;
2274 912 2491 971 ublmm
2521 914 2630 970 sint
2660 915 2858 985 angeli,
2886 913 2978 969 ubi
3000 916 3316 986 archangeli
3342 935 3357 972 :
3383 917 3504 986 quis
3535 931 3633 973 no-

2031 1007 2111 1061 vis
2156 1008 2308 1061 istius
2343 1007 2491 1064 urbis
2519 1008 2729 1064 civibus
2765 1009 2836 1064 sit
2875 1008 3167 1080 deputatus
3207 1009 3386 1074 locus;
3412 1025 3535 1079 qua:
3559 1009 3630 1066 sit

2031 1098 2116 1152 via
2136 1099 2275 1153 istuc
2299 1099 2538 1166 ducens;
2567 1113 2726 1170 quam
2747 1109 2947 1156 sortem
2971 1100 3280 1168 acceperint
3309 1099 3367 1166 ii,
3389 1100 3479 1169 qui
3504 1108 3630 1156 sunt

2031 1174 2262 1257 primum
2293 1189 2416 1243 istic
2446 1189 2592 1243 cives
2617 1187 2876 1254 admissi,
2908 1198 2964 1244 ct
3005 1199 3128 1258 post
3169 1188 3536 1258 bosvsecundi,
3564 1205 3629 1245 ac

2028 1276 2222 1331 deinde
2253 1277 2393 1332 tertii
2419 1293 2433 1330 :
2465 1285 2599 1346 quot
2622 1277 2732 1336 sint
2759 1278 2975 1332 illorum
3004 1279 3201 1333 civium
3229 1279 3472 1346 ordines,
3496 1288 3627 1350 quot

2025 1375 2274 1421 senatum
2300 1368 2656 1430 constituant,
2680 1367 3149 1438 quotdignitatum
3180 1368 3516 1424 discrimina.
3545 1368 3626 1426 Nc

2027 1456 2209 1521 itaque
2233 1472 2356 1512 cum
2380 1457 2612 1511 tumultu
2634 1465 2689 1513 et
2712 1459 2941 1528 strepitu
2970 1458 3357 1530 ingrediamur,
3383 1459 3482 1515 sed
3501 1474 3626 1517 cum

2025 1547 2242 1602 silentio
2269 1549 2520 1619 mystico.
2550 1549 2606 1603 Si
2642 1551 2788 1605 enim
2819 1550 2873 1604 in
2902 1549 3116 1606 theatro
3156 1565 3279 1610 cum
3323 1565 3520 1622 magno
3547 1552 3625 1607 si~

2026 1637 2195 1691 lentio
2223 1639 2567 1706 Imperatoris
2607 1639 2781 1695 litera:
2824 1641 3081 1711 leguntur
3109 1656 3126 1697 :
3157 1644 3328 1697 multo
3374 1645 3543 1714 magis
3573 1647 3624 1702 in

2027 1727 2125 1782 hac
2157 1729 2286 1783 urbe
2310 1731 2489 1784 omnia
2525 1730 2700 1785 sedari
2726 1740 2957 1800 oportet,
2980 1740 3152 1801 atque
3175 1735 3401 1790 arrectis
3427 1735 3624 1794 animis

2019 1824 2072 1866 et
2093 1816 2311 1871 auribus
2336 1819 2587 1874 standum
2613 1830 2699 1878 est
2716 1824 2756 1876 ί.
2779 1822 2897 1879 Non
2916 1825 3061 1880 enim
3085 1827 3286 1884 terreni
3309 1828 3612 1899 cuiuspiam

2015 1904 2180 1973 regis,
2208 1907 2304 1961 sed
2330 1910 2643 1978 angelorum
2669 1911 2879 1968 Domini
2903 1916 3100 1986 scripta
3128 1917 3354 1988 legenda
3381 1930 3525 1974 sunt.
3553 1919 3612 1976 Si

2016 1993 2087 2046 ita
2134 2010 2232 2052 nos
2257 2014 2585 2068 componere
2629 2004 2991 2072 voluerimus,
3024 2007 3140 2077 ipsa
3169 2007 3402 2078 Spiritus
3440 2011 3611 2080 gratia

2013 2100 2135 2138 cum
2164 2103 2352 2158 magna
2380 2089 2655 2162 diligentia
2685 2109 2783 2151 nos
2809 2095 3084 2164 deducet,
3115 2098 3181 2153 ad
3212 2100 3496 2170 ipsumque
3526 2116 3612 2155 re-

2011 2177 2156 2245 gium
2187 2181 2381 2235 solium
2423 2183 2763 2252 accedemus,
2792 2187 3040 2257 bonaque
3078 2189 3258 2243 omnia
3305 2204 3610 2261 conseque-

2013 2280 2152 2329 mur,
2178 2269 2347 2336 gratia
2369 2279 2423 2324 et
2444 2272 2776 2342 benignitate
2804 2277 3012 2331 Domini
3041 2279 3208 2334 nostri
3234 2279 3360 2335 Iesu
3383 2279 3608 2345 Christi,

2011 2356 2094 2408 cui
2122 2357 2293 2425 gloria
2336 2369 2391 2414 et
2428 2362 2711 2432 imperium
2740 2377 2862 2421 eum
2895 2368 3052 2424 Patre
3078 2379 3135 2425 et
3161 2382 3350 2426 sancto
3381 2371 3607 2442 Spiritu,

2012 2460 2154 2502 nunc
2178 2457 2233 2502 et
2258 2464 2490 2521 semper,
2524 2463 2580 2509 et
2603 2456 2655 2509 in
2681 2459 2877 2513 satcula
2909 2463 3252 2516 saeculorum.
3284 2465 3477 2520 Amen.

2075 2644 2091 2673 ι
2127 2644 2315 2706 Morel.,
2340 2650 2545 2699 arrectis
2567 2652 2769 2705 auribus
2789 2657 3017 2715 mm
3038 2668 3129 2714 eu,

1713 3141 2071 3204 HOMILIA
2116 3146 2199 3205 ll.

298 3375 421 3431 Car.
457 3377 494 3430 Ι.
522 3390 577 3428 v.
600 3380 652 3429 1.
679 3374 828 3429 Liber
852 3383 1188 3444 generaltoms
1214 3375 1340 3429 less
1363 3375 1552 3430 Christi
1581 3377 1677 3447 filii
1702 3376 1892 3445 David,

898 3462 996 3530 ﬁlii
1015 3463 1290 3516 Abraham.

376 3597 424 3649 l.
471 3595 760 3649 Attentione
826 3595 1140 3649 audientium
1202 3596 1454 3663 excitata,
1503 3595 1894 3666 descriptionem

298 3687 439 3757 regni
452 3684 666 3741 micatis
683 3684 934 3738 adoritur.
951 3713 1025 3726 —
1037 3685 1118 3738 Au
1133 3685 1448 3741 meministis
1472 3685 1851 3744 admonitionis
1872 3729 1892 3755 ,

299 3791 403 3845 qua
430 3789 602 3843 nuper
625 3788 724 3828 vos
749 3773 942 3828 hortati
973 3789 1180 3839 sumus,
1208 3784 1261 3828 ut
1291 3789 1411 3828 cum
1435 3776 1578 3829 omni
1605 3776 1820 3833 silentio
1840 3788 1897 3835 et

297 3867 523 3937 mystica
539 3865 722 3936 quiete
745 3865 883 3920 dicta
911 3867 1087 3922 omnia
1115 3866 1404 3920 audiretis?
1429 3866 1582 3922 Nunc
1609 3879 1790 3923 autem
1811 3885 1899 3924 sa-

298 3973 392 4012 cra
422 3958 604 4012 limina
634 3956 791 4012 hodie
812 3957 1000 4012 adituri
1031 3972 1250 4021 sumus;
1278 3958 1506 4027 ideoque
1529 3960 1681 4014 vobis
1699 3961 1896 4015 adhor-

302 4048 560 4103 tationem
591 4048 736 4102 illam
769 4048 820 4102 in
843 4057 1078 4102 mentem
1106 4049 1372 4103 revocavi.
1402 4047 1534 4102 Nam
1563 4049 1606 4103 si
1629 4048 1797 4104 Judaei
1828 4051 1893 4107 ad

303 4148 542 4194 montem
568 4139 869 4206 ardetem,
892 4140 958 4192 ad
989 4140 1186 4209 ignem,
1227 4138 1294 4193 ad
1317 4138 1616 4210 caliginem,
1639 4140 1707 4194 ad
1739 4149 1892 4195 tene-

304 4229 427 4284 bras
457 4237 512 4283 et
531 4230 816 4297 procellam
845 4230 1111 4285 accessuri
1137 4247 1153 4295 ;
1185 4230 1292 4284 imo
1313 4244 1419 4284 non
1449 4231 1719 4285 aceessuri
1744 4271 1760 4296 ,
1796 4233 1890 4286 scd

303 4334 366 4375 ea
396 4318 630 4374 audituri
661 4319 869 4374 eminus
904 4328 961 4374 et
1005 4320 1168 4374 visuri
1197 4360 1213 4385 ,
1247 4320 1416 4374 tribus
1452 4331 1575 4375 ante
1605 4321 1794 4375 diebus
1829 4321 1900 4375 ab

306 4409 563 4464 uxoribus
601 4408 866 4462 abstinere
901 4407 1260 4476 jubebantur,
1308 4420 1589 4476 veStesque
1633 4409 1895 4475 abluere;

307 4508 467 4570 atque
495 4515 545 4554 in
579 4500 770 4554 timore
797 4514 857 4552 ac
887 4507 1118 4554 tremore
1141 4499 1425 4568 degebant,
1444 4499 1761 4572 Moysesque
1778 4518 1897 4557 cum

307 4588 438 4660 ipsis
461 4605 478 4643 :
511 4590 678 4644 multo
705 4590 872 4659 magis
897 4603 995 4643 nos
1023 4590 1148 4644 talia
1173 4589 1404 4644 audituri
1432 4591 1615 4656 verba,
1639 4606 1746 4648 non
1776 4607 1900 4661 pro-

306 4677 396 4732 cui
433 4693 464 4730 a
504 4688 685 4733 monte
722 4678 957 4734 fumante
985 4689 1225 4742 stantes,
1267 4679 1363 4733 sed
1401 4680 1572 4748 ipsum
1602 4682 1899 4751 ingressuri

307 4768 498 4822 uelum
524 4807 540 4832 ,
591 4768 848 4839 majorem
889 4770 1145 4827 debemus
1178 4774 1434 4830 exhibere
1464 4778 1852 4846 philostipbiam
1874 4821 1892 4848 ,

307 4871 429 4921 non,
443 4857 760 4914 vestimenta
789 4861 1089 4927 abluentes,
1115 4865 1211 4919 sed
1241 4869 1436 4921 animm
1467 4871 1657 4923 stolam
1683 4871 1893 4926 abster-

305 4959 531 5019 geutes,
579 4960 633 5005 ot
670 4951 738 5006 ab
763 4956 906 5008 omni
936 4955 1273 5011 surcularium
1316 4974 1496 5014 rerum
1521 4963 1899 5022 commixtione

313 5040 484 5095 liberi.
530 5037 650 5096 Non
677 5041 819 5102 enim
848 5045 1129 5115 caliginem
1172 5047 1462 5116 videbitis,
1505 5066 1612 5106 non
1656 5052 1892 5123 fumum,

313 5148 416 5187 non
457 5134 788 5203 procellam;
818 5134 911 5191 sed
939 5137 1111 5207 ipsum
1143 5139 1339 5210 Regem
1367 5142 1644 5200 sedentem
1675 5150 1728 5200 in
1765 5151 1902 5203 solio

312 5224 598 5282 inelabilis
620 5226 762 5281 illius
786 5228 988 5296 glorize,
1007 5231 1332 5302 angelosque
1350 5241 1402 5288 et
1423 5235 1770 5305 archangelos
1800 5240 1902 5309 ipsi

316 5316 611 5384 adstantes,
642 5330 1053 5388 sanetorumque
1099 5323 1322 5391 populos
1365 5339 1485 5378 cum
1528 5328 1898 5385 innumerabili

316 5407 528 5460 illorum
558 5419 721 5463 coetu.
747 5409 892 5465 Talis
920 5412 1116 5481 quippe
1141 5421 1225 5467 est
1253 5415 1439 5469 civitas
1465 5404 1575 5480 Dei,
1613 5418 1900 5474 Ecclrsiam

315 5497 718 5566 primitivorum
750 5501 951 5556 habens
973 5543 988 5566 ,
1018 5503 1234 5572 spiritus
1255 5503 1517 5572 justorum
1542 5548 1555 5572 ,
1594 5510 1902 5578 angelorum

320 5589 706 5659 frequentiam,
734 5592 1045 5661 sanguinem
1075 5596 1400 5661 aspersionis
1425 5636 1437 5661 ,
1467 5611 1575 5666 quo
1603 5600 1778 5652 omnia
1809 5615 1900 5653 oo-

242 5691 261 5697 ’
325 5682 597 5752 pulantur,
627 5683 816 5739 uelum
848 5692 1058 5740 terrena
1087 5687 1340 5755 suscepit,
1369 5696 1425 5742 ct
1455 5694 1594 5743 terra
1621 5690 1850 5746 cwlcsua
1889 5710 1900 5745 :

2001 3411 2054 3456 et
2083 3401 2189 3470 jam
2223 3399 2351 3455 olim
2380 3399 2682 3455 desiderata
2711 3415 2811 3469 pax
2834 3399 3040 3470 angelis
3081 3409 3244 3472 atque
3268 3400 3470 3454 saurtis
3495 3400 3598 3454 duo

2004 3503 2129 3548 nata
2158 3502 2260 3548 est.
2291 3493 2350 3548 in
2379 3495 2479 3548 hac
2506 3493 2639 3548 urbe
2663 3493 2840 3549 crucis
2869 3499 3127 3562 tropaeum
3152 3493 3366 3551 illustre
3393 3494 3520 3549 illud
3549 3503 3604 3550 et

2002 3586 2349 3655 conspicuum
2380 3594 2619 3641 erectum
2649 3596 2736 3641 est
2770 3604 2784 3640 :
2812 3588 2983 3657 spoiia
3007 3586 3222 3641 Christo
3249 3595 3397 3656 parta
3421 3626 3435 3648 ,
3467 3601 3600 3642 exu-

2005 3681 2102 3733 vim
2133 3690 2339 3730 natum
2363 3684 2582 3741 nostrae,
2615 3677 2880 3728 manubiae
2909 3677 3069 3746 Regis
3095 3676 3264 3729 nostri
3297 3693 3313 3728 :
3340 3691 3461 3744 qua:
3487 3691 3604 3730 om—

2012 3773 2098 3824 nia
2126 3785 2194 3825 ex
2229 3769 2519 3840 evangeliis
2562 3779 2812 3826 accurate
2855 3768 3144 3825 discemus.
3191 3768 3250 3826 Si
3297 3784 3420 3826 cum
3473 3785 3607 3826 eon-

2010 3862 2219 3930 gruenti
2249 3863 2429 3932 quiete
2453 3862 2716 3933 sequaris,
2753 3863 3052 3933 poterimus
3078 3872 3130 3918 te
3162 3877 3257 3932 per
3281 3874 3474 3918 cuneta
3496 3865 3608 3918 eir-

2013 3953 2372 4015 eumdocerc,
2425 3953 2819 4020 ostendereque
2862 3951 2956 4006 tibi
2999 3954 3214 4007 ubinam
3267 3968 3411 4008 mors
3454 3953 3612 4009 allisa

2006 4040 2216 4110 jaceat,
2248 4044 2333 4096 ubi
2379 4051 2654 4112 peccatum
2682 4057 3002 4113 suspensum
3035 4046 3126 4110 sit,
3161 4047 3246 4099 ubi
3281 4047 3525 4114 plurimm
3550 4063 3615 4103 au

2013 4131 2287 4186 mirabiles
2314 4148 2381 4185 ex
2412 4131 2514 4186 hoc
2557 4131 2700 4186 bello
2719 4173 2732 4196 ,
2762 4147 2827 4186 es
2869 4132 2970 4187 hac
2999 4149 3172 4203 pugna
3202 4135 3488 4191 manubiae.
3520 4136 3616 4192 νὶ-

2010 4221 2166 4278 dehis
2190 4232 2246 4279 et.
2273 4233 2557 4294 tyrannum
2589 4223 2826 4279 vinetum
2851 4238 2975 4277 cum
3007 4225 3347 4280 multitudine
3373 4229 3615 4298 captivo-
3673 4230 3694 4244 ⁵

2013 4329 2131 4368 rum
2161 4325 2443 4384 sequente,
2462 4325 2517 4368 et
2543 4329 2746 4379 arcem,
2775 4329 2842 4369 ex
2870 4329 2973 4383 qua
3003 4315 3244 4385 impurus
3265 4317 3354 4372 ille
3377 4319 3613 4389 daemon,

2013 4407 2284 4473 praeterito
2308 4416 2570 4476 tempore,
2605 4407 2850 4462 incursus
2876 4408 2928 4461 in
2959 4410 3140 4464 omnia
3171 4410 3400 4466 iaciebat
3428 4429 3442 4466 ε
3471 4413 3618 4468 vide-

2012 4496 2097 4551 bis
2116 4497 2278 4551 etiam
2306 4497 2439 4551 luris
2468 4497 2690 4551 latibula
2719 4505 2775 4552 et
2801 4497 3109 4567 speluncas,
3132 4499 3376 4570 diruptas
3398 4502 3618 4572 quidem

2011 4597 2066 4641 et
2093 4587 2381 4655 patelaetas
2410 4604 2424 4640 :
2454 4600 2577 4640 na...
2609 4587 2680 4641 ibi
2710 4602 2923 4657 quoque
2952 4588 3064 4644 Rex
3090 4590 3279 4644 adfuit.
3317 4591 3515 4648 Verum
3547 4610 3616 4648 ne

2012 4675 2247 4743 l'atiscas,
2269 4677 2466 4752 dilecte
2493 4696 2510 4731 :
2545 4693 2723 4748 neque
2747 4677 2892 4732 enim
2921 4680 2965 4733 si
2987 4680 3108 4748 quis
3139 4681 3338 4736 bellum
3365 4684 3469 4738 sub
3490 4701 3616 4740 sen-

2012 4783 2131 4824 sum
2157 4771 2356 4826 cadens
2381 4781 2692 4843 enarraret,
2742 4772 2785 4825 si
2820 4780 3019 4841 tropma
3050 4814 3063 4837 ,
3105 4774 3149 4826 si
3181 4775 3430 4830 victorias
3451 4817 3469 4843 ,
3502 4776 3621 4833 bzrc

2013 4877 2132 4916 cum
2161 4860 2374 4916 fastidio
2397 4842 2712 4932 excipetfes;
2745 4863 2853 4916 imo
2882 4878 2981 4917 nec
3020 4864 3198 4920 cibum
3226 4906 3241 4929 ,
3294 4882 3393 4921 nec
3433 4842 3618 4936 potum

2014 4952 2139 5007 huic
2165 4953 2457 5009 narrationi
2487 4965 2868 5023 anteponeres.
2901 4954 3056 5020 Quod
3084 4956 3127 5009 si
3161 4956 3250 5009 illa
3277 4959 3515 5026 jucunda
3537 4971 3622 5017 est

2013 5043 2276 5110 narratio,
2303 5043 2473 5098 multo
2497 5043 2665 5114 magis
2693 5042 2808 5097 inec
2834 5044 2958 5098 erit.
2981 5043 3258 5113 Perpende
3279 5052 3423 5101 enim
3446 5063 3621 5118 quan-

2017 5143 2127 5188 tum
2157 5134 2286 5188 illud
2317 5135 2387 5189 sit
2409 5133 2632 5200 audire,
2670 5134 2943 5202 quomodo
2984 5132 3123 5188 Deus
3153 5134 3220 5190 de
3242 5136 3411 5201 cmlo,
3443 5137 3621 5209 deque

2014 5226 2162 5296 regio
2188 5225 2325 5281 solio
2351 5239 2594 5295 surgens,
2629 5224 2680 5278 in
2704 5234 2927 5291 terram,
2953 5225 3114 5295 inque
3138 5226 3312 5296 ipsum
3341 5228 3615 5286 infernum

2014 5315 2273 5382 eruperit,
2314 5323 2370 5367 et
2399 5314 2452 5368 in
2473 5314 2588 5368 acie
2612 5314 2855 5370 steterit:
2879 5313 3149 5382 quomodo
3172 5315 3418 5372 diabolus
3447 5321 3620 5377 aciem

2016 5417 2070 5461 et
2101 5408 2213 5475 ipse
2241 5422 2391 5460 suam
2421 5417 2606 5460 contra
2637 5407 2802 5461 Deum
2836 5406 3174 5468 instruxerit;
3202 5407 3314 5461 imo
3355 5425 3461 5465 non
3489 5426 3620 5467 con-

2018 5507 2100 5552 tra
2145 5500 2307 5553 Deum
2340 5499 2539 5554 nudum
2561 5540 2575 5562 ,
2607 5499 2702 5552 sed
2734 5499 2898 5553 Deum
2932 5499 2983 5551 in
3027 5507 3213 5552 natura
3240 5499 3616 5558 absconditum

2019 5591 2268 5644 humana.
2299 5591 2558 5659 Quodque
2589 5590 2833 5644 mirabile
2854 5598 2956 5655 est,
2989 5599 3218 5645 mortem
3262 5603 3436 5647 morte
3463 5596 3617 5650 solu-

2017 5691 2124 5738 tam
2149 5683 2386 5748 videbis,
2430 5694 2483 5739 et
2512 5681 2862 5739 maledictum
2903 5681 3188 5739 maledicto
3212 5685 3517 5747 sublatum;
3566 5702 3620 5747 (ιι
