4140 6298
608 336 687 393 ﬂ
1305 336 1362 394 S.
1396 336 1680 395 IOANNIS
1717 336 2204 397 CHRYSOSTOMI
2242 338 2553 405 ARCHIEP.
2591 343 3135 404 CONSTANTINOP.
3772 340 3844 398 26

593 457 690 511 per
709 455 828 512 qtre
851 440 1094 496 diabolus
1118 451 1241 497 ante
1262 443 1498 514 valebat,
1532 457 1627 512 per
1651 446 1835 501 eadem
1861 448 1977 518 ejus
2015 454 2162 506 solu-

597 547 705 592 tam
733 537 1084 610 tyrannidem.
1112 537 1468 608 Exsurgamus
1493 539 1683 614 igitur,
1715 551 1770 596 et
1797 556 2044 598 somnum
2087 542 2180 599 de-

593 628 866 697 pellamus
887 645 904 683 :
928 643 1051 684 ecce
1077 639 1254 698 portas
1280 632 1434 686 video
1460 633 1615 686 nobis
1649 641 1862 700 apertas
1885 650 1900 698 ;
1927 633 2023 688 sed
2053 649 2175 688 cum

593 721 741 774 omni
786 721 1047 775 modestia
1086 736 1148 775 ac
1187 732 1420 776 tremore
1455 723 1814 794 ingrediamur
1840 765 1854 789 ,
1897 726 2077 780 statim
2111 725 2175 778 li-

594 807 736 860 mina
767 818 1029 878 petentes.
1059 809 1187 876 Quae
1226 821 1348 864 sunt
1378 813 1560 868 istbmc
1604 813 1821 868 limina?
1851 813 1998 868 Liber
2025 832 2178 884 gene-

592 901 804 955 rationis
825 899 951 954 Iesu
975 898 1158 955 Christi
1200 901 1295 959 ﬁlii
1329 902 1492 957 David
1525 945 1540 970 ,
1585 905 1681 968 ﬁlii
1723 905 1998 961 Abraham.
2041 905 2178 974 Quid

594 990 773 1046 dicis?
796 990 865 1046 de
894 992 1162 1060 unigenito
1189 993 1280 1048 Dei
1311 994 1448 1049 Filio
1475 1003 1526 1049 te
1554 996 1890 1065 loquuturum
1917 1012 2036 1052 esse
2067 997 2179 1066 pol-

595 1079 862 1146 licebaris,
893 1089 947 1134 et
977 1081 1229 1136 Davidem
1259 1098 1522 1139 memoras
1547 1125 1561 1150 ,
1594 1085 1860 1140 hominem
1888 1095 2010 1156 post
2031 1086 2175 1142 mille

595 1172 972 1237 generationes
995 1179 1197 1235 natum,
1227 1173 1502 1242 ipsumque
1527 1174 1660 1229 dicis
1680 1189 1798 1230 esse
1819 1184 1872 1230 et
1892 1185 2092 1245 patrem
2121 1185 2176 1230 et

594 1258 889 1326 proavum?
916 1259 1195 1328 Exspecta,
1210 1277 1279 1315 ne
1302 1263 1456 1316 simul
1485 1265 1661 1315 omnia
1678 1265 1916 1320 ediscere
1935 1280 2177 1334 quaeras;

593 1347 694 1403 sed
739 1349 938 1402 sensim
984 1358 1142 1418 atque
1169 1351 1438 1418 paulatim.
1483 1352 1540 1405 In
1586 1353 1768 1407 limine
1826 1354 1999 1412 solum
2028 1363 2175 1420 stas,

593 1438 770 1493 adhuc
797 1439 849 1493 in
875 1439 992 1506 ipso
1016 1439 1186 1503 ostio;
1219 1439 1342 1508 quid
1373 1440 1588 1496 festinas
1616 1443 1681 1497 ad
1705 1445 1999 1499 interiora?
2029 1444 2176 1500 Non-

595 1527 722 1580 dum
746 1527 1009 1581 exteriora
1037 1528 1212 1582 omnia
1256 1530 1421 1596 probe
1445 1531 1733 1597 esplorasti
1770 1551 1782 1586 :
1816 1549 1989 1603 neque
2032 1536 2174 1589 enim

595 1613 740 1668 illuni
771 1613 864 1669 tibi
889 1616 1282 1684 generationem
1333 1617 1506 1672 adhuc
1544 1633 1831 1685 recenseo;
1865 1622 1972 1676 imo
2010 1638 2181 1691 neque

596 1704 740 1758 illam
767 1719 886 1773 qua
925 1714 1044 1772 post
1068 1708 1346 1774 sequitur,
1392 1723 1510 1777 qum
1557 1709 1840 1771 ineﬂ’abilis
1879 1723 1932 1766 et
1979 1728 2173 1768 arcana

595 1799 699 1847 est.
735 1791 949 1862 llocqne
973 1794 1068 1847 tibi
1096 1803 1221 1869 ante
1250 1809 1347 1869 me.
1367 1795 1528 1850 Isaias
1564 1798 1822 1867 propheta
1853 1800 2132 1856 denuntiat
2162 1817 2178 1855 :

601 1880 864 1950 siquidem
905 1882 1020 1951 ejus
1048 1883 1349 1952 passionem
1378 1887 1673 1954 praedicans
1692 1931 1706 1953 ,
1737 1890 2009 1959 ipsiusque
2037 1893 2178 1946 circa

593 1971 778 2026 orbem
811 1980 1073 2028 terrarum
1103 1976 1489 2043 providentiam
1519 1981 1533 2010 ‘
1574 1998 1586 2031 :
1617 1980 1884 2036 admirans
1913 1981 2034 2049 quis
2056 1998 2176 2040 cum

594 2061 888 2130 cssetquid
935 2063 1227 2128 factussit,
1281 2081 1452 2133 quove
1492 2070 1860 2136 descenderit,
1907 2053 2095 2142 magna
2125 2080 2182 2129 et

592 2149 732 2203 clara
765 2165 896 2206 voce
921 2151 1268 2208 exclamattdo
1294 2153 1426 2208 dixit
1459 2173 1472 2209 :
1506 2155 1890 2212 Generationem
1933 2161 2042 2231 ejus
2065 2162 2180 2230 quis

592 2239 841 2292 man:
867 2239 1024 2309 (lsai.
1047 2241 1135 2293 εδ.
1163 2240 1218 2298 st
1245 2242 1267 2296 τ

660 2424 715 2478 2.
749 2424 1042 2480 Iuturnalia
1066 2439 1310 2495 quantum
1334 2438 1617 2500 stupenda;
1647 2436 1896 2499 quomodo
1917 2452 2009 2490 nos
2034 2438 2176 2493 ml-

593 2523 681 2569 tet.
702 2513 930 2570 Christus
955 2515 1104 2569 Vetus
1133 2515 1512 2575 Testamentum
1529 2521 1582 2575 Ν
1586 2539 1677 2575 ora
1697 2525 1950 2594 adjuo'txit.
1981 2525 2047 2578 In
2086 2526 2180 2582 Ve-

592 2614 688 2661 teri
715 2607 1028 2662 Testamento
1054 2610 1240 2681 ﬁgura,
1258 2611 1310 2666 in
1328 2609 1477 2666 Novo
1504 2614 1790 2668 veritas.-—-
1809 2613 1930 2670 Non
1959 2632 2088 2688 ergo
2107 2616 2176 2673 de

592 2697 681 2752 illa
706 2698 1050 2767 generatione
1075 2700 1232 2756 nobis
1248 2715 1431 2758 sermo
1455 2712 1557 2766 est,
1583 2703 1677 2757 sed
1703 2703 1768 2759 de
1795 2704 1896 2759 bac
1919 2705 2174 2762 inferiore

588 2795 646 2840 et
674 2795 880 2840 terrena
902 2826 918 2852 ,
958 2802 1076 2856 qum
1107 2789 1413 2857 innumeros
1439 2792 1523 2844 sui
1557 2801 1723 2847 testes
1751 2794 1929 2849 habet.
1974 2794 2049 2850 De
2074 2795 2174 2851 hac

589 2891 751 2947 porro
777 2893 872 2947 pro
909 2879 1046 2933 virili
1078 2891 1262 2937 nostra
1286 2884 1586 2945 secundum
1631 2897 1901 2956 acceptam
1945 2888 2174 2958 Spiritus

593 2968 858 3037 gratiam,
902 2969 980 3023 sic
1026 2985 1330 3026 sermonem
1376 2974 1737 3032 instituemus.
1777 2977 1960 3047 Neque
1996 2988 2173 3035 tamen

591 3056 729 3112 hanc
755 3072 876 3113 cum
922 3062 1064 3113 omni
1107 3063 1483 3131 perspicuitate
1526 3067 1792 3132 explicare
1839 3083 2168 3138 possumus:

588 3160 714 3201 nam
755 3155 812 3203 et
842 3147 956 3218 ipsa
986 3164 1197 3219 quoque
1225 3150 1511 3207 admodum
1541 3157 1800 3223 stupenda
1830 3165 1932 3212 est.
1960 3157 2040 3213 Ne
2067 3159 2169 3213 ita-

587 3250 694 3306 que
718 3237 906 3306 exigua
936 3245 990 3292 te
1013 3237 1199 3293 audire
1228 3249 1380 3309 putes
1403 3282 1418 3307 ,
1450 3242 1576 3297 dum
1601 3243 1740 3300 banc
1766 3246 1919 3300 audis
1941 3262 2171 3318 genera-

588 3326 823 3392 tionem;
854 3328 949 3382 sed
988 3339 1221 3384 mentem
1267 3332 1459 3397 excita,
1508 3341 1566 3388 et
1592 3337 1771 3390 statim
1799 3337 2128 3395 exhorresce
2151 3381 2168 3406 ,

589 3415 759 3471 Deum
786 3417 839 3472 in
869 3426 1063 3472 terram
1093 3421 1302 3475 venisse
1325 3423 1568 3477 audiens.
1603 3423 1732 3478 illud
1776 3428 1922 3482 enim
1967 3430 2045 3484 sic
2072 3429 2172 3484 ad-

587 3503 888 3559 mirandum
907 3545 923 3570 ,
954 3505 1034 3560 sic
1063 3506 1482 3576 inexspectatum
1508 3521 1655 3580 erat,
1689 3522 1744 3568 ut
1763 3514 1933 3584 angeli
1961 3515 2014 3570 in
2037 3514 2172 3571 cho-

589 3606 708 3648 rum
736 3594 942 3649 collecti
968 3611 1131 3665 super
1156 3598 1254 3654 ltac
1282 3615 1342 3655 re
1369 3616 1462 3670 pro
1494 3611 1606 3657 toto
1645 3604 1776 3660 orbe
1817 3605 2025 3663 laudem
2053 3608 2168 3678 glo-

584 3683 825 3751 riamque
849 3686 1225 3754 concinerent,
1271 3699 1327 3742 ct
1364 3693 1639 3761 prophetae
1665 3695 1773 3763 jam
1804 3697 1936 3752 olim
1962 3697 2032 3753 de
2069 3700 2170 3754 hac

585 3784 646 3825 re
671 3773 1106 3844 obstupescerent
1127 3820 1143 3843 ,
1171 3781 1310 3848 quod
1340 3781 1390 3833 in
1425 3792 1564 3835 terra
1586 3785 1730 3837 visus
1759 3796 1813 3838 et
1840 3801 1960 3840 cum
1991 3787 2169 3842 homi-

586 3862 742 3917 tiibus
757 3875 1100 3920 conversatus
1113 3869 1180 3921 sit
1193 3868 1438 3936 (Barucli.
1456 3873 1508 3931 ὅ.
1532 3871 1646 3940 58).
1661 3872 1868 3928 Etenim
1883 3876 2167 3933 admodum

586 3951 904 4019 stupendum
934 3964 1012 4008 cst
1041 3955 1255 4022 audire,
1293 3959 1455 4011 Deum
1504 3959 1819 4017 inell'abilem
1845 4007 1859 4029 ,
1895 3963 2168 4021 inenarra-

585 4040 764 4105 bilcm,
795 4041 1405 4111 incomprehensibilem,
1439 4047 1579 4102 Patri
1606 4053 1860 4119 aequalem
1887 4095 1902 4116 ,
1930 4069 2026 4122 per
2055 4059 2166 4112 vir-

583 4142 794 4198 gineam
824 4132 1035 4185 venisse
1062 4134 1292 4199 vulvam,
1315 4142 1370 4188 et
1392 4149 1462 4190 ex
1493 4136 1713 4193 muliere
1733 4143 1876 4195 nasci
1894 4142 2166 4212 dignatum

584 4233 727 4283 esse,
753 4234 987 4289 avosque
999 4221 1199 4277 habere
1218 4222 1467 4278 Davidem
1481 4235 1536 4280 et
1553 4226 1934 4286 Abrahamum.
1957 4233 2022 4288 Et
2039 4237 2164 4304 quid

585 4306 706 4362 dico
736 4307 989 4364 Davidem
1010 4318 1064 4365 et
1085 4310 1480 4368 Abrahamum?
1505 4315 1636 4371 Nam
1665 4319 1806 4386 quod
1840 4321 2162 4393 horribilius,

583 4396 743 4451 etiam
782 4398 1032 4454 mulieres
1059 4399 1176 4454 illas
1219 4404 1530 4461 meretrices
1561 4409 1612 4472 ',
1662 4423 1793 4478 quas
1838 4413 1996 4480 paulo
2041 4425 2165 4470 ante

583 4489 897 4544 memoravi.
923 4489 1048 4545 Haec
1077 4493 1323 4559 audiens,
1354 4495 1589 4550 animum
1611 4501 1755 4569 erige
1774 4541 1788 4564 ,
1821 4510 1874 4555 et
1900 4505 2028 4560 nihil
2061 4507 2162 4562 vile

584 4578 872 4648 suspiceris
899 4595 912 4630 :
946 4579 1179 4652 illudque
1209 4585 1438 4640 maxime
1460 4588 1677 4656 mirare,
1702 4593 1842 4659 quod
1874 4593 2036 4651 Filius
2062 4639 2077 4663 ,
2108 4609 2162 4652 ct

584 4667 848 4734 genuinus
866 4667 1036 4724 Filius
1055 4669 1146 4724 Dei
1162 4671 1280 4727 sine
1299 4674 1560 4746 principio
1578 4679 1884 4737 exsistentis
1916 4699 1975 4738 se
1997 4688 2162 4743 lilium

585 4757 799 4814 Davidis
823 4759 1008 4816 audire
1049 4775 1236 4831 passus
1278 4765 1385 4832 sit,
1431 4776 1487 4822 ut
1514 4777 1566 4825 te
1594 4770 1794 4828 faceret
1826 4775 1915 4831 Dei
1943 4777 2112 4835 filium
2145 4798 2158 4835 :

582 4863 773 4919 passus
796 4857 879 4904 est
905 4866 962 4905 se
988 4865 1189 4920 patrem
1212 4855 1408 4912 habere
1431 4873 1665 4924 servum,
1690 4873 1748 4916 ut
1775 4865 1867 4920 tibi
1893 4882 2050 4925 servo
2071 4885 2165 4941 pa‘

585 4947 720 4993 trem
766 4937 963 4995 faceret
1007 4941 1309 4998 Dominum.
1363 4946 1546 5004 Viden’
1589 4953 1772 5008 statim
1817 4971 1848 5010 a
1894 4937 2162 5031 principio

583 5043 824 5096 quaenam
853 5030 962 5088 sint
981 5033 1298 5101 evangelia?
1325 5034 1474 5102 Quod
1503 5040 1548 5093 si
1579 5040 1646 5094 de
1677 5042 1780 5097 tuis
1808 5045 2018 5103 dubitas
2043 5030 2161 5116 ,iab

585 5117 648 5172 iis
675 5133 793 5188 qua:
833 5119 900 5173 ad
942 5120 1113 5188 ipsum
1140 5134 1385 5192 spectant
1419 5127 1534 5184 haec
1573 5140 1630 5186 ut
1657 5134 1843 5189 credas
1871 5137 2156 5196 induceris.

582 5208 761 5280 Longe
785 5212 926 5296 enim
954 5211 1228 5271 difﬁcilius
1254 5227 1359 5284 est,
1386 5230 1642 5290 quantum
1666 5225 1731 5279 ad
1757 5227 2046 5286 humanum
2075 5234 2159 5289 in-

583 5301 847 5359 tcilcctum
875 5306 1121 5375 pertinet,
1152 5307 1319 5367 Deum
1351 5311 1621 5390 hominem
1646 5318 1781 5388 ﬁeri,
1809 5325 2156 5394 quamhomi-

645 5490 667 5550 ξ
689 5490 809 5550 Alii,
833 5491 1240 5546 misericordiam.

645 5549 672 5587 ι
699 5551 816 5615 l‘ox,
841 5551 1135 5618 meretrices,
1161 5559 1307 5610 deest
1332 5574 1379 5610 in
1405 5559 1746 5626 Hanuscriptis
1773 5561 2011 5627 plurimis.

2268 477 2389 516 nem
2429 461 2520 516 Dei
2555 459 2725 514 [ilium
2751 474 2891 514 esse.
2919 457 3060 512 Cum
3097 457 3262 528 igitur
3304 455 3461 513 audis
3507 453 3710 511 Filium
3745 455 3840 510 Dei

2266 553 2435 608 lilium
2468 563 2588 607 esse
2617 549 2834 604 Davidis
2861 559 2915 603 et
2941 550 3195 612 Abrahae,
3221 547 3602 617 dubitarejam
3625 547 3841 609 desine,

2264 653 2317 697 te
2344 646 2516 698 lilium
2550 643 2675 698 Adae
2702 643 2872 696 ﬁlium
2910 642 3002 695 Dei
3033 640 3276 694 futurum
3305 655 3448 696 esse.
3481 637 3666 709 Neque
3686 637 3839 692 enim

2263 734 2467 790 frustra
2489 745 2543 790 et
2567 735 2841 790 incassum
2869 733 3106 802 seipsum
3133 733 3204 785 ita
3223 731 3584 793 humiliasset,
3608 728 3717 784 nisi
3740 744 3843 782 nos

2261 828 2598 880 exaltaturus
2618 833 2781 878 esset.
2809 824 2984 878 Natus
3003 835 3085 877 est
3104 825 3249 876 enim
3273 822 3574 876 secundum
3596 835 3845 882 carnem,

2279 916 2335 960 ut
2362 917 2415 960 tu
2441 907 2735 962 nascereris
2761 908 3051 963 secundum
3065 910 3307 980 spiritum
3336 929 3350 964 :
3382 920 3533 965 natus
3547 921 3632 968 cst
3647 928 3711 969 ex
3737 929 3860 968 mu-

2277 996 2429 1064 liere,
2481 1007 2539 1052 ut
2586 1006 2640 1052 tu
2676 998 2953 1054 desineres
3000 999 3138 1055 filius
3166 1016 3286 1057 esse
3331 1003 3594 1058 mulieris.
3635 1003 3868 1074 Ideoque

2233 1137 2236 1140 .
2277 1087 2472 1157 duplex
2495 1089 2767 1158 generatio
2788 1088 2903 1153 fuit,
2935 1098 2988 1142 et
3016 1105 3136 1160 qure
3164 1091 3364 1145 similis
3381 1104 3578 1149 nostra
3607 1104 3773 1158 esset,
3809 1105 3868 1150 et

2277 1192 2398 1247 qua:
2428 1188 2664 1232 nostram
2695 1178 2715 1209 ³
2741 1190 3105 1248 exsuperaret.
3129 1181 3336 1236 Etenim
3371 1199 3433 1237 ex
3468 1185 3692 1239 muliere
3718 1188 3867 1240 nasci

2280 1268 2436 1323 nobis
2465 1270 2740 1338 competit;
2771 1271 2911 1324 nasci
2934 1281 3110 1327 autem
3134 1287 3242 1326 non
3265 1288 3330 1328 ex
3361 1276 3639 1345 sanguine,
3669 1292 3778 1332 non
3801 1293 3868 1333 ex

2277 1362 2550 1415 voluntate
2577 1362 2672 1415 viri
2704 1371 2759 1416 et
2780 1364 2979 1429 carnis,
3008 1364 3100 1419 scd
3123 1380 3187 1419 ex
3218 1364 3418 1436 Spiritu
3449 1378 3636 1423 sancto
3655 1411 3670 1434 ,
3697 1385 3867 1439 gene-

2280 1455 2544 1508 rationem
2571 1468 2668 1508 uos
2708 1467 3118 1524 exsuperantem
3147 1467 3202 1512 et
3248 1457 3478 1514 futuram
3512 1454 3832 1528 prm'uuntiat
3854 1502 3871 1526 ,

2279 1560 2398 1614 quze
2421 1561 2486 1600 ex
2515 1544 2716 1621 Spiritu
2761 1547 2914 1602 nobis
2939 1533 3280 1604 concedenda
3311 1562 3445 1604 erat.
3475 1549 3612 1616 Quin
3655 1559 3708 1604 et
3754 1568 3866 1605 ωε.

2281 1645 2395 1692 tera
2432 1652 2646 1706 quoque
2700 1638 2878 1692 omnia
2929 1637 3234 1710 ltnjusmodi
3282 1649 3454 1694 erant.
3499 1640 3710 1696 Etenim
3759 1642 3868 1697 tale

2280 1737 2396 1784 erat
2422 1738 2475 1784 et
2503 1730 2772 1784 lavacrum
2793 1748 2806 1783 :
2826 1731 3095 1800 quidpiam
3127 1732 3271 1787 enim
3295 1747 3362 1788 ex
3386 1734 3574 1796 veteri,
3595 1733 3869 1803 quidpiam

2280 1820 2440 1872 etiam
2471 1833 2541 1873 ex
2582 1833 2720 1873 novo
2749 1818 2999 1874 habebat.
3031 1819 3161 1875 Nam
3207 1836 3238 1875 a
3282 1813 3823 1893 prOpbeta'baptiaari
3852 1865 3872 1892 ,

2279 1922 2377 1977 per
2405 1908 2533 1963 illud
2560 1919 2712 1963 vetus
2742 1911 3141 1979 exprimebatur
3165 1929 3179 1965 :
3207 1911 3468 1981 Spiritum
3514 1924 3692 1970 autem
3741 1930 3873 1970 san-

2280 2010 2424 2054 ctum
2441 1999 2787 2065 descendere,
2809 2017 3001 2056 novum
3020 2001 3405 2057 subindicabat.
3425 2003 3502 2060 Ac
3516 2004 3872 2074 quemadmr-

2282 2089 2408 2144 dum
2433 2091 2476 2143 si
2504 2090 2624 2158 quis
2654 2091 2704 2143 in
2754 2090 2932 2145 medio
2969 2100 3150 2158 stans,
3193 2091 3328 2146 duos
3375 2095 3510 2150 alios
3554 2095 3866 2165 sejunctas.

2282 2180 2530 2249 expansis
2556 2179 2667 2233 suis
2696 2181 3034 2250 arreptisque
3060 2181 3274 2236 illorum
3319 2185 3567 2253 utrinque
3588 2185 3836 2240 manibus
3857 2226 3875 2251 ,

2282 2271 2624 2338 conjunxerit
2660 2288 2670 2321 :
2702 2271 2773 2323 ita
2822 2279 2878 2326 et
2923 2273 3016 2326 ille
3060 2271 3217 2335 fecit,
3266 2271 3430 2328 Vetus
3469 2274 3878 2330 Testamentum

2283 2358 2431 2414 Novo
2471 2360 2804 2430 adiungens,
2853 2369 3095 2416 naturam
3148 2362 3379 2417 divinam
3431 2362 3722 2430 humanas,
3773 2380 3873 2420 sua

2282 2450 2500 2504 nostris.
2533 2448 2716 2504 Viden’
2739 2451 2884 2505 urbis
2929 2451 3150 2520 hujusce
3180 2451 3438 2522 fulgorem
3461 2496 3477 2520 ,
3503 2465 3874 2526 quantumque

2286 2549 2336 2594 te
2379 2555 2409 2594 a
2448 2540 2709 2609 principio
2758 2539 3186 2596 collustraveriti
3236 2544 3504 2611 quomodo
3552 2546 3643 2600 tibi
3691 2562 3877 2615 regem

2287 2633 2462 2686 statim
2491 2631 2725 2686 ostendit
2751 2634 2802 2685 in
2838 2643 2926 2685 tua
2956 2635 3136 2701 specie
3158 2672 3176 2698 ,
3205 2637 3356 2704 quasi
3385 2636 3436 2689 in
3467 2637 3644 2690 medio
3670 2639 3885 2693 excrci-

2288 2725 2379 2778 tu?
2405 2723 2587 2791 Neque
2617 2723 2758 2776 enim
2799 2723 2872 2776 ibi
2899 2739 2992 2777 rex
3023 2739 3237 2793 semper
3264 2726 3573 2796 dignitatem
3596 2744 3748 2782 suam
3782 2745 3881 2784 os-

2287 2814 2475 2880 tendit,
2502 2813 2598 2869 sed
2636 2815 2797 2869 missa
2839 2830 3069 2884 purpura
3098 2825 3152 2869 et
3192 2815 3492 2872 diademate
3522 2858 3537 2882 ,
3586 2820 3880 2877 militarem

2287 2920 2431 2974 stupe
2454 2913 2660 2959 vestem
2693 2903 2884 2957 induit.
2924 2903 3028 2958 Sed
3058 2905 3127 2958 ibi
3155 2905 3369 2974 quidem
3390 2949 3406 2972 ,
3441 2922 3508 2963 ne
3551 2917 3710 2963 notus
3748 2925 3885 2966 cunt

2289 2996 2378 3060 sit,
2409 2993 2592 3050 hostes
2617 2993 2684 3048 ad
2711 3009 2773 3049 se
2797 2992 3064 3057 attrahat;
3103 2993 3189 3049 hic
3214 3006 3399 3050 contra
3421 3037 3438 3060 ,
3470 3013 3537 3052 ne
3563 3008 3721 3052 notus
3749 3015 3881 3056 cum

2292 3093 2382 3156 sit,
2403 3089 2611 3146 hostem
2633 3108 2699 3145 ex
2727 3093 3008 3148 conﬂictus
3026 3092 3218 3146 timore
3243 3093 3295 3145 in
3326 3091 3500 3161 fugam
3520 3099 3713 3157 vertat,
3739 3107 3884 3149 neve

2291 3194 2417 3236 suos
2440 3185 2724 3237 conturbet
2752 3182 3012 3236 :salutem
3058 3183 3202 3236 enim
3245 3182 3414 3252 ipsis,
3457 3197 3560 3237 non
3609 3193 3881 3240 terrorem

2292 3269 2482 3325 afferre
2511 3274 2709 3326 studet.
2743 3273 2867 3326 ideo
2889 3271 3067 3327 statim
3089 3272 3261 3343 ipsum
3281 3275 3375 3328 illo
3394 3273 3610 3328 nomine
3639 3275 3877 3342 vocavit,

2291 3371 2485 3427 nempe
2507 3359 2708 3414 Jesum.
2739 3361 2847 3416 [loc
2865 3364 3062 3433 quippe
3083 3377 3277 3417 nomen
3306 3362 3461 3418 Jesus
3487 3378 3592 3416 non
3619 3374 3702 3417 est
3723 3362 3884 3418 Grac-

2286 3460 2432 3513 cum;
2455 3449 2550 3505 sed
2573 3450 2828 3506 llebraica
2852 3451 3026 3521 lingua
3043 3451 3124 3506 sic
3135 3452 3434 3521 appellatur
3455 3452 3630 3513 Iesus;
3661 3454 3712 3506 id
3729 3455 3880 3522 quod

2286 3535 2474 3594 Graece
2492 3539 2776 3609 significat,
2803 3550 2986 3612 Σωτήρ,
3014 3542 3260 3598 Salvator
3286 3561 3300 3597 :
3329 3543 3570 3598 Salvator
3595 3560 3757 3615 porro
3791 3547 3882 3603 di-

2284 3628 2443 3698 citur,
2466 3632 2607 3700 quod
2634 3634 2845 3692 salvum
2874 3633 3034 3690 faciat
3057 3633 3310 3707 pupulum
3330 3648 3510 3689 suum.

2366 3807 2417 3862 5.
2435 3807 2596 3863 Vides
2619 3811 2886 3880 quomodo
2903 3814 3200 3873 auditorem
3225 3822 3412 3884 erexit,
3434 3835 3693 3882 consueto
3721 3841 3886 3888 more

2291 3896 2451 3950 verba
2478 3896 2698 3966 faciens,
2725 3917 2789 3956 ac
2813 3917 2908 3972 per
2931 3920 2993 3959 ea
3023 3922 3143 3977 quae
3170 3910 3318 3977 dicit,
3347 3913 3434 3966 illa
3462 3928 3582 3983 quas
3605 3929 3755 3986 spem
3781 3934 3880 3975 su-

2287 3995 2475 4053 perant
2501 3991 2654 4046 nobis
2683 3995 2927 4049 onmibus
2958 3997 3156 4055 indicat
3175 4000 3201 4054 τ
3226 4001 3358 4057 Nam
3389 4006 3664 4075 utriusque
3693 4013 3879 4067 nomi-

2286 4077 2367 4126 nis
2403 4092 2589 4146 magna
2615 4093 2731 4135 erat
2759 4085 2897 4153 apud
2921 4086 3134 4142 Judznos
3173 4093 3423 4161 cognitio.
3458 4095 3589 4163 Quia
3615 4099 3760 4155 enim
3790 4101 3880 4158 in-

2281 4176 2584 4254 exspectata
2640 4171 2880 4240 quredam
2936 4179 3137 4246 agenda
3183 4192 3332 4236 erant
3363 4224 3378 4248 ,
3428 4186 3538 4254 jam
3593 4191 3876 4250 nominum

2281 4252 2464 4322 figura:
2489 4272 2909 4332 przecesserant;
2939 4267 3009 4321 ita
3040 4279 3097 4323 ut
3119 4271 3229 4339 jam
3255 4275 3382 4328 olim
3412 4252 3589 4334 omnis
3615 4283 3876 4343 novitatis

2267 4359 2530 4414 tumultus
2545 4370 2840 4431 praereptus
2856 4374 3017 4418 esset.
3033 4365 3190 4423 Jesus
3205 4383 3348 4427 enim
3365 4377 3848 4449 vocatnrqui,post

2269 4445 2526 4516 Moysem,
2549 4451 2802 4519 populum
2822 4454 2873 4507 in
2896 4463 3098 4511 terram
3119 4462 3497 4529 promissionis
3515 4445 3844 4528 introduxit.

2271 4535 2467 4591 Vidisti
2511 4537 2759 4608 ﬁguram,
2797 4543 2918 4597 vide
2960 4552 3014 4598 et
3060 4549 3361 4606 veritatem.
3406 4552 3500 4606 Ille
3539 4554 3592 4607 in
3638 4565 3846 4616 terram

2266 4626 2683 4696 promissionis,
2734 4633 2823 4686 hic
2866 4634 2917 4687 in
2957 4637 3148 4690 caelum
3191 4648 3245 4694 et
3287 4640 3340 4695 in
3380 4642 3617 4700 catlcstia
3658 4647 3799 4704 bona
3825 4667 3842 4702 :

2266 4715 2354 4769 ille
2399 4726 2521 4786 post
2579 4731 2800 4776 mortem
2846 4723 3087 4794 Moysis,
3132 4729 3221 4784 hic
3265 4740 3551 4803 postquam
3599 4737 3682 4792 lex
3725 4754 3847 4794 οδες

2267 4810 2408 4863 savit
2452 4829 2465 4866 :
2511 4812 2600 4866 ille
2632 4823 2690 4869 ut
2729 4819 2913 4886 populi
2959 4820 3091 4886 dux,
3141 4824 3229 4878 hic
3267 4833 3324 4880 ut
3349 4843 3461 4883 rex.
3513 4826 3617 4884 Sed
3662 4848 3732 4886 ne
3750 4832 3860 4888 λε·-

2266 4915 2387 4992 sum
2425 4900 2648 4959 audiens
2685 4919 2748 4960 ex
2787 4910 3071 4963 nominum
3112 4913 3471 4971 similitudine
3502 4919 3797 4990 decipiaris
3824 4965 3844 4992 ,

2267 4970 2412 5042 aliud
2432 4990 2673 5046 subdidit
2697 5009 2713 5046 :
2738 4993 2868 5050 Jestt
2887 4996 3086 5052 Christi
3111 5001 3216 5068 βιεε
3238 4970 3562 5064 natam“;
3577 4970 3846 5066 $.33;

2265 5093 2330 5133 ex
2361 5079 2580 5147 Davide,
2609 5085 2700 5139 sed
2723 5101 2787 5140 ex
2809 5089 2915 5141 alia
2939 5090 3083 5144 tribu
3109 5100 3248 5147 erat.
3277 5095 3382 5152 Sed
3403 5112 3505 5152 cur
3526 5099 3725 5153 librum
3755 5116 3851 5157 vo.

2269 5177 2358 5224 cat
2381 5174 2750 5242 generationis
2769 5175 2900 5233 Iesu
2924 5179 3148 5248 Christi,
3175 5198 3301 5240 cum
3328 5195 3511 5243 tamen
3537 5205 3645 5244 non
3663 5191 3843 5248 solam

2325 5393 3054 5488 ξὲὛὲ-ἒὲὲρςςιειεαραῖμνπ
3077 5422 3310 5488 Wst"-
3335 5419 3438 5470 Sed
3462 5431 3840 5488 venaturam.

2431 5466 2495 5545 in
2507 5468 2754 5545 ιςῖιξιΔῐιΨᾼιιέε

2267 5520 2475 5645 £3210.
2505 5525 2624 5577 Nam
2650 5520 3842 5610 vox,“maraiﬁétSéiu‘i'id'ﬁcéﬁ'ﬁiéi'iaz
