4140 6298
250 332 315 392 ‘27
1439 327 1502 383 IN
1538 325 1864 383 ΜᾹΤΤΙΙᾹΞΙ

1984 327 2212 385 HOMIL.
2254 330 2316 388 ll.
3474 321 3546 377 9.8

253 436 682 509 generationem,
712 434 806 490 sed
837 440 1002 488 totam
1040 426 1497 498 dispensationem
1525 421 1856 490 complecta-

255 528 385 583 tur?
414 526 552 594 Quia
583 527 688 580 huc
727 524 887 579 totius
914 519 1328 590 dispensationis
1366 523 1528 585 caput
1557 522 1662 581 est,
1695 523 1858 583 atque

254 625 577 696 principium
621 626 774 682 nobis
801 635 856 683 et
895 627 1047 681 radix
1073 625 1310 680 omnium
1343 622 1627 676 bonorum.
1654 617 1844 686 Quem-

253 718 545 772 admodum
599 719 793 774 librum
857 720 972 774 cadi
1023 728 1077 772 et
1132 725 1288 770 terrze
1336 715 1548 768 vocavit
1597 710 1851 781 Moyses;

254 809 466 863 etiamsi
501 824 608 864 non
653 809 723 864 de
763 807 896 865 cmlo
943 819 998 862 et
1047 817 1184 861 terra
1217 813 1422 860 tantum
1457 802 1725 871 loquatur,
1755 796 1849 852 sed

253 898 320 954 de
352 899 417 954 iis
442 901 610 955 etiam
650 917 770 970 quas
803 902 855 955 iu
902 898 1081 954 medio
1123 897 1293 966 posita
1334 901 1489 948 erant
1519 910 1532 945 :
1564 891 1641 946 its
1681 899 1735 944 et
1765 883 1850 943 hic

255 1005 470 1061 quoque
496 1007 564 1046 ex
593 993 768 1060 capite
797 991 1060 1045 bonorum
1087 998 1150 1042 ac
1191 985 1446 1056 praeclare
1474 992 1746 1052 gestorum
1792 979 1852 1032 li-

257 1078 413 1133 brum
441 1080 788 1149 nuncupavit.
813 1079 967 1146 Quod
995 1078 1137 1134 enim
1159 1075 1477 1146 stupendum
1501 1082 1584 1128 est
1609 1084 1853 1126 omnem-

257 1183 360 1237 que
385 1183 542 1239 Spem
583 1172 1147 1246 exspectationemque
1184 1174 1437 1235 superat,
1471 1173 1554 1220 est
1579 1163 1853 1218 hominem

262 1260 430 1316 Deum
461 1262 577 1318 fieri
608 1281 620 1315 :
649 1279 756 1333 quo
785 1262 925 1317 facto
962 1259 1140 1315 omnia
1182 1255 1474 1314 secundum
1513 1255 1774 1310 rationem
1801 1260 1858 1307 et

261 1355 701 1423 consequentiam
721 1352 995 1410 eveniunt.

333 1549 554 1604 Daeidis
617 1545 878 1616 splendor.
933 1543 1179 1609 Quazdam
1213 1543 1276 1594 de
1322 1539 1617 1612 gmealogia
1663 1538 1850 1594 Christi

257 1641 564 1713 questioues
611 1636 892 1691 solvuntur.
919 1665 990 1675 —
1019 1633 1128 1688 Cur
1157 1643 1333 1686 autetn
1380 1649 1485 1685 non
1533 1630 1696 1694 dixit,
1731 1629 1851 1684 Filii

259 1732 554 1795 Abraham,
584 1738 640 1783 et
667 1739 870 1798 postea,
887 1726 1007 1782 Filii
1042 1725 1240 1780 David?
1264 1724 1404 1788 Non,
1433 1734 1492 1778 ut
1509 1723 1722 1793 quidam
1745 1721 1854 1790 opi-

262 1835 477 1888 nantur,
511 1823 580 1878 ab
611 1820 954 1893 inferioribus
1001 1819 1190 1872 volens
1231 1819 1295 1871 ad
1340 1818 1614 1886 superiora
1668 1830 1857 1869 ascen-

260 1916 386 1971 dere
413 1934 428 1969 :
459 1912 698 1983 alioquin
748 1911 802 1965 id
835 1911 1046 1965 fecisset
1073 1909 1216 1978 quod
1259 1918 1314 1962 et
1348 1909 1552 1972 Lucas;
1581 1923 1723 1962 nunc
1762 1921 1859 1960 au-

263 2018 362 2062 tem
396 2023 428 2061 e
453 2003 724 2060 conu-ario
754 2001 896 2056 facit.
925 2000 1034 2055 Cur
1063 2015 1190 2068 ergo
1223 1999 1473 2053 Davidcm
1504 1998 1858 2052 memoravit?

262 2099 391 2167 Quia
420 2097 508 2152 ille
539 2097 592 2150 in
634 2095 872 2150 omnium
903 2107 998 2147 ore
1026 2091 1314 2154 ferebatur,
1345 2100 1453 2144 tum
1485 2089 1555 2144 ob
1582 2099 1856 2160 gestorum

263 2189 629 2261 splendorem,
653 2197 763 2240 tum
791 2187 953 2240 etiam
989 2183 1246 2253 temporis
1268 2196 1450 2247 causa,
1479 2180 1620 2253 quod
1648 2196 1754 2236 non
1783 2191 1862 2235 tot

262 2289 384 2336 ante
419 2280 639 2335 smculis
667 2285 910 2331 mortuus
935 2283 1113 2339 esset,
1137 2282 1268 2344 quot
1305 2273 1596 2327 Abraham.
1634 2272 1859 2327 Etiamsi

263 2389 389 2430 vero
421 2372 635 2441 utrique
654 2368 921 2441 pollicitus
941 2367 1011 2422 sit
1041 2367 1200 2434 Dens,
1227 2366 1356 2421 illud
1384 2373 1560 2420 tamen
1583 2365 1733 2436 quasi
1761 2381 1862 2420 an-

265 2468 463 2538 tiquius
529 2464 854 2527 tacebatur;
908 2461 1010 2516 hoc
1053 2471 1232 2515 autem
1257 2499 1273 2525 ,
1306 2468 1489 2530 utpote
1541 2459 1810 2514 recentius
1842 2500 1859 2525 ,

265 2560 504 2615 omnium
554 2569 651 2610 ore
679 2550 1177 2608 circumferebatur.
1209 2551 1311 2619 Ipsi
1360 2564 1592 2618 namque
1628 2549 1813 2603 dicunt
1845 2567 1858 2602 :

269 2650 455 2705 Nonne
498 2663 564 2700 ea:
609 2646 797 2698 semine
825 2641 993 2696 David
1037 2649 1082 2694 et
1125 2639 1418 2694 Belide/tem
1461 2640 1609 2705 vico,
1642 2639 1728 2691 ubi
1757 2647 1864 2692 erat

269 2739 602 2806 Daoid,veuit
631 2735 859 2790 Christus
879 2733 1060 2802 (Joan.
1085 2733 1138 2786 7.
1166 2731 1295 2802 42)?
1322 2730 1491 2784 Nemo
1518 2729 1667 2783 illum
1696 2728 1866 2782 lilium

266 2829 496 2886 Abrahae
524 2868 539 2890 ,
569 2825 662 2880 sed
689 2837 876 2879 omnes
904 2823 1068 2876 filium
1099 2819 1270 2874 David
1309 2817 1610 2873 vocabant:
1642 2830 1764 2877 nam
1796 2814 1868 2871 ob

268 2920 533 2991 temporis
557 2917 809 2986 Spatium,
837 2921 896 2967 ut
923 2911 1052 2977 dixi,
1081 2918 1137 2966 et
1159 2908 1231 2964 ob
1259 2923 1504 2978 regnum,
1531 2907 1582 2961 in
1611 2905 1867 2961 memoria

270 3018 548 3070 hominum
591 3009 762 3079 magis
801 3006 1135 3063 versabatur.
1163 3001 1418 3058 Similiter
1447 3009 1501 3054 et
1537 3013 1692 3068 reges
1723 3010 1861 3066 quos

269 3103 679 3163 venerabantur,
716 3099 911 3168 quique
936 3106 1058 3167 post
1086 3093 1232 3147 illum
1262 3091 1428 3155 fuere,
1461 3088 1530 3142 ab
1549 3088 1641 3142 illo
1669 3101 1864 3157 cogno-

270 3193 545 3248 minabant
567 3231 582 3255 ,
612 3203 712 3242 nec
750 3187 854 3255 ipsi
896 3185 1066 3239 solum
1094 3223 1110 3249 ,
1142 3179 1237 3235 sed
1264 3180 1424 3234 etiam
1458 3178 1616 3231 Deus.
1647 3175 1858 3230 Etenim

272 3282 520 3339 Ezechiel
566 3289 621 3334 et
666 3279 753 3332 alii
789 3277 1060 3345 pr0phetae
1097 3273 1278 3327 dicunt
1304 3279 1586 3322 venturum
1613 3281 1734 3322 esse
1761 3266 1864 3318 Da-

271 3374 352 3426 vid
382 3383 438 3428 et
465 3379 892 3427 resurrecturum
933 3378 1054 3420 esse
1073 3405 1087 3427 ,
1116 3369 1220 3415 bon
1250 3361 1316 3415 de
1347 3358 1548 3414 Davide
1590 3357 1682 3425 qui
1719 3371 1864 3411 mor-

272 3471 394 3517 tuus
419 3470 540 3516 erat
571 3460 849 3528 loquentes
877 3495 892 3520 ,
923 3453 1018 3509 sed
1045 3447 1113 3508 de
1144 3454 1207 3506 iis
1235 3452 1322 3522 qui
1349 3451 1467 3519 ejus
1499 3450 1748 3503 virtutem
1779 3462 1864 3500 se-

271 3562 565 3609 ctarentur.
592 3549 837 3605 Ezechia:
863 3562 990 3601 vero
1019 3547 1093 3599 ait
1120 3561 1132 3597 :
1166 3542 1435 3612 Protegam
1460 3540 1708 3594 civitatem
1733 3539 1865 3592 hanc

275 3653 482 3714 prapter
509 3657 588 3694 me
607 3651 654 3694 et
676 3647 880 3707 propter
900 3635 1065 3689 David
1093 3649 1302 3704 puerum
1328 3647 1493 3684 meum
1529 3630 1602 3699 (4.
1626 3629 1750 3698 Reg.
1772 3628 1860 3683 19.

275 3733 387 3806 δι).
421 3730 699 3788 Salomoni
730 3743 858 3782 vero
886 3726 1115 3793 dicebat,
1146 3739 1207 3779 se
1237 3731 1455 3792 promer
1492 3720 1744 3774 Davidem
1775 3733 1865 3772 rc-

275 3841 438 3893 guum
468 3824 682 3877 vivente
711 3821 828 3891 ipso
857 3812 1190 3890 [Salomone]
1223 3828 1326 3866 non
1355 3810 1598 3865 divisisse
1626 3810 1703 3878 (3.
1733 3806 1865 3877 Reg.

279 3917 366 3971 11.
393 3915 512 3984 54).
543 3913 728 3982 Magna
767 3911 910 3965 enim
939 3914 1056 3962 erat
1093 3906 1235 3958 illius
1277 3902 1376 3956 viri
1417 3900 1583 3971 gloria
1632 3908 1686 3954 et
1726 3897 1866 3966 apud

280 4007 450 4063 Deum
491 4014 549 4060 et
575 4002 713 4071 apud
743 4001 1007 4054 homines.
1037 3996 1266 4064 Ideoque
1312 3993 1379 4046 ab
1417 3992 1508 4044 illo
1548 3987 1640 4059 qui
1689 3988 1868 4042 natior

280 4108 396 4153 erat
436 4095 712 4152 exordium
743 4091 925 4154 ducit,
955 4097 1009 4143 et
1036 4094 1162 4141 tunc
1196 4084 1262 4138 ad
1286 4081 1637 4153 antiquiorem
1669 4091 1866 4147 paren-

282 4198 391 4244 tem
421 4186 688 4249 recurrit,
735 4179 1060 4251 superlluum
1102 4176 1339 4239 ducens,
1382 4178 1637 4241 quantum
1675 4167 1742 4221 ad
1772 4165 1869 4220 Juo

285 4279 433 4333 (imos
455 4318 471 4341 ,
504 4276 749 4344 superius
785 4283 1088 4326 sermonem
1138 4265 1325 4321 ordiri.
1357 4263 1423 4318 Hi
1452 4261 1596 4317 enim
1640 4258 1873 4313 maxime

282 4367 562 4425 mirabiles
603 4373 754 4419 erant
786 4379 801 4414 :
831 4362 918 4416 hic
940 4401 957 4426 ,
985 4366 1166 4428 utpote
1204 4372 1297 4412 rex
1343 4364 1398 4409 et
1422 4352 1711 4422 propheta;
1746 4349 1870 4416 illc,

283 4469 343 4516 ut
369 4457 668 4529 patriarcha
695 4465 750 4510 et
780 4453 1061 4524 propheta.
1087 4453 1152 4504 Et
1173 4448 1312 4503 unde
1337 4446 1611 4516 probatur,
1636 4442 1869 4511 inquies,

285 4552 440 4607 illum
485 4564 554 4604 cx
595 4546 792 4602 Davide
820 4555 995 4600 ortum
1024 4541 1181 4597 esse?
1207 4539 1264 4595 Si
1287 4539 1430 4594 enim
1461 4551 1565 4592 non
1613 4550 1676 4589 ex
1718 4535 1832 4588 viro
1853 4574 1870 4600 ,

284 4641 385 4698 sed
411 4656 477 4695 ex
511 4637 742 4693 muliere
763 4645 966 4690 tantum
998 4642 1153 4687 natus
1179 4639 1262 4686 est
1287 4667 1306 4697 ,
1333 4627 1554 4697 virginis
1578 4634 1756 4679 autem
1784 4639 1876 4694 go-

287 4733 531 4802 nealogia
565 4745 671 4785 non
721 4728 958 4792 texitur,
990 4722 1260 4795 quomodo
1309 4721 1541 4774 sciemus
1590 4718 1759 4785 ipsum
1806 4731 1871 4771 cx

287 4823 492 4880 Davide
534 4835 653 4875 esse
683 4816 899 4873 ortum?
932 4815 1057 4868 Dum
1085 4825 1313 4880 namque
1351 4817 1476 4862 sunt
1503 4805 1826 4877 qumstiones
1857 4821 1870 4856 :

286 4929 388 4970 cur
413 4910 599 4966 matris
624 4907 929 4977 genealogia
959 4918 1063 4957 non
1096 4902 1311 4965 texitur,
1340 4906 1394 4953 et
1422 4913 1517 4970 cur
1540 4897 1758 4965 Joseph,
1784 4895 1874 4964 qui

291 5006 422 5062 nihil
449 5000 767 5065 contulitad
806 4996 1224 5068 generationem,
1254 4991 1322 5043 ab
1368 4991 1476 5045 illis
1502 4997 1826 5044 memoratur
1858 5002 1871 5039 :

289 5097 504 5150 videtur
533 5091 676 5147 enim
694 5089 800 5142 hoc
827 5085 1148 5150 redundare,
1173 5091 1227 5136 et
1252 5080 1380 5135 illud
1407 5078 1716 5134 desiderari.
1739 5076 1874 5143 Quid

292 5201 422 5254 ergo
464 5184 613 5252 prius
658 5176 1069 5249 perquirendum
1118 5174 1248 5238 est:
1277 5170 1554 5238 Quomodo
1583 5184 1648 5224 ex
1679 5168 1876 5223 Davidc

292 5277 458 5345 Virgo
506 5283 622 5327 orta
669 5271 845 5325 fuerit.
868 5269 985 5334 Quo
1013 5275 1166 5336 pacto
1212 5272 1388 5317 autem
1425 5263 1655 5317 sciemus
1680 5275 1747 5314 ex
1777 5260 1892 5312 Da—

291 5366 415 5419 vide
437 5371 610 5418 ortam
633 5375 752 5415 esse
777 5360 800 5410 ἲ
839 5357 977 5413 Audi
1020 5357 1182 5408 Deum
1209 5351 1440 5409 Gabrieli
1479 5348 1873 5418 prmcipientem

300 5468 361 5512 ut
401 5456 576 5511 adiret
614 5453 862 5524 Virginem
902 5453 1255 5520 desponsatam
1297 5451 1437 5516 viro,
1469 5451 1553 5502 cui
1579 5464 1756 5502 nomen
1785 5457 1893 5500 erat

299 5547 520 5616 Ioseph,
551 5547 614 5598 de
643 5545 790 5599 domo
818 5554 865 5597 et
889 5544 1092 5614 familia
1115 5543 1277 5596 David
1302 5544 1319 5610 (
1350 5541 1473 5596 Luc.
1506 5543 1554 5594 l.
1583 5539 1653 5594 27
1683 5540 1722 5608 ).
1751 5537 1887 5606 Quid

303 5639 504 5692 clarius
532 5635 953 5706 postulas,'cum
995 5633 1148 5688 audis
1185 5634 1250 5689 dc
1285 5632 1446 5688 domo
1474 5638 1528 5686 et
1566 5629 1760 5683 familia
1795 5629 1898 5682 Da-

303 5725 396 5783 vid
439 5723 711 5796 Virginem
743 5722 953 5779 fuisse?

2047 438 2099 489 4.
2134 433 2285 491 Unde
2335 442 2512 505 patet,
2546 433 2746 502 .losepb
2783 432 2946 488 etiam
2991 431 3116 487 inde
3160 439 3336 488 ortum
3368 432 3556 488 fuisse.

1977 525 2086 580 Lex
2119 527 2314 595 quippe
2339 534 2457 580 erat
2483 540 2601 594 quae
2645 533 2849 578 vetaret
2894 537 3090 582 uxores
3116 522 3346 588 docere,
3378 521 3480 578 nisi
3506 538 3576 578 ex

1978 616 2190 684 propria
2219 614 2378 668 tribu.
2415 612 2720 667 Patriarcha
2748 627 2878 666 vero
2919 611 3086 666 Jaeob
3124 611 3272 665 illum
3319 626 3386 666 ex
3430 610 3574 664 tribu

1974 705 2109 760 Juda
2138 705 2470 760 exoriturum
2501 719 2620 759 esse
2649 703 2931 773 pra-dixit:
2969 702 3093 758 Non
3117 702 3315 774 deficiet
3338 702 3576 773 princeps

1975 798 2039 850 de
2062 797 2203 850 Iuda
2226 838 2244 863 ,
2285 813 2446 865 neque
2471 796 2579 849 dna:
2603 795 2666 848 de
2692 795 2967 865 femoribus
3010 794 3122 863 ejus
3143 834 3159 860 ,
3207 794 3368 848 donec
3413 793 3579 846 veniat

1974 889 2053 940 cui
2082 888 2358 956 repositum
2377 895 2488 941 est:
2515 869 2562 940 et
2587 884 2697 956 ipse
2721 886 2814 938 erit
2842 885 3147 954 exspectatio
3172 884 3397 954 gentium
3417 880 3574 953 (Gen.

1973 977 2062 1030 49.
2093 977 2205 1047 10).
2236 972 2398 1032 Certe
2429 976 2543 1029 haec
2570 966 2850 1046 prophetia
2875 1014 2891 1040 ,
2924 973 3067 1044 quod
3107 989 3174 1028 ex
3215 974 3354 1027 tribu
3405 971 3573 1027 David

1975 1068 2154 1129 fuerit.
2177 1067 2414 1122 declarat
2438 1081 2452 1130 ;
2485 1077 2540 1119 at
2568 1081 2672 1119 non
2703 1064 2843 1134 quod
2871 1081 2935 1118 ex
2957 1078 3156 1133 genere
3181 1062 3414 1117 Davidis.
3435 1061 3576 1116 Nutn

1976 1156 2135 1226 igitur
2171 1156 2225 1210 in
2255 1157 2393 1210 tribu
2414 1155 2548 1210 Jnda
2570 1169 2677 1209 non
2708 1153 2850 1208 aliud
2879 1160 3000 1208 erat
3027 1166 3196 1222 genus
3220 1167 3380 1221 quam
3421 1151 3582 1205 Davi-

1975 1247 2099 1300 dis?
2128 1247 2238 1300 lmo
2273 1246 2440 1299 multa
2472 1245 2596 1308 alia,
2629 1254 2683 1300 et
2707 1244 3020 1312 contingere
3046 1244 3215 1311 potuit
3243 1243 3302 1296 ut
3331 1250 3474 1294 esset
3511 1256 3577 1295 ex

1977 1341 2115 1393 tribu
2141 1330 2318 1404 Juda,
2345 1337 2471 1406 quin
2508 1345 2652 1391 esset
2677 1350 2742 1390 ex
2767 1349 2965 1405 genere
3005 1332 3242 1388 Davidis.
3280 1333 3476 1386 Verum
3511 1347 3578 1386 ne

1977 1431 2081 1484 hoc
2107 1430 2337 1494 diceres,
2368 1428 2506 1483 hanc
2537 1429 2628 1484 tibi
2656 1427 3017 1496 suspicionem
3051 1425 3188 1480 tollit
3209 1425 3538 1494 evangelista
3558 1465 3574 1486 ,

1974 1521 2160 1575 dicens
2206 1520 2352 1573 illum
2400 1519 2563 1573 fuisse
2589 1534 2655 1572 ex
2696 1517 2858 1573 domo
2899 1524 2956 1571 et
2979 1515 3176 1569 familia
3208 1514 3392 1568 David.
3425 1513 3578 1579 Quod

1976 1617 2019 1668 si
2051 1614 2101 1668 id
2130 1614 2345 1671 aliunde
2374 1616 2534 1667 etiam
2561 1613 2771 1667 discere
2799 1612 2955 1678 velis,
2990 1625 3098 1666 non
3126 1610 3299 1665 deerit
3322 1608 3429 1666 alia
3457 1625 3581 1680 pro-

1977 1705 2123 1759 batio
2152 1723 2163 1757 :
2193 1719 2298 1758 non
2330 1702 2491 1759 modo
2523 1703 2665 1758 enim
2691 1717 2796 1756 non
2830 1702 3025 1756 licebat
3053 1717 3118 1756 ex
3146 1701 3250 1755 alia
3281 1701 3418 1755 tribu
3448 1716 3581 1752 uxo-

1977 1811 2090 1850 rem
2121 1794 2338 1859 ducere,
2367 1809 2461 1849 seu
2486 1808 2658 1860 neque
2684 1808 2746 1846 ex
2775 1793 2877 1845 alia
2902 1791 3120 1855 familia,
3153 1790 3203 1845 id
3232 1797 3335 1851 cst.
3366 1805 3431 1844 ex
3469 1791 3574 1846 alia

1974 1885 2309 1954 Cogitatione.
2336 1883 2517 1952 Itaque
2547 1883 2590 1936 si
2616 1882 2767 1946 illud,
2788 1881 2883 1934 ‘Ea:
2910 1881 3061 1933 domo
3090 1889 3136 1932 et
3165 1879 3364 1951 familia
3383 1878 3578 1943 David,

1978 1972 2179 2042 Virgini
2206 1983 2472 2042 aptemus,
2495 1971 2697 2026 dictum
2728 1969 2856 2024 illud
2885 1970 3149 2024 constabit
3173 1987 3188 2034 ;
3232 1969 3274 2023 si
3303 1968 3571 2039 lost-pho.

1980 2065 2107 2117 illud
2139 2064 2310 2133 ipsum
2341 2064 2707 2130 consequitur.
2739 2062 2794 2115 Si
2831 2062 2975 2115 cnim
3014 2077 3076 2115 ex
3103 2061 3264 2115 domo
3289 2070 3342 2115 et
3371 2059 3569 2114 familia

1976 2156 2137 2209 David
2163 2167 2278 2211 erat
2299 2155 2519 2224 Josepb,
2537 2170 2641 2208 non
2668 2153 2885 2209 aliunde
2910 2155 3116 2225 accepit
3147 2167 3396 2220 uxorem,
3416 2168 3578 2222 quam

1969 2261 2033 2300 ex
2066 2236 2382 2316 cognatione
2404 2261 2518 2302 sua.
2540 2245 2678 2311 Quid
2706 2245 3112 2315 veroﬂnquies,
3132 2245 3175 2300 si
3204 2244 3380 2314 legem
3399 2251 3577 2298 trans-

1971 2350 2188 2404 grvssus
2214 2336 2285 2390 sit
2305 2336 2330 2388 7
2367 2334 2473 2390 Sed
2505 2335 2704 2390 idcirco
2732 2348 3114 2404 praeoccupans
3141 2334 3454 2388 testiﬁcatus
3471 2343 3576 2397 est,

1971 2425 2172 2498 Joseph
2220 2425 2385 2482 fuisse
2426 2427 2630 2496 justum
2651 2466 2668 2492 ,
2711 2433 2772 2481 ut
2798 2440 2865 2481 ne
2897 2425 3000 2480 hoc
3026 2425 3237 2481 diceres
3261 2465 3276 2490 ,
3309 2423 3405 2480 sed
3438 2424 3586 2480 iilius

1973 2524 2225 2574 virtutem
2258 2517 2514 2584 edoctus,
2548 2531 2736 2573 nosses
2775 2518 2953 2589 legem
2984 2517 3052 2570 ab
3093 2517 3212 2587 ipso
3254 2532 3360 2572 non
3407 2516 3599 2574 fuisse!

1973 2598 2257 2664 violatam.
2278 2608 2377 2673 Qui
2405 2609 2547 2662 enim
2575 2607 2646 2661 ita
2676 2605 2944 2662 humanus
2967 2616 3084 2662 erat
3107 2609 3124 2639 ⁸
3150 2615 3203 2662 et
3226 2622 3257 2662 a
3286 2621 3451 2676 pravo
3477 2606 3576 2661 ho-

1978 2700 2136 2755 minis
2161 2697 2351 2752 an‘ectu
2371 2710 2589 2758 vacuus,
2611 2706 2668 2750 ut
2692 2709 2772 2751 ne‘
2784 2696 3091 2767 suspicione
3116 2697 3329 2766 quidem
3353 2705 3580 2766 urgente

1981 2787 2140 2840 vellet
2169 2785 2237 2841 de
2264 2785 2486 2856 Virgine
2504 2785 2640 2839 sumi
2673 2785 3016 2855 suppllcium,
3047 2784 3318 2854 quomodo
3343 2784 3578 2839 libidinis

1977 2896 2134 2935 causa
2164 2881 2334 2949 legem
2359 2887 2722 2946 transgressus
2751 2877 2942 2934 esset?
2969 2878 3068 2946 Qui
3094 2879 3238 2933 enim
3268 2857 3390 2948 plus
3417 2892 3579 2947 quam

1979 2971 2066 3024 lex
2099 2970 2301 3024 ferebat
2328 2967 2804 3037 philosophabatur
2824 2970 2971 3042 {nam
2993 2968 3264 3025 dimittere
3289 2975 3346 3024 et
3371 2966 3581 3022 occulte

1982 3061 2283 3126 dimittere,
2318 3059 2445 3114 illud
2472 3067 2587 3115 emt
2617 3061 2751 3113 ultra
2779 3057 2952 3130 ldgem
2981 3058 3409 3129 philosophari),
3439 3073 3579 3128 quo-

1981 3149 2141 3202 modo
2164 3157 2350 3203 contra
2381 3148 2553 3216 legem
2581 3147 2790 3215 aliquid
2835 3149 3148 3202 admitteret
3170 3189 3186 3214 ,
3235 3149 3396 3219 idque
3434 3149 3580 3202 nulla

1975 3248 2202 3309 cogente
2230 3237 2599 3292 necessitate?
2628 3236 2828 3305 Verum
2871 3251 2935 3292 ex
2964 3253 3166 3306 genere
3211 3239 3377 3293 David
3405 3239 3582 3310 Virgi-

1990 3344 2110 3383 nem
2142 3327 2328 3392 fuisse,
2356 3342 2419 3381 ex
2443 3327 2550 3396 jam
2580 3325 2736 3381 dictis
2770 3327 2942 3394 palam
2969 3336 3077 3384 est.
3101 3328 3218 3384 Jam
3244 3344 3370 3382 vero
3399 3345 3580 3399 opera:

1983 3418 2211 3488 pretium
2245 3416 2403 3472 fuerit
2434 3418 2632 3482 dicere,
2668 3433 2765 3472 cur
2787 3432 2893 3472 non
2923 3418 3086 3482 illius,
3117 3419 3209 3474 sed
3237 3419 3456 3490 Josepbi
3486 3435 3580 3490 ge-

1978 3510 2276 3579 nealogiam
2309 3509 2542 3563 duxerit.
2573 3510 2687 3575 Qua
2734 3509 2801 3562 de
2845 3523 3006 3563 causa
3052 3509 3254 3578 igitur?
3300 3509 3416 3565 Non
3462 3519 3580 3566 erat

1978 3615 2092 3654 mos
2123 3598 2260 3669 apud
2301 3599 2513 3653 JUd‘J‘OS
2554 3599 2839 3656 mulierum
2885 3599 3222 3669 geuealogias
3264 3609 3466 3654 texere.
3509 3599 3581 3656 Ut

1977 3691 2137 3760 igitur
2165 3689 2462 3744 secundum
2501 3701 2706 3744 morem
2733 3697 2912 3758 ageret
2937 3729 2952 3754 ,
2986 3704 3084 3743 nec
3111 3689 3383 3744 videretur
3424 3689 3576 3745 illum

1977 3783 2045 3836 ab
2073 3782 2224 3835 initio
2243 3779 2563 3849 transgredi,
2591 3787 2751 3848 utque
2773 3780 2930 3833 simul
2970 3779 3125 3834 nobis
3146 3774 3381 3849 Virginis
3404 3795 3582 3851 genus

1979 3861 2240 3926 indicarei
2260 3913 2275 3936 ,
2308 3871 2474 3940 ipsius
2507 3871 2742 3939 majores
2778 3871 3009 3924 reticens
3034 3912 3048 3934 ,
3078 3870 3298 3939 Josephi
3326 3872 3582 3942 genealo-

1976 3963 2115 4032 giam
2146 3961 2316 4016 duxit.
2349 3961 2404 4015 Si
2447 3961 2590 4014 enim
2621 3961 2672 4012 id
2701 3961 2768 4014 de
2799 3961 3018 4037 Virgine
3048 3962 3263 4016 fecisset
3281 3998 3296 4027 ε
3327 3963 3581 4016 novitatis

1977 4063 2158 4108 notam
2181 4069 2285 4106 non
2309 4051 2581 4121 cﬂ‘ugissct
2603 4068 2617 4116 ;
2641 4051 2684 4104 si
2712 4050 3005 4122 Josephum
3040 4054 3313 4121 tacuisset,
3347 4055 3582 4126 Virginis

1979 4145 2349 4215 progenitores
2379 4159 2483 4196 non
2513 4156 2814 4196 nossemus.
2837 4141 2909 4198 Ut
2950 4143 3129 4212 itaque
3157 4144 3428 4199 discamus
3456 4161 3580 4215 qua:

1979 4245 2121 4292 esset
2147 4235 2330 4297 Maria,
2354 4243 2410 4289 et
2430 4233 2571 4288 unde
2596 4243 2732 4297 orta,
2755 4233 3008 4303 legesque
3030 4234 3243 4289 intactae
3271 4245 3578 4302 manerent,

1980 4325 2163 4396 sponsi
2195 4325 2310 4392 eius
2338 4315 2702 4395 genealogiam
2723 4326 3022 4390 contexuit,
3054 4333 3108 4378 et
3135 4340 3202 4380 ex
3228 4325 3390 4380 domo
3413 4325 3580 4380 David

1982 4419 2214 4475 ostendit
2245 4432 2385 4472 esse.
2418 4414 2532 4470 Hoc
2557 4415 2699 4470 enim
2727 4425 3181 4480 commonstrato,
3215 4416 3346 4471 illud
3369 4432 3584 4487 quoque

1982 4510 2141 4564 simul
2185 4508 2486 4563 ostenditur
2520 4507 2794 4577 Virginem
2836 4508 2998 4561 etiam
3032 4507 3155 4562 inde
3176 4517 3350 4562 ortam
3380 4507 3582 4572 fuisse;

1985 4598 2444 4669 quandoquidem,
2469 4605 2529 4650 ut
2552 4597 2659 4651 dixi
2688 4638 2699 4658 ,
2725 4596 2990 4651 noluisset
3013 4597 3191 4666 justus
3240 4599 3329 4653 ille
3367 4599 3586 4653 aliunde

1987 4705 2206 4744 uxorem
2230 4688 2497 4756 accipere.
2522 4686 2782 4756 Saperest
2806 4695 2860 4740 et
2884 4687 2986 4740 alia
3010 4702 3171 4741 causa
3202 4689 3370 4757 magis
3390 4703 3585 4743 arcana

1992 4792 2038 4834 et
2062 4781 2307 4849 mystica,
2331 4795 2425 4832 cur
2448 4778 2681 4847 Virginis
2708 4779 2940 4848 majores
2957 4779 3170 4833 silentio
3195 4781 3339 4834 missi
3366 4779 3585 4846 fuerint,

1979 4892 2138 4947 quam
2165 4875 2490 4946 hic,apcrire
2525 4877 2704 4930 minus
2739 4885 3100 4944 Opportunum
3126 4888 3290 4942 esset,
3320 4881 3441 4948 quia
3459 4880 3570 4951 jam

1981 4966 2145 5020 multa
2173 4965 2314 5021 dicta
2339 4975 2483 5020 sunt.
2513 4967 2876 5032 Quamobrem
2907 4968 2990 5023 hic
3013 4970 3372 5038 qumstionum
3413 4971 3571 5026 finem

1981 5058 2253 5122 facientes,
2281 5071 2343 5110 ea
2371 5072 2490 5125 qua:
2523 5056 2677 5110 nobis
2715 5057 2977 5125 explicata
3003 5068 3127 5112 sunt
3162 5071 3411 5115 accurate
3441 5062 3576 5115 reti-

1984 5161 2240 5201 neamus:
2275 5160 2466 5215 nempe
2491 5188 2504 5209 ,
2533 5160 2630 5200 cur
2667 5146 2879 5199 Davidis
2916 5148 3120 5202 mentio
3158 5149 3387 5218 primum
3436 5147 3574 5206 faeta

1983 5237 2141 5290 fuerit
2158 5253 2171 5298 ;
2189 5251 2282 5290 cur
2301 5236 2491 5289 librum
2509 5235 2780 5290 vocaverit
2796 5236 2984 5290 librum
3003 5239 3387 5306 generationis,
3409 5255 3577 5310 quare

1986 5327 2334 5386 dixeritJesu
2351 5323 2741 5395 Christi;quare
2770 5328 3049 5395 generatio
3079 5328 3147 5381 sit
3181 5331 3483 5384 communis
3524 5340 3579 5386 et

1987 5439 2090 5476 non
2107 5423 2435 5484 communis;
2456 5420 2718 5474 undenam
2746 5420 2905 5473 Maria
2928 5435 2992 5475 ex
3013 5420 3211 5476 Davide
3225 5431 3339 5476 orta
3359 5437 3478 5477 esse
3498 5438 3578 5476 os-

1990 5514 2231 5568 tendatur
2250 5528 2265 5578 ;
2286 5526 2382 5566 cur
2405 5512 2545 5566 illius
2570 5510 2862 5580 majoribus
2882 5509 3095 5566 silentio
3113 5511 3313 5580 missis,
3332 5513 3578 5583 genealo-

2070 5734 2084 5760 ι
2124 5729 2237 5790 Atii,
2265 5726 2330 5776 ita
2357 5724 2541 5776 virtutis
2564 5729 2666 5775 crat
2693 5730 2900 5773 atttator.
