4140 6298
579 262 650 318 99
1225 271 1289 328 S.
1340 273 1625 331 JUAM‘IS
1663 275 2141 330 CHRYSUSTUMI
2183 277 2503 334 ARCHIEP.
2547 276 3092 334 CONSTANTINOP.
3740 289 3816 346 δη

565 374 650 443 gia
666 373 880 444 Iosephi
909 373 1065 431 ducta
1094 373 1273 432 fuerit.
1297 377 1352 433 Si
1379 378 1518 432 enim
1543 379 1654 433 lucc
1680 381 2044 443 servaveritis,
2069 381 2145 440 ad.

566 467 766 534 reliqua
794 465 1019 522 dicenda
1049 468 1340 524 alacriores
1364 485 1461 523 nos
1482 469 1713 524 reddetis
1734 488 1748 536 ;
1767 474 1810 525 si
1853 487 1978 526 vero
2023 472 2136 527 inec

566 556 875 623 reSpueritis
899 566 952 610 et
976 573 1042 611 ex
1077 558 1341 612 mentibus
1369 560 1524 612 missa
1557 561 1805 624 feceritis,
1838 561 1903 615 ad
1930 572 2125 616 ctetera

566 643 881 713 proferenda
921 648 1196 716 segniores
1241 649 1463 703 erimus.
1503 647 1682 717 Neque
1727 651 1866 704 enim
1902 653 2133 722 agricola

563 741 757 788 terram
781 775 794 798 ,
817 751 935 805 qua:
961 738 1163 791 semina
1193 747 1498 807 corrumpat
1521 779 1536 802 ,
1570 740 1794 795 libenter
1818 743 2131 798 excoluerit.

561 822 915 887 Quamobrem
936 864 950 888 ,
979 839 1107 893 rogo
1129 864 1145 885 ,
1191 824 1303 878 bzec
1345 836 1523 880 mente
1558 827 1800 882 volvatis.
1833 830 1909 884 Ex
1953 833 2131 885 talium

562 911 759 980 quippe
783 927 960 966 rerum
992 913 1334 968 meditatione
1362 930 1608 983 magnum
1641 918 1906 986 quidpiam
1922 928 1975 972 et
1993 920 2135 974 salu—

567 1013 677 1056 tare
703 1002 898 1055 bonum
925 1003 1117 1058 anima:
1141 1003 1363 1071 paritur.
1385 1004 1515 1058 Nam
1545 1011 1597 1059 et
1623 1006 1732 1061 Deo
1754 1007 1961 1075 placere
1984 1017 2132 1076 pote-

559 1095 726 1148 rimus
748 1135 761 1156 ,
789 1095 831 1146 si
860 1094 971 1148 Ιιίυο
996 1109 1262 1160 curemus,
1282 1106 1335 1149 et
1362 1112 1451 1151 ora
1475 1106 1653 1150 nostra
1692 1113 1721 1150 a
1755 1100 2092 1154 contumeliis
2112 1140 2130 1167 ,

558 1186 820 1240 obscoenis
849 1188 1024 1241 verbis
1049 1197 1100 1240 et
1137 1189 1387 1243 conviciis
1437 1203 1564 1248 Dura
1593 1200 1785 1256 erunt,
1817 1193 1942 1246 dum
1968 1193 2130 1260 spiri-

560 1277 788 1330 tualibus
834 1277 1224 1333 exereebunthr
1250 1280 1511 1349 eloquiis;
1559 1280 1992 1352 daemonibusque
2021 1283 2132 1338 for-

557 1366 835 1422 midabiles
863 1382 980 1422 esse
1006 1368 1316 1436 poterimus,
1345 1369 1390 1423 si
1419 1369 1648 1438 linguam
1671 1380 1907 1434 nostram
1938 1375 2131 1431 talibus

559 1456 838 1509 verborum
880 1459 1043 1511 armis
1085 1458 1420 1512 muniamus:
1473 1460 1595 1514 hinc
1645 1461 1922 1516 oculorum
1979 1465 2133 1520 nobis

557 1543 932 1612 perspicacitas
961 1556 1200 1614 augetur.
1226 1547 1358 1601 Nam
1389 1556 1442 1601 et
1466 1548 1671 1614 oculos,
1704 1559 1758 1604 et
1779 1565 1861 1617 os,
1894 1561 1948 1607 et
1974 1553 2128 1607 audi-

560 1646 668 1690 tum
696 1635 816 1690 ideo
841 1638 891 1689 in
923 1636 1076 1689 nobis
1107 1639 1298 1703 posuit,
1329 1647 1385 1692 ut
1409 1641 1589 1693 omnia
1621 1641 1720 1708 ipsi
1749 1637 1984 1696 mernbra
2018 1658 2133 1698 ser-

560 1728 769 1792 virent;
801 1737 856 1782 ut
882 1743 999 1797 quze
1027 1729 1193 1798 ipsius
1225 1739 1348 1783 sunt
1376 1732 1687 1799 loquamur,
1722 1741 1780 1787 ut
1800 1748 1934 1801 quae
1964 1736 2128 1803 ipsius

559 1823 681 1870 sunt
709 1830 1006 1884 operemur.
1039 1826 1095 1870 ut
1125 1826 1379 1886 perpetuo
1404 1817 1629 1888 hymnos
1655 1820 1752 1887 ipsi
1779 1837 2049 1889 canamus,
2072 1833 2128 1878 nt

557 1905 846 1974 gratiarum
876 1907 1111 1959 actiones
1148 1907 1451 1960 emittamus
1468 1947 1484 1972 ,
1514 1922 1578 1962 ac
1604 1923 1697 1976 per
1717 1911 1832 1965 haec
1853 1915 2130 1968 canseien-

563 1996 684 2048 tiam
717 2005 952 2048 nostram
993 2010 1298 2065 purgemus.
1340 1996 1796 2063 Quemadmodum
1838 2005 1977 2055 enim
2006 2019 2128 2058 coro

555 2101 659 2154 pus
681 2101 822 2155 puro
849 2087 1036 2141 fruens
1062 2103 1186 2142 aere
1212 2089 1483 2143 valentius
1510 2091 1724 2153 evadet.
1755 2093 1833 2146 sic
1862 2102 1918 2146 et
1941 2094 2125 2148 anima

552 2178 640 2233 his
669 2179 946 2234 exercitiis
986 2179 1272 2245 innutrita,
1301 2180 1662 2250 philosophia:
1694 2184 1866 2254 magis
1905 2184 2125 2241 addicta

553 2265 682 2320 erit.

561 2512 564 2514 γ
618 2445 672 2495 κ.
699 2443 889 2498 Annon
915 2443 1065 2499 vides
1106 2443 1349 2514 corporis
1376 2444 1560 2500 oculos
1584 2485 1598 2510 ,
1630 2445 1754 2499 dum
1784 2449 1835 2500 in
1858 2445 2001 2503 fumo
2023 2464 2143 2504 ver-

549 2543 755 2599 santur,
785 2532 1046 2603 laerymas
1072 2547 1282 2601 semper
1311 2532 1547 2597 fundere,
1573 2547 1693 2587 cum
1720 2544 1896 2590 autem
1923 2536 1975 2589 in
2005 2552 2140 2606 puro

553 2639 701 2690 aere,
732 2625 783 2679 in
814 2636 986 2694 prato.
1018 2628 1069 2680 in
1099 2626 1329 2683 fontibus
1351 2666 1366 2694 ,
1397 2632 1449 2682 in
1484 2630 1671 2694 hortis,
1700 2639 1757 2685 et
1780 2633 2135 2702 perspicacio-

550 2727 637 2767 res
666 2721 719 2766 et
746 2714 985 2768 saniores
1006 2715 1164 2770 esse?
1192 2714 1337 2770 Talis
1357 2725 1515 2771 estet
1539 2718 1729 2772 anima:
1756 2721 1940 2774 oculus
1964 2739 1977 2775 :
2001 2721 2045 2775 si
2078 2722 2131 2774 in

548 2811 700 2870 [rato
721 2804 1071 2870 spiritualium
1092 2805 1422 2875 eloquid'um
1448 2816 1715 2876 pascatur,
1747 2825 1931 2878 purus,
1956 2811 2130 2866 clarus

550 2900 605 2945 et
630 2892 901 2961 perspicax
923 2893 1059 2957 erit;
1090 2895 1170 2948 sin
1213 2893 1412 2955 fumum
1433 2898 1766 2952 saecularium
1795 2901 2131 2970 negotiorum

549 2981 723 3046 adeat,
753 2983 1032 3051 plurimum
1061 2984 1438 3054 lacrymabitur
1456 3001 1519 3040 ac
1548 2987 1725 3052 ﬂebit,
1756 2996 1810 3043 et
1839 3005 1978 3043 nunc
2003 3000 2055 3043 et
2081 2991 2133 3045 in

548 3071 748 3127 futuro.
791 3073 1030 3128 Humana
1070 3075 1264 3143 quippe
1321 3077 1534 3144 negotia
1584 3077 1726 3130 fumo
1769 3089 1892 3132 sunt
1920 3080 2130 3136 similia.

546 3160 774 3232 Ideoque
799 3163 1011 3217 dicebat
1051 3163 1308 3233 quispiam
1333 3182 1346 3218 :
1372 3164 1672 3234 Πείρεω-απτ
1691 3168 1820 3221 sicut
1839 3168 2008 3237 fumus
2027 3173 2132 3226 dies

547 3254 647 3306 mei
675 3251 845 3322 (Paul.
878 3254 999 3308 101.
1031 3255 1112 3322 ιι).
1151 3254 1257 3309 Sed
1309 3254 1398 3309 ille
1426 3255 1636 3323 quidem
1682 3256 1750 3310 de
1792 3259 2051 3312 brevitate
2079 3270 2130 3314 et

549 3339 617 3395 de
642 3341 759 3410 fuga
787 3342 998 3397 mobilis
1027 3344 1124 3397 ωνί
1155 3344 1423 3412 loquitur:
1450 3359 1549 3414 ego
1577 3360 1702 3400 vero
1729 3361 1832 3401 non
1860 3348 1926 3402 de
1947 3350 2045 3403 hac
2067 3364 2126 3404 re

550 3439 776 3497 tantum,
807 3433 901 3488 sed
930 3435 1088 3489 etiam
1129 3434 1194 3489 de
1225 3435 1618 3503 perturbatione
1646 3437 1660 3466 ί
1688 3451 1862 3491 rerum
1893 3453 2127 3506 presens

547 3523 677 3574 timn
703 3523 815 3577 haec
841 3523 1146 3594 accipienda
1166 3537 1288 3578 esse
1311 3538 1528 3592 censeo.
1574 3523 1713 3578 Nihil
1765 3527 1907 3580 enim
1937 3528 2128 3583 mentis

544 3612 756 3665 oculum
785 3615 854 3666 ita
882 3614 1019 3667 male
1045 3612 1205 3667 afficit
1232 3622 1286 3668 et
1313 3614 1508 3692 turbat,
1535 3622 1591 3666 ut
1614 3615 1946 3670 smcularium
1972 3632 2128 3671 cura-

547 3715 665 3752 rum
697 3703 969 3762 tumultus.
993 3711 1048 3755 et
1070 3702 1617 3770 concupiscentiarum
1643 3705 1813 3759 turba.
1841 3707 1962 3760 Haec
1983 3709 2125 3762 enim

553 3779 700 3841 sunt
725 3788 852 3842 fumi
901 3790 1119 3859 hujusce
1167 3791 1328 3860 ligna.
1361 3793 1437 3846 Ac
1473 3794 1917 3870 quemadmodum
1948 3797 2083 3867 ignis
2104 3838 2124 3865 ,

542 3892 663 3930 cum
694 3877 962 3933 humidam
987 3881 1259 3934 materiam
1300 3883 1540 3949 corripit,
1570 3884 1791 3937 multum
1820 3887 2014 3940 excitat
2039 3887 2121 3942 fu-

552 3981 694 4020 mum
718 3984 731 4019 :
760 3967 835 4021 sic
864 3978 918 4022 et
941 3970 1365 4038 concupiscentia
1385 4008 1401 4036 ,
1433 3986 1552 4040 qua:
1597 3973 1806 4028 fervens
1836 3984 1890 4029 et
1918 3976 2028 4044 ipsa
2057 3991 2121 4033 ac

542 4057 687 4124 quasi
712 4057 949 4117 ﬂammea
984 4067 1084 4122 est,
1114 4074 1234 4112 cum
1259 4059 1527 4112 humidam
1551 4063 1833 4135 quamdam
1857 4079 1918 4116 ac
1946 4065 2125 4118 disso-

551 4147 712 4198 lutam
739 4146 961 4212 corripit
983 4146 1232 4210 animam,
1268 4147 1490 4200 multum
1515 4157 1569 4202 et
1595 4148 1708 4218 ipsa
1741 4150 1938 4205 fumum
1963 4154 2118 4220 parit.

543 4234 743 4289 Idcirco
777 4250 908 4302 Opus
928 4246 1010 4289 est
1029 4250 1150 4290 rore
1170 4236 1416 4304 Spiritus,
1443 4248 1494 4290 et
1515 4253 1639 4292 aura
1668 4239 1779 4305 illa,
1804 4255 1923 4308 qua:
1945 4241 2119 4310 ignem

541 4327 874 4394 exstinguat,
901 4340 964 4379 ac
988 4325 1192 4380 fumum
1219 4325 1473 4395 dissipet,
1508 4339 1843 4399 mentemque
1881 4341 2116 4386 nostram

541 4413 810 4467 v..lucrem
838 4413 1041 4468 reddat.
1070 4413 1177 4469 Nec
1205 4417 1324 4484 quis
1354 4424 1545 4485 potest,
1574 4432 1672 4472 nec
1696 4427 1867 4488 potest
1895 4420 2074 4490 ulique
2095 4461 2111 4486 ,

539 4505 615 4549 tot
641 4496 860 4550 obrutus
887 4497 1040 4550 malis
1080 4498 1144 4551 ad
1193 4500 1384 4553 caalum
1425 4501 1648 4556 volare:
1695 4503 1786 4557 sed
1819 4507 2107 4572 Optandum

535 4595 636 4649 est,
668 4601 763 4638 nos
788 4588 1058 4654 expeditos
1079 4587 1214 4644 hanc
1241 4605 1395 4658 posse
1414 4607 1630 4662 carpere
1656 4594 1790 4646 viam
1813 4611 1825 4659 ;
1852 4596 1958 4650 imo
1985 4613 2113 4654 vero

535 4693 604 4731 ne
634 4677 710 4731 sic
753 4679 1278 4749 quidempossumus
1297 4723 1311 4744 ,
1345 4682 1446 4736 nisi
1475 4686 1585 4738 alas
1614 4678 1843 4753 Spiritus
1866 4703 2109 4744 assuma-

535 4783 671 4821 mus.
703 4767 756 4822 Si
790 4769 964 4837 itaque
1003 4770 1247 4838 expedita
1297 4781 1504 4835 mente,
1534 4787 1596 4827 ac
1635 4774 1892 4843 spirituali
1935 4780 2104 4847 gratia

535 4872 668 4927 opus
697 4857 849 4912 nobis
873 4867 953 4912 est
977 4899 989 4922 ,
1016 4869 1072 4912 ut
1098 4859 1162 4912 ad
1195 4869 1394 4913 tantam
1422 4861 1798 4918 sublimitatem
1819 4869 2108 4924 ascendere

535 4948 840 5011 valeamus;
880 4963 999 5002 cum
1048 4963 1233 5002 eorum
1273 4949 1427 5015 nihil,
1451 4952 1544 5006 sed
1591 4967 1809 5022 prorsus
1839 4960 2105 5012 contraria

535 5036 841 5105 pondusque
869 5037 1160 5091 satanicum
1192 5039 1565 5095 contrahamus
1592 5059 1605 5096 :
1637 5059 1741 5110 quo
1775 5056 1924 5112 pacto
1957 5059 2105 5115 pote-

533 5125 700 5179 rimus
723 5125 969 5191 avolare,
1003 5134 1149 5180 tanto
1192 5139 1354 5182 onere
1395 5127 1672 5198 depressi?
1717 5131 1772 5186 Si
1819 5134 1937 5202 quis
1962 5137 2103 5190 enim

599 5363 616 5393 ί
653 5360 838 5428 Morel,
865 5361 924 5428 de
956 5361 1230 5428 frgqititate.
1272 5362 1329 5428 In
1350 5369 1511 5414 Graeco
1541 5362 1739 5428 legitur,
1770 5374 1988 5428 itm-.53“,
2009 5380 2103 5428 qua

532 5433 650 5470 voce
675 5433 734 5469 ex
797 5421 963 5494 imitur‘
990 5421 1221 5494 fragilitas
1243 5422 1359 5472 tela:
1381 5435 1572 5495 aranea;
1588 5421 1617 5482 ;“
1636 5421 1733 5474 sed
1753 5421 1882 5498 utilia
1921 5421 2012 5490 sup
2029 5421 2040 5428 “

532 5490 590 5529 ιιι
623 5494 716 5532 vox
736 5435 879 5533 Enna
901 5495 1010 5538 quae
1028 5495 1267 5538 copiosam
1295 5483 1420 5535 banc
1439 5483 1837 5538 mutilationem
1857 5501 1908 5536 ιη
1929 5500 1988 5538 se
2011 5441 2102 5538 Κὲῖ

528 5490 716 5591 mox
736 5483 879 5533 latina
901 5495 1010 5550 qua:
1028 5483 1267 5545 cepiosam
1295 5483 1420 5535 banc
1439 5483 1837 5549 Signiﬁcationem
1857 5488 1908 5536 in
1929 5483 1994 5538 se'
2011 5483 2101 5538 ha-

2237 384 2386 450 quasl
2412 397 2465 434 in
2485 381 2643 450 justis
2684 388 2903 434 staterts
2949 381 3212 449 cogitatus
3255 387 3466 435 nostros
3515 380 3825 449 appendere

2238 471 2398 536 velit,
2427 472 2564 524 inter
2593 470 2735 524 mille
2765 469 2956 522 talenta
2993 470 3326 524 srecularium
3351 485 3658 525 sermonum
3684 513 3700 537 ,
3730 472 3825 526 vix

2236 559 2484 614 denarios
2500 569 2714 612 centum
2730 559 3080 628 spiritualium
3097 559 3379 614 verborum
3400 560 3664 624 inveniet;
3690 561 3824 626 imo,

2237 665 2305 704 ne
2333 650 2517 703 decem
2542 649 2750 703 obolos.
2779 651 2970 702 Annon
3000 663 3126 718 ergo
3149 658 3303 718 turpe
3330 652 3654 721 omninoque
3685 651 3821 705 ridi-

2235 739 2410 792 culum
2441 746 2556 803 est,
2604 737 2730 791 dum
2777 752 2989 792 servum
3017 738 3290 804 habentes,
3321 740 3413 792 illo
3449 750 3505 796 ut
3534 742 3819 810 plurimum

2235 831 2433 883 utimur
2462 827 2529 883 ad
2561 844 2648 883 res
2674 831 3025 893 necessarias,
3059 845 3157 884 nos
3185 845 3299 894 ore,
3329 833 3573 886 membro
3594 842 3778 887 nostro
3801 875 3821 901 ,

2233 933 2340 972 non
2371 918 2589 988 perinde
2613 920 2688 972 uti
2726 927 2883 987 atque
2914 933 3109 985 servo;
3141 918 3235 974 sed
3267 930 3487 985 contra,
3520 921 3585 975 ad
3613 922 3822 978 inutilia

2233 1019 2288 1063 et
2308 1009 2570 1079 superflua
2598 1009 2844 1079 negotia?
2872 1010 3044 1078 Atque
3071 1012 3268 1065 utinam
3295 1011 3362 1066 ad
3393 1013 3659 1082 superﬂua
3691 1026 3815 1068 tan-

2239 1111 2390 1165 tum;
2422 1100 2518 1154 sed
2553 1101 2718 1153 etiam
2751 1099 2843 1154 illo
2886 1103 3095 1154 utimur
3126 1101 3191 1154 ad
3230 1103 3511 1157 contraria
3560 1110 3616 1158 et
3659 1105 3826 1161 noxia

2236 1201 2293 1246 et
2336 1192 2472 1246 nihil
2517 1190 2772 1245 utilitatis
2811 1191 3091 1246 habentia.
3125 1191 3178 1246 Si
3216 1193 3364 1246 enim
3400 1194 3560 1249 nobis
3590 1210 3654 1250 ea
3699 1211 3828 1266 qua

2234 1281 2518 1352 loquimur
2544 1282 2704 1338 utilia
2729 1292 2935 1345 essent,
2954 1285 3120 1338 etiam
3151 1285 3264 1339 Deo
3291 1286 3678 1355 proculdubio
3701 1287 3826 1359 pla-

2234 1383 2448 1429 cerent.

2299 1573 2512 1644 Lingua:
2535 1571 2857 1626 moderandte
2883 1569 3118 1623 ratio.—
3137 1568 3288 1625 Nunc
3313 1581 3489 1627 autem
3530 1587 3594 1627 ea
3634 1572 3818 1626 omnia

2230 1665 2495 1734 loquimur
2523 1677 2641 1732 quae
2668 1662 2911 1716 diabolus
2951 1663 3302 1730 suggesserit,
3350 1663 3512 1718 modo
3545 1663 3780 1719 ridentes
3801 1702 3820 1729 ,

2230 1755 2393 1808 modo
2420 1753 2617 1807 urbana
2645 1752 2942 1820 loquentes,
2971 1749 3131 1802 modo
3157 1752 3438 1807 maledicta
3462 1763 3516 1808 et
3538 1763 3824 1808 contume-

2230 1841 2330 1896 lias
2360 1841 2710 1910 proferentes,
2744 1839 2902 1893 modo
2937 1837 3176 1906 iurantes
3200 1878 3217 1903 ,
3268 1842 3589 1897 mentientes
3611 1883 3626 1907 ,
3675 1841 3825 1912 peje—

2231 1940 2439 1995 rantes;
2471 1945 2612 1985 nunc
2637 1929 2983 1997 ferocientes,
3029 1944 3168 1985 nunc
3207 1929 3372 1986 iutilia
3401 1942 3455 1986 et
3483 1933 3710 1987 anilibus
3735 1931 3822 1986 fa-

2234 2020 2374 2075 bulis
2400 2021 2597 2075 leviora
2620 2062 2634 2085 ,
2664 2036 2781 2088 qua:
2812 2021 2941 2076 nihil
2969 2025 3033 2078 ad
3065 2038 3161 2077 nos
3201 2023 3461 2088 attinent,
3504 2023 3554 2076 in
3584 2023 3822 2077 medium

2231 2109 2535 2164 alie-remes.
2553 2109 2682 2175 Quis
2701 2113 2840 2166 enim
2865 2123 3117 2176 vestrum,
3141 2126 3346 2181 qua‘so,
3371 2112 3639 2180 psalmum
3655 2128 3820 2167 unum

2233 2203 2462 2255 recitare
2499 2212 2748 2270 rogatus,
2801 2203 2852 2256 id
2880 2204 3057 2260 dicere
3081 2202 3286 2271 possit,
3324 2201 3408 2255 vel
3443 2201 3600 2255 aliam
3627 2215 3821 2270 quam-

2191 2357 2197 2362 ,
2235 2293 2376 2360 piam
2415 2292 2608 2344 divina:
2637 2292 2923 2361 Scriptura:
2953 2292 3199 2361 partem?
3236 2289 3403 2346 Nemo
3444 2306 3592 2346 sane.
3633 2290 3821 2359 Neque

2240 2380 2365 2434 illud
2393 2381 2565 2435 solum
2591 2396 2748 2449 grave
2774 2391 2885 2444 est;
2932 2381 3024 2436 sed
3064 2380 3202 2450 quod
3230 2381 3368 2436 circa
3397 2381 3686 2449 spiritualia
3717 2379 3818 2434 de-

2234 2461 2374 2516 sides
2398 2503 2414 2527 ,
2462 2463 2604 2518 circa
2643 2467 2878 2520 satanica
2918 2467 3038 2535 igne
3066 2469 3182 2522 sitis
3210 2468 3578 2524 ferventiores.
3608 2470 3743 2525 Nam
3771 2487 3820 2528 st

2232 2552 2348 2618 quis
2376 2567 2470 2607 vos
2501 2554 2829 2624 interrogare
2872 2557 3001 2610 velit
3039 2557 3106 2610 de
3143 2558 3418 2613 diabolicis
3446 2560 3704 2626 canticis,
3746 2561 3824 2618 de

2233 2645 2547 2698 meretriciis
2587 2654 2642 2700 et
2685 2645 2894 2700 lascivis
2936 2648 3294 2716 carminibus,
3343 2649 3540 2705 multos
3583 2651 3822 2707 inveniet

2231 2731 2317 2797 qui
2352 2730 2464 2785 haec
2510 2743 2755 2788 accurate
2799 2735 3003 2802 sciant,
3045 2746 3099 2790 et
3145 2752 3269 2792 cum
3313 2739 3582 2808 voluptate
3621 2756 3820 2811 magna

2234 2823 2597 2886 pronuntient.
2627 2825 2729 2878 Sed
2758 2841 2878 2894 quas
2905 2826 3146 2883 defensio
3183 2829 3249 2884 ad
3290 2832 3446 2886 talem
3488 2834 3822 2890 criminatio-

2233 2912 2399 2964 nem?
2431 2911 2542 2966 Non
2573 2930 2721 2978 sum,
2768 2915 2966 2985 inquit,
3011 2918 3330 2987 monachus,
3373 2921 3467 2976 sed
3508 2938 3726 2979 uxorem
3755 2935 3819 2982 et

2233 2997 2368 3053 filios
2402 3000 2593 3065 habeo,
2622 3017 2910 3074 curamque
2938 3005 3246 3063 domesticae
3273 3010 3352 3064 rei
3380 3026 3530 3081 gero.
3558 3014 3720 3084 Atqui
3747 3015 3818 3069 il-

2229 3089 2317 3141 lud
2349 3103 2430 3147 est
2459 3094 2599 3163 quod
2629 3097 2806 3150 omnia
2835 3099 3144 3166 pessumdat
3166 3141 3181 3165 ,
3227 3102 3369 3170 quod
3411 3103 3478 3157 ad
3516 3107 3817 3163 monachos

2227 3180 2398 3235 solum
2431 3185 2624 3251 putetis
2667 3188 2932 3255 pertinere
2969 3189 3251 3246 lectionem
3291 3193 3586 3250 divinarum
3625 3196 3814 3267 Scrip-

2231 3275 2496 3333 turarum,
2541 3286 2661 3325 cum
2709 3277 2876 3330 multo
2919 3280 3086 3347 magis
3121 3295 3278 3348 quam
3310 3280 3414 3337 illis
3441 3284 3510 3337 sit
3535 3285 3685 3340 vobis
3713 3301 3816 3342 ne-

2225 3357 2477 3411 cessaria.
2512 3357 2588 3412 Illi
2618 3362 2760 3416 enim
2790 3366 2878 3432 qui
2913 3365 2964 3418 in
2998 3368 3173 3422 medio
3201 3381 3502 3436 versantur,
3533 3387 3588 3428 et
3623 3377 3810 3444 quoti-

2225 3443 2310 3498 die
2330 3448 2545 3503 vulnera
2569 3454 2858 3526 excipiunl,
2885 3458 3050 3511 multo
3065 3461 3233 3529 magis
3253 3463 3603 3521 medicamine
3622 3443 3808 3537 egent.

2225 3529 2405 3601 Itaque
2435 3536 2588 3607 longe
2617 3542 2764 3609 pejus
2794 3554 2905 3607 est,
2929 3559 3085 3613 quam
3119 3563 3222 3602 non
3253 3549 3446 3620 legere,
3479 3529 3807 3625 superﬂuam

2225 3637 2335 3677 rem
2381 3641 2500 3681 esse
2554 3639 2759 3698 putare.
2810 3634 2934 3689 Haec
2963 3637 3158 3707 quippe
3202 3641 3361 3697 verba
3402 3646 3637 3702 satanica
3675 3662 3816 3711 sunt

2223 3725 2543 3770 commenta.

2293 3894 2343 3947 ϐ.
2408 3892 2573 3945 Lectio
2617 3893 2984 3962 evangeliorum
3030 3892 3326 3943 necessaria.
3351 3887 3555 3942 —-Non
3606 3889 3807 3946 auditis

2222 3984 2441 4037 Paulum
2473 3982 2772 4046 dicentem,
2811 3984 2922 4036 haec
2951 3983 3128 4037 omnia
3155 3981 3220 4034 ad
3251 3982 3642 4050 correptionem
3673 3996 3805 4036 nos-

2226 4081 2360 4122 tram
2387 4071 2583 4138 scripta
2603 4086 2720 4124 esse
2744 4071 2761 4140 (
2786 4073 2834 4124 l.
2862 4071 2976 4124 Cor.
3011 4071 3094 4124 lo.
3124 4072 3182 4123 ll
3206 4068 3262 4139 γε
3287 4069 3364 4123 Τιι
3385 4085 3535 4134 vero,
3563 4072 3606 4124 si
3637 4070 3807 4126 Evan-

2225 4161 2419 4229 gelium
2450 4159 2610 4214 illotis
2638 4161 2880 4214 manibus
2917 4175 3128 4214 sumere
3168 4170 3473 4228 oporteret,
3523 4161 3573 4214 id
3617 4162 3802 4232 utique

2225 4249 2417 4314 nolles,
2447 4261 2500 4305 et
2532 4260 2705 4304 tamen
2730 4260 2882 4318 putas
2907 4265 2968 4303 ea
2995 4266 3112 4318 qua:
3136 4251 3185 4303 in
3213 4251 3304 4304 illo
3327 4253 3665 4307 conlinentur
3690 4268 3803 4310 non

2223 4356 2343 4396 esse
2371 4340 2653 4395 admodum
2683 4341 2999 4396 necessaria.
3041 4340 3267 4410 Ideoque
3292 4343 3468 4396 omnia
3498 4359 3589 4398 sus
3629 4344 3808 4414 deque

2225 4446 2376 4485 versa
2407 4440 2548 4484 sunt.
2579 4432 2727 4496 Quod
2755 4431 2799 4485 si
2844 4431 3048 4485 discere
3085 4432 3215 4485 velis
3245 4445 3500 4501 quantum
3546 4434 3676 4488 lucri
3717 4451 3809 4490 re-

2227 4531 2465 4591 portetur
2489 4538 2552 4576 ex
2582 4521 2864 4590 Scripturis
2891 4540 2904 4575 :
2934 4532 2984 4576 te
3004 4523 3173 4592 ipsum
3195 4525 3458 4584 examina.
3485 4540 3590 4594 quo
3611 4541 3809 4596 nempe

2228 4616 2278 4666 in
2305 4615 2409 4668 situ
2436 4622 2489 4668 et
2518 4622 2655 4668 statu
2683 4615 2756 4668 sis
2785 4628 2904 4667 cum
2948 4613 3180 4681 psalmos
3209 4614 3359 4667 audis
3378 4655 3394 4680 ,
3443 4630 3496 4669 et
3525 4631 3651 4685 quo,
3680 4632 3806 4673 cum

2227 4705 2516 4757 satanicam
2565 4705 2878 4756 cantilenam
2923 4709 3078 4768 squo
3119 4703 3307 4757 aﬂ’ecm
3355 4705 3429 4758 sis
3477 4706 3529 4759 in
3573 4708 3808 4766 ecclesia

2230 4806 2484 4858 versans,
2517 4807 2622 4862 quo
2649 4792 2698 4845 in
2731 4793 2939 4848 theatro
2967 4794 3194 4848 sedens:
3221 4794 3528 4866 videbisque
3552 4807 3814 4867 quantum

2230 4883 2299 4935 sit
2326 4882 2615 4936 discrimen
2648 4883 2783 4937 inter
2812 4881 2948 4937 hanc
2977 4892 3030 4935 et
3071 4883 3212 4936 illam
3257 4885 3508 4952 animam,
3553 4887 3675 4940 licet
3704 4902 3814 4942 una

2231 4971 2520 5042 eademque
2550 4971 2635 5026 sit.
2669 4970 2896 5042 Ideoque
2925 4972 3118 5026 Paulus
3145 4973 3308 5027 dicit:
3335 4973 3674 5043 Corrumpunt
3700 4993 3815 5030 mo-

2232 5078 2308 5114 res
2335 5063 2486 5139 borios
2515 5062 2760 5128 colloquia
2787 5079 2942 5131 prava
2969 5065 3050 5131 (1.
3081 5063 3196 5117 Cor.
3227 5065 3314 5118 15.
3343 5067 3469 5133 55).
3505 5065 3703 5119 Idcirco
3731 5081 3820 5122 as-

2230 5150 2395 5205 siduis
2417 5151 2642 5219 Spiritus
2664 5153 2830 5207 sancti
2853 5153 3094 5207 cantibus
3114 5169 3349 5222 egemus.
3380 5153 3510 5207 Illud
3550 5155 3691 5209 enim
3728 5167 3817 5214 est

2230 5241 2282 5295 in
2312 5257 2418 5311 quo
2455 5243 2623 5295 brutis
2664 5252 3016 5311 prsestamus,
3067 5244 3190 5298 licet
3232 5245 3284 5298 in
3333 5245 3449 5298 aliis
3490 5246 3812 5314 quibusdam

2231 5331 2385 5401 longe
2418 5333 2544 5402 ipsis
2572 5333 2851 5390 inferiores
2878 5335 3068 5390 simus.
3097 5335 3210 5389 Hoc
3242 5344 3326 5390 est
3351 5337 3663 5392 alimentum
3692 5339 3812 5395 ani-

2231 5437 2360 5486 mai,
2397 5422 2497 5476 hoc
2524 5433 2891 5479 ornamentum
2917 5465 2932 5490 ,
2981 5426 3080 5480 hoc
3117 5427 3410 5489 securitas;
3450 5437 3636 5482 contra
3676 5444 3814 5486 vero

2231 5525 2336 5565 non
2361 5511 2577 5579 audire,
2619 5513 2742 5569 illud
2785 5515 2978 5580 fames,
3019 5515 3147 5571 illud
3184 5517 3454 5586 corruptio
3481 5527 3562 5573 est
3606 5529 3620 5566 :
3665 5517 3830 5574 Dabo
