4140 6298
248 326 308 383 5i
1398 324 1464 381 IN
1505 320 1946 379 MATTIIEUM.
1990 315 2226 373 HOMIL.
2271 313 2365 369 Ill.

243 439 381 492 enim
433 440 534 502 eis,
581 437 784 507 inquit,
842 452 947 491 non
1006 436 1199 505 {ament
1255 437 1431 506 partis,
1478 451 1645 505 neque
1692 434 1836 489 sitim

245 558 433 613 aqua;
478 543 573 597 sed
628 542 827 611 famem
879 541 1131 597 audiendi
1182 542 1325 595 verbi
1377 543 1592 597 Domini
1643 542 1840 612 (Amos

246 647 296 703 8.
342 648 401 702 ll
426 647 467 716 ).
507 645 653 712 Quid
692 654 877 701 autem
917 644 1196 701 infelicius
1239 660 1362 703 esse
1397 647 1590 716 possit,
1644 662 1833 716 quam,

245 767 369 807 cum
402 750 543 806 illud
576 751 726 821 quod
754 750 899 805 Deus
928 759 991 803 ut
1020 764 1240 820 poenam
1269 752 1663 816 comminatur,
1697 749 1837 805 illud

245 857 424 926 ipsum
467 857 677 911 malum
727 864 789 911 tu
829 863 1025 926 sponte
1073 856 1128 911 in
1175 865 1342 927 caput
1372 864 1529 912 tuum
1560 857 1833 920 attrabis,

244 959 372 1015 dum
396 962 728 1032 gravissima
750 960 893 1016 tame
920 961 1092 1019 adicis
1114 962 1355 1017 animam
1378 970 1550 1027 tuam,
1574 962 1837 1031 illamque

243 1066 503 1135 omnibus
541 1065 905 1122 inﬁrmiorem
936 1066 1169 1122 reddis?
1195 1067 1332 1123 Nam
1372 1084 1405 1123 a
1432 1067 1620 1122 verbis
1653 1067 1748 1122 illa
1780 1072 1840 1121 et

242 1171 523 1241 corrumpi
564 1181 623 1225 et
658 1172 839 1226 sanari
864 1171 1027 1227 solet.
1072 1171 1359 1243 Siquidem
1388 1172 1500 1227 illis
1531 1172 1668 1227 etin
1700 1170 1838 1226 iram

242 1275 572 1339 concitatur,
603 1284 660 1330 et
688 1284 965 1331 commota
993 1275 1317 1347 mitigatur:
1340 1277 1408 1331 ad
1438 1277 1837 1346 concupiscen-

244 1379 371 1434 tiam
428 1378 698 1434 lascivum
748 1379 960 1434 dictum
1012 1378 1283 1444 incendit,
1318 1386 1376 1433 et
1411 1378 1476 1433 ad
1526 1377 1837 1433 castitatem

243 1484 473 1539 verbum
519 1483 817 1539 honestum
867 1483 1108 1539 reducit.
1165 1483 1224 1539 Si
1270 1482 1420 1538 enim
1468 1495 1653 1538 sermo
1686 1481 1839 1536 solus

248 1595 451 1643 tantam
479 1586 593 1641 vim
617 1587 806 1651 habet,
832 1602 955 1653 cur,
978 1579 1187 1659 quaeso,
1214 1588 1531 1659 Scripturas
1554 1586 1837 1657 despicis?

247 1690 301 1746 Si
327 1706 571 1761 namque
601 1691 1011 1748 admonitiones
1040 1700 1251 1747 tantum
1281 1691 1488 1757 valent,
1517 1691 1693 1746 multo
1719 1705 1835 1745 ma-

247 1792 323 1863 gis
370 1795 599 1864 quando
651 1810 777 1850 cum
833 1796 1307 1852 admonitionibus
1361 1796 1521 1852 adest
1572 1796 1833 1867 Spiritus.

248 1897 463 1953 Etenim
503 1898 734 1954 verbum
765 1914 835 1955 ex
873 1898 1182 1971 Scripturis
1212 1896 1417 1957 divinis
1444 1900 1718 1972 prolatum
1755 1900 1839 1955 in-

247 2001 497 2057 duratam
534 2004 771 2058 animam
808 2005 935 2075 igne
964 2006 1352 2063 vehementius
1384 2006 1616 2072 emollit,
1663 2013 1720 2062 et
1766 2005 1834 2060 ad

246 2106 505 2175 quaelibet
527 2108 673 2163 bona
696 2118 880 2179 aptam
907 2109 1096 2165 edicit.
1126 2109 1222 2165 Sic
1248 2126 1375 2165 cum
1406 2110 1610 2165 Paulus
1633 2108 1832 2166 Corin-

248 2209 388 2265 thios
408 2211 634 2267 inﬂatos
657 2220 715 2267 et
741 2220 1021 2269 tumentes
1040 2228 1164 2270 esse
1188 2214 1661 2285 deprehendisset,
1687 2229 1834 2269 com-

246 2318 445 2386 pressit
484 2332 552 2371 ac
588 2316 955 2373 modestiores
1003 2319 1266 2375 reddidit.
1314 2320 1392 2375 De
1434 2319 1641 2390 quibus
1686 2319 1837 2374 enim

249 2419 455 2488 pudore
489 2420 807 2491 ruboreque
835 2422 974 2477 aliici
1013 2438 1113 2493 par
1144 2433 1287 2489 erat,
1332 2423 1402 2479 de
1432 2423 1629 2479 iisdem
1660 2423 1833 2478 altum

250 2522 555 2593 sapiebant.
595 2524 703 2579 Sed
744 2534 1037 2595 postquam
1080 2526 1236 2581 Pauli
1277 2527 1567 2597 epistolam
1603 2541 1834 2597 accepe-

252 2634 393 2691 rant,
436 2626 571 2681 audi
616 2628 839 2683 illorum
873 2630 1260 2696 mutationem,
1287 2646 1453 2701 quam
1496 2632 1616 2703 ipse
1645 2633 1840 2688 doctor

250 2728 576 2783 testiﬁcatus
597 2739 684 2785 est
708 2730 796 2787 his
823 2732 1046 2810 verbis:
1068 2734 1179 2788 Hoc
1194 2737 1335 2789 enim
1354 2736 1528 2804 ipsum
1552 2736 1841 2790 secundum

252 2831 422 2887 Deum
462 2836 796 2901 contristari,
836 2846 1099 2908 quantam
1135 2841 1191 2893 in
1224 2840 1364 2894 vobis
1398 2848 1650 2910 operatur
1686 2840 1841 2895 solli-

253 2936 534 2991 citudinem
559 2953 580 2991 :
606 2940 702 2993 sed
729 2940 1110 3009 defensionem,
1143 2944 1234 2997 sed
1270 2944 1713 3015 indignationem,
1751 2949 1843 3000 sed

253 3039 677 3109 mutationem,
722 3042 817 3097 sed
861 3044 1151 3099 uindictam
1185 3044 1272 3116 (2.
1322 3044 1445 3100 Cor.
1490 3047 1540 3099 '7.
1591 3047 1709 3113 ll).
1752 3046 1842 3101 Sic

3449 320 3522 377 '5!

1937 433 2193 497 famulos,
2234 432 2396 497 ﬁlios,
2433 448 2651 497 uxores,
2698 435 2906 490 amicos
2944 433 3320 499 instituamus,
3351 444 3408 491 ct
3449 435 3525 491 de

1938 542 2181 598 inimicis
2207 543 2415 597 amicos
2444 542 2627 597 facere
2650 557 2930 597 curemus.
2955 541 3046 597 Sic
3073 542 3254 611 magni
3286 541 3367 596 illi
3393 542 3523 604 viri.

1937 647 2163 717 Deoque
2195 646 2381 711 amici,
2412 646 2675 701 meliores
2702 645 2884 700 ciIecti
2917 654 3066 700 sunt.
3103 645 3322 700 Etenim
3354 644 3525 701 David

1936 761 2061 820 post
2113 762 2425 820 peccatum,
2476 751 2635 806 verbi
2691 749 2895 813 fructu,
2953 748 3007 805 in
3058 750 3325 819 optimam
3376 748 3528 805 illam

1937 855 2211 910 deductus
2240 865 2326 910 est
2354 856 2737 925 paenitentiam
2766 854 2841 924 (2.
2863 854 2993 923 Reg.
3020 853 3105 908 l2.
3138 855 3224 923 l5)
3253 873 3265 907 :
3290 856 3529 924 apostoli

1936 973 2160 1027 quoque
2210 958 2293 1013 sic
2339 958 2479 1013 tales
2527 969 2846 1022 evaserunt,
2901 957 3092 1028 quales
3144 960 3422 1023 novimus,
3471 966 3533 1015 et

1940 1064 2261 1117 universum
2284 1063 2485 1119 orbem
2523 1071 2891 1118 attraxerunt.
2928 1064 3135 1134 Ecquis
3166 1062 3407 1130 fructus,
3442 1063 3532 1119 in-

1938 1168 2117 1239 quies,
2166 1169 2211 1224 si
2259 1169 2385 1239 quis
2431 1157 2745 1234 audiatfet
2794 1169 2942 1225 dicta
2991 1184 3103 1224 non
3152 1170 3532 1239 exsequatur?

1939 1277 2057 1331 Non
2110 1274 2393 1330 modicum
2439 1281 2592 1329 certe
2642 1290 2710 1329 ex
2759 1274 2953 1329 auditu
3008 1273 3236 1329 accedet
3289 1274 3527 1329 lucrum.

1939 1382 2075 1437 Nam
2098 1382 2146 1436 is
2182 1381 2425 1450 seipsum
2460 1379 2746 1435 damnabit
2777 1388 2834 1434 et
2868 1372 3303 1450 ingemiscet,‘et
3332 1394 3399 1434 eo
3430 1380 3533 1433 ali-

1938 1488 2161 1558 quando
2190 1486 2520 1551 deducetur,
2552 1494 2614 1542 ut
2643 1499 2767 1554 qum
2798 1484 2947 1539 dicta
2973 1493 3106 1539 sunt
3140 1484 3388 1553 impleat.
3425 1483 3533 1550 Qui

1936 1608 2071 1648 vero
2104 1608 2175 1647 ne
2222 1592 2449 1663 quidem
2486 1592 2594 1647 scit
2630 1606 2699 1645 an
2724 1589 3059 1660 peccaverit,
3086 1588 3311 1658 quando
3340 1604 3371 1643 a
3402 1604 3532 1658 pec—

1943 1696 2121 1752 cando
2149 1696 2422 1752 desistet?
2454 1694 2677 1765 quando
2711 1700 2933 1763 peccata
2969 1692 3256 1747 damnabit
3285 1692 3425 1747 sua?
3452 1691 3534 1747 Ne

1944 1800 2130 1870 itaque
2162 1808 2585 1855 contemnamus
2612 1798 2926 1853 divinarum
2954 1796 3250 1851 lectionem
3283 1796 3536 1865 Scriptu-

1940 1921 2151 1960 rarum.
2188 1906 2316 1962 Haec
2345 1906 2494 1963 enim
2527 1904 2801 1960 diabolica
2838 1916 2925 1959 est
2964 1902 3226 1974 cogitatio
3266 1918 3390 1972 quae
3418 1917 3533 1957 non

1940 2010 2215 2078 permittit
2254 2018 2316 2064 ut
2359 2010 2680 2066 thesaurum
2725 2008 3036 2071 videamus,
3076 2022 3147 2061 ne
3180 2005 3406 2060 divitias
3437 2019 3533 2059 ac-

1939 2117 2247 2187 quiramus.
2270 2116 2400 2171 ldeo
2423 2115 2565 2170 nihil
2590 2128 2713 2170 esse
2735 2112 2877 2168 dicit
2898 2111 3093 2167 audire
3116 2110 3337 2166 divinas
3358 2111 3532 2181 leges,

1940 2237 2012 2277 ne
2040 2236 2109 2276 ex
2139 2221 2334 2276 auditu
2362 2234 2466 2276 nos
2496 2219 2563 2275 ad
2589 2218 2851 2275 eﬂ'ectum
2873 2232 2990 2272 rem
3014 2216 3292 2272 deducere
3321 2216 3532 2271 videat.

1944 2328 2193 2384 Scieutes
2216 2328 2405 2398 igitur,
2439 2327 2582 2381 hanc
2606 2326 2727 2397 eius
2746 2339 2869 2380 esse
2902 2322 3300 2394 nequissimam
3331 2327 3532 2387 artem,

1944 2436 2189 2507 undique
2228 2450 2331 2491 nos
2368 2435 2705 2497 muniamus,
2737 2441 2797 2488 ut
2828 2433 2917 2487 his
2957 2431 3129 2487 armis
3166 2429 3445 2493 instructi,
3477 2437 3535 2484 et

1943 2557 2045 2597 nos
2061 2540 2248 2596 invicti
2270 2554 2592 2595 maneamus
2606 2538 2837 2607 ejusque
2856 2543 3023 2605 caput
3039 2534 3230 2589 feriam
3238 2549 3324 2599 us,
3341 2534 3534 2603 sicque

1940 2647 2185 2703 victoria:
2225 2644 2537 2716 insignibus
2573 2642 2849 2697 coronati.
2898 2641 3091 2695 futura
3122 2652 3533 2708 consequamur

1944 2752 2117 2815 bona,
2168 2750 2342 2821 gratia
2400 2758 2456 2803 et
2502 2747 2844 2818 benignitate
2898 2743 3118 2800 Domini
3172 2741 3351 2797 nostri
3403 2741 3531 2798 Jesu

1940 2855 2146 2912 Christi
2170 2895 2185 2919 ,
2225 2856 2315 2910 cui
2347 2833 2523 2925 gloria
2550 2859 2607 2905 et
2640 2850 2931 2921 imperium
2975 2851 3029 2904 in
3066 2847 3267 2904 saecula
3307 2846 3540 2903 saeculo-

1950 2976 2096 3015 rum.
2133 2960 2323 3013 Amen.

277 3420 3544 3453 mm”,

1660 3655 2004 3717 HOMILIA
2052 3656 2157 3717 IIl.

272 3937 404 3998 CAP.
453 3937 501 4004 l,
546 3953 604 3992 v.
639 3936 694 3989 i.
730 3934 882 3989 Liber
924 3934 1280 4006 generationis
1326 3931 1453 3986 Iesu
1494 3929 1715 3994 Christi,
1765 3926 1865 3995 ﬁlii

751 4039 945 4104 Dauid,
980 4038 1085 4107 ﬁlii
1110 4038 1401 4093 Abraham.

354 4248 405 4302 I.
436 4246 549 4301 Cur
596 4246 843 4316 Iosephi,
891 4262 997 4299 non
1033 4243 1219 4298 Marto:
1263 4243 1574 4314 genealogia
1612 4242 1861 4295 ducatur.

271 4353 507 4408 —-Ecce
550 4353 665 4423 jam
711 4351 930 4405 tertiam
974 4350 1459 4411 dissertationem,
1508 4358 1564 4402 et
1601 4346 1867 4416 prommia

273 4457 525 4514 nondum
570 4453 928 4510 absolvimus.
983 4453 1105 4508 Non
1160 4467 1294 4524 ergo
1338 4452 1547 4528 frustra.
1591 4449 1865 4515 dicebam,

273 4560 581 4618 admodum
640 4556 973 4629 profundam
1026 4571 1150 4613 esse
1206 4556 1404 4612 harum
1465 4556 1865 4611 sententiarum

273 4674 557 4722 naturam.
608 4667 717 4735 Age
767 4664 934 4719 hodie
975 4678 1099 4733 quae
1148 4663 1368 4718 residua
1421 4669 1553 4717 sunt
1598 4661 1863 4717 dicamus.

273 4768 419 4837 Quid
452 4784 589 4839 ergo
613 4768 724 4838 jam
758 4767 1099 4837 quaerimus?
1132 4764 1246 4821 Cur
1293 4764 1520 4835 Iosephi
1551 4764 1869 4835 genealogia

276 4877 538 4937 ducatur,
572 4874 668 4943 qui
698 4873 841 4927 nihil
881 4872 950 4928 ad
990 4873 1403 4943 generationem
1452 4869 1722 4926 contulit?
1749 4868 1869 4924 Jam

272 4994 445 5035 unam
479 4992 704 5034 causam
726 4976 967 5032 diximus
995 4993 1010 5029 :
1039 4990 1222 5045 operae
1242 4974 1485 5045 pretium
1512 4983 1597 5029 est
1621 4982 1681 5028 ut
1706 4973 1869 5028 aliam

275 5082 551 5143 dicamus,
599 5080 776 5150 magis
827 5079 1114 5149 mysticam
1166 5087 1222 5134 et
1278 5094 1555 5134 arcanam.
1610 5078 1870 5144 Quaenam

275 5187 371 5241 illa
416 5185 537 5238 est?
581 5183 820 5238 Nolebat
865 5182 1074 5238 Judaeis
1124 5191 1316 5237 notum
1351 5198 1473 5239 esse
1518 5182 1637 5252 ipso
1684 5191 1874 5255 partus

291 5297 544 5357 tempore
579 5304 645 5341 ex
672 5285 900 5356 Virgine
923 5288 1077 5341 nasci
1101 5284 1403 5341 Christum.
1436 5286 1544 5341 Sed
1578 5301 1649 5341 ne
1683 5288 1874 5342 turbe-

276 5392 415 5448 mini
437 5391 507 5446 de
534 5391 906 5458 inexspectata
931 5388 1310 5458 responsione.
1335 5390 1523 5460 Neque
1544 5391 1691 5447 enim
1715 5407 1873 5446 meus

281 5496 373 5551 hic
399 5504 486 5550 est
524 5507 730 5557 sermo,
761 5490 857 5546 sed
890 5501 1111 5563 patrum
1149 5502 1468 5549 nostrorum
1514 5494 1868 5551 admirando-

278 5615 402 5658 rum
456 5599 874 5670 insigniumquc
909 5613 1180 5653 urorum.
1214 5597 1273 5655 Si
1325 5599 1473 5655 enim
1510 5601 1682 5657 multa
1736 5601 1869 5657 sub-

1968 3926 2201 3981 obscure
2231 3926 2305 3987 ab
2326 3925 2486 3979 initio
2515 3926 2779 3994 loquutus
2807 3935 2913 3989 est,
2938 3927 3141 3983 Filium
3165 3930 3411 3983 hominis
3433 3944 3558 3989 sese

1964 4043 2189 4091 vocans,
2219 4043 2325 4082 nec
2356 4027 2564 4096 ubique
2613 4040 2767 4081 suam
2813 4041 2943 4082 cum
2982 4028 3144 4084 Patre
3185 4032 3557 4100 aequalitatem

1967 4136 2112 4189 clare
2164 4134 2435 4195 revelans,
2473 4134 2607 4203 quid
2640 4134 2860 4189 miraris
2910 4135 2956 4190 si
3008 4135 3115 4191 hoc
3161 4138 3327 4192 etiam
3365 4139 3559 4194 adum-

1968 4240 2167 4304 bzavit,
2201 4254 2397 4309 magna
2427 4239 2664 4309 quadam
2700 4250 2758 4295 et
2783 4241 3025 4303 mirabili
3052 4257 3188 4298 usus
3216 4246 3561 4300 oeconomia?

1967 4342 2179 4413 Ecquid
2207 4343 2298 4399 hic
2318 4342 2611 4397 mirabile?
2635 4344 2956 4413 inquies.Ut
2983 4355 3231 4401 servaret
3256 4347 3559 4419 Virginem,

1967 4457 2024 4504 et
2046 4464 2076 4503 a
2112 4463 2278 4519 prava
2310 4449 2625 4518 suspicione
2660 4448 2945 4506 liberaret.
2972 4451 3029 4507 Si
3058 4454 3207 4507 enim
3231 4455 3353 4509 hac
3382 4455 3561 4511 Judaei

1970 4555 2038 4610 ab
2089 4553 2250 4608 initio
2301 4552 2612 4619 audissent,
2660 4554 2903 4625 maligne
2956 4572 3072 4611 rem
3123 4558 3561 4629 interpretantes

1968 4658 2249 4729 Virginem
2279 4658 2635 4727 lapidassent,
2662 4669 2828 4727 atque
2857 4669 2917 4716 ut
2961 4662 3268 4719 adulteram
3299 4666 3561 4720 damnas-

1970 4769 2113 4817 sent.
2144 4760 2282 4815 Nam
2332 4763 2378 4816 si
2426 4763 2482 4815 in
2531 4761 2675 4827 aliis,
2708 4779 2946 4833 quorum
2976 4767 3145 4821 etiam
3172 4770 3422 4840 exempla
3461 4771 3561 4826 ha-

1973 4868 2177 4924 bebant
2204 4871 2261 4931 in
2288 4871 2473 4926 Veteri
2504 4868 2879 4939 Testamento,
2911 4874 3264 4945 impudenter
3291 4880 3470 4947 palam
3501 4896 3561 4936 se

1973 4974 2239 5045 gerebant
2274 4993 2287 5027 :
2316 4974 2361 5029 si
2390 4975 2614 5044 quando
2637 4975 2917 5034 daemonas
2945 4981 3127 5049 ejecit,
3160 4982 3559 5041 dzemoniacum

1976 5080 2265 5143 vocabant,
2303 5080 2346 5133 si
2375 5082 2503 5149 quia
2532 5080 2588 5134 in
2619 5081 2849 5136 sabbato
2882 5085 3120 5149 curavit,
3158 5086 3273 5141 Deo
3301 5090 3561 5145 adversa-

1985 5183 2128 5236 rium
2158 5184 2447 5252 putabant,
2472 5185 2690 5239 etiamsi
2719 5197 2883 5240 antea
2911 5187 3202 5243 sabbatum
3237 5207 3381 5262 smpe
3410 5194 3556 5249 solu-

1981 5296 2099 5342 tum
2135 5288 2332 5344 fuisset
2361 5308 2373 5343 :
2404 5290 2536 5358 quid
2583 5306 2689 5346 non
2724 5291 2925 5347 dicturi
2961 5304 3140 5361 erant,
3174 5297 3281 5353 hoc
3326 5301 3559 5356 audien-

1981 5395 2100 5447 tes?
2125 5395 2341 5450 Etenim
2370 5411 2471 5465 pro
2512 5391 2975 5475 ipsispugnasset
3008 5411 3182 5456 totum
3217 5408 3560 5473 praeteritum

1978 5508 2215 5569 tempus,
2241 5501 2333 5555 ubi
2362 5516 2660 5570 numquam
2690 5504 2822 5572 quid
2852 5506 3029 5561 simile
3050 5515 3267 5578 gestum
3289 5511 3485 5565 fuerat.
3504 5507 3562 5567 Si

1977 5618 2215 5673 namque
2245 5614 2372 5675 post
2400 5614 2480 5661 tot
2508 5605 2660 5677 signa
2694 5608 2851 5663 illum
2904 5611 3084 5668 adhuc
3136 5612 3355 5683 Josepbi
3388 5613 3565 5671 lilium
