4140 6298
618 302 689 355 55
1322 305 1380 360 s.
1410 300 1684 359 .lOANNlS
1721 271 2190 356 cnavsoSTont
2229 288 2543 345 menter.
2585 287 3115 345 (ZONSTANTINOI‘.

622 409 981 480 apj‘iellaltattt,
1007 403 1270 484 quomodo
1312 411 1433 455 ante
1472 402 1559 454 illa
1604 403 1750 470 signa
1777 402 1948 469 ipsum
1978 412 2041 454 ex
2076 397 2189 451 Vir-

618 503 738 568 gine
770 510 947 553 natum
974 497 1325 552 credidissent
1354 496 1377 547 ?
1420 486 1563 549 ideo
1585 495 1761 560 itaque
1800 492 1917 560 ejus
1944 505 2193 561 geneato-

620 594 701 661 εἰει
740 589 981 653 ducitur,
1009 587 1384 657 Virginemque
1427 585 1732 651 desponsat.
1778 581 2002 649 Quando
2050 581 2194 635 enim

620 678 838 747 Joseph,
881 678 963 731 vir
1004 676 1176 744 justus
1206 685 1259 730 ct
1300 672 1641 727 admirandus
1662 711 1679 735 ,
1729 671 1907 726 multis
1936 685 2071 739 opus
2102 671 2196 724 ha-

620 772 755 836 buit,
785 780 841 823 ιιι
868 768 1007 837 quod
1035 777 1239 837 gestum
1280 774 1397 821 erat
1422 765 1702 825 edisceret.
1730 763 1953 831 angelo,
1992 763 2195 817 visione

622 875 717 928 per
746 873 988 914 somnum
1020 898 1035 922 ,
1066 865 1121 912 et
1150 856 1525 926 prophetarum
1556 853 1890 917 testimonio;
1929 852 2195 922 quomodo

621 950 786 1003 .lnda-i
812 948 1048 1017 perversi
1081 957 1135 1001 et
1173 946 1427 1015 corrupti,
1451 953 1503 999 ct
1533 945 1606 999 illi
1638 930 1853 1009 infensi,
1881 941 2017 997 hanc
2040 957 2194 996 exec-

618 1044 820 1111 pissent
867 1038 1215 1107 opinionem?
1266 1035 1562 1089 Admodum
1604 1034 1745 1089 enim
1792 1033 1912 1087 illos
1957 1045 2044 1087 res
2089 1040 2194 1086 tam

626 1153 759 1193 nera
785 1177 801 1201 ,
825 1144 933 1189 tam
961 1133 1315 1199 inexspectata
1360 1124 1728 1194 perturbatnra
1759 1135 1907 1186 erat.
1950 1139 2015 1179 eo
2057 1124 2198 1191 quod

624 1226 1014 1296 progenitorunt
1055 1234 1273 1274 suorum
1316 1230 1432 1271 {evo
1480 1215 1611 1269 nihil
1641 1214 1940 1281 hujusmodi
1992 1223 2197 1282 gestum

623 1330 869 1386 umquam
899 1313 1102 1367 fuisset.
1130 1309 1336 1363 Etenim
1359 1306 1448 1374 qui
1472 1304 1636 1360 semel
1660 1304 1885 1358 credidit
1913 1304 2061 1357 illum
2080 1316 2200 1356 esse

627 1408 715 1461 ltei
740 1405 951 1468 Filium,
975 1400 1102 1454 nihil
1132 1399 1230 1453 bac
1252 1397 1321 1451 de
1344 1411 1406 1451 re
1426 1395 1691 1464 ambigere
1711 1392 1894 1449 debuit
1916 1411 1929 1447 :
1957 1391 2047 1461 qui
2073 1405 2203 1446 vero

625 1496 770 1550 illum
817 1493 1153 1547 seductorem
1181 1498 1234 1541 et
1278 1486 1385 1541 Deo
1427 1483 1791 1539 adversarium
1835 1483 2198 1546 existimaret,

626 1584 890 1654 quomodo
934 1596 1037 1635 non
1074 1580 1169 1632 hac
1211 1576 1279 1631 de
1313 1588 1374 1630 re
1400 1574 1567 1644 magis
1609 1570 2000 1633 oil'enderetur,
2030 1570 2117 1639 qui
2149 1569 2201 1623 in

627 1676 769 1727 illam
802 1688 904 1726 non
934 1670 1284 1725 tletlttCerctur
1324 1663 1674 1734 opinionem?
1703 1661 1933 1732 Ideoque
1978 1658 2209 1729 apostoii

629 1766 731 1821 hoc
757 1762 931 1817 statim
962 1763 1029 1815 ab
1051 1761 1198 1813 initio
1225 1773 1329 1811 non
1350 1756 1565 1818 dicunt,
1595 1754 1689 1809 sed
1723 1752 1793 1810 de
1816 1752 2206 1809 resurrectione

630 1858 792 1909 multa
830 1869 971 1922 s-rpe
1018 1852 1320 1915 disserunt,
1372 1848 1523 1916 cujus
1559 1847 1670 1915 jam
1707 1846 1953 1914 exempla
2000 1844 2209 1900 [uetant

632 1946 910 2015 prmteritis
962 1943 1316 2010 temporibus,
1363 1940 1461 1994 etsi
1492 1953 1597 1992 non
1627 1937 1753 1992 huic
1799 1936 1991 1991 similia
2024 1955 2035 1989 :
2066 1935 2206 2005 quod

632 2047 806 2092 autent
827 2036 895 2089 de
907 2034 1127 2103 Virgine
1150 2041 1305 2085 natus
1332 2031 1420 2094 sit,
1446 2043 1553 2083 non
1574 2029 1642 2083 ita
1664 2028 1966 2097 frequenter
1990 2025 2206 2090 dicunt;

633 2128 725 2182 sed
772 2140 941 2192 neque
989 2131 1157 2176 mater
1181 2120 1231 2175 id
1257 2129 1339 2173 est
1366 2133 1492 2173 ansa
1520 2118 1777 2184 proferre.
1810 2116 1942 2171 Vide
1984 2131 2211 2183 namque

632 2216 756 2285 quid
786 2215 861 2268 illi
892 2214 1047 2280 Virgo
1076 2213 1214 2273 dicat
1245 2230 1257 2263 :
1292 2207 1423 2262 Ecce
1463 2224 1551 2278 ego
1579 2218 1625 2259 et
1653 2216 1793 2274 pater
1818 2216 1933 2258 tuus
1957 2205 2215 2274 quereba-

635 2324 747 2362 mur
777 2304 1011 2373 te(Luc.
1038 2302 1093 2355 ‘2.
1122 2300 1249 2368 48).
1301 2299 1431 2353 Nam
1482 2300 1527 2352 si
1574 2296 1701 2351 illud
1757 2296 1811 2350 in
1855 2296 2211 2363 suspicionem

636 2398 903 2458 venisset.
958 2408 1131 2461 neque
1179 2390 1389 2444 Davidis
1419 2389 1634 2441 demum
1676 2386 1813 2439 ﬁlius
1836 2399 1953 2438 esse
1981 2385 2214 2439 creditus

636 2489 853 2542 fuisset:
877 2488 975 2539 hac
1015 2497 1171 2552 porro
1197 2481 1400 2535 sublata
1442 2477 1721 2547 opinione,
1750 2475 1914 2530 multa
1950 2476 2051 2530 alia
2082 2475 2212 2529 sub-

639 2581 839 2634 oritura
884 2576 1022 2630 mala
1062 2580 1237 2626 erant.
1263 2570 1546 2639 Propterea
1577 2582 1643 2622 nc
1668 2568 1766 2637 ipsi
1798 2565 2011 2635 quidem
2040 2565 2213 2631 angeli

646 2667 777 2720 illud
817 2666 1025 2727 dicunt,
1070 2662 1175 2715 nisi
1212 2658 1395 2713 Mari-.12
1433 2665 1640 2713 tantum
1676 2666 1731 2709 et
1771 2654 2040 2722 Josepho;
2082 2669 2209 2706 cum

644 2772 772 2809 vero
807 2753 1118 2823 pastoribus
1158 2748 1333 2805 fausta
1390 2748 1719 2811 nuntiarent,
1767 2745 1821 2800 id
1864 2736 2086 2799 minimc
2123 2742 2213 2796 ad-

643 2846 908 2913 jecerunt.
973 2841 1085 2896 Cur
1142 2840 1414 2893 Abraham
1478 2847 1819 2897 memorato,
1861 2849 1986 2911 cum
2040 2834 2211 2889 dixis-

648 2945 749 2996 set,
787 2933 975 3004 genuit
1009 2933 1179 2994 Isaac,
1206 2939 1261 2984 et
1292 2930 1448 2983 isaac
1475 2927 1665 2991 Jacob,
1700 2941 1800 2981 nec
1832 2926 2094 2981 fratrem‘
2117 2925 2210 2997 Ja-

646 3023 1145 3083 cohinominasset.
1180 3035 1305 3074 cum
1352 3019 1416 3072 ad
1440 3018 1705 3073 Jacobum
1740 3024 1929 3084 postea
1965 3016 2130 3079 venit,
2159 3024 2215 3069 et

647 3109 840 3165 ludam
863 3120 915 3163 et
936 3112 1133 3165 fratres
1149 3110 1269 3178 ejus
1291 3114 1679 3159 commemorat
1701 3104 1724 3154 ?

715 3276 772 3331 Ξ.
812 3273 1035 3343 Quidam
1080 3270 1289 3324 dicunt.
1331 3264 1381 3317 id
1435 3261 1504 3314 ob
1546 3270 1739 3327 pravos
1781 3254 1921 3308 Esau
1951 3264 2127 3305 mores
2172 3255 2230 3302 et

651 3340 877 3419 aliorum
926 3362 1157 3429 priorum
1205 3355 1401 3409 laetum
1431 3364 1570 3404 esse.
1621 3348 1735 3416 Ego
1779 3358 1907 3399 vero
1963 3340 2090 3396 illud
2119 3355 2225 3394 non

649 3454 871 3507 dixerim
902 3467 915 3503 :
948 3466 1066 3502 nam
1094 3448 1137 3501 si
1166 3445 1265 3498 hoc
1290 3449 1454 3503 esset,
1482 3454 1576 3493 cur
1608 3436 1740 3490 tales
1761 3433 1919 3503 paulo
1956 3441 2075 3501 post
2105 3445 2225 3483 mu-

650 3544 807 3598 lieres
827 3535 1245 3595 commemorat?
1284 3531 1411 3587 Nam
1432 3530 1596 3600 gloria
1619 3527 1735 3596 ejus
1757 3524 1842 3578 hic
1862 3538 1928 3576 ex
1948 3519 2230 3576 contrariis

648 3633 897 3687 elucescit
924 3648 935 3659 -
968 3644 1073 3682 non
1098 3642 1162 3681 ex
1191 3640 1257 3679 eo
1286 3623 1426 3692 quod
1457 3632 1676 3687 magnos
1702 3614 1895 3669 habeat
1924 3611 2227 3684 progenito-

653 3738 772 3787 res,
803 3721 897 3775 sed
938 3721 1111 3787 potius
1153 3716 1371 3784 exiguos
1399 3721 1451 3767 ct
1482 3711 1627 3787 viles.
1668 3706 1890 3763 Sublimi
1933 3705 2073 3757 enim
2113 3702 2230 3756 iure

651 3827 837 3881 magna
880 3810 1046 3881 gloria
1077 3816 1154 3861 est
1181 3847 1195 3870 ,
1242 3806 1285 3859 si
1330 3804 1497 3874 possit
1546 3791 1809 3856 demissus
1838 3796 2121 3852 admodum
2173 3803 2228 3848 et

653 3904 771 3955 vilis
797 3914 1053 3971 apparere
1087 3918 1099 3951 :
1134 3911 1229 3949 cur
1253 3896 1434 3962 itaque
1461 3906 1565 3945 non
1593 3885 2069 3943 commemoravit?
2095 3885 2229 3954 Quia

652 3993 784 4047 nihil
810 4002 1095 4044 commune
1125 3985 1388 4039 habebant
1416 3982 1488 4035 illi
1528 3994 1647 4033 cum
1684 3978 1971 4032 lsraelitic‘o
1993 3989 2187 4045 genere
2212 4012 2227 4033 ,

653 4095 842 4147 nempe
868 4075 1156 4140 Saraceni,
1190 4072 1469 4127 lsmaelitzc
1514 4079 1570 4124 et
1607 4067 1845 4131 Arabes,
1878 4075 1931 4120 et
1953 4054 2232 4134 ‘qnotquot

651 4169 717 4220 ah
739 4168 841 4221 illis
866 4168 1158 4236 majoribus
1187 4164 1289 4216 orti
1319 4170 1463 4216 sunt.
1485 4158 1713 4227 ideoque
1744 4156 1848 4209 illis
1874 4156 2087 4210 silentio
2104 4154 2232 4207 mis-

652 4261 756 4317 sis.
787 4259 851 4311 ad
880 4258 996 4325 ejus
1020 4264 1076 4308 et
1104 4253 1307 4309 .lmlaiei
1337 4250 1514 4321 populi
1538 4248 1767 4318 majores
1790 4255 2057 4316 properat.
2104 4245 2229 4299 ideo

654 4350 722 4402 ait
756 4366 769 4401 :
811 4347 971 4400 Jacob
998 4355 1163 4400 autem
1210 4343 1379 4414 genuit
1423 4339 1618 4393 ludam
1657 4345 1702 4390 et
1728 4336 1909 4406 fratres
1954 4338 2083 4405 ejus.
2131 4335 2229 4390 llic

653 4439 758 4504 jam
785 4436 1086 4489 .lndzcormn
1116 4434 1421 4503 designatur
1458 4431 1703 4499 populus.
1747 4428 1915 4481 Judas
1946 4437 2107 4481 autent
2143 4444 2231 4497 ge-

655 4528 762 4579 mtt't
794 4525 983 4579 Phares
1020 4534 1065 4579 et
1093 4524 1277 4578 Zuram
1304 4523 1366 4574 de
1393 4519 1639 4573 Thamar.

722 4712 800 4765 De
841 4712 1091 4780 majorum
1137 4705 1357 4776 nequitia
1403 4718 1501 4780 non
1546 4700 1948 4754 erubescendum.
1981 4729 2050 4740 --
2088 4698 2223 4765 Quid

652 4802 811 4863 lacis.
840 4804 908 4856 mi
944 4804 1102 4853 homo
1126 4841 1139 4859 ,
1181 4799 1304 4850 dum
1334 4792 1605 4853 historiam
1650 4791 1807 4845 alters
1846 4792 2067 4860 improbi
2114 4793 2224 4845 eoi.

651 4902 734 4945 tus
757 4895 777 4944 ‘t
804 4887 943 4954 Quid
971 4884 1141 4940 dicis?
1171 4885 1365 4953 inquit.
1392 4882 1550 4939 Certe
1570 4886 1612 4936 si
1658 4884 1779 4936 nodi
1809 4884 2032 4937 hominis
2059 4897 2225 4952 genus

650 4994 1017 5035 enarraremns
1037 5021 1051 5041 ,
1092 4980 1212 5047 jure
1256 4976 1374 5046 quis
1409 4976 1521 5029 haec
1567 4975 1842 5035 tacuisset;
1872 4976 1915 5028 si
1943 4983 2115 5028 autem
2143 4976 2225 5028 in-

651 5074 850 5127 earnati
876 5071 969 5126 Dei
990 5110 1003 5132 ,
1027 5086 1131 5124 non
1175 5068 1335 5122 modo
1364 5066 1478 5120 iure
1500 5082 1603 5119 non
1635 5065 1855 5121 tacenda
1878 5104 1894 5129 ,
1945 5066 2036 5120 sed
2062 5066 2219 5120 etiam

654 5162 929 5233 magniﬁce
959 5159 1316 5230 expromenda
1345 5168 1490 5223 sunt,
1514 5168 1569 5212 ut
1595 5156 1711 5226 ejus
1740 5167 1794 5211 et
1824 5158 2151 5225 providentia
2171 5169 2225 5214 et

657 5264 887 5324 potestas
914 5253 1238 5309 oStendatur.
1285 5250 1407 5306 Ideo
1450 5265 1675 5319 namque
1705 5249 1883 5313 venit,
1914 5264 2016 5303 non
2047 5259 2105 5304 ut
2126 5265 2225 5319 op.

657 5346 865 5413 prohria
914 5351 1093 5398 nostra
1140 5342 1339 5411 fugiat;
1389 5341 1481 5396 sed
1527 5348 1584 5395 ut
1626 5340 1712 5393 illa
1738 5340 1805 5395 de
1848 5339 2024 5396 medio
2052 5341 2221 5398 tollat.

730 5527 748 5560 ¹
782 5524 917 5575 Slvil.
942 5514 1080 5588 legl,
1110 5526 1312 5577 Domini.

3806 276 3879 331 δι

2294 392 2442 445 Sicut
2472 404 2577 442 non
2606 395 2712 440 tam
2741 384 3096 438 admiramur,
3128 377 3269 447 quod
3299 384 3543 431 mortuus
3571 373 3677 437 sit,
3720 385 3882 441 quam

2295 479 2437 549 quod
2464 476 2776 535 crucilixus;
2802 474 2923 525 licet
2946 485 3031 524 res
3060 468 3312 537 probrosa
3342 466 3447 518 sit:
3479 461 3573 518 sed
3608 475 3721 533 quo
3760 475 3886 528 pto-

2298 570 2538 631 brosior,
2598 574 2744 617 tanto
2792 556 2961 628 magis
3010 560 3127 628 ejus
3178 571 3301 625 erga
3348 553 3594 608 homines
3641 566 3884 606 amorem

2293 658 2511 716 exhibet
2546 671 2559 706 :
2605 654 2683 707 sic
2728 651 2796 706 de
2848 648 3191 719 generatione
3236 643 3356 711 ejus
3396 638 3730 696 dicendum:
3776 654 3886 693 non

2297 748 2458 805 modo
2484 744 2625 815 quod
2653 755 2869 799 carnem
2890 736 3191 807 susceperit
3223 731 3569 789 admirandus
3615 738 3738 793 est;
3788 728 3888 783 sed

2297 840 2460 893 etiam
2488 833 2629 905 quod
2658 832 2790 887 tales
2816 829 3015 884 habere.
3040 834 3295 897 cognatos
3322 824 3570 891 dignatus
3618 821 3688 875 sit
3706 860 3721 881 ,
3760 832 3885 872 nus-

2297 947 2453 999 quam
2492 930 2560 984 de
2597 926 2750 991 malis
2771 920 2969 978 nostris
2993 910 3257 989 susceptis
3280 916 3623 971 erubescens.
3650 908 3892 977 llludque

2297 1040 2360 1078 ex
2394 1024 2510 1093 ipso
2546 1013 2906 1089 generationis
2934 1011 3157 1069 exordio
3187 1006 3531 1078 pradicant.
3553 1018 3621 1058 se
3645 1002 3714 1056 de
3737 1000 3893 1056 nullo

2296 1114 2437 1182 quod
2464 1111 2530 1167 ad
2556 1123 2655 1166 nos
2683 1108 2943 1178 pertineat
2984 1105 3305 1159 erubescere
3330 1117 3343 1153 :
3372 1113 3467 1167 per
3492 1096 3606 1151 lure
3633 1109 3730 1149 nos
3755 1094 3894 1148 edo-

2295 1218 2461 1267 cens,
2504 1216 2571 1255 ne
2597 1212 2849 1268 umquam
2886 1195 2956 1250 de
2996 1206 3255 1263 majorum
3302 1198 3607 1243 nostrorum
3653 1184 3891 1252 nequitia

2295 1294 2707 1353 erubescamus;
2753 1286 2848 1343 sed
2879 1285 3038 1340 ullam
3078 1283 3251 1337 solum
3278 1293 3580 1349 quaeramus
3611 1277 3890 1329 virtutem.

2295 1386 2428 1442 Nam
2452 1387 2540 1455 qui
2567 1383 2711 1437 illam
2743 1387 2994 1439 sectatur,
3020 1374 3227 1428 etiamsi
3256 1371 3610 1440 alienigenam
3640 1365 3895 1435 progenio

2298 1454 2707 1535 toremihabeat,
2732 1468 2942 1525 etiamsi
2995 1474 3219 1520 matrem
3272 1460 3629 1520 meretricem,
3669 1454 3753 1510 vel
3783 1454 3893 1507 alio

2301 1569 2459 1624 modo
2489 1562 2907 1633 despiciendam,
2941 1555 3069 1611 nihil
3109 1554 3235 1609 hinc
3281 1547 3584 1605 nocumenti
3632 1557 3895 1615 passunts

2297 1669 2400 1717 est.
2431 1658 2564 1714 Nam
2593 1656 2638 1709 si
2667 1653 3064 1713 fornicatorem,
3096 1645 3185 1715 qui
3213 1639 3519 1711 resipuerit,
3563 1636 3713 1692 nullo
3742 1635 3895 1704 prior

2298 1754 2405 1807 vita
2428 1749 2689 1805 dedecore
2704 1744 2871 1798 allicit
2902 1759 2917 1796 :
2948 1738 3116 1793 multo
3136 1736 3309 1790 minus
3330 1734 3412 1786 vir
3431 1730 3648 1801 probus,
3676 1742 3742 1781 ex
3770 1742 3894 1781 me-

2299 1843 2494 1899 retrice
2516 1839 2597 1894 vel
2624 1838 2862 1892 adultera
2879 1841 3054 1895 natus,
3077 1834 3357 1897 parentum
3376 1818 3712 1890 improbitate
3731 1816 3898 1872 deho-

2300 1932 2613 1989 nestabitur.
2660 1926 2750 1998 Sic
2793 1936 2951 1990 porro
2971 1934 3030 1973 se
3056 1915 3295 1987 gerebat,
3324 1928 3428 1967 non
3480 1908 3683 1963 tantum
3709 1916 3769 1961 ut
3793 1921 3896 1960 nos

2299 2024 2616 2084 institueret,
2646 2017 2738 2074 sed
2755 2016 2916 2071 etiam
2934 2020 2993 2067 ut
3012 2009 3316 2066 Judzeornm
3337 2015 3599 2058 tumorem
3619 2000 3898 2070 deprime-

2300 2125 2403 2170 ret.
2420 2113 2552 2180 Quia
2580 2109 2722 2163 enim
2764 2101 2926 2158 animi
2970 2101 3165 2153 virtute
3193 2094 3433 2165 neglecta
3467 2132 3484 2155 ,
3529 2090 3895 2145 Abrahamum

2303 2217 2518 2273 semper
2545 2213 2639 2253 ore
2681 2195 2957 2255 ferebant,
2996 2194 3248 2259 putantes
3274 2194 3591 2252 proavorum
3640 2180 3895 2233 virtutem

2303 2270 2597 2350 defensioni
2628 2288 2727 2343 sibi
2755 2298 2895 2347 esse,
2918 2282 2985 2334 ab
3005 2281 3122 2348 ipso
3146 2276 3298 2331 initio
3323 2271 3579 2336 ostendit,
3597 2270 3719 2325 hinc
3736 2270 3900 2323 mini-

2303 2403 2391 2442 mc
2409 2385 2629 2457 gloriam
2654 2376 2903 2445 aucupari
2927 2380 3176 2441 oportere
3196 2409 3213 2428 .
3253 2365 3347 2420 sed
3384 2364 3454 2419 de
3476 2364 3707 2434 pr0priis
3748 2372 3901 2417 recte

2303 2454 2473 2534 lactis.
2499 2475 2625 2529 Post
2644 2471 2758 2524 hare
2783 2465 2910 2521 illud
2934 2476 3147 2534 quoque
3169 2458 3296 2529 agit,
3328 2465 3388 2510 ut
3427 2454 3674 2509 ostendat
3703 2465 3901 2507 omnes

2304 2566 2536 2639 peccatis
2554 2560 2812 2618 obnoxios
2833 2555 3019 2617 fuisse,
3042 2552 3309 2618 etiamque
3332 2559 3559 2616 proavos
3579 2544 3740 2613 ipsos.
3758 2542 3894 2597 Nam

2305 2633 2417 2725 ipse
2440 2650 2762 2725 patriarcha,
2782 2647 2872 2715 qui
2892 2656 3085 2698 nomen
3105 2638 3294 2695 indidit
3309 2637 3478 2725 genti.
3495 2652 3599 2689 non
3624 2633 3897 2687 modicum

2306 2704 2668 2818 triperccatutn
2700 2704 2880 2807 lapsus
2908 2742 3155 2787 narratur
3178 2747 3192 2783 :
3214 2704 3491 2782 Statenim
3520 2725 3752 2779 Thamar
3778 2722 3903 2793 ejus

2308 2815 2710 2897 fornicationem
2738 2838 3033 2889 accusans;
3064 2821 3229 2877 David
3274 2833 3486 2890 quoque
3511 2832 3575 2873 ex
3599 2815 3902 2871 adulterata

2306 2930 2530 2986 nmliere
2548 2924 2887 2977 Salomonem
2907 2910 3161 2981 suscepit.
3179 2908 3236 2966 Si
3256 2922 3417 2978 porro
3436 2906 3525 2961 lex
3542 2921 3611 2960 ne
3629 2920 3659 2959 a
3684 2905 3901 2974 magnis

2311 3008 2525 3078 quidem
2542 3007 2647 3060 illis
2663 3003 2792 3058 viris
2808 3000 3023 3069 impleta
3050 2999 3153 3061 est,
3174 2997 3345 3052 multo
3361 2995 3537 3049 minus
3564 2993 3633 3047 ab
3656 2992 3865 3059 exiguis
3886 3006 3905 3051 ;

2314 3100 2555 3151 siautem
2583 3094 2796 3162 impleta
2822 3106 2928 3145 non
2958 3097 3063 3150 est,
3087 3101 3273 3142 omnes
3300 3089 3675 3153 peccaverunt,
3705 3094 3770 3134 ac
3796 3096 3903 3133 ne-

2316 3184 2582 3238 cessarius
2626 3182 2725 3235 l‘uit
2751 3178 2947 3233 Christi
2977 3177 3255 3231 adventus.
3286 3173 3573 3241 Propterea
3618 3168 3908 3223 duodecim

2318 3271 2642 3340 patriarchas
2688 3267 3157 3327 commemoravit,
3188 3263 3312 3317 inde
3356 3276 3565 3331 quoque
3589 3260 3910 3330 jactantiam

2317 3363 2460 3416 illam
2500 3362 2571 3417 de
2614 3358 3012 3429 progenitorum
3061 3354 3337 3438 nobilitate
3384 3351 3712 3422 deprimens.
3766 3348 3911 3404 Nam

2318 3453 2506 3507 hormn
2529 3450 2678 3505 multi
2706 3464 2772 3505 ex
2803 3445 3011 3501 ancillis
3042 3444 3153 3498 nati
3192 3451 3385 3497 erant:
3416 3452 3469 3495 et
3500 3449 3678 3494 tamen
3708 3453 3915 3509 paren-

2320 3553 2429 3595 tum
2457 3541 2545 3594 illa
2574 3530 2873 3593 differentia
2899 3532 3256 3589 differentiam
3290 3531 3429 3585 inter
3468 3529 3605 3583 lilios
3631 3544 3737 3582 non
3764 3528 3917 3583 intu—

2324 3632 2399 3684 lit.
2422 3628 2621 3684 Omnes
2640 3627 2781 3682 cnim
2812 3623 2966 3694 simul
2992 3628 3147 3678 erant
3174 3630 3228 3675 et
3247 3617 3566 3689 patriarcha:
3588 3626 3645 3671 et
3671 3618 3912 3672 tribuum

2326 3722 2612 3790 principes.
2646 3718 2734 3771 illa
2756 3716 2952 3785 quippe
2978 3721 3060 3767 est
3090 3710 3344 3766 Ecclesiae
3370 3707 3718 3777 praerogativa
3743 3724 3757 3760 :
3787 3706 3915 3763 hare

2320 3810 2457 3877 apud
2478 3822 2577 3863 nos
2597 3815 2681 3861 est
2706 3802 2993 3859 nobilitatis
3013 3800 3387 3871 dignitatisque
3412 3798 3571 3861 ratio,
3598 3796 3751 3865 cujus
3774 3795 3914 3851 oliui

2322 3899 2484 3967 ﬁgura
2513 3894 2800 3965 praecessit.
2830 3892 2906 3946 ita
2934 3893 3047 3945 sive
3075 3902 3291 3951 servus,
3333 3888 3447 3941 sive
3476 3886 3613 3940 liber
3640 3886 3746 3951 sis,
3769 3883 3916 3940 nihil

2325 3989 2442 4058 plus
2464 4029 2480 4054 ,
2511 3986 2639 4041 nihil
2665 3985 2839 4039 minus
2867 3981 3086 4043 habeas,
3115 3978 3210 4035 sed
3236 3993 3398 4032 unum
3440 3975 3686 4047 estquod
3705 3976 3915 4046 quatri-

2326 4088 2442 4141 tur,
2477 4076 2722 4129 voluntas
2746 4070 3015 4139 animique
3041 4082 3242 4123 viores.

2394 4168 2449 4224 3.
2487 4167 2588 4222 Cur
2612 4165 2747 4220 Zara
2775 4174 2822 4219 et
2849 4163 3048 4218 Phares
3091 4164 3145 4215 in
3182 4159 3473 4231 genealogia
3513 4159 3703 4213 Christi
3742 4160 3919 4215 nenti-

2327 4267 2529 4313 nantnr.
2553 4282 2620 4299 -——
2640 4257 2842 4312 Practer
2861 4268 2925 4309 ea
2943 4268 3065 4321 qua:
3093 4252 3232 4307 dicta
3260 4260 3419 4316 sunt,
3462 4250 3565 4304 alia
3604 4264 3765 4304 causa
3810 4249 3919 4306 fuit

2329 4350 2441 4403 haec
2482 4343 2932 4402 commemoraudi
2966 4360 2979 4396 :
3008 4354 3180 4412 neque
3222 4339 3364 4393 enim
3410 4341 3529 4394 sine
3580 4352 3740 4392 causa
3785 4350 3918 4407 post

2328 4438 2527 4494 Phares
2550 4437 2758 4491 additus
2782 4441 2866 4489 ess
2887 4441 2942 4487 et
2966 4432 3124 4485 Zara.
3172 4431 3302 4483 Erat
3339 4429 3482 4481 enim
3528 4426 3838 4482 redundans
3858 4440 3919 4485 et

2327 4529 2648 4599 superﬂuum
2691 4535 2813 4597 post.
2860 4528 3336 4579 commemoratum
3383 4517 3636 4580 Pharem,
3689 4532 3753 4571 ex
3797 4533 3918 4588 quo

2328 4621 2520 4675 Christi
2554 4621 2571 4651 ι
2596 4614 2902 4687 genealogis
2933 4614 3161 4671 ducitur.
3194 4610 3347 4664 lam:
3371 4608 3533 4663 etiam
3552 4606 3729 4661 facere
3754 4622 3919 4662 men-

2331 4714 2545 4765 tionem.
2568 4708 2673 4763 Cur
2697 4723 2825 4777 ergo
2850 4714 2897 4757 et
2925 4705 3065 4756 hunc
3096 4698 3444 4753 memoravit?
3469 4698 3602 4751 Cum
3632 4697 3729 4749 hos
3761 4702 3919 4765 pari-

2331 4812 2442 4855 tura
2477 4800 2703 4853 Thamar
2740 4806 2900 4858 esset,
2946 4792 3262 4846 adveniente
3308 4799 3482 4858 partu,
3528 4787 3662 4841 Zara
3706 4788 3919 4856 primus

2332 4906 2543 4943 manum
2572 4890 2747 4942 emisit
2774 4903 2804 4941 e
2834 4886 2985 4937 vulva
3018 4904 3030 4937 :
3063 4883 3163 4934 hoc
3192 4887 3479 4949 conspecto
3523 4878 3782 4931 obstetrix
3805 4919 3822 4942 ,
3855 4890 3922 4935 ut

2332 4981 2421 5035 ille
2451 4980 2595 5048 prior
2620 4983 2950 5034 nasceretur.
2979 4972 3224 5026 coccinea
3255 4969 3415 5022 fascia
3440 4981 3654 5019 manum
3693 4966 3813 5034 ejus
3842 4968 3917 5023 li-

2330 5070 2504 5140 gavit;
2530 5079 2588 5121 ut
2612 5082 2771 5136 porro
2802 5066 2956 5134 ligata
2986 5062 3100 5125 fuit,
3131 5060 3347 5114 retraxit
3374 5071 3506 5125 puer
3536 5070 3771 5119 manum,
3801 5072 3920 5126 quo

2331 5137 2471 5216 laeto
2495 5173 2739 5227 egressus
2770 5164 2850 5210 est
2877 5152 3097 5215 Phares,
3139 5159 3192 5203 et
3236 5158 3418 5216 postea
3446 5144 3601 5198 Zara.
3630 5143 3742 5198 [loc
3769 5159 3918 5199 con-

2331 5260 2516 5317 spccto
2544 5244 2798 5302 obstetrix
2824 5244 2897 5296 ait
2920 5260 2933 5297 :
2956 5240 3125 5307 Quare
3153 5246 3356 5307 prapter
3382 5245 3429 5288 tc
3467 5235 3631 5287 excisa
3663 5242 3738 5287 est
3767 5250 3921 5305 rapes

2313 5337 2483 5407 '(Cen.
2512 5338 2605 5398 58.
2624 5335 2755 5407 29)?
2780 5332 2962 5390 Viden’
2984 5327 3352 5401 mysteriorum
3375 5323 3692 5392 mttigmata?
3726 5322 3920 5394 Neque
