4140 6298
578 312 677 385 ἐς
1310 332 1367 387 s.
1406 331 1681 389 JOANNIS
1719 325 2183 387 οιιιιγεοετοιιι

2275 326 2539 383 RCHlEP.
2575 323 3104 384 CONSTANTINOP.
3789 316 3863 375 ιιι

605 426 813 479 ἐκείνου
842 422 1108 494 προῆλθεν
1136 423 1163 473 6
1188 420 1381 491 Φαρὲς,
1424 420 1516 473 καὶ
1556 421 1674 472 τότε
1714 421 1741 470 6
1772 417 1942 486 Ζαρά.
1984 412 2169 467 Ταῦτα

611 518 847 583 ίδοῦσαὴ
885 516 1020 585 μαῖά
1048 531 1213 584 φησι·
1255 514 1315 568 Τί
1346 513 1588 579 διεκόπη
1622 512 1720 567 διὰ
1759 510 1835 564 σὲ
1871 510 2171 578 φρατμός;

606 606 756 669 Εἶδες
798 605 1108 675 μυστηρίων
1151 604 1484 673 αἰνίγματας
1526 604 1598 655 Οὐ
1647 603 1756 669 γάρ
1784 600 1967 660 ἁπλῶς
2000 599 2171 652 ταῦτα

606 698 738 767 ἡμῖν
776 692 1187 762 αναγέγραπται
1208 706 1221 720 ⁸
1268 690 1389 743 οὐδέ
1431 689 1538 759 γὰρ
1575 688 1813 757 ίστορίας
1842 685 1987 749 ἀξιον
2016 679 2082 754 ἦν
2112 683 2173 734 τὸ

608 784 819 855 μαθεῖν,
868 785 918 835 τί
948 800 1075 835 ποτε
1110 781 1403 849 ἐφθέγξατο
1434 782 1466 848 ἡ
1502 796 1632 847 μαια
1654 795 1666 806 ·
1722 777 1839 828 οὐδέ
1876 776 2175 855 διηγήσεως

606 850 665 927 τὸ
700 874 931 943 γνῶναι,
968 876 1048 927 ὅτι
1076 873 1172 943 τὴν
1199 876 1355 943 χεῖρα
1388 874 1664 941 προήκατο
1695 869 1909 939 πρῶτος
1938 869 1965 919 6
1995 850 2176 919 δεύτε-
2214 932 2231 947 γι

607 982 698 1036 ρος
728 964 973 1029 ἐξελθών.
1024 962 1088 1017 Τί
1136 960 1225 1017 οὖν
1266 965 1383 1015 ἐστι
1423 963 1484 1013 τὸ
1518 962 1776 1029 αῖνιγμας
1813 957 2033 1028 Πρῶτον
2067 956 2174 1008 ἀπὸ

602 1054 700 1120 τῆς
736 1055 1101 1122 προσηγορίας
1137 1050 1227 1103 τοῦ
1265 1049 1476 1103 παιδίου
1514 1049 1854 1119 μανθάνομεν
1879 1047 1939 1098 τὸ
1983 1045 2174 1116 ζητού-

605 1160 763 1210 μενον
787 1158 800 1173 ·
853 1142 915 1194 τὸ
963 1141 1071 1211 γάρ
1110 1142 1285 1211 Φαρὲς
1322 1141 1580 1211 διαίρεσίς
1621 1141 1735 1191 ἐστι
1776 1138 1870 1190 καὶ
1915 1137 2169 1205 διακοπή.

605 1232 839 1284 Ἔπειτα
855 1232 951 1285 ἀπ’
970 1232 1135 1285 αὐτοῦ
1164 1232 1259 1285 τοῦ
1290 1225 1592 1301 συμδάντος
1616 1218 1639 1261 οη
1664 1229 1783 1281 οὐδὲ
1802 1228 1909 1297 γὰρ
1941 1228 2173 1297 φυσικῆς

603 1320 922 1383 ἀκολουθίας
946 1316 1035 1389 ἦν,
1064 1322 1161 1390 τὴν
1192 1323 1348 1389 χεῖρα
1374 1320 1668 1374 ἐκϐαλόντα
1702 1318 1975 1371 συστεῖλαι
2013 1316 2170 1370 πάλιν

602 1410 821 1463 δεθέντα
845 1428 859 1442 ⁸
906 1411 1026 1463 οὐδέ
1055 1410 1161 1481 γάρ
1192 1411 1450 1480 κινήσεως
1485 1406 1553 1479 ἦν
1578 1408 1801 1479 λογικῆς
1838 1408 2026 1470 ταῦτα,
2052 1407 2173 1460 οὐδὲ

605 1502 709 1555 ἀπὸ
740 1502 976 1571 φυσικῆς
995 1502 1214 1569 γέγονεν
1240 1501 1577 1563 ἀκολουθίας.
1606 1500 2054 1571 Προεκπεσούσης
2077 1499 2173 1569 μὲν

604 1592 709 1662 γὰρ
741 1593 838 1661 τῆς
862 1593 1060 1662 χειρὸς,
1109 1592 1291 1663 ἕτερον
1331 1591 1690 1661 προεξελθεῖν,
1738 1591 1868 1653 ἴσως
1909 1591 2171 1659 φυσικόν*

604 1686 665 1735 τὸ
699 1683 753 1735 δὲ
780 1683 1050 1736 συστεῖλαι
1090 1683 1311 1751 ταύτην,
1360 1682 1453 1733 καὶ
1488 1683 1659 1751 ἐτέρῳ
1697 1680 1879 1734 δοῦναι
1921 1680 2171 1751 πάροδον,

606 1776 785 1827 οὐκέτι
819 1774 959 1827 κατά
995 1774 1082 1826 τὸν
1114 1773 1223 1825 τῶν
1261 1773 1589 1842 τικτομένων
1631 1771 1793 1841 νόμον
1830 1767 1927 1839 ῆν·
1980 1767 2097 1823 ἀλλ’
2139 1771 2174 1841 η

608 1865 700 1918 τοῦ
727 1864 859 1918 Θεοῦ
906 1865 1061 1934 χάρις
1107 1863 1289 1933 παρῆν
1336 1865 1449 1925 τοῖς
1494 1862 1725 1924 παιδίοις
1766 1862 1936 1914 ταῦτα
1974 1863 2177 1914 οἰκονο-

612 1951 804 2021 μούσα,
842 1954 932 2005 καὶ
953 1952 1137 2005 εἰκόνα
1164 1954 1293 2021 ἡμῖν
1321 1968 1444 2003 τινα
1470 1951 1578 2004 τῶν
1614 1951 1915 2021 μελλόντων
1937 1950 2175 2019 ὑπογρά-

608 2058 778 2109 φουσα
808 2041 871 2093 δι’
905 2042 1101 2094 αὐτῶν.
1141 2041 1205 2092 Τί
1241 2036 1334 2095 οὖν
1378 2042 1456 2107 ⁸⁸;
1497 2042 1632 2093 Φασί
1670 2058 1812 2103 τινες
1856 2040 1964 2093 τῶν
2005 2040 2179 2093 ταῦτα

607 2132 848 2200 ἀκριϐῶς
891 2131 1250 2203 ἐξητακότων,
1300 2132 1382 2183 δτι
1414 2132 1522 2184 τῶν
1558 2132 1651 2184 δύο
1685 2130 1827 2184 λαῶν
1864 2130 2032 2193 τύπος
2060 2132 2177 2182 ἐστὶ

606 2222 777 2275 ταῦτα
803 2221 870 2287 τὰ
905 2221 1109 2274 παιδία.
1147 2218 1282 2273 Εἶτα
1322 2221 1409 2275 ἵνα
1460 2221 1633 2293 μάθῃς
1671 2223 1752 2274 ὅτι
1790 2221 1884 2273 τοῦ
1922 2222 2177 2289 δευτέρου

608 2312 734 2365 λαοῦ
770 2315 802 2382 ὴ
845 2311 1086 2363 πολιτεία
1122 2311 1497 2381 προεξέλαμψε
1540 2312 1637 2379 τῆς
1680 2312 1726 2342 ⁸⁸
1772 2310 1867 2364 τοῦ
1914 2310 2177 2381 προτέρου

610 2403 929 2471 γεννήσεως,
979 2400 1079 2468 τὴν
1120 2403 1278 2471 χεῖρα
1310 2398 1692 2469 ἐκτεινομένην
1730 2398 1852 2468 ἔχον
1880 2399 1939 2451 τὸ
1970 2398 2179 2451 παιδίον

608 2490 704 2557 οὐχ
730 2488 1017 2559 ὁλόκληρον
1045 2487 1205 2540 ἐαυτὸ
1248 2487 1530 2550 δείκνυσιν,
1582 2485 1716 2539 ἀλλά
1750 2486 1841 2538 καὶ
1887 2486 2055 2554 αὐτὴν
2092 2501 2180 2537 συ-

611 2580 813 2632 στέλλει
863 2580 1057 2633 πάλιν·
1094 2578 1189 2631 καὶ
1238 2577 1373 2647 μετά
1412 2577 1472 2629 τὸ
1516 2576 1803 2645 ὀλόκληρον
1834 2575 2177 2645 ἐξολισθῆσαι

610 2671 698 2721 τὸν
722 2669 968 2737 ἀδελφὸν,
1010 2669 1131 2721 τότε
1160 2670 1255 2720 καὶ
1301 2668 1461 2731 αὐτὸς
1499 2666 1617 2730 ὅλος
1668 2668 1949 2735 φαίνεται·
2006 2668 2033 2720 ὃ
2088 2667 2180 2721 καὶ

610 2760 700 2811 ἐπὶ
724 2758 832 2810 τῶν
854 2758 997 2811 λαῶν
1024 2758 1344 2827 ἀμφοτέρων
1371 2757 1578 2825 γέγονε.
1608 2758 1719 2827 Τῆς
1749 2757 1866 2829 ['58]
1896 2757 2002 2828 γάρ
2030 2757 2179 2810 πολι-

608 2850 756 2909 τείας
789 2848 886 2913 τῆς
926 2847 1378 2917 ἐκκλησιαστικῆς
1414 2850 1471 2901 ἐν
1496 2852 1607 2911 τοῖς
1646 2849 1787 2902 κατὰ
1811 2850 1900 2901 τὸν
1934 2848 2181 2919 Ἀϐραὰμ

610 2938 815 3007 χρόνοις
862 2938 1138 3006 φανείσης,
1194 2933 1311 2989 εἶτα
1368 2939 1425 2988 ἐν
1474 2937 1551 3007 τῷ
1600 2940 1751 3009 μέσῳ
1808 2940 2177 3009 συσταλείσης,

606 3025 768 3097 ἦλθεν
799 3028 827 3078 6
867 3027 1150 3089 Ἰουδαϊκὸς
1191 3026 1317 3089 λαὸς
1360 3028 1453 3079 καὶ
1498 3031 1528 3097 ἡ
1564 3030 1761 3098 νομικὴ
1790 3031 2045 3090 πολιτεία,
2084 3028 2178 3080 καὶ

607 3116 728 3169 τότε
760 3114 1047 3185 ὁλόκληρος
1083 3117 1111 3167 6
1149 3113 1265 3177 νέος
1305 3114 1474 3185 ἐφάνη
1517 3114 1642 3179 λαὸς
1695 3117 1831 3186 μετά
1864 3116 1970 3169 τῶν
2012 3113 2178 3169 αὐτοῦ

614 3204 814 3273 νόμων.
853 3201 942 3254 Διὸ
986 3201 1080 3252 καὶ
1112 3202 1146 3269 ἠ
1180 3202 1314 3269 μαῖά
1346 3218 1507 3270 φησιν
1527 3220 1539 3232 ·
1596 3205 1656 3255 Τί
1705 3205 1949 3270 διεκόπη
1978 3204 2075 3256 διὰ
2106 3204 2181 3255 σὲ

616 3295 920 3363 φραγμός;
954 3292 1075 3344 Ὅτι
1116 3291 1214 3360 τῆς
1243 3292 1514 3355 πολιτείας
1541 3293 1637 3363 τὴν
1667 3293 1975 3363 ἐλευθερίαν
2001 3296 2183 3346 ἐπεισ-

618 3384 784 3439 ελθὼν
815 3386 843 3437 6
880 3384 1040 3454 νόμος
1089 3382 1321 3450 διέκοψε.
1361 3383 1470 3436 Καὶ
1509 3385 1615 3453 γὰρ
1668 3385 1919 3453 φραγμὸν
1960 3386 2047 3437 ἀεὶ
2090 3385 2182 3437 τὸν

619 3474 832 3545 νόμονή
862 3475 901 3526 Γ
908 3473 1051 3543 ραφὴ
1092 3472 1270 3525 καλεῖν
1305 3473 1512 3526 είωθεν’
1548 3473 1737 3544 ὥσπερ
1777 3475 1869 3527 καὶ
1902 3477 1928 3527 6
1967 3476 2179 3545 σιτροφή⁴

620 3585 719 3637 της
763 3568 805 3600 ³⁷
852 3567 1021 3637 φησί·
1060 3565 1339 3631 Καθεῖλες
1384 3567 1491 3620 τὸν
1538 3566 1808 3636 φραγμὸν
1850 3565 2057 3632 αὐτῆς,
2093 3565 2190 3619 καὶ

622 3658 918 3727 τρυγῶσιν
947 3655 1141 3723 αὐτὴν
1164 3654 1385 3719 πάντες
1408 3659 1462 3708 οί
1501 3658 2043 3724 παραπορευόμενοι
2079 3656 2192 3720 τὴν

625 3751 786 3805 ὀδύνη
838 3748 952 3811 καὶ,
988 3745 1262 3813 Φρατμὸν
1305 3744 1458 3813 αὐτῇ
1497 3745 1832 3813 περιέθηκα·
1875 3748 1965 3798 καὶ
1993 3749 2020 3798 6
2051 3746 2194 3799 Παῦ-

630 3842 739 3904 λος,
777 3840 884 3893 Καὶ
911 3837 973 3889 τὸ
999 3830 1359 3904 μεσότοιχον
1394 3837 1500 3889 τοῦ
1528 3836 1799 3904 φραγμοῦ
1834 3837 2051 3899 λύσας.

691 3927 753 3980 δ’.
791 3926 973 3977 Ἀλλοι
1006 3924 1061 3975 δὲ
1102 3922 1180 3987 τὸ,
1222 3924 1280 3975 Τί
1296 3922 1541 3987 διεκόπη
1565 3907 1661 3975 διὰ
1680 3923 1753 3975 σὲ
1777 3924 2074 3990 φραγμός;
2102 3922 2191 3974 ἐπὶ

623 4016 714 4069 τοῦ
748 4017 864 4067 νέου
889 4016 1048 4081 φασὶν
1068 4012 1485 4082 εἰρῆσθαιλαοῦ’
1526 4006 1677 4072 οὗτος
1706 4012 1813 4080 γὰρ
1848 4012 2217 4079 παραγενόμε-

626 4125 712 4170 νος
736 4108 825 4158 τὸν
871 4107 1030 4175 νόμον
1064 4104 1374 4157 κατέλυσεν.
1429 4098 1589 4173 Ὁρᾷς
1623 4102 1697 4165 ὡς
1728 4103 1826 4155 οὐκ
1855 4102 2049 4169 ὀλίγων
2076 4103 2195 4154 οὐδέ

630 4197 837 4268 μικρῶν
881 4197 1065 4248 ἕνεκεν
1118 4192 1487 4263 ἐμνημόνευσε
1542 4194 1639 4261 τῆς
1687 4194 1826 4245 κατὰ
1865 4194 1957 4245 τὸν
2001 4194 2193 4246 Ἰούδαν

626 4288 861 4357 ἱστορίας
916 4286 1159 4351 ἀπάσης;
1202 4283 1299 4334 Διά
1338 4283 1493 4335 τοῦτο
1532 4284 1621 4334 καὶ
1654 4283 1752 4352 τῆς
1798 4282 1952 4334 Ῥοὺθ
1983 4284 2073 4335 καὶ
2100 4284 2195 4353 τῆς

635 4378 803 4431 Ῥαάὀ
834 4379 877 4408 ³⁸
909 4375 1194 4445 μέμνηται,
1224 4374 1324 4442 τῆς
1356 4372 1453 4443 μὲν
1493 4373 1807 4439 ἀλλοφύλου,
1846 4373 1944 4442 τῆς
1977 4373 2033 4425 δὲ
2065 4373 2189 4443 πόρ-

627 4487 743 4540 νης,
792 4470 878 4522 ῖνα
916 4468 1091 4539 μάθῃς
1130 4469 1213 4519 ὃτι
1255 4467 1429 4518 πάντα
1469 4460 1597 4534 ἦλθε
1639 4466 1704 4516 τὰ
1744 4465 1886 4517 κακὰ
1924 4464 2100 4518 λύσων
2128 4468 2193 4517 τὰ

626 4563 883 4631 ἡμέτερα,
938 4561 1024 4622 Ὠς
1070 4559 1177 4628 γάρ
1228 4557 1429 4626 ίατρὸς,
1460 4556 1557 4625 οὐχ
1613 4557 1687 4618 ὡς
1730 4556 1986 4625 δικαστὴς
2016 4576 2184 4627 παρα·

626 4653 867 4720 γέγονεν,
909 4653 1119 4721 ’Ὥσπερ
1147 4646 1238 4702 οὖν
1274 4650 1472 4718 πόρνας
1508 4647 1696 4699 ἔλαϐον
1740 4651 2004 4714 γυναῖκας
2030 4644 2193 4710 οὗτοι,

626 4742 767 4797 οὕτω
789 4744 879 4795 καὶ
902 4744 933 4795 6
963 4742 1093 4803 Θεὸς
1118 4741 1212 4809 τὴν
1248 4739 1405 4807 φύσιν
1436 4738 1530 4806 τὴν
1558 4739 1995 4809 ἐκπορνεύσασαν
2024 4740 2195 4809 ἡρμό-

630 4849 758 4885 σατο
782 4832 957 4900 ἐαυτῷ
982 4847 995 4861 ο
1031 4831 1059 4881 ὃ
1100 4830 1191 4881 καὶ
1222 4830 1265 4861 ³⁸
1293 4828 1566 4897 προφῆται
1606 4828 1807 4881 ἀνωθεν
1844 4830 2196 4899 προλέγουσιν

629 4925 717 4976 ἐπὶ
742 4923 841 4991 τῆς
863 4924 1177 4991 συναγωγῆς
1196 4922 1490 4988 γεγονέναι.
1531 4919 1665 4971 Ἀλλ’
1690 4920 1870 4989 ἐκείνη
1896 4921 1993 4988 μὲν
2025 4919 2197 4987 ἀγνώ-

633 5032 744 5083 μων
772 5014 1056 5082 γεγένηται
1091 5012 1215 5080 περὶ
1247 5014 1335 5065 τὸν
1373 5014 1762 5081 συνοικήσαντα
1787 5029 1799 5043 ⁸
1830 5015 1861 5082 ή
1891 5000 2198 5082 δὲ’Ἑκκλη-

632 5107 719 5158 σία
756 5106 897 5170 ἅπαξ
928 5103 1296 5172 ἀπαλλαγεῖσα
1319 5104 1425 5157 τῶν
1450 5103 1717 5173 πατρῴων
1748 5106 1952 5169 κακῶν,
1984 5106 2197 5175 ἔμεινεν

629 5195 980 5265 ἀσπαζομένη
1013 5196 1100 5247 τὸν
1124 5194 1369 5264 νυμφίον.
1398 5195 1537 5266 Ὅρα
1567 5196 1695 5262 γοῦν
1733 5196 1825 5248 καὶ
1864 5198 1930 5249 τά
1968 5197 2059 5247 ἐπὶ
2102 5196 2197 5263 τῆς

642 5289 796 5340 Ῥοὺθ
837 5288 1100 5357 γενόμενα
1144 5289 1356 5340 ἐοικότι
1396 5292 1505 5351 τοῖς
1551 5286 1855 5357 ἡμετέροις.
1904 5287 2048 5355 Αὕτη
2090 5286 2195 5355 γάρ

633 5379 921 5447 ἀλλόφυλὸς
950 5396 1008 5431 τε
1033 5375 1121 5449 ἦν,
1146 5381 1237 5431 καὶ
1262 5380 1340 5441 είς
1362 5381 1596 5451 ἐσχάτην
1632 5379 1935 5449 κατηνέχθη
1972 5379 2159 5431 πενίαν
2175 5396 2189 5411 ⁵

632 5471 742 5521 ἀλλ’
778 5470 923 5539 ὅμως
963 5467 1084 5522 ίδὼν
1116 5469 1328 5542 αὐτὴνδ
1362 5470 1513 5535 Βοὸζ,
1549 5468 1671 5523 οὔτε
1700 5470 1798 5539 τῆς
1842 5470 2027 5533 πενίας
2067 5488 2195 5522 κατ-

2271 408 2587 479 εφρόνησεν,
2614 405 2737 459 οὐτε
2776 404 2874 475 τὴν
2908 405 3222 473 δυσγένειαν
3268 400 3617 465 ἐσδελύξατοο
3660 398 3847 469 ὥσπερ

2270 498 2365 554 οὖν
2411 500 2507 553 καὶ
2547 500 2578 551 6
2611 496 2845 570 Χριστὸς
2890 496 2989 566 τὴν
3041 494 3364 564 Ἐκκλησίαν
3402 493 3711 563 δεξάμενος,
3754 491 3851 544 καὶ

2272 586 2567 656 ἀλλόφυλον
2600 587 2691 641 καὶ⁵
2716 588 2773 638 ἐν
2801 586 2961 654 πενία
2990 583 3179 652 πολλῇ,
3211 582 3319 635 τῶν
3351 583 3604 651 μεγάλων
3628 579 3851 647 ἀγαθῶν

2271 679 2462 733 ἐλαϐεν
2519 678 2689 747 αὐτὴν
2742 676 3013 729 κοινωνόν.
3074 673 3213 727 Ἀλλ’
3253 673 3442 741 ὥσπερ
3476 673 3636 743 αὐτη,
3685 674 3733 724 εί
3774 669 3851 741 μὴ

2272 769 2533 839 πρότερον
2579 769 2757 837 ἀφῆκε
2794 766 3023 835 πατέρα,
3073 766 3168 819 καὶ
3207 764 3477 835 ἠτίμασεν
3515 765 3691 817 οἰκίαν
3735 759 3849 832 [39]

2272 858 2364 912 καὶ
2391 854 2546 924 γένος
2580 858 2672 909 καὶ⁸
2693 856 2927 925 πατρίδα
2958 855 3052 909 καὶ
3074 856 3376 921 συγγενεῖς,
3401 853 3499 906 οὐκ
3523 853 3589 905 ἂν
3618 850 3852 919 ἐπέτυχε

2270 947 2367 1016 τῆς
2392 942 2702 1013 ἀγχιστείας
2735 942 2959 1011 ταύτης·
2986 942 3128 996 οὕτω
3150 943 3237 996 καὶ
3262 946 3293 1011 ἡ
3330 942 3626 1012 Ἐκκλησία
3646 940 3713 995 τά
3742 955 3851 993 πα-

2269 1034 2419 1107 τρῷα
2446 1034 2541 1105 ἔθη
2573 1032 2969 1097 καταλιποῦσα,
3005 1033 3127 1085 τότε
3169 1033 3473 1101 ἐπέραστος
3513 1031 3730 1099 ἐγένετο
3769 1028 3854 1099 τῷ

2272 1126 2508 1197 νυμφίῳ.
2536 1125 2713 1195 Ὅπερ
2756 1120 2848 1177 οὖν
2882 1125 2977 1177 καὶ⁵
3018 1125 3048 1177 6
3098 1122 3381 1193 προφήτης
3432 1120 3573 1190 αὐτῇ
3606 1116 3855 1187 διαλεγό-

2273 1217 2432 1286 μενός
2466 1232 2661 1285 φησιν·
2719 1213 3038 1268 Ἑπιλάθου
3074 1212 3181 1267 τοῦ
3226 1210 3381 1267 λαοῦ
3424 1226 3541 1263 σου
3593 1208 3692 1261 καί
3743 1207 3855 1261 τοῦ

2274 1306 2446 1361 οικου
2474 1306 2580 1359 τοῦ
2609 1306 2829 1373 πατρός
2849 1319 2985 1365 σου.
3005 1302 3102 1356 καὶ
3131 1298 3482 1367 ἐπιθυμήσει
3505 1295 3852 1362 ἀβασιλεὺς

2272 1397 2381 1451 τοῦ
2408 1396 2675 1461 κάλλους
2706 1411 2841 1448 σου.
2882 1392 3051 1445 Τοῦτο
3076 1392 3169 1443 καὶ
3197 1392 3230 1459 η
3269 1387 3425 1440 Ῥοὺθ
3462 1388 3703 1456 ἐποίησε.
3747 1387 3851 1439 Διά

2274 1486 2433 1539 τοῦτο
2462 1486 2556 1537 καὶ
2588 1486 2789 1557 μήτηρ.
2812 1480 3027 1549 ἐγένετο
3069 1476 3353 1547 βασιλέων,
3391 1473 3578 1544 ὥσπερ
3622 1472 3714 1528 οὖν
3750 1476 3852 1528 καὶ

2275 1578 2309 1647 ἠ
2353 1566 2647 1646 Ἐκκλησία
2670 1590 2685 1606 ο
2712 1574 2811 1627 καὶ
2842 1572 2952 1642 γάρ
2979 1573 3043 1623 ἐκ
3064 1569 3265 1637 ταύτης
3297 1568 3441 1620 ἐστὶν
3468 1570 3497 1620 6
3527 1566 3708 1621 Δαυῖδ.
3748 1565 3851 1619 Διά

2272 1666 2335 1735 δὴ
2365 1666 2567 1718 τούτων
2593 1663 2817 1717 πάντων,
2844 1662 3118 1729 ἐντρέπων
3148 1657 3363 1719 αὐτοὺς,
3402 1654 3495 1709 καὶ
3528 1654 3729 1707 πείθων
3770 1654 3850 1724 μὴ

2277 1751 2420 1820 μέγα
2462 1752 2698 1819 φρονεῖν,
2725 1750 2822 1818 τήν
2847 1765 2905 1800 τε
2934 1745 3281 1815 γενεαλογίαν
3309 1744 3593 1813 συνέθηκε,
3628 1743 3719 1796 καὶ
3748 1742 3853 1805 τὰς

2274 1841 2535 1907 γυναῖκας
2568 1838 2771 1902 ταύτας
2796 1840 2874 1900 είς
2908 1838 3071 1906 μέσον
3096 1838 3289 1907 ῆγαγε.
3319 1836 3428 1889 Καὶ
3450 1836 3557 1905 γὰρ
3575 1835 3666 1888 τὸν
3696 1835 3855 1903 βασι-

2275 1931 2369 1984 λέα
2404 1931 2494 1983 τὸν
2530 1930 2704 1999 μέγαν
2730 1928 2873 1998 αὕτη
2914 1926 3001 1981 διὰ
3036 1927 3143 1980 τῶν
3193 1927 3373 1995 μέσων
3407 1926 3695 1995 ὲγέννησε’
3752 1924 3854 1977 καὶ

2274 2024 2372 2077 οὐκ
2399 2021 2710 2091 αίσχύνεται
2734 2022 2761 2073 6
2785 2019 2946 2071 Δαυτδ
2982 2020 3072 2071 ἐπὶ
3103 2019 3327 2081 τούτοις.

2345 2112 2419 2166 Οὐ
2448 2111 2555 2181 γὰρ
2588 2110 2754 2171 ἔστιν,
2784 2112 2884 2161 οὐκ
2915 2108 3061 2160 ἐστιν
3094 2106 3218 2159 οὔτε
3240 2105 3299 2171 ἐξ
3327 2106 3546 2176 ἀρετῆς,
3579 2103 3701 2156 οὐτε
3740 2105 3855 2159 ἀπὸ

2276 2206 2472 2266 κακίας
2496 2203 2773 2273 προγόνων
2798 2196 2935 2252 εἶναι
2971 2199 3273 2260 σπουδαῖον,
3312 2197 3348 2266 ἢ
3376 2196 3598 2265 φαῦλον,
3712 2197 3855 2265 ἄση-

2282 2311 2403 2365 μον,
2430 2295 2463 2363 ἢ
2492 2292 2740 2362 λαμπρόν
2761 2307 2775 2321 ’
2804 2290 2919 2343 ἀλλ’
2943 2292 2990 2342 εί
3015 2290 3118 2360 χρή
3136 2306 3189 2340 τι
3218 2289 3311 2341 καὶ
3333 2288 3856 2357 παράὼξονιείπεῖν,

2278 2386 2482 2447 ἐκεῖνος
2524 2382 2791 2452 ἐκλάμπει
2820 2383 2866 2413 ⁸⁸
2912 2381 3189 2451 μειζόνως,
3230 2380 3258 2431 6
3291 2378 3365 2448 μὴ
3396 2378 3503 2430 τῶν
3546 2376 3857 2430 σπουδαίων

2280 2475 2557 2545 προγόνων
2586 2472 2682 2536 ὢν,
2699 2473 2986 2542 γενόμενος
3015 2471 3071 2524 δὲ
3093 2468 3315 2537 ἀγαθός.
3358 2468 3402 2500 δι
3445 2468 3645 2537 Μηδεὶς
3672 2468 3857 2519 τοίνυν

2252 2565 2367 2617 ἐπὶ
2395 2563 2601 2626 τούτοις
2624 2563 2765 2632 μέγα
2797 2562 3080 2633 φρονείτω·
3110 2559 3500 2629 ἀλλ’ἐννοήσας
3527 2560 3620 2611 τοῦ
3651 2560 3858 2611 Δεσπὸ-

2273 2672 2365 2707 του
2398 2656 2525 2717 τούς
2570 2654 2885 2724 προγόνους,
2927 2652 2989 2705 τὸ
3023 2652 3249 2721 φύσημα
3278 2650 3423 2704 ἅπαν
3462 2650 3718 2710 κενούτω,
3756 2650 3858 2702 καὶ

2277 2742 2369 2797 ἐπὶ
2400 2740 2785 2811 κατορθώμασι
2832 2740 2973 2810 μέγα
3020 2737 3322 2809 φρονείτω*
3373 2736 3571 2806 μᾶλλον
3607 2736 3664 2788 δὲ
3716 2736 3856 2806 μηδέ

2277 2836 2369 2888 ἐπὶ
2395 2834 2621 2897 τούτοις.
2649 2831 2805 2885 Οὕτω
2837 2832 2944 2900 γὰρ
2983 2831 3075 2883 καὶ
3105 2833 3133 2883 6
3159 2832 3448 2900 Φαρισαῖος
3486 2828 3579 2881 τοῦ
3621 2826 3855 2879 τελώνου

2277 2924 2496 2993 γέγονεν
2555 2921 2797 2992 ὕστερος.
2860 2920 2921 2973 Εί
2965 2920 3073 2988 γάρ
3119 2918 3295 2989 βούλει
3341 2918 3509 2983 δεῖξαι
3576 2916 3716 2985 μέγα
3787 2915 3857 2967 τὸ

2276 3015 2625 3083 κατόρθωμα,
2658 3013 2733 3079 μὴ
2767 3010 2910 3078 μέγα
2944 3010 3148 3079 φρόνει,
3182 3011 3275 3061 καὶ
3310 3008 3433 3061 τότε
3481 3008 3662 3073 μεῖζον
3694 3006 3860 3059 τοῦτο

2276 3103 2584 3171 ἀπέφηναςσ
2633 3099 2705 3170 μὴ
2741 3099 2967 3170 νομίσῃς
2997 3115 3049 3150 τι
3086 3099 3463 3167 πεποιηκέναι,
3523 3097 3618 3150 καὶ
3655 3096 3715 3149 τὸ
3744 3097 3858 3148 πᾶν

2277 3194 2535 3265 εἰργάσω.
2568 3192 2630 3244 Et
2668 3190 2776 3260 γάρ
2803 3192 2927 3243 ὅταν
2958 3190 3271 3259 ἁμαρτωλοί
3311 3183 3482 3258 ὦμεν,
3522 3188 3587 3241 ἂν
3618 3186 3858 3255 νομίσω-

2282 3300 2380 3351 μεν
2413 3282 2567 3335 τοῦτο
2595 3277 2729 3333 εἶναι
2763 3283 2898 3349 ὅπερ
2927 3281 3111 3349 ἐσμὲν,
3132 3280 3330 3332 δίκαιοι
3351 3278 3633 3346 γινόμεθα,
3664 3277 3860 3347 ὥσπερ

2278 3370 2369 3425 οὖν
2396 3374 2490 3426 καὶ
2520 3374 2547 3425 6
2580 3370 2815 3439 τελώνης
2838 3387 2851 3401 ·
2895 3372 3046 3440 πόσῳ
3094 3370 3295 3439 μᾶλλον
3332 3370 3457 3422 ὅταν
3487 3368 3679 3420 δίκαιοι
3702 3368 3862 3427 δντες

2278 3463 2631 3533 ἁμαρτωλοὺς
2674 3463 2897 3524 ἑαυτοὺς
2952 3456 3093 3514 εἶναι
3134 3459 3477 3529 νομίζωμεν;
3539 3460 3600 3511 El
3638 3458 3744 3525 γάρ
3796 3456 3865 3522 ἐξ

2278 3553 2611 3625 ἁμαρτωλῶν
2651 3553 2885 3614 δικαίους
2927 3554 3069 3603 ποιεῖ
3123 3552 3183 3603 τὸ
3226 3552 3686 3619 ταπεινοφρονεῖν·
3732 3548 3861 3601 καί·

2276 3660 2423 3709 τοιγε
2454 3642 2571 3693 οὐδέ
2604 3640 3065 3709 ταπεινοφροσύνῃ
3100 3636 3169 3709 ῆν
3202 3639 3247 3670 ⁸³
3280 3640 3472 3699 έκεῖνο,
3508 3636 3621 3690 ἀλλ’
3648 3637 3860 3702 εὐγνω-

2284 3734 2512 3803 μοσύνη·
2547 3734 2592 3785 εί
2636 3729 2727 3784 οὖν
2758 3730 3143 3800 εὐγνωμοσύνη
3193 3730 3445 3782 τοσοῦτον
3484 3729 3707 3781 δύναται
3759 3726 3862 3780 ἐπὶ

2277 3820 2684 3892 ἀμαρτωλῶν,ἡ
2710 3818 3172 3889 ταπεινοφροσύνη
3212 3817 3481 3886 σκόπησον
3509 3818 3600 3867 ἐπὶ
3632 3816 3863 3869 δικαίων

2275 3914 2327 3967 τί
2358 3914 2457 3966 οὐκ
2493 3911 2607 3983 [40⁷1
2648 3912 2977 3980 ἐργάσεται;
3018 3912 3107 3981 Μὴ
3136 3909 3314 3961 τοίνυν
3354 3909 3570 3979 λυμήνῃ
3598 3909 3725 3970 τοὺς
3757 3910 3861 3961 πό-

2278 4022 2422 4067 νους,
2454 4004 2585 4072 μηδὲ
2616 4003 2862 4072 ὐποτέμῃ
2888 4002 2931 4031 ⁸⁸
2955 4001 3081 4063 τοὺς
3122 4000 3369 4071 ἱδρῶτας,
3414 3999 3545 4068 μηδέ
3576 3999 3697 4067 είκῆ
3730 3998 3863 4068 δρα-

2286 4112 2409 4165 μῃς,
2445 4093 2579 4162 μετά
2623 4095 2745 4153 τοὺς
2783 4094 3004 4162 μυρίους
3044 4092 3293 4154 διαύλους
3327 4092 3502 4144 πάντα
3551 4090 3721 4143 κενῶν
3767 4090 3862 4142 τὸν

2282 4191 2599 4248 πόνον..Κα⁸.
2627 4188 2733 4255 γὰρ
2768 4187 2861 4239 σοῦ
2910 4189 3104 4256 μᾶλλον
3138 4184 3245 4241 οἶδε
3284 4190 3350 4241 τά
3391 4187 3795 4257 κατορθώματα
3829 4186 3862 4239 ό

2284 4282 2555 4349 Δεσπότης
2578 4279 2648 4331 τὰ
2678 4280 2762 4331 σά.
2799 4279 2917 4330 Κᾶν
2949 4280 3203 4348 ποτήριον
3235 4278 3444 4349 ψυχροῦ
3496 4279 3538 4310 ⁸⁸
3584 4278 3709 4346 δῷς,
3738 4280 3863 4333 οὐδὲ

2286 4374 2439 4427 τοῦτο
2462 4371 2677 4440 παρορᾷ
2695 4387 2712 4417 .·
2758 4370 2860 4421 κᾶν
2891 4369 3073 4420 ὀϐολὸν
3103 4370 3431 4440 καταϐάλῃς.
3463 4369 3563 4421 κᾶν
3600 4369 3866 4440 στενάξῃς

2290 4465 2468 4533 μόνον,
2514 4461 2649 4531 μετὰ
2680 4459 2878 4528 πολλῆς
2908 4461 3085 4513 πάντα
3130 4460 3340 4529 δέχεται
3368 4462 3465 4529 τῆς
3494 4459 3726 4521 εὐνοίας,
3768 4462 3870 4513 καὶ

2291 4553 2580 4622 μέμνηται,
2629 4551 2723 4602 καὶ
2747 4548 3012 4617 μεγάλους
3039 4549 3221 4609 αὐτοῖς
3246 4549 3414 4618 ὁρίζει
3436 4548 3677 4617 μισθούς.
3706 4550 3871 4613 Τίνος

2250 4654 2255 4657 ·
2287 4643 2342 4693 δὲ
2368 4643 2551 4705 ἕνεκεν
2581 4638 2849 4702 ἐξετάζεις
2868 4637 2937 4689 τά
2967 4638 3053 4701 σὰ,
3090 4638 3182 4689 καὶ
3211 4638 3394 4707 φέρεις
3430 4640 3561 4706 ἡμῖν
3583 4640 3660 4698 είς
3699 4640 3872 4706 μέσον

2288 4730 2586 4800 διηνεκῶς;
2626 4728 2738 4779 Οὐκ
2767 4724 2911 4787 οἶδας
2949 4727 3029 4777 ὅτι
3060 4726 3153 4777 ἐὰν
3194 4726 3485 4794 ἐπαινέσῃς
3520 4729 3735 4785 σαυτὸν,
3775 4737 3875 4777 ου-

2292 4821 2407 4874 κέτι
2450 4835 2507 4869 σε
2540 4820 2567 4870 6
2600 4818 2728 4879 θεὸς
2776 4815 3154 4877 ἐπαινέσεται;
3202 4814 3389 4885 ὥσπερ
3428 4812 3519 4867 οὖν
3551 4815 3615 4867 ἂν
3649 4816 3875 4872 ταλανὶ-

2294 4928 2390 4981 σῃς
2437 4911 2504 4971 ⁵⁸,
2555 4909 2611 4959 οὐ
2647 4908 2909 4960 παύσεταί
2954 4924 3011 4957 σε
3048 4907 3197 4978 παρά
3234 4910 3397 4960 πᾶσιν
3436 4908 3874 4977 ἀνακηρύττων;

2294 5002 2426 5053 Οὐδέ
2458 4999 2563 5069 γὰρ
2602 4999 2846 5067 βούλεταί
2876 5015 2968 5049 σου
3003 4999 3126 5060 τοὺς
3156 4997 3346 5059 πόνους
3380 4997 3764 5067 ἐλαττωθῆναι.
3807 5001 3880 5053 Τί

2295 5092 2433 5158 λέγω
2459 5090 2849 5158 ἐλαττωθῆναι;
2894 5089 3075 5140 Πάντα
3119 5087 3218 5152 μὲν
3258 5083 3350 5138 οὖν
3388 5090 3532 5139 ποιεῖ
3584 5088 3679 5140 καὶ
3723 5105 3879 5157 πραο

2296 5180 2646 5251 γματεύεται,
2684 5180 2823 5232 ὥστε
2851 5179 2943 5231 καὶ
2965 5179 3071 5230 ἀπὸ
3098 5177 3309 5248 μικρῶν
3337 5194 3394 5229 σε
3427 5177 3766 5243 στεφανῶσαι
3804 5178 3879 5241 δ’,

2299 5274 2390 5325 καὶ
2423 5266 2655 5341 τῖερίεισι
2678 5270 2974 5337 προφάσεις
3002 5267 3177 5337 ζητῶν
3210 5267 3275 5317 δι’
3308 5260 3381 5319 ὧν
3414 5266 3614 5335 δυνήσῃ
3631 5264 3881 5317 ἀπαλλα-

2301 5361 2457 5430 γῆναι
2493 5361 2588 5429 τῆς
2623 5360 2861 5426 γεέννης.

2355 5458 2425 5504 ε’.
2440 5452 2533 5503 Διά
2548 5451 2703 5502 τοῦτο
2726 5451 2825 5501 κᾶν
2848 5447 3132 5517 ἑνδεκάτην
3146 5446 3295 5515 ῶραν
3309 5446 3513 5516 ἐργάσῃ
3524 5444 3621 5513 τῆς
3637 5444 3878 5514 ἡμέρας,

716 5590 761 5617 ³³
788 5588 848 5639 Τί
877 5584 990 5657 οὖν]
1015 5590 1122 5640 Καὶ
1153 5590 1257 5657 γάρ
1287 5587 1345 5639 Β.
1383 5588 1441 5641 Ε.
1472 5587 1512 5641 ’1-
1562 5588 1707 5640 εστιν
1738 5590 1912 5639 εἰπεῖν
1951 5590 2014 5640 Α.
2096 5588 2138 5617 ³⁸
2178 5586 2363 5655 προεξ.
2392 5586 2512 5655 τῆς]
2539 5584 2723 5657 προεξ.
2747 5585 2964 5657 @0515;
2996 5584 3055 5639 Ε.
3081 5588 3214 5653 διεξ.
3242 5587 3327 5640 διά
3356 5586 3454 5657 τῆς
3487 5586 3541 5639 Β.
3595 5588 3664 5657 ῌ³Ῐ
3690 5588 3875 5643 Addi-

646 5667 878 5708 tammna
914 5653 1074 5709 Δαυῖδ
1115 5653 1240 5726 post
1271 5657 1549 5726 προφήτης
1580 5669 1631 5710 et
1658 5660 1749 5708 καὶ
1780 5660 1807 5710 6
1840 5657 2067 5718 Ἡσαΐας
2112 5674 2183 5726 νος

2275 5658 2375 5709 ὀδόν
2407 5653 2604 5726 ιΙιιδιιιιι
2640 5656 2693 5726 ip
2744 5654 2802 5707 D.
2842 5653 2899 5707 Ρ.
2924 5653 3037 5711 Αιι.
3081 5659 3228 5709 Αιίιι.

2158 5726 2428 5805 ὀιλάμπει
2472 5725 2531 5776 υ.
2559 5722 2754 5805 θ’ἱιιιρ.
2796 5740 2919 5805 mp!
2962 5725 3283 5805 éxhtdﬁ
3316 5737 3369 5779 el
3406 5722 3689 5805 γινόμενος
3710 5726 3869 5805 μου.

1912 5794 1955 5825 ⁵³
1980 5791 2047 5864 ἦν
2076 5810 2183 5849 om.
2213 5791 2339 5848 Μυῒ.
2384 5796 2511 5847 lien.

646 5728 770 5778 δην.
806 5725 931 5778 non.
965 5726 1185 5780 codices
1212 5725 1427 5793 Θάμαρ.
1505 5727 1548 5757 ³⁸
1586 5726 1699 5795 καί]
1722 5727 1813 5778 καὶ
1842 5728 1889 5777 οί
1914 5726 2054 5795 Ειί-ιί.

646 5795 687 5865 τί
726 5797 1003 5865 ιιοιιςυΝ.
1041 5796 1172 5863 Περὶ
1214 5795 1708 5865 ταπεινοφροσύνης
1742 5800 1805 5847 Λ.

3335 5656 3377 5687 ³⁸
3412 5654 3605 5727 Ῥαάϐ]
3631 5654 3721 5709 Sic
3749 5661 3871 5727 Au.

2610 5795 2653 5867 ιι
2701 5793 2972 5863 ὑποτέμῃι
3003 5793 3206 5867 δὶομυ.
3242 5793 3297 5848 F.
3344 5793 3873 5867 ιιι-ιενίὺποςέμῃς.

646 5862 691 5895 ⁸⁸
728 5864 965 5935 ψυχροῠν
988 5868 1049 5920 Α.
1082 5862 1141 5919 0'.
1176 5865 1375 5933 ψυχρόν
1403 5862 1492 5920 Β(
1541 5865 1584 5898 ⁸⁸
1610 5863 1926 5937 ταλανίσῃς]
1959 5862 2096 5921 Αιω.
2137 5882 2183 5920 σε

2275 5865 2328 5917 όν
2365 5864 2498 5919 Edd.
2576 5863 2619 5895 "
2660 5862 3067 5936 στεφανωθῆναι
3098 5864 3232 5919 Edd.
