4140 6298
241 337 307 389 ³⁵
968 335 975 339 ’
1421 334 1489 393 IN
1539 334 1957 395 MATTIIASUM
2022 333 2256 392 HOIIL
2296 334 2377 389 III.
3206 379 3212 394 ,
3457 348 3527 404 50

238 453 376 507 enim
406 454 523 511 haec
550 456 670 510 sine
712 469 869 511 causa
895 457 1091 527 scripta
1132 456 1288 512 nobis
1328 456 1476 513 fuere
1505 474 1519 510 :
1548 472 1722 528 neque
1762 460 1827 513 ad

239 543 473 601 historia:
494 546 811 615 dignitatem
840 548 1143 619 pertinebat
1169 548 1431 614 ediscere,
1458 548 1584 617 quid
1603 547 1822 603 dixisset

235 636 541 692 obstetrix:
579 653 755 707 neque
786 638 1109 693 narrandum
1154 638 1433 693 videbatur
1479 653 1637 705 esse,
1686 639 1827 707 quod

235 741 447 789 manum
473 726 730 781 extulerit
751 728 953 797 primus
982 729 1025 781 is
1054 728 1141 796 qui
1168 727 1433 783 secundus
1458 742 1704 798 egressus
1723 739 1823 783 est.

232 817 518 883 Quodnam
535 817 695 888 igitur
715 818 815 872 hoc
840 818 1062 886 aenigma
1077 819 1197 872 est?
1225 819 1423 884 Primo,
1441 835 1506 874 ex
1534 820 1649 888 ipso
1676 820 1826 888 pueri

230 906 451 962 nomine
479 909 834 977 quaestionem
861 908 1122 963 solvimus
1148 928 1162 962 :
1188 908 1388 965 Phares
1418 925 1562 964 entm
1590 921 1671 965 est
1692 911 1825 966 divi-

230 999 311 1051 sio
338 1006 394 1053 et
409 1000 671 1054 concisio.
698 998 948 1054 Secundo
964 1013 1029 1054 ex
1055 1000 1167 1069 ipsa
1190 1015 1247 1055 re
1268 1008 1452 1070 gesta:
1484 1016 1656 1071 neque
1681 1004 1825 1055 enim

230 1104 293 1142 ex
348 1089 584 1147 naturali
641 1088 1019 1158 consequentia
1076 1099 1196 1143 erat
1236 1104 1356 1144 eum
1407 1090 1497 1159 qui
1545 1090 1827 1145 extulisset

230 1193 473 1243 manum,
516 1179 684 1246 ipsam
708 1186 890 1246 postea
921 1178 1197 1232 retrahere
1222 1178 1474 1247 ligatam;
1507 1193 1609 1233 nec
1648 1178 1701 1233 id
1743 1195 1825 1233 ra-

233 1271 360 1322 tioni
393 1270 481 1323 vel
510 1277 712 1323 naturae
758 1283 1055 1323 consonum
1086 1269 1316 1325 videtur.
1369 1270 1503 1324 Nam
1552 1272 1823 1340 prmmiSsa

230 1359 447 1429 quidem
467 1360 624 1414 unius
644 1374 826 1425 manu,
857 1360 1086 1413 alterum
1112 1359 1314 1429 egredi,
1339 1360 1389 1414 id
1417 1360 1554 1415 forte
1582 1363 1825 1417 naturale

232 1450 430 1516 fuerit;
461 1449 558 1505 sed
590 1457 817 1504 retracta
850 1464 1035 1517 manu,
1063 1450 1215 1503 alteri
1248 1450 1529 1504 transitum
1560 1451 1821 1518 praebere,

231 1544 283 1598 id
308 1560 417 1598 non
450 1543 510 1597 ﬁt
553 1558 620 1597 ex
664 1559 814 1596 inore
860 1543 1195 1596 nascentium
1223 1560 1235 1595 :
1268 1559 1454 1598 verum
1488 1544 1676 1599 aderat
1729 1545 1823 1599 Dei

229 1634 399 1703 gratia
428 1649 550 1702 qua:
583 1633 696 1687 haec
723 1633 867 1686 circa
897 1647 1093 1700 pueros
1118 1632 1455 1701 dispensaret
1476 1676 1490 1698 ,
1513 1642 1565 1688 et
1593 1650 1687 1703 per
1710 1636 1824 1691 haec

230 1727 533 1791 futurorum
556 1722 839 1792 quamdam
861 1723 1144 1790 imaginem
1167 1723 1533 1778 adumbraret.
1565 1726 1701 1792 Quid
1729 1726 1827 1795 igi-

234 1825 316 1869 tur
354 1815 510 1868 aiunt
552 1813 766 1881 quidam
816 1829 883 1867 ex
933 1812 1039 1867 illis
1084 1814 1174 1881 qui
1218 1815 1333 1869 bzcc
1373 1815 1824 1884 exploraveruut?

232 1906 407 1961 Hasce
460 1920 658 1975 pueros
727 1905 952 1958 duorum
1013 1918 1135 1960 esse
1195 1906 1513 1973 populorum
1580 1908 1820 1978 figuram.

233 1998 436 2052 Deinde
488 2008 548 2050 ut
594 1997 792 2062 discas,
841 1994 1063 2050 secundi
1094 1996 1274 2065 populi
1304 1997 1602 2051 institutum
1629 2000 1823 2067 prioris

230 2089 374 2145 ert-ii
400 2087 730 2156 praeluxisse,
764 2100 980 2139 manum
1007 2087 1301 2142 extendens
1326 2101 1457 2156 puer
1502 2105 1606 2143 non
1642 2105 1701 2145 se
1745 2100 1824 2143 to-

232 2193 340 2234 tum
371 2178 615 2241 exhibet,
648 2178 755 2231 imo
785 2178 927 2231 illam
957 2187 1141 2247 postea
1170 2178 1425 2242 retrahit,
1461 2188 1514 2234 et
1546 2190 1823 2250 postquam

232 2278 372 2323 totus
398 2270 567 2322 frater
593 2281 841 2336 egressus
860 2277 961 2331 est,
995 2274 1121 2321 tunc
1150 2277 1203 2322 et
1230 2270 1345 2337 ipse
1376 2278 1517 2322 totus
1553 2280 1775 2340 apparet
1809 2289 1821 2323 :

230 2362 283 2417 id
313 2360 460 2431 quod
496 2359 660 2415 etiam
691 2359 740 2411 in
783 2356 991 2412 duobus
1044 2357 1253 2427 populis
1294 2366 1503 2427 gestum
1557 2370 1657 2413 est.
1691 2351 1825 2434 Nam

229 2470 350 2511 cum
383 2452 804 2508 ecclesiasticum
834 2448 1134 2503 institutum
1167 2449 1218 2501 in
1250 2448 1439 2504 diebus
1475 2449 1702 2504 Abrahae
1726 2466 1825 2519 ap-

230 2546 521 2618 paruisset,
574 2541 873 2609 deindeque
923 2540 975 2593 in
1016 2540 1195 2593 medio
1248 2540 1821 2609 suppressumfuissct,

228 2639 374 2694 venit
399 2636 651 2693 Judaicus
675 2632 903 2703 populus
923 2640 976 2686 et
1001 2630 1299 2685 institutum
1330 2632 1497 2701 legale
1522 2673 1535 2694 ,
1565 2640 1618 2687 et
1640 2644 1822 2701 postea

230 2746 403 2787 novus
430 2731 521 2793 ille
549 2728 776 2799 populus
811 2741 932 2780 cum
964 2726 1165 2794 legibus
1192 2726 1321 2779 suis.
1354 2725 1579 2795 Ideoque
1614 2727 1687 2779 ait
1726 2726 1823 2799 ob:

231 2824 417 2879 stetrix
451 2840 464 2873 :
498 2794 600 2874 ϐάν
622 2794 797 2873 excisa
823 2825 895 2870 est
924 2825 1127 2887 prapter
1169 2825 1215 2869 te
1246 2833 1388 2884 sepes
1410 2816 1434 2869 Ρ
1454 2794 1573 2885 quia
1597 2794 1833 2869 instituti.

230 2914 531 2969 libertatem
560 2908 643 2962 lex
668 2907 1045 2976 superveniens
1070 2905 1341 2960 dissecuit.
1395 2905 1603 2960 Etenim
1649 2905 1820 2975 legem

231 2998 511 3069 Scriptura
538 3013 723 3067 sepem
751 3010 947 3050 vocare
983 2994 1150 3059 solet;
1182 2995 1319 3047 sicut
1350 2991 1515 3046 David
1564 2990 1827 3061 propheta

230 3090 381 3155 dicit,
419 3088 691 3144 Sustulisti
716 3103 879 3157 sepem
904 3086 1036 3150 eius.
1067 3094 1114 3138 et
1151 3085 1459 3137 vindemiant
1501 3098 1611 3136 eam
1662 3097 1835 3135 omnes

231 3182 317 3251 qui
334 3179 823 3251 pratergrediuntur
840 3178 973 3230 viam
992 3174 1164 3247 (Psal.
1197 3174 1290 3227 79»
1316 3173 1439 3241 l3);
1475 3182 1530 3225 et
1554 3172 1739 3233 Isaias,
1769 3168 1837 3225 Et

233 3290 403 3342 sepem
430 3271 770 3340 circomposui
789 3270 835 3322 ei
857 3266 1007 3338 (Isai.
1041 3268 1098 3325 5,
1118 3263 1206 3334 2);
1237 3266 1361 3317 item
1392 3263 1607 3324 Paulus,
1644 3261 1705 3313 Et
1728 3275 1833 3312 me-

234 3366 372 3417 dium
407 3363 653 3433 parietem
679 3359 916 3414 maceria
941 3356 1139 3410 solvens
1168 3352 1387 3424 (Ep/tes.
1419 3354 1478 3411 ‘2.
1506 3353 1619 3419 14).

298 3561 352 3614 Δ.
398 3559 502 3613 Alii
549 3556 703 3621 illud,
738 3556 841 3610 Cur
860 3555 1031 3609 excisa
1081 3562 1154 3606 est
1205 3560 1410 3620 propter
1451 3560 1498 3603 te
1545 3548 1734 3617 sepes?
1762 3546 1830 3602 de

233 3664 368 3703 novo
397 3648 593 3718 populo
622 3648 825 3702 dictum
850 3654 1054 3716 putant.
1085 3643 1179 3698 Hie
1205 3646 1402 3713 quippe
1431 3656 1550 3696 cum
1578 3640 1828 3695 advenis-

232 3748 331 3802 set,
359 3741 532 3809 legem
558 3737 859 3806 abrogavit.
892 3735 1053 3789 Vides
1079 3737 1251 3801 ipsum
1284 3748 1389 3787 non
1426 3732 1526 3786 levi
1567 3730 1635 3785 de
1666 3746 1828 3785 causa

233 3839 394 3884 totam
461 3829 973 3884 commemoravisse
1040 3826 1193 3880 Iuda:
1264 3823 1579 3878 historiam?
1627 3822 1831 3877 Idcirco

229 3923 391 3977 etiam
425 3922 568 3977 Ruth
594 3932 648 3976 et
676 3920 861 3975 Raliab
888 3920 904 3951 ¹
938 3919 1205 3982 meminit,
1247 3932 1470 3986 quarum
1503 3916 1670 3971 altera
1700 3900 1831 3971 alie-

235 4016 446 4084 nigena,
469 4015 637 4068 altera
666 4014 922 4067 meretrix
950 4022 1087 4075 erat,
1122 4019 1179 4063 ut
1215 4010 1487 4064 edisceres
1532 4009 1705 4077 ipsum
1736 4023 1831 4061 veo

237 4120 377 4159 nasse
399 4113 454 4158 ut
474 4105 609 4158 mala
629 4104 806 4157 omnia
827 4112 1008 4157 nostra
1040 4102 1292 4157 solveret.
1313 4100 1383 4156 Ut
1402 4099 1639 4155 medicus
1664 4099 1829 4165 enim,

236 4213 337 4250 non
366 4208 422 4250 ut
466 4196 627 4265 iudex
680 4196 846 4249 venit.
894 4192 1361 4260 Quemadmodum
1395 4192 1555 4260 igitur
1586 4190 1637 4243 hi
1672 4189 1834 4244 forni-

234 4288 403 4341 mrias
432 4287 633 4341 duxere
656 4286 923 4350 mulieres,
961 4288 1031 4339 ita
1059 4296 1112 4339 et
1138 4284 1282 4339 Deus
1311 4294 1557 4337 naturam
1587 4280 1829 4336 fornica-

238 4386 339 4433 tam
394 4379 667 4447 copulavit
715 4378 860 4432 sibi:
896 4378 947 4432 id
993 4379 1133 4447 quod
1183 4378 1313 4431 olim
1367 4376 1643 4445 prophetae
1691 4375 1831 4429 circa

233 4486 557 4543 synagogam
584 4471 785 4525 factum
824 4486 945 4525 esse
990 4471 1262 4525 dixerunt.
1320 4468 1428 4523 Sed
1478 4468 1565 4521 illa
1615 4466 1830 4534 quidem

233 4563 443 4632 coniugi
473 4577 571 4616 suo
602 4564 805 4631 ingrata
834 4561 954 4623 fuit,
987 4559 1231 4615 Ecclesia
1260 4573 1390 4613 vero
1409 4574 1438 4611 a
1465 4558 1651 4628 patriis
1676 4556 1833 4610 malis

235 4655 401 4709 semel
438 4654 685 4717 liberata,
717 4654 768 4708 in
801 4653 982 4721 sponsi
1015 4652 1264 4719 amplexu
1289 4652 1601 4720 permansit.
1636 4649 1825 4702 Anim-

234 4746 464 4799 adverte
483 4760 547 4799 ea
574 4760 693 4815 qua
722 4744 786 4798 ad
809 4743 952 4799 Ruth
980 4751 1224 4811 spectant
1248 4743 1445 4796 nostris
1472 4756 1594 4795 esse
1614 4740 1827 4794 similia.

235 4835 357 4891 Ilzec
377 4824 576 4905 quippe
603 4836 903 4905 alienigena
942 4844 1080 4897 erat,
1108 4843 1162 4888 et
1191 4833 1257 4887 ad
1298 4842 1591 4887 extremam
1634 4846 1831 4901 paupe-

232 4930 363 4984 riem
393 4928 621 4982 deducta
644 4914 934 4990 ;'attamen
958 4926 1147 4981 videns
1170 4924 1313 4979 illam
1337 4924 1500 4989 Booz,
1518 4938 1615 4978 nec
1634 4938 1834 4992 paupe-

234 5020 367 5074 riem
422 5019 709 5087 despexit,
747 5034 919 5087 neque
965 5016 1196 5086 ignobile
1241 5015 1565 5084 contempsit
1610 5030 1828 5084 genus:

232 5110 684 5181 quemadmodum
716 5118 770 5164 et
801 5110 1045 5163 Christus
1098 5118 1398 5176 susceptam
1428 5106 1746 5168 Ecclesiam,
1777 5117 1832 5161 et

233 5205 587 5274 alienigenam
615 5212 670 5257 ct
697 5217 1008 5271 magnorum
1039 5200 1261 5270 penuria
1284 5202 1546 5255 bonorum
1578 5200 1831 5254 laboran-

233 5306 364 5359 tem,
412 5296 465 5349 in
506 5304 813 5349 consortem
856 5293 1088 5354 admisit.
1121 5298 1196 5347 Ac
1239 5291 1685 5361 quemadmodum
1718 5292 1827 5358 illa,

235 5388 333 5443 nisi
356 5388 505 5447 prius
532 5395 740 5456 patrem
760 5384 1073 5453 dimisisset,
1091 5383 1309 5441 domum
1338 5384 1749 5453 contempsisset
1774 5393 1829 5438 et

297 5585 312 5615 ί
332 5583 402 5648 Δ1η
422 5581 591 5648 ator-el.
611 5589 745 5648 post,
776 5580 917 5641 Raab,
936 5582 1064 5634 male
1088 5582 1295 5643 additur,
1311 5592 1354 5635 et
1376 5584 1595 5644 Thamar,
1616 5586 1717 5648 ipsa
1738 5598 1820 5637 se-

234 5647 306 5695 rie
330 5644 516 5708 lapsum
541 5643 801 5693 iudicante.

1945 469 2114 523 genus
2142 464 2195 509 et
2227 456 2452 524 patriam
2474 464 2528 508 et
2558 466 2815 525 cognatos
2836 498 2851 523 ,
2885 472 3175 528 numquam
3204 455 3293 510 tali
3335 469 3544 510 connn~

1945 544 2035 599 bio
2055 546 2270 615 dignata
2295 546 2480 601 fuisset
2508 565 2520 599 ε
2552 549 2629 603 sic
2660 548 2898 603 Ecclesia
2951 551 3136 618 patriis
3166 548 3406 603 dimissis
3428 562 3548 601 mo-

1942 626 2113 707 ribus,
2149 646 2274 690 tunc
2300 636 2549 691 amabilis
2596 652 2799 708 sponso
2830 638 2947 692 fuit.
2979 639 3137 706 Quod
3181 648 3237 693 et
3280 637 3542 708 propheta

1943 734 2115 799 ipsam
2153 732 2435 799 alloquens
2455 731 2694 786 declarat
2718 750 2730 785 :
2752 731 3074 799 Oblivisceris
3100 733 3345 801 populum
3374 745 3542 794 tuum.

1938 832 1985 876 et
2005 822 2213 877 domum
2253 823 2413 891 patris
2438 822 2530 887 tui,
2561 833 2609 877 et
2656 824 2974 889 concupiscet
3018 839 3109 877 rex
3138 827 3368 878 decorem
3397 832 3545 878 tuum

1938 916 2112 985 (Psal.
2143 917 2351 971 44.11.
2392 916 2483 987 12)
2515 932 2529 947 ·
2565 914 2667 971 hoc
2708 924 2763 971 et
2811 916 2957 972 Ruth
3009 916 3135 971 fecit
3162 931 3177 969 :
3208 917 3329 971 ideo
3376 925 3550 971 mater

1936 1024 2121 1079 regum
2153 1008 2268 1074 fuit,
2294 1008 2745 1079 quemadmodum
2761 1017 2814 1062 et
2838 1008 3071 1063 Ecclesia
3099 1025 3111 1061 :
3137 1023 3205 1063 ex
3238 1008 3324 1062 illa
3347 1010 3550 1078 quippe

1937 1111 2088 1155 ortus
2116 1110 2201 1176 est
2229 1101 2421 1155 David.
2456 1102 2559 1156 I’er
2582 1100 2697 1156 haec
2740 1102 2903 1171 igitur
2952 1103 3130 1154 omnia
3182 1101 3385 1169 pudore
3426 1101 3548 1155 illos

1936 1191 2195 1257 afﬁciens,
2226 1193 2567 1263 suadensque
2595 1208 2661 1247 ne
2689 1193 2854 1247 altum
2878 1200 3148 1261 saperent,
3177 1192 3545 1261 genealogiam

1936 1287 2126 1349 texuit,
2152 1285 2513 1352 mulieresque
2536 1285 2667 1337 istas
2689 1284 2741 1337 in
2772 1284 3010 1338 medium
3042 1284 3283 1353 protulit.
3328 1284 3544 1337 Etenim

1936 1390 2188 1441 magnum
2213 1375 2297 1427 illa
2331 1392 2513 1444 regem
2545 1390 2638 1445 per
2670 1385 2893 1445 nepotes
2924 1377 3147 1447 genuit;
3182 1392 3355 1446 neque
3382 1391 3443 1430 ea
3480 1376 3547 1430 de

1936 1480 1993 1519 re
2023 1466 2292 1521 erubescit
2323 1466 2507 1521 David.

1995 1630 2238 1701 Nequitia
2266 1636 2533 1697 parentum
2560 1643 2661 1680 non
2688 1634 2833 1680 nocet
2866 1625 3078 1694 probis:
3104 1633 3375 1687 parentum
3404 1640 3530 1695 pro-

1921 1722 2049 1776 bitas
2096 1738 2198 1775 non
2235 1720 2437 1789 prodest
2465 1718 2727 1787 improbis.
2761 1746 2832 1757 —-
2859 1716 2975 1770 Non
3006 1726 3183 1785 potest
3224 1716 3390 1780 cnim,
3422 1732 3530 1771 non

1922 1823 2101 1882 potest
2123 1814 2308 1881 utique
2334 1810 2599 1880 quispiam
2631 1824 2694 1864 ex
2727 1810 2925 1863 virtute
2953 1818 3045 1863 aut
3066 1824 3129 1863 ex
3156 1809 3389 1878 nequitia
3420 1823 3533 1862 ma-

1918 1907 2095 1975 jorum
2140 1914 2231 1959 aut
2269 1904 2467 1972 probus
2504 1911 2597 1957 aut
2631 1902 2907 1972 improbus
2948 1916 3089 1965 esse,
3134 1908 3226 1954 aut
3265 1900 3533 1963 gloriosus

1924 2007 2015 2051 aut
2044 1997 2300 2066 inglorius
2331 2015 2343 2049 :
2376 2010 2563 2050 verum
2597 1996 2640 2050 si
2667 1994 2792 2063 quid
2832 1995 3024 2047 mirum
3069 1993 3213 2047 dictu
3248 1992 3531 2058 proferen-

1924 2090 2074 2154 dum,
2108 2088 2198 2142 ille
2241 2088 2429 2158 majori
2461 2088 2622 2157 fulget
2651 2085 2965 2155 splendore,
2990 2086 3077 2153 qui
3107 2101 3170 2138 ex
3216 2099 3320 2136 non
3351 2084 3533 2151 probis

1923 2179 2220 2248 majoribus
2259 2188 2431 2240 ortus,
2480 2177 2679 2245 probus
2724 2185 2902 2229 tamen
2950 2173 3172 2228 ellectus
3214 2182 3314 2227 est.
3362 2172 3533 2228 Nemo

1926 2269 2086 2337 igitur
2119 2268 2188 2322 de
2228 2269 2295 2323 iis
2336 2269 2503 2323 altum
2547 2268 2742 2335 sapiat,
2795 2265 2889 2321 sed
2938 2267 3292 2323 consideratis
3324 2268 3533 2323 Domini

1924 2348 2379 2429 progenitoribus,
2411 2367 2580 2413 totum
2621 2357 2838 2427 abjiciat
2869 2367 3156 2422 tumorem,
3191 2365 3247 2413 et
3290 2359 3357 2415 de
3400 2360 3532 2415 solis

1926 2451 2095 2518 probe
2144 2450 2310 2520 gestis
2353 2449 2659 2518 glorietur;
2697 2445 2806 2502 im'o
2845 2464 2946 2504 nec
2992 2450 3059 2505 de
3090 2450 3237 2523 illisa
3265 2451 3339 2505 Ita
3388 2452 3533 2507 cnim

1926 2542 2231 2599 Pharisams
2279 2542 2567 2611 publicano
2608 2530 2834 2597 inferior
2865 2542 2979 2597 fuit.
3021 2543 3075 2599 Si
3116 2536 3195 2599 vis
3233 2546 3376 2600 enim
3422 2561 3535 2600 ma-

1925 2648 2089 2704 gnum
2141 2642 2399 2701 prmstare
2446 2631 2672 2696 facinus,
2726 2646 2796 2686 ne
2841 2632 3007 2686 altum
3058 2634 3255 2702 sapias,
3306 2644 3361 2688 et
3410 2644 3537 2689 tunc

1928 2725 2100 2792 majus
2142 2722 2350 2779 facinus
2384 2723 2676 2778 exhibuisti
2711 2742 2722 2776 :
2754 2739 2820 2777 ne
2857 2733 3016 2792 putes
3059 2734 3110 2779 te
3140 2725 3413 2796 quidpiam
3456 2727 3536 2780 fe-

1926 2815 2087 2881 cisse,
2120 2824 2173 2871 et
2202 2825 2326 2869 tunc
2356 2824 2523 2869 totum
2551 2814 2744 2869 fecisti.
2773 2814 2827 2869 Si
2864 2816 3007 2870 enim
3037 2818 3253 2887 quando
3286 2829 3535 2887 peccato-

1928 2920 2016 2959 res
2050 2919 2255 2966 sumus,
2300 2920 2420 2959 cum
2465 2919 2564 2958 nos
2599 2919 2721 2959 esse
2767 2916 3021 2974 putamus
3054 2906 3104 2960 id
3147 2900 3288 2976 quod
3325 2923 3534 2973 sumus,

1926 2996 2053 3065 justi
2086 2995 2370 3060 efﬁcimur,
2406 3004 2463 3049 ut
2493 2994 2811 3064 publicanus
2838 2996 2966 3051 ille:
2992 3008 3193 3065 quanto
3216 3000 3384 3067 magis
3412 3014 3536 3053 cum

1926 3086 2067 3156 justi
2101 3101 2309 3151 sumus,
2343 3096 2397 3141 et
2429 3102 2525 3142 nos
2573 3099 2698 3142 esse
2726 3094 3039 3155 peccatores
3082 3088 3448 3142 arbitramur?
3479 3088 3539 3144 Si

1930 3177 2073 3230 enim
2104 3175 2378 3229 humiliter
2403 3191 2593 3243 sapere
2632 3191 2697 3229 ex
2741 3177 3116 3244 peccatoribus
3141 3177 3316 3245 justos
3351 3178 3538 3241 efﬁcit.

1931 3269 2141 3321 etiamsi
2178 3266 2305 3320 illud
2339 3282 2445 3319 non
2474 3281 2600 3320 vere
2625 3266 2901 3319 humilitas
2930 3268 3019 3329 sit,
3050 3268 3144 3323 sed
3174 3269 3316 3336 jnsta
3349 3270 3541 3323 existi-

1930 3360 2097 3412 matio
2118 3359 2134 3388 ι
2168 3374 2180 3410 :
2214 3357 2257 3411 si
2286 3356 2447 3425 igitur
2483 3355 2599 3410 hmo
2620 3356 2766 3426 justa
2798 3356 3127 3412 existimatio
3160 3366 3365 3414 tantum
3394 3362 3537 3414 valet

1870 3482 1873 3485 η
1936 3448 1991 3500 in
2013 3444 2404 3515 peccatoribus,
2437 3442 2562 3509 quid
2587 3458 2691 3494 non
2716 3450 2837 3509 aget
2866 3442 3140 3493 humilitas
3167 3444 3218 3494 in
3244 3443 3443 3509 justis?
3465 3441 3542 3495 Ne

1936 3537 2097 3605 igitur
2125 3534 2335 3589 labores
2363 3544 2480 3588 tuos
2509 3534 2817 3597 labefactes,
2846 3547 2979 3587 neve
3000 3532 3256 3588 sudorum
3289 3533 3541 3585 ineritnm

1938 3627 2173 3692 auferas,
2224 3642 2290 3681 ne
2334 3640 2472 3679 vane
2517 3639 2705 3678 curras
2740 3630 2859 3692 post
2909 3623 3053 3677 mille
3089 3623 3316 3676 decursa
3372 3620 3542 3674 stadia

1933 3730 2150 3771 omnem
2191 3715 2474 3770 ell'undens
2504 3715 2765 3767 laborem.
2811 3712 3068 3767 Dominus
3110 3712 3255 3767 enim
3303 3714 3460 3781 longe
3493 3721 3543 3765 te

1935 3807 2123 3860 melius
2164 3808 2309 3860 novit
2345 3819 2507 3874 opera
2558 3814 2666 3856 tua.
2710 3801 2765 3857 Si
2803 3802 2889 3857 vel
2928 3814 3109 3871 potum
3149 3817 3303 3870 aqua:
3334 3800 3543 3870 frigida:

1933 3898 2188 3963 dederis,
2223 3912 2291 3950 ne
2342 3896 2473 3950 illud
2518 3893 2735 3964 quidem
2788 3893 3135 3962 deSpicitzsi
3190 3893 3273 3946 vel
3323 3892 3539 3946 obolum

1934 3988 2269 4057 profuderis,
2316 3986 2362 4038 si
2406 3987 2734 4053 ingemueris
2782 3994 3019 4049 tantum,
3066 3985 3245 4038 omnia
3288 3986 3376 4039 ille
3416 4000 3540 4038 cum

1933 4080 2124 4146 magna
2172 4071 2546 4131 benevolentia
2595 4076 2807 4144 recipit,
2857 4070 3048 4129 horum
3101 4077 3437 4142 recordatur,
3485 4088 3541 4133 et

1932 4181 2124 4236 magna
2151 4165 2235 4221 his
2264 4165 2483 4234 praemia
2513 4162 2720 4219 definit.
2763 4164 2873 4217 Cur
2896 4174 2981 4217 tua
3010 4166 3280 4233 exploras,
3311 4174 3365 4219 et
3392 4181 3538 4235 saepe

1930 4259 1983 4313 in
2025 4257 2262 4312 medium
2302 4255 2501 4310 all'ers?
2543 4257 2622 4309 An
2651 4254 2827 4308 neseis
2860 4256 2904 4309 si
2946 4264 2995 4308 te
3035 4255 3242 4320 laudes,
3275 4255 3442 4313 Deum
3484 4265 3537 4312 te

1930 4364 2035 4402 non
2066 4348 2200 4401 ultra
2232 4346 2567 4401 laudaturum
2604 4360 2723 4399 esse
2744 4345 2768 4398 ’ἓ
2799 4346 3251 4414 quemadmodum
3296 4355 3352 4401 et
3393 4348 3437 4400 si
3482 4358 3535 4402 te

1931 4438 2188 4492 miserum
2218 4439 2387 4499 dicas,
2418 4452 2523 4489 non
2555 4447 2887 4490 cessaturum
2919 4445 2971 4491 te
2998 4438 3140 4505 apud
3173 4452 3364 4492 omnes
3397 4454 3536 4507 pra:-

1926 4529 2148 4585 dicare?
2178 4528 2292 4582 Non
2328 4527 2437 4580 vult
2462 4528 2605 4581 enim
2634 4528 2846 4581 labores
2878 4540 2996 4582 tuos
3038 4530 3089 4581 in
3120 4530 3329 4584 minore
3359 4531 3534 4598 pretio

1928 4619 2133 4673 haberi.
2178 4620 2241 4673 Et
2267 4619 2391 4689 quid
2424 4619 2545 4672 dico
2583 4620 2635 4671 in
2680 4621 2888 4675 minore
2922 4622 3098 4690 pretio
3130 4622 3361 4676 haberi?
3391 4623 3533 4680 Nihil

1927 4726 2031 4763 non
2052 4711 2159 4777 agit
2180 4718 2233 4764 et
2266 4710 2503 4771 molitur,
2528 4718 2586 4761 ut
2605 4709 2685 4761 vel
2710 4725 2773 4763 ex
2801 4711 2976 4778 partis
3000 4713 3205 4765 meritis
3230 4714 3529 4779 coroneris,

1926 4810 1981 4853 et
2009 4801 2197 4853 circuit
2225 4800 2539 4854 occasiones
2564 4817 2835 4871 quaerens,
2860 4804 3013 4871 queis
3037 4803 3209 4872 possis
3230 4820 3257 4855 ιι
3285 4805 3532 4873 gebcnna

1928 4892 2163 4948 liberari.

1997 4985 2049 5039 5.
2098 4983 2375 5038 Humilitas
2404 4985 2806 5038 commendatur.
2846 4984 3066 5040 Peccata
3094 4989 3370 5054 memerita,
3402 4989 3533 5043 bona

2332 5076 2352 5095 Χ

1981 5254 1997 5284 ¹
2033 5250 2088 5299 ln
2112 5258 2293 5306 amco.
2605 5249 2822 5318 Anianus
2846 5254 3279 5318 vertitxoufessio.
3302 5273 3395 5307 non
3414 5276 3518 5309 ma-

1924 5313 1988 5369 le,
2012 5327 2105 5362 nec
2123 5320 2289 5361 contra
2311 5311 2632 5375 Cl‘trywstomi
2660 5325 2881 5375 scopum,
2920 5317 3004 5377 qui
3032 5311 3125 5366 non
3152 5311 3350 5371 omnino
3373 5333 3525 5381 negat

1924 5388 2004 5459 hic
2028 5389 2297 5449 peccatoris
2327 5389 2748 5459 curiit)UItctionem
2773 5404 2887 5459 esse
2908 5406 3035 5459 vere
3058 5394 3400 5459 humilitatem,
3438 5404 3531 5452 sed

1925 5451 1993 5517 ait
2012 5464 2142 5505 esse,
2171 5460 2452 5517 ιῡττνιμρσίινην,
2479 5451 2777 5509 probitatem,
2793 5452 3052 5517 justitiam,
3078 5456 3253 5507 iustam
3276 5451 3528 5512 existima.

1926 5511 2117 5582 limem.
2150 5518 2199 5558 ut
2218 5511 2522 5582 distinguata
2546 5519 2828 5582 sanctorum
2846 5514 3120 5582 humilitate
3141 5532 3152 5564 ε
3180 5533 3424 5582 ωτιηωσύνη
3444 5511 3528 5573 an.

1929 5570 2322 5682 tenibziigiqu'zxtdo,
2344 5578 2536 5631 qratum
2559 5586 2791 5637 omnium,
2819 5576 3013 5636 indicat,
3038 5570 3331 5643 quandoque
3358 5570 3524 5646 etiam,

1933 5648 2022 5682 mo
2091 5648 2118 5681 ιι
2142 5646 2165 5681 ι’
2218 5668 2229 5681 .

1932 5646 2229 5691 pravitatem.
