4140 6298
627 328 698 383 εγ
1304 333 1363 390 s.
1401 332 1685 391 JOANNIS
1719 334 2208 393 cnavsosronn
2247 337 2562 396 ARCﬂlEP.
2602 336 3145 396 CONSTANTINOP.
3790 323 3860 377 58

622 447 779 495 spera
802 431 1036 487 oblivioni
1065 432 1326 489 tradenda.
1356 430 1527 486 Penus
1541 448 1717 486 secura
1748 432 1902 501 probe
1919 439 2192 502 gestorum,

626 532 700 576 est
746 522 928 576 oblivio
971 537 1163 579 mni.
1188 520 1510 590 ——ldeoque
1559 522 1769 576 etiamsi
1809 522 1863 576 in
1915 520 2198 577 undecim

620 612 751 665 liora
787 612 890 667 diei
923 612 1151 676 labores,
1184 619 1346 665 totam
1370 612 1671 667 mercedem
1712 612 1946 678 tribuet;
1978 612 2197 667 Etiamsi

618 702 815 757 nullam
856 702 1033 757 salutis
1068 717 1245 755 ausam
1290 701 1491 767 habeas,
1538 702 1728 772 inquit,
1771 713 1973 773 propter
2008 718 2089 757 me
2114 708 2197 772 fa-

616 792 769 853 ciam,
800 806 862 842 ne
882 805 1060 843 nomen
1081 804 1248 842 meum
1267 789 1559 858 profanetur
1581 789 1793 856 (Each.
1827 792 1916 847 36.
1940 791 2032 846 22.
2058 794 2189 862 5‘2);

621 879 827 932 etiamsi
858 887 1058 933 tantum
1086 881 1369 950 gemueris,
1400 880 1484 935 vel
1512 880 1913 957 lacrymaveris,‘
1937 883 2052 941 lure
2086 896 2197 941 sta.

622 968 717 1021 tim
756 967 843 1022 ille
876 969 1013 1036 rapit
1050 969 1104 1022 in
1146 970 1480 1023 occasionem
1508 968 1695 1024 salutis
1737 981 1863 1026 tuas.
1902 971 1982 1027 Ne
2016 973 2199 1043 itaque

623 1059 959 1122 extollantur,
995 1058 1091 1113 sed
1128 1073 1227 1113 nos
1253 1058 1496 1113 dicamus
1528 1060 1763 1125 inutiles,
1806 1069 1863 1117 ut
1902 1062 2057 1119 utiles
2084 1065 2196 1119 eili-

620 1150 847 1204 ciamur.
866 1148 999 1203 Nam
1025 1151 1069 1206 si
1102 1159 1153 1205 te
1172 1150 1486 1205 laudabilem
1516 1152 1738 1221 dixeris,
1767 1154 1969 1212 inutilis
1992 1156 2192 1225 endis,

620 1242 830 1296 etiamsi
875 1242 1155 1297 laudabilis
1195 1259 1321 1299 vere
1348 1242 1531 1299 fueris.
1572 1246 1628 1301 Si
1670 1257 1721 1301 te
1760 1249 2001 1305 inutilem
2028 1248 2196 1317 dicas,

621 1329 765 1384 utilis
820 1331 1023 1397 evadis,
1075 1331 1283 1386 etiamsi
1340 1332 1719 1401 improbandus
1764 1335 1949 1392 fueris.
1995 1337 2195 1405 Quam-

619 1420 804 1474 obrem
844 1420 1140 1474 necessaria
1181 1422 1336 1476 nobis
1363 1423 1635 1491 est'probe
1676 1435 1947 1495 gestorum
1973 1408 2194 1484 oblivio.

618 1507 688 1563 Et
728 1510 997 1577 quomodo
1044 1522 1347 1577 possumus,
1388 1512 1616 1580 inquies,
1656 1530 1777 1581 qua:
1822 1530 1947 1571 vere
1999 1517 2197 1573 scimus

617 1596 862 1665 ignorare
882 1598 904 1651 l
919 1597 1053 1665 Quid
1070 1598 1201 1653 dicis
1216 1600 1240 1651 τ
1258 1614 1379 1653 cum
1400 1601 1612 1656 assidue
1628 1601 1867 1658 oﬂ'endas
1892 1605 2196 1677 Dominum,

618 1685 888 1742 deliciaris
914 1696 969 1742 et
994 1688 1158 1750 rides.
1201 1704 1265 1744 ae
1289 1706 1465 1759 neque
1501 1694 1607 1746 scis
1644 1703 1694 1748 te
1739 1709 2010 1763 peccasse,
2038 1708 2197 1767 atque

619 1780 799 1834 omnia
840 1779 1095 1834 oblivioni
1141 1781 1350 1836 tradis:
1384 1782 1550 1849 probe
1594 1796 1864 1852 gestorum
1910 1801 2041 1841 vero
2088 1805 2195 1843 non

614 1883 771 1942 potes
794 1872 1105 1927 memoriam
1142 1871 1409 1941 abjieere?
1438 1873 1657 1928 Etiamsi
1686 1877 2091 1933 vehementiore
2128 1880 2198 1935 sit

614 1977 749 2031 opus
772 1963 984 2018 timore.
1016 1962 1124 2017 Nos
1148 1972 1360 2031 contra,
1389 1980 1512 2019 cum
1547 1967 1785 2035 quotidie
1810 1983 2110 2036 peccemus,
2146 1974 2197 2025 id

614 2069 687 2109 ne
733 2054 788 2109 in
832 2064 1009 2109 mente
1046 2054 1261 2123 quidem
1300 2056 1623 2120 retinemus;
1669 2058 1713 2111 si
1762 2074 1891 2113 vero
1938 2061 2196 2116 tantillum

620 2145 861 2214 pecuniae
889 2147 1103 2213 pauperi
1134 2142 1343 2209 demus,
1384 2147 1515 2201 illud
1543 2162 1635 2202 sus
1672 2148 1846 2213 deque
1871 2165 2147 2205 versamus
2177 2168 2193 2207 :

614 2233 666 2287 id
701 2234 840 2303 quod
869 2244 1122 2289 extrema:
1150 2245 1231 2289 est
1257 2236 1592 2304 insipientia,
1621 2237 2015 2306 maximumque
2043 2243 2197 2297 colli-

612 2322 787 2389 gentis
811 2322 1207 2378 detrimentum.
1239 2323 1415 2378 Penus
1439 2325 1580 2379 enim
1610 2341 1795 2381 secura
1823 2328 1988 2396 probe
2014 2343 2189 2400 gesto-

612 2428 752 2479 rum,
799 2423 882 2468 est
932 2414 1129 2468 oblivio
1192 2430 1400 2470 eorum.
1459 2418 1537 2474 Ac
1577 2418 2024 2486 quemadmodum
2072 2438 2194 2479 cum

612 2502 935 2557 vestimenta
964 2514 1017 2557 et
1045 2519 1233 2557 aurum
1272 2504 1326 2559 in
1355 2505 1467 2559 loro
1487 2507 1789 2575 pandimus,
1819 2510 2016 2567 multos
2040 2514 2197 2568 nobis

613 2592 959 2647 insidiatores
1005 2607 1285 2661 paramus,
1324 2594 1369 2647 si
1413 2609 1541 2648 vero
1582 2595 1726 2649 domi
1766 2595 2095 2667 deponamus
2137 2612 2191 2658 et

616 2681 966 2747 occultemus,
1006 2682 1056 2735 in
1086 2691 1195 2735 tuto
1224 2684 1401 2737 omnia
1442 2685 1766 2740 collocamus
1795 2703 1809 2741 :
1837 2688 1905 2741 ita
1954 2700 2006 2743 et
2050 2700 2194 2746 recte

612 2771 773 2837 facta,
804 2771 847 2825 si
878 2772 1185 2841 frequenter
1214 2772 1267 2826 in
1317 2773 1568 2827 memoria
1597 2776 2052 2842 circumloramus,
2097 2782 2194 2833 Ilu-

610 2862 815 2917 miuum
844 2863 911 2915 ad
936 2862 1068 2915 iram
1099 2863 1447 2928 concitamus,
1476 2862 1789 2934 hostemque
1816 2881 2105 2935 armemus,
2136 2880 2193 2924 et

611 2952 678 3007 ad
709 2951 906 3006 furtum
933 2952 1245 3018 invitemus;
1273 2953 1354 3007 sin
1386 2969 1511 3009 vero
1552 2970 1709 3009 nemo
1738 2957 1788 3010 id
1818 2960 2020 3024 scierit,
2057 2978 2188 3029 pra:-

612 3051 694 3094 ter
716 3057 1031 3109 cumquem
1062 3043 1233 3095 solum
1264 3042 1377 3096 haec
1414 3057 1572 3098 nosse
1599 3055 1825 3113 olortel.
1859 3048 1910 3101 in
1957 3060 2072 3121 tutq
2109 3054 2190 3104 illa

628 3133 808 3177 erunt.
846 3122 923 3177 Ne
979 3128 1156 3192 itaque
1194 3127 1281 3180 illa
1342 3129 1651 3195 frequenter
1701 3146 1903 3191 verses.
1956 3148 2020 3185 ne
2064 3135 2187 3200 quis

631 3209 721 3264 illa
765 3211 1029 3283 diripiat;
1065 3213 1115 3266 id
1134 3213 1279 3282 quod
1304 3213 1580 3269 Phariszeo
1635 3218 1849 3277 accidit.
1879 3218 1969 3286 qui
2006 3220 2095 3273 illa
2133 3222 2186 3273 in

609 3302 709 3344 ore
738 3289 939 3344 ferebat
966 3302 980 3342 :
1010 3304 1333 3362 quapropter
1368 3311 1431 3349 ea
1473 3296 1589 3365 ipsa
1629 3299 1871 3354 diabolus
1915 3302 2183 3370 abripuit;

610 3378 821 3431 etiamsi
847 3394 967 3433 cum
1003 3384 1292 3449 gratiarum
1330 3385 1574 3440 actione‘
1607 3387 1696 3440 illa
1725 3401 2187 3457 commemoraret,

612 3469 894 3537 omniaque
922 3469 1147 3525 referret
1176 3472 1304 3527 Deo.
1330 3472 1525 3529 Verum
1558 3476 1659 3530 hoc
1684 3494 1787 3531 non
1815 3483 1945 3535 satis
1973 3481 2046 3535 illi
2072 3482 2186 3537 fuit.

607 3564 724 3619 Non
773 3568 914 3621 enim
958 3572 1243 3637 gratiarum
1291 3572 1518 3625 actionis
1557 3582 1639 3627 est
1685 3576 1817 3628 alios
1864 3578 2186 3647 vituperare,

608 3656 708 3707 sibi
740 3672 802 3709 ex
836 3659 1073 3723 plurimis
1101 3660 1324 3727 gloriam
1361 3676 1622 3728 quain-re,
1671 3672 1723 3716 et
1752 3676 1935 3719 contra
1965 3682 2189 3735 peccan-

608 3752 692 3798 tes
737 3744 935 3800 efferri.
981 3746 1037 3801 Si
1085 3748 1226 3802 enim
1256 3749 1453 3817 gratias
1498 3750 1609 3804 Deo
1656 3754 1788 3821 agis,
1829 3754 1927 3808 hac
1971 3757 2080 3808 sola
2133 3772 2189 3811 re

606 3842 888 3889 contentus
931 3846 1067 3907 esto,
1115 3849 1170 3892 et
1208 3854 1275 3894 ne
1305 3839 1359 3893 id
1406 3840 1609 3895 referas
1651 3842 1973 3909 hominibus,
2019 3863 2188 3913 neque

602 3926 862 3994 judicium
908 3928 1048 3983 feras
1074 3929 1140 3983 de
1168 3932 1410 3999 proximo
1439 3950 1452 3984 :
1486 3935 1537 3987 id
1576 3936 1716 3988 enim
1744 3953 1848 3989 non
1878 3947 1965 3991 est
1986 3943 2184 4006 gratia-

607 4031 723 4068 rum
749 4018 988 4072 actionis.
1023 4020 1077 4074 Si
1123 4023 1412 4099 gratiarum
1458 4027 1683 4079 actionis
1712 4028 1927 4083 modum
1964 4032 2041 4084 vis
2071 4033 2185 4086 edi-

605 4118 777 4167 scere,
806 4108 927 4161 audi
952 4118 1063 4163 tres
1087 4103 1281 4177 pueros
1305 4112 1544 4165 dicentes
1576 4131 1586 4165 :
1623 4114 1969 4182 Peccavimus,
1999 4121 2186 4187 injuste

605 4198 796 4265 egimus
834 4213 851 4249 :
872 4200 1043 4266 justus
1086 4216 1159 4263 es,
1210 4199 1455 4263 Domine,
1501 4203 1554 4255 in
1592 4207 1820 4259 omnibus
1871 4225 1983 4277 qute
2022 4212 2186 4278 fecisti

605 4286 767 4345 nobis,
797 4287 916 4355 quia
954 4288 1005 4339 in
1054 4305 1166 4342 vero
1198 4290 1399 4359 judicio
1447 4294 1617 4345 omnia
1664 4296 1910 4351 induisti
1936 4299 2095 4369 (Dan.
2124 4303 2179 4358 5.

604 4372 691 4428 29.
723 4374 812 4428 27.
841 4376 953 4446 5i).
982 4377 1202 4451 Propria
1229 4382 1368 4434 enim
1398 4394 1607 4449 peccata
1649 4387 1912 4452 conﬁteri,
1947 4391 2069 4445 illud
2099 4404 2182 4447 est

602 4463 796 4527 gratias
825 4480 979 4534 agere
1012 4467 1119 4521 [leo
1157 4469 1522 4536 conﬁtentem,
1550 4474 1640 4542 qui
1666 4475 1900 4531 declarat
1930 4495 1989 4534 se
2021 4482 2177 4535 innu-

602 4554 763 4605 meris
807 4555 1093 4610 obnoxium
1137 4573 1257 4613 esse
1305 4563 1554 4629 peccatis,
1605 4580 1705 4617 nec
1746 4569 1925 4623 subire
1966 4587 2175 4639 prunam

600 4655 886 4697 recusare:
918 4646 1003 4699 hic
1041 4650 1275 4705 omnium
1307 4653 1535 4708 maxime
1575 4658 1773 4724 gratias
1816 4661 1939 4727 agit.
1973 4664 2173 4717 Cavea-

599 4750 719 4788 mus
751 4736 907 4804 igitur
934 4755 1002 4793 ne
1030 4740 1095 4793 ad
1124 4742 1330 4796 laudem
1367 4756 1599 4805 nostram
1627 4750 1750 4817 qttid
1776 4750 2057 4820 loquamur
2086 4773 2098 4807 :
2125 4758 2173 4811 id

554 4900 557 4903 Δ
599 4828 740 4881 enim
788 4844 883 4881 nos
911 4840 965 4883 et
1008 4831 1312 4887 hominibus
1350 4837 1564 4892 odiosos
1601 4852 1653 4894 et
1684 4841 1793 4895 Deo
1818 4850 2175 4904 exsecrandos

598 4920 787 4972 reddit.
829 4920 1028 4976 Idcirco
1066 4939 1171 4991 quo
1199 4926 1396 4991 majora
1429 4929 1729 4993 fecerimus,
1774 4950 1841 4988 eo
1872 4939 2075 4991 minora
2106 4943 2173 4994 de

598 5009 749 5061 nobis
774 5010 1044 5075 dicamus;
1075 5015 1141 5067 ita
1171 5016 1311 5070 enim
1350 5034 1590 5088 magnam
1637 5036 2023 5090 consequemur
2052 5030 2171 5097 glo-

596 5100 726 5152 riam
755 5117 872 5154 cnm
903 5104 1041 5171 apud
1086 5104 1347 5173 homines,
1379 5120 1485 5165 tum
1528 5113 1665 5179 apud
1696 5114 1881 5179 Deum,
1917 5120 2023 5172 imo
2062 5138 2167 5177 non

598 5197 795 5241 tantum
825 5192 1043 5258 gloriam
1065 5194 1203 5261 apud
1228 5195 1414 5263 Deum,
1446 5200 1538 5254 sed
1570 5219 1811 5272 magnam
1845 5214 2165 5269 mercedem.

596 5275 670 5370 Pio
710 5278 865 5370 igitur
894 5283 1191 5337 mercedem
1231 5286 1428 5356 exigas,
1477 5300 1534 5345 ut
1575 5293 1877 5349 mercedem
1920 5301 2164 5370 recipias.

591 5353 862 5407 uottlitcre
883 5366 932 5409 te
951 5374 1047 5426 per
1062 5365 1290 5429 gratiam
1314 5353 1544 5425 salutem
1562 5379 1843 5444 consequi,
1868 5353 2156 5439 uttihiille

662 5563 679 5594 ‘
709 5563 857 5613 Herc!
890 5603 902 5625 ,
930 5578 1035 5617 cum
1060 5570 1253 5634 gaudio.

2293 454 2355 497 se
2389 438 2683 496 debitorem
2732 453 2853 496 esse
2890 440 3235 524 conﬁteatur,
3268 452 3376 496 non
3418 438 3490 495 ob
3514 438 3682 509 probe
3724 454 3876 512 gesta

2294 541 2521 595 tantum.
2566 530 2663 586 sed
2708 528 2778 585 ob
2811 538 3020 600 gratum
3062 528 3301 583 animum
3341 537 3511 585 tuum.
3549 528 3685 585 Cum
3729 534 3878 586 citius

2294 634 2441 679 recte
2487 636 2791 693 operantur,
2836 620 3089 691 operibus
3117 630 3319 673 tantum
3359 619 3658 676 debitorem
3700 620 3877 691 ipsum

2296 712 2555 767 habemus
2578 728 2592 770 :
2615 726 2735 765 cum
2763 726 2868 766 non
2889 720 3139 782 putamus
3158 723 3256 764 nos
3274 710 3470 780 aliquid
3490 720 3636 767 recte
3660 711 3874 780 fecisse,

2297 818 2393 872 pro
2430 802 2521 855 illo
2552 801 2667 869 ipso
2690 798 2883 854 allecto
2914 800 3084 869 magis
3110 814 3269 867 quam
3312 814 3411 868 pro
3436 801 3695 870 operibus
3720 801 3873 857 debi-

2296 898 2464 947 torem
2494 889 2751 944 liabemus
2776 906 2789 943 :
2813 890 2886 942 ita
2928 900 2985 943 ut
3023 889 3076 943 id
3111 890 3241 958 ipsis
3266 889 3337 943 sit
3358 888 3614 959 operibus
3637 892 3878 962 aequipa-

2294 983 2540 1038 randum.
2586 982 2643 1037 Si
2695 982 2795 1036 hoc
2835 980 2979 1035 enim
3026 996 3132 1035 non
3183 980 3361 1048 adsit,
3408 981 3498 1035 illa
3546 995 3711 1052 opera
3767 998 3880 1037 non

2296 1088 2487 1145 magna
2532 1073 2867 1128 videbuntur.
2927 1071 3201 1142 Siquidem
3241 1082 3298 1128 et
3353 1086 3451 1128 nos
3493 1088 3709 1144 quoque
3755 1085 3885 1132 tunc

2296 1165 2526 1218 maxime
2558 1163 2785 1219 famulos
2829 1174 3041 1218 nostros
3084 1171 3331 1232 acceptos
3356 1162 3635 1229 habemus,
3663 1165 3884 1234 quando

2294 1256 2470 1307 munia
2496 1269 2615 1308 eum
2642 1253 3012 1309 benewlentia
3037 1262 3275 1321 agentes,
3297 1252 3431 1310 nihil
3454 1267 3516 1309 se
3535 1254 3722 1326 magni
3745 1270 3887 1327 prac-

2293 1344 2493 1399 stitisse
2519 1352 2724 1414 putant.

2366 1507 2647 1563 Humilitas
2669 1510 3048 1564 commendatur
3072 1520 3127 1564 ut
3146 1512 3308 1567 omnis
3330 1514 3667 1585 philosophia
3689 1518 3885 1587 princi-

2292 1600 2453 1671 pium.
2477 1630 2551 1641 —
2577 1599 2757 1670 Itaque
2784 1602 2831 1656 si
2856 1602 2936 1657 vis
2960 1618 3122 1672 opera
3149 1615 3235 1659 tua
3258 1604 3394 1660 bona
3422 1622 3610 1677 magna
3638 1624 3781 1678 esse,
3810 1626 3883 1665 ne

2294 1706 2481 1761 magna
2509 1705 2628 1746 esse
2652 1702 2823 1761 putes,
2852 1704 3080 1762 tuncque
3106 1710 3292 1765 magna
3318 1705 3495 1751 erunt.
3523 1697 3611 1752 Sic
3634 1703 3884 1755 centurio

2292 1781 2537 1845 dicebat,
2574 1780 2692 1835 Non
2719 1798 2833 1836 sum
2861 1782 3046 1853 dignus
3081 1794 3134 1837 ut
3170 1786 3325 1839 intres
3358 1787 3451 1841 sub
3488 1798 3675 1842 tectum
3712 1789 3885 1845 minus

2297 1870 2505 1940 (Matth.
2530 1870 2584 1926 8.
2613 1869 2705 1941 8);
2742 1871 2964 1941 ideoque
3002 1872 3192 1941 dignus
3228 1873 3328 1929 fuit
3348 1916 3364 1938 ,
3396 1890 3662 1945 supraque
3689 1894 3883 1936 omnes

2291 1959 2505 2015 Judteos
2532 1962 2807 2016 mirabilis.
2839 1962 2912 2016 Ita
2938 1971 2995 2018 et
3016 1963 3210 2018 Paulus
3237 1968 3311 2020 ait
3336 1984 3351 2019 :
3380 1965 3503 2021 Non
3543 1986 3654 2022 sum
3693 1971 3884 2041 dignus

2293 2053 2461 2106 vocari
2482 2053 2742 2122 apostolus
2769 2056 2844 2125 (ί.
2878 2055 2995 2109 Cor.
3026 2056 3113 2110 l5.
3145 2055 3235 2127 9).
3269 2056 3499 2128 Ideoque
3529 2062 3731 2130 primus
3754 2079 3880 2118 om-

2291 2142 2437 2195 nium
2474 2142 2696 2197 ell'ectus
2733 2153 2833 2197 est.
2874 2143 2963 2198 Sic
2993 2153 3047 2198 et
3068 2143 3301 2201 Joannes
3330 2166 3343 2199 :
3376 2147 3497 2202 Non
3536 2167 3649 2204 sum
3695 2154 3885 2221 dignus

2289 2233 2480 2287 solvere
2524 2234 2791 2305 corrigiam
2836 2235 3159 2291 calceamenti
3207 2242 3317 2308 ejus
3366 2236 3572 2310 (Marc.
3622 2244 3675 2297 l.
3725 2244 3779 2297 7.
3827 2254 3881 2299 et

2298 2322 2485 2377 Matth.
2516 2324 2571 2377 ὅ.
2604 2325 2714 2393 ll).
2739 2324 2862 2379 Ideo
2887 2334 2941 2381 et
2966 2326 3170 2381 amicus
3193 2330 3376 2397 sponsi
3399 2341 3515 2384 erat
3535 2370 3550 2395 ,
3581 2341 3636 2386 et
3660 2348 3880 2390 manum

2292 2412 2461 2477 illam,
2486 2428 2642 2482 quam
2675 2413 2940 2484 indignam
2965 2415 3339 2472 calceamean
3368 2417 3604 2488 putabat,
3632 2420 3883 2479 Christus

2292 2520 2448 2574 supra
2471 2515 2629 2574 caput
2655 2521 2808 2559 suum
2836 2508 3070 2562 attraxit.
3099 2507 3189 2563 Sic
3216 2518 3270 2562 et
3297 2509 3487 2565 Petrus
3505 2511 3714 2567 dicebat
3738 2535 3751 2568 :
3778 2514 3885 2571 Exi

2292 2611 2326 2648 ο
2362 2611 2442 2649 mc
2463 2636 2478 2661 ,
2518 2598 2636 2664 quia
2675 2597 2825 2650 homo
2863 2608 3095 2666 peccator
3124 2614 3236 2652 sum
3264 2597 3429 2667 (Luc.
3453 2600 3507 2654 5.
3542 2601 3628 2671 8).
3675 2604 3885 2662 Idcirco

2296 2704 2696 2759 fundamentum
2728 2699 2981 2755 Ecclesia:
3007 2701 3175 2754 factus
3196 2708 3296 2753 est.
3327 2688 3466 2752 Nihil
3491 2698 3632 2754 enim
3661 2697 3733 2751 ita
3765 2697 3882 2753 Deo

2293 2802 2501 2863 gratum
2529 2801 2630 2856 est,
2662 2806 2819 2859 quam
2844 2790 2889 2844 si
2920 2791 3038 2858 quis
3063 2803 3122 2843 se
3141 2804 3261 2847 cum
3286 2787 3484 2841 ultimis
3507 2787 3883 2856 peccatoribus

2297 2890 2558 2937 numeret.
2592 2882 2704 2935 lloc
2730 2879 2902 2935 omnis
2926 2877 3278 2949 philosophia:
3307 2876 3621 2947 principium
3648 2885 3750 2933 est.
3772 2876 3881 2945 Qui

2293 2977 2435 3030 enim
2462 2974 2677 3029 humilis
2704 2984 2759 3028 et
2783 2973 3041 3028 contritus
3062 2983 3166 3034 ρει,
3193 2986 3295 3023 non
3325 2969 3468 3023 inani
3492 2969 3659 3038 gloria
3687 2968 3886 3024 effere-

2295 3075 2399 3130 tnr,
2427 3081 2530 3119 non
2560 3066 2834 3127 irascetur,
2865 3079 2972 3116 nun
3006 3061 3245 3131 proximo
3272 3060 3521 3114 invidebit
3546 3102 3561 3126 ,
3592 3075 3699 3114 non
3728 3059 3879 3114 aliud

2289 3158 2557 3225 quidpiam
2600 3155 2711 3208 vitii
2750 3155 3011 3208 admittet.
3057 3154 3238 3220 Neque
3273 3152 3416 3205 enim
3445 3152 3727 3205 contritam
3760 3167 3879 3204 ma-

2290 3262 2435 3308 num,
2466 3247 2804 3316 quantumvis
2845 3244 3229 3300 contendamus
3252 3284 3268 3308 ,
3315 3258 3598 3312 possumus
3625 3244 3675 3296 in
3704 3244 3877 3310 altum

2288 3336 2499 3392 elferre.
2543 3337 2599 3393 Si
2645 3338 2821 3406 itaque
2861 3338 2939 3391 sic
2980 3338 3211 3389 animam
3253 3346 3620 3399 conteramus,
3660 3325 3879 3392 otiatusi

2225 3450 2229 3455 ί
2288 3431 2463 3485 eordis
2486 3429 2707 3484 affectus
2735 3430 2999 3483 innumeri
3026 3430 3170 3484 illam
3196 3428 3381 3484 innare
3400 3439 3453 3484 et
3473 3432 3735 3485 extollere
3754 3442 3879 3485 ten-

2286 3532 2417 3587 teut,
2439 3538 2505 3575 ne
2521 3521 2603 3575 vel
2631 3522 2909 3574 minimum
2938 3522 3132 3590 poterit
3156 3522 3306 3592 erigi.
3334 3522 3390 3576 Si
3416 3522 3557 3577 enim
3585 3524 3673 3593 qui
3701 3538 3875 3578 secu-

2285 3612 2411 3665 laria
2454 3601 2931 3682 damna.dep|orat
2955 3652 2969 3673 .
2996 3627 3183 3668 omnes
3212 3628 3243 3667 a
3274 3627 3333 3666 se
3363 3613 3509 3682 fugat
3536 3617 3724 3667 anima:
3757 3616 3876 3669 lan-

2284 3718 2478 3772 guores
2507 3721 2520 3757 :
2552 3704 2909 3773 multomagis
2935 3703 3023 3759 ille
3043 3704 3130 3772 qui
3154 3718 3250 3773 pro
3275 3706 3506 3772 peccatis
3531 3704 3581 3758 id
3604 3707 3732 3774 agit,
3754 3708 3875 3774 pni-

2286 3792 2525 3861 losopltia
2568 3794 2817 3862 potietur.
2864 3792 2933 3847 Et
2976 3796 3093 3862 quis
3134 3794 3202 3849 ilo
3246 3795 3472 3863 poterit,
3508 3796 3742 3864 inquies.
3774 3814 3875 3853 cor

2284 3899 2437 3939 suum
2465 3887 2780 3940 conterere?
2818 3885 2955 3940 Audi
3000 3887 3286 3951 Davidem,
3328 3887 3415 3956 qui
3459 3888 3558 3941 hac
3600 3888 3666 3943 de
3705 3904 3872 3944 causa

2283 3977 2511 4030 maxime
2539 3976 2846 4044 splendidus
2877 3976 2989 4042 fuit,
3018 3986 3073 4031 et
3097 3977 3217 4031 vide
3244 3977 3357 4047 ejus
3388 3978 3550 4033 animi
3580 3981 3866 4034 euntritio-

2282 4082 2424 4120 nem.
2455 4068 2581 4122 Post
2611 4069 2884 4122 innumera
2918 4070 3173 4138 praeclare
3198 4079 3345 4140 gesta
3364 4112 3380 4135 ,
3409 4086 3531 4125 cum
3564 4074 3867 4140 proximum

2284 4165 2424 4207 esset
2449 4163 2504 4208 ut
2528 4155 2717 4223 patria,
2746 4155 2906 4209 domo
2934 4166 2988 4209 et
3018 4158 3127 4227 ipsa
3161 4158 3262 4210 vita
3291 4160 3595 4225 excideret,
3631 4162 3744 4230 ipso
3770 4178 3867 4217 ca-

2281 4242 2527 4297 lamitatis
2553 4254 2808 4313 tempore,
2837 4246 2993 4299 vilem
3024 4249 3396 4318 abjectntnque
3426 4251 3645 4304 militum
3678 4253 3868 4309 videns

2280 4333 2616 4388 insultantem
2652 4336 2749 4389 sibi
2777 4345 2831 4390 et
2858 4338 3244 4394 conviciantem
3270 4381 3285 4405 ,
3334 4356 3437 4394 non
3476 4344 3647 4396 solum
3689 4346 3864 4401 vicem

2281 4437 2383 4474 non
2415 4423 2679 4487 reddidit,
2722 4424 2812 4478 sed
2840 4426 2999 4479 etiam
3029 4428 3218 4482 ducem
3248 4432 3547 4501 quempiam
3580 4434 3752 4501 ipsum
3780 4437 3868 4491 itt-

2279 4513 2524 4568 terimere
2544 4515 2804 4571 volentem
2834 4518 3123 4587 impedivit,
3152 4522 3334 4577 dicens
3361 4541 3374 4577 :
3404 4522 3654 4579 Dimittitc
3676 4526 3823 4581 illuni
3845 4572 3863 4596 ,

2273 4603 2392 4669 quia
2418 4601 2665 4658 Dominus
2692 4607 2947 4659 mandavit
2983 4610 3029 4661 ei
3054 4610 3070 4675 (
3092 4609 3146 4662 2.
3178 4610 3300 4681 (leg.
3334 4613 3421 4666 16.
3448 4614 3504 4667 ll
3536 4616 3575 4683 ).
3622 4616 3860 4671 llut'sum

2274 4692 2635 4747 sacerdotibus
2663 4698 2987 4765 rogantibus.
3019 4698 3201 4753 liceret
3243 4701 3341 4755 sibi
3382 4718 3502 4757 cum
3549 4706 3637 4758 illo
3673 4724 3859 4762 arcam

2273 4782 2618 4838 circumferre
2638 4828 2651 4847 ,
2684 4787 2731 4838 id
2762 4804 2866 4841 non
2900 4804 3087 4858 passus
3116 4803 3198 4845 ρει
3227 4792 3356 4846 :scd
3382 4795 3505 4862 quid
3530 4797 3642 4849 ait?
3684 4797 3863 4854 Reduc

2269 4889 2437 4924 arcam
2464 4872 2667 4928 Domini
2690 4876 2741 4929 in
2768 4879 3039 4943 civitatem,
3071 4890 3117 4932 et
3141 4890 3233 4932 stet
3256 4883 3307 4933 in
3336 4884 3447 4945 [om
3479 4902 3589 4938 suo.
3623 4888 3685 4941 Si
3711 4891 3858 4941 inve-

2271 4979 2387 5017 nero
2407 4968 2625 5035 gratiam
2646 4969 2694 5019 in
2710 4985 2976 5039 conspectu
3002 4971 3226 5036 Domini,
3243 4986 3287 5026 et
3309 4976 3586 5033 liberaverit
3610 4999 3687 5034 me
3716 4982 3861 5040 Deus

2268 5054 2329 5108 de
2352 5055 2651 5111 instantibus
2683 5061 2827 5114 malis
2848 5065 2885 5127 ',
2915 5061 3089 5116 videbo
3123 5064 3351 5119 decorent
3374 5069 3517 5136 ejus;
3558 5072 3636 5125 sin
3667 5073 3857 5129 dixerit

2326 5274 2337 5303 ι
2368 5256 2456 5342 lle
2484 5273 2739 5323 admodum
2764 5278 2949 5326 variant
2971 5282 3287 5342 exemplaria.
3312 5283 3441 5331 Savil
3486 5293 3539 5334 et
3561 5287 3729 5336 Morel.
3746 5292 3842 5342 ba-

2260 5332 2383 5407 b‘t‘llll
2409 5340 2457 5400 ut
2485 5348 2532 5407 in
2556 5341 2693 5407 testu
2722 5332 3215 5407 :_rn_anuscripti_v'ero
3240 5346 3380 5407 multi
3408 5332 3729 5407 (odii-ossic,

2260 5392 2394 5463 stabo
2416 5392 2464 5441 in
2485 5396 2676 5463 templo,
2697 5398 2805 5463 etsi
2829 5392 3117 5463 liberuucrit,
3145 5415 3219 5451 me
3254 5405 3315 5451 tte
3358 5392 3829 5463 nistitittiitusinnlis‘:

2265 5454 2526 5532 t'lltecesb
2556 5454 2705 5504 lectio
2743 5460 2920 5532 Graeca.
3066 5460 3229 5532 lfieldk
3252 5478 3398 5532 quam
3451 5454 3833 5532 esseribsiiiiiii'.

2267 5515 2379 5561 Ιεῖυιτ
2408 5515 2656 5587 ὶ-ΑΙΙῘἎΙΠῘΒ
2675 5531 2811 5587 vero,
2828 5520 2920 5586 sed
2944 5529 3051 5587 stet,
3079 5521 3249 5587 inquit,
3271 5515 3319 5574 in
3345 5530 3522 5587 templo
3543 5515 3632 5577 :Vet'
3648 5515 3693 5579 si
3701 5515 3841 5585 iis;

2261 5579 2436 5641 rrmm'it
2461 5590 2534 5624 me
2574 5579 2693 5685 {Mes
2715 5582 2775 5630 tte
2820 5579 3101 5634 instantibus
3122 5579 3284 5647 vitatis,
3312 5579 3481 5637 vitte'Jo
3504 5579 3839 5652 pulcltritufi.

2263 5647 2366 5685 ἔμ’.ιῖ
2392 5650 2512 5685 ι’)ίεκ.
2543 5650 2569 5683 c
2598 5652 2639 5685 υ.

2263 5647 2366 5685 ἔμ’.ιῖ
2392 5650 2512 5699 ινίεκ,
2543 5647 2639 5685 Clt‘.
