4140 6298
282 369 357 428 50
1460 372 1531 429 ΙΝ
1568 372 1855 430 ΗΑΤΤΗΔ

1954 374 1989 430 ιι
2040 374 2276 436 IIOMIL.
2298 378 2393 439 ιν.

262 486 390 540 mihi
407 526 423 551 ,
452 487 591 542 Nolo
621 498 669 542 te
698 503 717 542 :
747 504 861 543 ecce
883 506 994 559 ego,
1021 491 1174 559 faciat
1204 492 1327 544 mihi
1356 493 1492 552 quod
1516 501 1588 545 est
1619 492 1859 558 placitum

262 576 320 631 in
341 588 609 647 conspectu
632 595 749 649 ejus
777 580 851 649 (2.
880 578 1008 651 Reg.
1033 582 1119 635 15.
1144 582 1233 636 25.
1261 581 1369 649 26).
1403 580 1535 635 lllud
1563 597 1690 636 vero
1717 583 1858 652 quod

260 682 387 739 erga
416 669 630 724 Saﬁlem
658 679 713 725 et
735 673 900 726 semel
927 682 981 726 et
1007 673 1089 727 his
1114 683 1169 727 et
1196 673 1392 740 pluries
1418 673 1564 739 fecit,
1596 685 1850 744 quantum

262 775 368 815 non
395 760 749 830 philosOphiaz
773 764 1265 818 culmerrostenditl
1292 763 1347 818 ld
1373 766 1514 819 enim
1542 776 1596 820 et
1621 778 1855 821 veterem

260 850 431 922 legem
463 854 789 922 superabat,
821 864 873 911 et
899 855 966 909 ad
996 856 1288 924 apostolica
1320 857 1582 927 prateep'ta
1614 848 1855 927 proxime

256 920 569 996 accedebat.
619 942 745 998 ldeo
781 947 961 999 omnia
1004 920 1125 1014 quin
1157 961 1186 1000 a
1230 920 1338 1001 Deo
1379 920 1854 1017 proliciieebautur

253 1031 718 1100 amplectebatur,
762 1048 860 1089 nec
902 1038 1164 1091 rationem
1206 1038 1453 1107 exigebat
1503 1054 1688 1093 eorum
1734 1056 1854 1110 quae

252 1120 593 1186 accidebant,
617 1123 710 1179 sed
731 1140 892 1179 unum
915 1127 1181 1193 studebat,
1205 1140 1263 1182 ut
1284 1130 1481 1198 ubique
1505 1130 1622 1198 ejus
1648 1132 1851 1201 legibus

253 1210 662 1281 obsequeretur.
690 1213 757 1267 Et
779 1224 901 1285 post
932 1224 1007 1269 tot
1034 1225 1285 1286 tantaque
1312 1219 1565 1287 prteclara
1592 1220 1847 1288 facinora,

250 1302 441 1360 videns
473 1316 790 1376 tyrannum,
824 1309 1164 1377 parricidam,
1195 1311 1541 1380 fratricidam,
1570 1322 1849 1368 contume-

255 1394 469 1459 tiosum,
491 1399 773 1463 furiosum,
790 1400 878 1467 qui
896 1415 1117 1469 regnum
1141 1416 1294 1456 suum
1315 1403 1602 1467 invaserant,
1633 1420 1699 1459 ne
1719 1407 1846 1461 illud

248 1485 465 1556 quidem
513 1488 614 1556 ipsi
656 1488 979 1545 offendicula
1009 1491 1140 1545 fuit:
1172 1493 1264 1548 sed
1293 1495 1335 1546 si
1368 1490 1438 1547 ita
1472 1495 1577 1549 Deo
1604 1496 1845 1564 placeat,

249 1574 441 1646 inquit,
474 1578 600 1645 pelli
625 1594 733 1645 me,
766 1595 948 1635 errare
975 1590 1029 1636 et
1058 1581 1259 1652 fugere,
1292 1585 1439 1639 illum
1464 1596 1641 1643 autem
1674 1588 1725 1641 iu
1752 1568 1847 1642 ho-

250 1682 379 1721 nore
413 1683 563 1733 esse,
595 1672 647 1725 id
673 1672 968 1742 amplector
1011 1670 1170 1743 atque
1210 1677 1444 1745 suscipio
1468 1719 1483 1742 ,
1530 1688 1585 1733 et
1621 1682 1842 1747 gratiam

251 1757 422 1814 habeo
450 1776 550 1829 pro
571 1763 727 1817 malis
758 1764 1072 1820 innumeris.
1099 1765 1212 1821 Non
1243 1776 1300 1820 ut
1325 1769 1473 1822 multi
1507 1769 1843 1838 impudentes

246 1862 307 1903 ac
326 1849 651 1920 petulantes,
682 1854 772 1923 qui
801 1870 868 1909 ne
898 1856 1167 1909 minimam
1195 1856 1410 1925 quidem
1442 1871 1644 1926 partem
1676 1861 1843 1928 probe

247 1950 516 2009 gestorum
543 1944 663 2011 ejus
688 1946 970 2013 exsequuti
997 1955 1142 2012 sunt,
1168 1949 1365 2016 quique
1390 1949 1434 2002 si
1462 1964 1595 2018 quos
1624 1951 1840 2005 videant

246 2043 501 2101 prospere
520 2047 705 2103 agere,
725 2048 787 2090 se
802 2048 931 2090 vero
951 2020 1168 2104 parvam
1188 2035 1487 2091 molestiam
1509 2041 1841 2095 mmstitiam-

3491 397 3564 457 ιο

1961 514 2065 569 que
2092 500 2294 566 subire,
2322 501 2617 556 innumeris
2645 504 2849 557 animas
2877 518 3000 558 suas
3029 504 3375 576 blasphemiis
3397 507 3553 564 labe-

1959 586 2179 643 factant.
2225 591 2297 644 At
2338 605 2441 644 non
2473 591 2537 645 iis
2562 591 2753 647 similis
2785 593 2945 647 David
2981 603 3129 659 erat,
3159 597 3247 664 qui
3280 596 3374 650 fuit
3403 599 3551 653 omni

1963 678 2222 734 modestia
2251 682 2524 749 praeditus.
2562 682 2685 737 ldeo
2714 683 2927 738 dicebat
2960 684 3136 739 Deus.
3180 685 3355 739 inveni
3386 688 3555 742 David

1958 770 2122 838 ﬁlium
2147 770 2330 837 Jesstt',
2363 774 2522 826 cirum
2546 776 2824 827 secundum
2848 789 2937 827 cor
2963 791 3124 827 meum
3149 788 3169 845 ι
3198 774 3341 829 Psal.
3379 777 3466 831 88.
3498 779 3552 832 4.

1955 860 2018 915 2|
2042 865 2083 931 ).
2112 862 2297 917 Talem
2322 874 2376 919 et
2403 879 2501 920 nos
2528 864 2895 934 possideamus
2918 865 3185 931 animam,
3214 876 3268 921 et
3297 868 3555 938 quidquid

1957 954 2222 1022 patimur,
2253 956 2444 1012 leniter
2468 958 2701 1012 feramus
2720 998 2736 1023 ,
2764 966 2818 1013 et
2841 966 2963 1011 ante
2990 973 3246 1027 regnum,
3280 960 3366 1014 hic
3396 962 3555 1017 nobis

1958 1045 2224 1112 pariamus
2267 1045 2577 1101 humilitatis
2609 1057 2944 1115 proventum.
2978 1048 3109 1119 Nam
3151 1050 3221 1102 ait
3250 1066 3264 1102 :
3301 1050 3494 1106 Discite
3517 1069 3552 1105 a

1954 1149 2054 1195 me,
2078 1136 2195 1200 quia
2219 1137 2351 1189 mitis
2371 1148 2543 1190 sumet
2566 1138 2774 1191 Immitis
2792 1139 2961 1202 corde,
2980 1148 3027 1192 et
3047 1138 3307 1195 invenietis
3328 1144 3552 1211 requiem

1955 1234 2213 1287 animabus
2252 1231 2427 1287 vestris
2468 1233 2700 1301 (Matth.
2732 1235 2818 1288 li.
2842 1234 2954 1305 9.9)
3016 1234 3084 1290 Ut
3114 1236 3266 1303 igitur
3284 1244 3351 1289 et
3376 1236 3464 1290 hic
3489 1244 3544 1291 et

1954 1322 2062 1377 illic
2090 1324 2272 1392 requie
2300 1322 2558 1389 fruamur,
2587 1339 2792 1402 summa
2813 1341 2941 1381 cura
2969 1328 3206 1380 omnium
3234 1328 3495 1382 bonorum
3522 1329 3539 1360 ³

1948 1424 2175 1470 matrem
2214 1417 2564 1469 humilitatem
2597 1418 2648 1470 in
2674 1419 2953 1473 animabus
2992 1421 3187 1473 nostris
3219 1420 3536 1475 inseramus.

1950 1510 2041 1566 Sic
2064 1512 2205 1566 enim
2233 1523 2286 1566 et
2310 1512 2465 1580 hujus
2492 1514 2611 1565 vita:
2640 1513 2854 1580 pelagus
2880 1513 2997 1567 sine
3020 1514 3270 1567 fluctibus
3298 1518 3545 1582 trajicere

1953 1601 2268 1670 poterimus,
2300 1611 2351 1656 et
2378 1602 2443 1655 ad
2474 1601 2812 1670 tranquillum
2846 1603 2995 1656 illum
3026 1613 3237 1670 portum
3268 1607 3536 1674 navigare.

1950 1695 2115 1763 gratia
2154 1703 2210 1748 et
2247 1694 2571 1763 benignitate
2596 1693 2804 1747 Domini
2832 1695 3001 1747 nostri
3028 1693 3155 1748 .lesu
3182 1694 3375 1750 Christi
3402 1735 3417 1762 ,
3450 1701 3538 1755 cui

1949 1786 2117 1856 gloria
2142 1797 2196 1842 et
2218 1786 2498 1857 imperium
2525 1786 2577 1845 iu
2604 1786 2795 1839 srecula
2826 1784 3165 1839 saeculorum.
3201 1785 3391 1840 Amen.

2009 1975 2365 2053 utanttscripti
2398 1990 2496 2053 non
2528 1979 2685 2053 pauci,
2720 1980 2965 2053 virtutum,
2990 1983 3206 2053 .legunt,
3241 2002 3354 2053 qua!
3388 1989 3538 2044 lectio

1946 2036 2127 2097 Optime
2152 2036 2441 2100 quadraret;
2466 2036 2556 2090 sed
2578 2040 2794 2092 Auiauus
2818 2036 2962 2106 legit;
2982 2036 3231 2097 Italiamin}.

270 2282 3534 2315 W

1646 2436 1999 2498 HOMILIA
2047 2435 2152 2503 ιν.

2982 2501 3007 2520 θ

282 2704 407 2757 CAP.
440 2700 479 2755 Ι.
506 2702 673 2755 v.17.
715 2700 900 2755 Omnes
933 2700 1087 2770 igitur
1125 2700 1467 2769 generationes
1508 2700 1568 2753 ab
1611 2698 1869 2752 Abraham
1962 2704 2103 2774 siam
2147 2711 2396 2757 accurate
2440 2702 2621 2771 ponit,
2659 2702 2794 2757 etin
2820 2701 2884 2755 iis
2910 2716 3030 2771 qua;
3061 2708 3359 2757 necessaria
3397 2701 3550 2757 erant
3624 2750 3629 2759 ,

351 2808 505 2860 usque
530 2793 597 2844 ad
627 2790 810 2855 David,
833 2792 1177 2861 generationes
1202 2791 1620 2859 quatuordecim;
1648 2799 1695 2843 et
1714 2806 1745 2841 a
1768 2788 1869 2840 Da-

348 2881 431 2934 vid
456 2897 615 2949 usque
642 2882 710 2933 ad
730 2882 1223 2947 transmigrationem
1248 2880 1547 2949 Babylonis,
1576 2878 1862 2948 generatio-

349 2988 437 3026 nes
473 2972 899 3041 qnatuordecim;
939 2980 984 3024 et
1026 2988 1058 3023 a
1105 2971 1547 3040 transmigratiane
1586 2967 1865 3038 Babylonis

346 3079 503 3133 usque
524 3064 591 3116 ad
620 3063 893 3129 Christum,
920 3064 1262 3133 generationes
1290 3062 1689 3132 quatuordeeim.

346 3196 397 3248 i.
423 3193 625 3248 Omnes
648 3194 1019 3263 generationes
1042 3193 1092 3245 in
1122 3200 1229 3245 tres
1256 3201 1437 3259 partes
1454 3192 1655 3255 divisit,
1678 3200 1861 3245 osten-
1916 3240 1919 3241 ν

278 3285 407 3341 dens
438 3286 558 3341 illos
587 3286 750 3339 etiam
778 3292 898 3354 post
927 3283 1230 3353 reipublicae
1256 3281 1483 3336 formam
1513 3282 1710 3351 pluries
1740 3297 1860 3335 mu—

276 3384 437 3429 tatam
466 3390 572 3429 uon
602 3377 836 3430 evasisse
872 3374 1121 3428 meliores
1143 3412 1159 3439 ,
1193 3372 1288 3426 sed
1325 3373 1438 3426 sive
1476 3373 1821 3426 aristoeratiaz
1844 3412 1862 3437 ,

272 3464 383 3518 sive
409 3479 597 3532 regno,
625 3465 737 3518 sive
759 3463 1063 3533 oligarchia:
1094 3472 1361 3530 parerent,
1386 3464 1440 3515 in
1470 3461 1659 3515 iisdem
1683 3476 1862 3516 versa-

273 3564 353 3609 tus
381 3554 540 3608 malis
566 3568 686 3609 esse
716 3571 729 3607 :
758 3569 819 3607 ac
846 3568 1021 3623 neque
1064 3553 1286 3607 ducibus
1309 3593 1325 3619 ,
1367 3566 1540 3620 neque
1570 3551 1863 3605 sacerdoti-

272 3644 387 3705 bus,
420 3658 594 3713 neque
634 3643 850 3712 regibus
892 3658 1007 3698 rem
1047 3643 1310 3711 publicam
1341 3640 1857 3708 administrantibus,

270 3735 528 3804 majorem
559 3750 723 3803 penes
748 3735 865 3789 illos
892 3734 1101 3787 virtutis
1123 3733 1384 3786 rationem
1415 3730 1597 3785 fuisse.
1633 3730 1739 3785 Cur
1762 3746 1860 3784 au-

270 3838 373 3882 tetn
397 3828 451 3880 in
476 3828 648 3880 media
673 3836 819 3895 parte
844 3836 955 3879 tres
970 3825 1309 3893 praetermisit
1328 3837 1498 3892 reges,
1522 3823 1572 3874 in
1593 3832 1858 3889 postrema

270 3928 446 3972 autem
474 3926 625 3986 parte
644 3914 1075 3986 generationibus
1100 3914 1379 3968 duodecim
1414 3922 1616 3966 tantum
1648 3912 1853 3981 positis,

268 4006 671 4077 quatuordecim
714 4007 856 4076 ipsas
883 4021 1003 4059 esse
1031 4005 1193 4058 dicit?
1237 4004 1471 4057 Primam
1503 4002 1855 4081 qumslionept

269 4084 417 4151 vobis
444 4096 759 4150 solvendam
791 4097 1064 4163 relinquo;
1111 4108 1218 4147 non
1255 4094 1397 4146 enim
1434 4092 1609 4144 omnia
1650 4090 1859 4145 solvere

268 4191 417 4242 Vultis
446 4182 667 4242 necesse
696 4196 794 4247 est.
829 4202 896 4239 ne
923 4186 1073 4251 vobis
1104 4182 1371 4238 fastiditum
1395 4196 1713 4252 generemus
1738 4197 1751 4233 :
1772 4194 1859 4235 se-

267 4282 493 4335 cundam
520 4292 694 4334 autem
722 4277 1130 4346 esplauabunus
1153 4278 1191 4329 ί.
1220 4275 1343 4329 Mihi
1372 4284 1516 4329 certe
1543 4273 1749 4327 videtur
1768 4284 1858 4325 ca-

268 4363 528 4434 ptivitatis
557 4371 768 4430 tempus
795 4359 880 4414 hic
910 4375 1005 4428 pro
1036 4373 1135 4413 una
1164 4358 1507 4427 generatione
1542 4353 1814 4409 munerari
1835 4391 1855 4422 ,

268 4456 361 4512 sed
389 4463 446 4511 et
474 4456 648 4524 ipsum
674 4453 943 4507 Christum
973 4450 1212 4523 [alteram
1243 4447 1520 4519 implere],
1551 4464 1709 4518 quem
1739 4448 1857 4503 ubi.

267 4560 371 4612 que
414 4544 568 4599 nobis
596 4541 888 4611 eoujungit.
928 4542 970 4594 Ε
1009 4555 1069 4594 re
1101 4548 1277 4593 autem
1313 4538 1667 4606 captivitatem
1708 4540 1853 4593 illam

266 4642 694 4699 commemorat,
724 4631 1013 4687 ostendens
1043 4631 1167 4683 illuc
1192 4630 1446 4684 deductos
1471 4670 1486 4695 ,
1518 4645 1619 4683 non
1651 4640 1854 4698 tempe-

268 4726 532 4779 mntiores
549 4724 812 4786 evasisse;
842 4722 912 4775 ita
935 4731 990 4775 ut
1011 4736 1225 4789 prorsus
1251 4721 1585 4775 necessarius
1612 4720 1856 4776 videatur

270 4808 430 4871 fuisse
444 4814 645 4871 Christi
662 4813 938 4867 adventus.
962 4810 1096 4879 Quid
1118 4825 1245 4879 ergo
1268 4811 1471 4864 Marcus
1496 4826 1598 4865 non
1622 4812 1849 4880 idipsum

269 4911 396 4977 agit,
420 4925 593 4979 neque
614 4908 739 4963 Jesu
761 4905 1119 4975 genealogiam
1143 4912 1401 4965 recenset,
1419 4901 1513 4955 sed
1536 4902 1853 4971 compendio

270 5003 448 5056 omnia
493 5000 693 5065 refert?
736 4997 860 5052 Mihi
905 4996 1118 5065 quidem
1164 4994 1371 5049 videtur
1412 4993 1686 5049 blatthzeus
1728 5004 1853 5049 ante

270 5106 457 5147 omnes
481 5064 697 5144 manum
728 5086 875 5156 operi
901 5064 1203 5141 admovisse
1228 5102 1242 5139 :
1264 5091 1587 5153 quapropter
1604 5084 1855 5153 genealo-

334 5320 351 5351 ¹
390 5328 511 5371 Tres
532 5327 637 5369 tm.
675 5330 743 5366 sic
766 5323 1047 5376 ttaueut,....
1089 5319 1351 5369 secundam
1395 5326 1554 5367 autent
1585 5314 1866 5376 explanabi-

276 5396 398 5441 mus,
417 5383 516 5434 imo
538 5389 583 5431 et
608 5379 817 5440 primaut
831 5388 1165 5442 Δψιοιμιεευοεια.
1190 5377 1263 5429 lbi
1290 5392 1393 5429 tres
1416 5381 1604 5442 paginae
1626 5379 1860 5438 adjiciun-

276 5396 398 5441 mus,
417 5395 516 5434 uno
538 5394 583 5431 ct
608 5394 817 5440 primum
840 5396 852 5427 ι
874 5394 1165 5441 ttoqtte,_etc.
1194 5394 1263 5429 lDl
1290 5394 1393 5429 tres
1416 5394 1604 5442 paginae
1626 5394 1860 5438 attletun-

276 5453 372 5502 tur,
398 5454 450 5493 ut
469 5441 779 5510 esphceutnr
814 5394 907 5489 illae
944 5442 1311 5502 quattuordecim
1342 5442 1714 5510 generationes,
1749 5452 1861 5510 quin

277 5514 386 5555 ante
412 5502 740 5565 captivitatem
778 5510 1111 5565 numerantur,
1136 5515 1321 5565 necnon
1344 5502 1707 5565 (ptatuordecim
1732 5502 1859 5559 alite,

277 5580 384 5628 qua:
532 5556 883 5629 captivitatem.
908 5564 1023 5629 Quia
1049 5556 1165 5612 vero
1183 5563 1286 5629 haec
1304 5556 1589 5629 abdomina)
1613 5562 1738 5610 lecta
1764 5556 1858 5609 non

278 5622 523 5684 suot,'uec
548 5622 779 5673 videntur
804 5636 917 5686 esse
930 5622 1276 5686 Chrysostomi,
1304 5626 1351 5677 in
1385 5625 1530 5674 linem
1555 5622 1860 5674 Commenta-

275 5687 454 5738 riorum
479 5689 525 5737 iu
545 5686 816 5736 Matthmum
832 5684 1057 5746 ablegata
1080 5692 1209 5736 sunt.

1960 2793 2189 2858 insistit;
2236 2792 2444 2846 Marcus
2489 2805 2622 2846 vero
2661 2800 2782 2859 post
2825 2791 2998 2861 ipsum
3044 2792 3276 2861 scripsit,
3326 2791 3551 2858 ideoque

1958 2882 2278 2953 compendio
2300 2881 2496 2945 studet,
2524 2892 2708 2949 utpote
2727 2880 2821 2951 qui
2836 2881 2946 2950 jam
2972 2881 3113 2937 dicta
3134 2890 3189 2934 et
3214 2891 3336 2934 nota
3365 2896 3552 2936 recen-

1957 2984 2094 3029 seat.
2142 2972 2249 3025 Cur
2284 2987 2411 3039 ergo
2457 2972 2627 3025 Lucas
2666 2972 2825 3025 etiam
2855 2971 3218 3040 genealogiam
3247 2980 3301 3025 et
3330 2953 3546 3041 quidem

1957 3064 2197 3134 pluribus
2248 3062 2469 3117 scribit?
2524 3063 2655 3127 Quia
2710 3062 2991 3116 Mattha‘us
3032 3063 3141 3131 jam
3204 3061 3552 3132 prmccsse'rat

1951 3158 2205 3223 viamque
2248 3160 2562 3223 paraverat,
2602 3152 2766 3205 voluit
2815 3152 2903 3205 ille
2946 3153 3143 3221 aliquid
3186 3154 3413 3222 amplius
3452 3170 3557 3210 uos‘

1957 3245 2204 3299 educere.
2248 3243 2485 3309 Quisque
2527 3241 2909 3306 discipulorum
2942 3243 3252 3310 magistrum
3286 3260 3439 3297 suum
3467 3253 3551 3300 est

1956 3322 2223 3398 imitatus;
2262 3334 2346 3385 hic
2376 3332 2618 3395 Paulum,
2644 3331 2887 3386 ubertate
2916 3332 3132 3386 flumina
3163 3346 3503 3402 superantem
3529 3351 3545 3401 ;

1954 3426 2044 3480 ille
2068 3425 2306 3488 Petrum,
2335 3421 2580 3478 brevitati
2602 3416 2925 3477 studentem.
2955 3422 3062 3476 Cur
3084 3438 3245 3491 porro
3271 3425 3549 3481 Mattlueus

1954 3518 2008 3572 in
2036 3516 2257 3570 exordio
2286 3529 2391 3569 non
2422 3514 2591 3580 dixit,
2624 3513 2763 3568 sicut
2787 3524 2841 3567 et
2868 3512 3141 3582 prophetae
3161 3554 3175 3581 ,
3221 3514 3358 3568 Visio
3394 3534 3546 3583 quam

1951 3606 2075 3668 vidi,
2102 3605 2209 3670 vel,
2244 3603 2425 3659 Sermo
2462 3603 2550 3672 qui
2589 3607 2753 3673 factus
2793 3611 2865 3657 est
2902 3604 2971 3655 ad
3010 3604 3127 3657 me?
3170 3605 3433 3670 Quoniam
3474 3606 3542 3659 ad

1953 3696 2088 3764 frugi
2134 3694 2379 3749 homines
2413 3693 2714 3759 scribebat,
2745 3694 2834 3761 qui
2864 3693 3153 3747 admodum
3185 3695 3341 3748 dictis
3368 3705 3546 3751 atten-

1951 3789 2161 3842 derent.
2208 3787 2421 3841 Etenim
2459 3788 2569 3854 jam
2609 3794 2811 3853 patrata
2843 3786 3095 3839 miracula
3122 3786 3461 3853 clamabant,
3493 3798 3549 3845 et

1952 3880 2040 3948 qui
2069 3880 2403 3947 evangelium
2434 3878 2788 3946 accipiebant,
2821 3878 2975 3945 plane
3002 3877 3193 3933 fideles
3216 3889 3389 3934 erant.
3418 3882 3544 3935 Pro-

1951 3973 2229 4039 phetarum
2256 3986 2383 4024 vero
2410 3979 2650 4033 tempore
2680 3983 2786 4022 non
2815 3979 2892 4023 tot
2916 3979 3069 4023 erant
3099 3970 3352 4023 miracula
3376 4013 3391 4035 ,
3423 3988 3544 4040 quae

1954 4058 2330 4111 auctoritatem
2354 4058 2485 4127 ipsis
2507 4060 2778 4127 iudereut,
2799 4074 2854 4119 et
2876 4080 3065 4135 magna
3088 4075 3217 4121 tunc
3237 4070 3557 4138 erumpebat

1956 4146 2543 4215 pseudoprophetarum
2573 4151 2760 4217 turba,
2790 4154 2983 4222 quibus
3012 4157 3179 4225 magis
3206 4160 3557 4215 attendebant

1953 4238 2144 4307 Judaei.
2168 4237 2527 4305 Quamobrem
2553 4240 2637 4297 hic
2654 4246 3036 4319 promniiorum
3060 4247 3251 4301 modus
3270 4250 3408 4317 apud
3430 4251 3554 4308 illus

1955 4329 2290 4393 necessarius
2328 4340 2464 4389 erat.
2512 4331 2567 4385 Si
2613 4347 2740 4387 vero
2786 4335 2938 4403 signa
2976 4337 3295 4405 quandoque
3338 4338 3556 4409 fierent,

1955 4418 2305 4472 barbarorum
2328 4434 2510 4485 causa,
2535 4430 2593 4474 ut
2611 4423 2761 4476 multi
2780 4425 3033 4495 prosclyti
3058 4428 3395 4497 accederent,
3424 4430 3555 4482 ede-

1955 4508 2170 4563 Lautur.
2204 4510 2430 4564 Fiebant
2459 4526 2669 4581 quoque
2692 4515 2840 4583 signa
2866 4516 2932 4567 ad
2964 4516 3053 4570 Dei
3089 4521 3378 4585 potentiam
3406 4522 3559 4576 exhi-

1952 4600 2202 4665 bendam,
2238 4601 2451 4671 quando
2480 4604 2769 4658 adversarii
2800 4606 3033 4661 subactis
3070 4608 3291 4675 Judmis,
3330 4612 3556 4667 deorum

1952 4702 2172 4751 suorum
2204 4691 2251 4744 vi
2282 4701 2336 4745 et
2363 4693 2565 4746 auxilio
2592 4707 2652 4746 se
2678 4695 2872 4750 vicisse
2902 4698 3179 4764 putabant,
3215 4710 3269 4753 ut
3297 4700 3349 4754 in
3384 4701 3555 4774 /Eg‘y-

1956 4788 2047 4850 pto
2071 4782 2328 4851 contigit,
2359 4782 2500 4836 unde
2540 4784 2838 4852 promiscua
2883 4788 3032 4840 turha
3081 4789 3311 4857 profecta
3342 4803 3426 4845 est
3460 4810 3471 4844 :
3507 4803 3559 4849 et

1952 4879 2137 4939 postea
2171 4872 2222 4924 in
2252 4871 2546 4940 Babylone,
2577 4889 2696 4941 quae
2722 4875 2789 4928 ad
2818 4874 3089 4931 fornacem
3120 4888 3175 4932 et
3200 4882 3404 4935 somnia
3436 4897 3561 4953 Spe-

1950 4970 2117 5015 ctant.
2166 4962 2296 5016 Erat
2331 4964 2492 5017 etiam
2534 4979 2656 5018 cum
2696 4966 2845 5036 signa
2887 4967 3178 5023 ederentur
3223 4970 3274 5023 in
3318 4971 3555 5036 deserto,

1950 5052 2167 5122 quando
2195 5054 2276 5107 sui
2303 5053 2441 5121 juris
2466 5066 2641 5121 erant,
2674 5058 3126 5125 quemadmodqu
3158 5070 3211 5114 et
3239 5063 3377 5129 apud
3410 5079 3507 5116 nos
3544 5080 3556 5117 :

1952 5147 2150 5201 etenim
2179 5147 2318 5214 apud
2353 5161 2450 5201 nos
2479 5164 2601 5202 cum
2633 5150 2701 5204 ab
2727 5166 2913 5206 errore
2938 5169 3361 5224 emergeremus,
3397 5161 3548 5228 signa

1953 5239 2115 5292 multa
2142 5238 2379 5291 exhibita
2406 5250 2563 5303 sunt;
2592 5250 2713 5309 post
2739 5240 2853 5296 hanc
2882 5252 3084 5312 autem,
3116 5262 3236 5301 cum
3270 5265 3393 5302 vera
3424 5251 3551 5305 reli-

1952 5327 2043 5396 gio
2070 5327 2269 5397 ubique
2295 5328 2638 5383 disseminata
2670 5342 2848 5395 esset,
2881 5334 2969 5387 illa
2999 5349 3368 5393 cessaverunt.
3399 5316 3551 5405 Quod

1954 5420 1999 5472 si
2023 5427 2141 5487 post
2167 5422 2367 5472 exitum
2398 5436 2463 5473 ex
2497 5421 2709 5476 deserto
2732 5425 2880 5493 signa
2914 5427 3049 5481 facta
3076 5438 3201 5482 sunt
3224 5471 3237 5494 ,
3272 5432 3360 5484 illa
3386 5448 3553 5501 pauca

1954 5519 2009 5564 et
2033 5512 2231 5564 rariora
2261 5512 2509 5575 luerunt;
2549 5524 2603 5567 ut
2631 5530 2751 5568 cum
2781 5518 2857 5569 sol
2888 5521 3125 5577 sub5titit
3149 5564 3162 5587 ,
3198 5525 3278 5578 vel
3311 5540 3431 5578 cum
3462 5542 3552 5581 re-

1958 5615 2191 5657 trorsum
2222 5604 2407 5660 abivit.
2452 5603 2615 5673 Signa
2659 5623 2871 5677 quoque
2899 5612 3038 5677 apud
3069 5627 3170 5666 nos
3202 5612 3333 5668 facta
3371 5618 3551 5673 videre

1957 5694 2104 5749 licuit
2129 5711 2142 5748 :
2173 5712 2292 5750 nam
2322 5707 2479 5753 aetate
2508 5707 2685 5754 nostra
2718 5698 2817 5755 sub
2842 5699 3073 5771 Juliano,
3098 5704 3187 5773 qui
3216 5716 3403 5758 omnes
3439 5703 3543 5756 im-
