4140 6298
569 399 629 452 ιι
1297 383 1358 442 Β.
1395 381 1680 441 JOANNIS
1718 377 2198 435 CIIRYSOSTOIU
2234 378 2551 436 ARCHIEP.
2590 380 3132 441 CONSTANTINOP.

571 501 768 564 pietate
795 488 1086 557 superavit,
1108 485 1269 540 multa
1294 483 1657 551 mirabiliaque
1684 483 1818 535 facta
1839 489 1980 534 sunt.
2009 480 2138 530 Cum

571 583 713 636 enim
769 580 937 635 Juda-i
983 576 1233 646 templum
1276 572 1777 642 Jerosolymitanum
1821 570 2142 626 retedilicare

571 679 858 732 tentarent,
888 667 1024 737 ignis
1063 681 1094 720 e
1129 662 1485 718 fundamentis
1521 674 1807 730 erumpens
1834 674 2020 715 omnes
2045 660 2141 713 de-

575 760 799 822 terruit;
827 766 879 811 et
905 770 1025 810 cum
1054 754 1297 809 Julianus
1325 753 1555 806 furorem
1586 765 1736 805 suum
1770 751 1820 804 in
1850 763 1971 804 vasa
1995 764 2142 803 sacra

574 857 884 912 exerceret,
914 856 1148 916 quaestor
1172 853 1226 899 et
1252 843 1446 899 Juliani
1484 842 1774 896 avunculus
1809 841 1908 910 ipsi
1945 853 2142 910 cogno—

575 939 734 994 minis
781 936 920 1007 piexi
963 945 1090 989 sunt
1115 952 1130 989 :
1158 933 1305 1004 prior
1340 932 1487 987 enim
1523 947 1555 984 a
1589 933 1858 988 vermibus
1894 945 2158 986 corrosus.

577 1029 819 1094 interiit,
848 1028 982 1082 alter
1007 1041 1135 1081 vero
1162 1024 1365 1079 medius
1392 1023 1636 1092 diruptus
1661 1032 1774 1088 est;
1817 1023 2150 1091 peractisque

579 1121 775 1178 ibidem
803 1118 1076 1174 sacriﬁciis
1097 1117 1268 1170 fontes
1289 1115 1616 1179 deiecerunt,
1643 1127 1698 1170 et
1723 1114 1887 1168 fames
1915 1129 2033 1182 quae
2057 1127 2145 1166 eo-

578 1209 701 1266 dem
743 1212 1032 1279 imperante
1068 1208 1310 1264 civitates
1335 1207 1564 1271 invasit,
1598 1207 1886 1262 maximum
1915 1211 2030 1260 erat
2054 1203 2152 1256 mi-

582 1302 841 1356 raculum.

632 1502 690 1556 2.
717 1501 864 1556 Solet
899 1500 1038 1555 enim
1075 1498 1215 1553 Deus
1259 1497 1378 1551 haec
1425 1493 1714 1550 exhibere:
1742 1492 1955 1564 quando
1996 1491 2136 1547 mala

567 1609 725 1663 supra
748 1590 961 1645 modum
985 1598 1260 1658 augentur,
1285 1600 1405 1642 cum
1437 1600 1562 1639 suos
1582 1586 1634 1638 in
1650 1584 1900 1637 :erumnis
1914 1581 2137 1645 versari,

567 1683 1008 1750 adversariosque
1052 1679 1322 1749 tyrannica
1365 1677 1414 1731 vi
1461 1675 1773 1731 debacchari
1807 1674 1986 1736 videt,
2019 1685 2143 1727 tunc

569 1786 720 1826 suam
735 1769 965 1825 ostendit
981 1768 1286 1836 potentiam.
1303 1764 1356 1818 ld
1370 1764 1508 1833 quod
1525 1763 1684 1818 etiam
1705 1765 1754 1815 in
1772 1761 1988 1815 Perside
2005 1760 2142 1812 circa

570 1862 783 1918 Judaaos
813 1859 1076 1929 praestitit.
1103 1857 1253 1922 Quod
1282 1870 1408 1924 ergo
1435 1869 1539 1908 non
1591 1853 1706 1907 sine
1743 1865 1902 1906 causa
1947 1847 2144 1904 Christi

574 1952 936 2020 progenitores
983 1947 1040 2001 in‘
1079 1955 1189 2000 tres
1235 1953 1414 2014 partes
1448 1942 1814 2002 distribuerit,
1860 1955 1926 1994 ex
1973 1951 2137 2005 supra

574 2039 729 2092 dictis
763 2038 935 2105 palam
960 2045 1060 2090 est.
1094 2033 1496 2089 Animadvertas
1525 2032 1685 2086 velim
1737 2029 1826 2083 ubi
1853 2029 2066 2092 incipiat
2097 2034 2147 2076 et

580 2146 687 2200 quo
711 2129 923 2186 desinat
952 2146 966 2182 :
1007 2126 1076 2182 ab
1106 2126 1369 2181 Abraham
1401 2125 1452 2179 in
1491 2124 1774 2188 Davidem;
1805 2137 1836 2176 a
1867 2121 2064 2175 Davide
2092 2135 2145 2175 m

575 2222 931 2291 captivitatem
956 2219 1268 2290 Babylonis;
1317 2218 1385 2272 ab
1431 2215 1530 2270 hac
1559 2215 1614 2268 in
1648 2214 1820 2282 ipsum
1852 2210 2144 2268 Christum.

575 2310 708 2364 Nam
730 2309 880 2364 initio
900 2307 1087 2362 ambos
1116 2321 1217 2362 una
1247 2307 1386 2361 serie
1407 2305 1600 2373 posuit,
1623 2302 1871 2358 Davidcm
1902 2311 1956 2357 et
1979 2302 2148 2356 Abra-

578 2403 789 2455 lamum
828 2417 842 2454 :
869 2399 1062 2454 deinde
1091 2405 1360 2466 resumpta
1391 2396 1698 2466 genealogis
1724 2403 2011 2462 utrumque
2031 2407 2147 2445 me-

575 2493 817 2545 moravit.
849 2490 1000 2552 Nam,
1029 2498 1087 2542 ut
1109 2488 1220 2557 1am
1247 2487 1389 2550 dixi,
1421 2487 1524 2540 illis
1556 2486 1707 2540 facta:
1761 2485 1973 2537 fuerant
2019 2498 2148 2550 pro-

576 2581 873 2634 missioues.
900 2559 1009 2632 Cur
1051 2592 1243 2646 porro,
1298 2585 1354 2630 ut
1383 2576 1755 2643 Babylonicam
1804 2573 2148 2639 transmigra-

576 2671 773 2725 tionem
807 2671 1142 2732 memoravit,
1174 2682 1278 2721 non
1316 2666 1535 2737 perinde
1560 2666 1850 2720 descensus
1883 2663 1933 2715 in
1980 2661 2148 2731 Egy-

575 2771 722 2828 ptum
741 2758 1065 2814 mentionem
1093 2758 1215 2813 fecit
1235 2757 1260 2810 ?
1283 2756 1414 2823 Quia
1445 2753 1723 2825 Egyptios
1752 2769 1856 2806 non
1875 2753 2008 2806 ultra
2034 2766 2148 2805 me-

576 2852 824 2915 tuebant,
875 2850 1196 2921 Babylonios
1241 2863 1367 2903 vero
1397 2847 1570 2901 adhuc
1621 2845 1916 2899 tremebant
1971 2843 2143 2898 :illud

571 2943 713 2995 enim
741 2942 970 3010 priscum
1001 2949 1149 3001 erat,
1173 2941 1275 2994 hoc
1304 2955 1429 2993 vero
1469 2952 1655 2992 recens
1678 2976 1695 3002 ,
1741 2946 1794 2990 et
1823 2936 1980 3004 paulo
2020 2943 2148 2988 ante

571 3042 778 3100 gestum
802 3047 816 3095 ;
849 3040 1007 3099 atque
1036 3030 1163 3084 illuc
1190 3043 1296 3083 non
1342 3029 1412 3082 ob
1441 3037 1658 3098 peccata
1704 3025 1918 3080 deducti
1947 3033 2142 3090 erant,

572 3123 707 3175 istuc
747 3136 874 3175 vero
917 3121 1179 3174 scelerum
1202 3132 1361 3173 causa
1392 3118 1634 3172 translati
1661 3116 1889 3172 fuerant.
1929 3116 1987 3172 Si
2015 3116 2136 3184 quis

574 3228 704 3266 vero
735 3213 1007 3266 nominum
1029 3210 1520 3278 interpretationem
1542 3208 1758 3277 aggredi
1801 3207 1966 3270 velit,
2000 3207 2140 3260 mul-

571 3309 676 3355 tam
709 3302 778 3356 ibi
807 3302 1036 3371 reperiet
1059 3295 1367 3368 speculandi
1410 3299 1685 3351 materiam
1714 3337 1730 3361 ,
1762 3311 1882 3365 qute
1906 3296 1971 3349 ad
2011 3296 2142 3350 Novi

571 3390 895 3444 Testamenti
919 3388 1318 3456 intelligentiam
1346 3387 1573 3440 maxime
1607 3384 1881 3448 conferat;
1915 3383 2145 3451 exempli

568 3495 724 3532 causa
750 3495 818 3532 ex
851 3477 1154 3532 nominibus
1195 3475 1479 3530 Abrahami
1512 3515 1524 3538 ,
1553 3474 1756 3536 Jacobi,
1793 3473 2099 3527 Salomonis
2123 3513 2139 3539 ,

568 3569 906 3624 Zurobabelis
935 3585 950 3622 :
985 3584 1087 3622 non
1119 3567 1261 3622 enim
1291 3559 1490 3619 temere
1517 3566 1630 3617 haec
1669 3565 1771 3618 illis
1815 3564 2027 3617 nomina
2053 3564 2136 3616 in-

567 3661 674 3715 dita
706 3668 844 3712 sunt.
870 3659 974 3714 Sed
1005 3675 1071 3712 ne
1112 3659 1317 3726 longius
1343 3665 1686 3710 excurrentes
1729 3654 2025 3709 moleStiam
2054 3654 2139 3708 in-

568 3750 819 3813 feramus,
853 3749 1029 3802 missis
1058 3748 1183 3811 illis,
1212 3747 1278 3800 ad
1305 3729 1470 3814 magis
1498 3744 1798 3798 necessaria
1839 3743 2136 3797 veniamus.

566 3841 697 3892 Cum
731 3840 906 3907 itaque
959 3819 1322 3907 progenitores
1348 3849 1534 3889 omnes
1563 3842 1966 3898 enumerasset,
1990 3841 2044 3886 et
2088 3833 2139 3886 in

564 3928 854 3995 Josephnm
876 3928 1141 3989 desiisset,
1168 3941 1272 3979 non
1301 3925 1386 3978 hic
1405 3925 1571 3989 stetit,
1596 3923 1688 3977 sed
1707 3922 1930 3986 addidit,
1947 3922 2138 3990 Ioseph

565 4020 729 4069 virum
751 4016 932 4069 Maria:
957 4032 975 4070 :
1002 4016 1287 4070 ostendens
1316 4029 1374 4068 se
1400 4020 1614 4083 propter
1637 4013 1777 4065 illam
1798 4013 1915 4080 ejus
1938 4027 2136 4081 genea-

566 4109 755 4175 logiam
800 4107 1036 4160 duxisse.
1071 4104 1269 4159 Deinde
1312 4119 1380 4157 ne
1410 4104 1631 4156 audiens
1655 4143 1669 4165 ,
1713 4101 1888 4154 Virum
1912 4100 2096 4154 Marica
2117 4142 2133 4168 ,

565 4207 780 4265 putares
805 4196 1071 4250 communi
1103 4205 1302 4247 naturae
1333 4194 1448 4260 lege
1475 4191 1747 4244 Christum
1780 4199 1960 4243 natum
1989 4205 2130 4246 esse:

562 4286 924 4338 animadverte
945 4283 1211 4352 quomodo
1235 4297 1297 4335 ea
1319 4280 1475 4334 addat
1499 4296 1617 4349 qua:
1644 4280 1949 4346 Opinionem
1979 4281 2132 4334 istam

562 4379 849 4443 corrigam.
887 4370 1112 4439 Audisti,
1149 4375 1317 4441 inquit
1342 4415 1355 4437 ,
1388 4373 1558 4426 virum
1583 4410 1597 4433 ,
1639 4371 1831 4424 audisti
1862 4381 2084 4424 matrem
2115 4411 2132 4436 ,

561 4467 751 4520 audisti
781 4479 972 4519 nomen
1005 4479 1169 4532 puero
1197 4462 1287 4516 dat
1306 4477 1403 4526 tm;
1435 4459 1556 4515 audi
1589 4460 1747 4516 etiam
1773 4461 2132 4528 generationis

562 4555 799 4609 modum.
843 4553 927 4607 18.
975 4551 1100 4606 Iesu
1144 4550 1329 4605 Christi
1377 4561 1544 4603 autem
1591 4549 1846 4619 generatio
1892 4551 1963 4601 sic
2001 4559 2128 4602 erat.

560 4647 728 4710 Quam
757 4644 904 4704 mihi,
945 4656 1146 4711 quaeso,
1179 4640 1572 4709 generationem
1605 4640 1817 4692 narras?
1848 4655 1967 4692 nam
1999 4656 2124 4707 pro-

557 4740 826 4808 genitores
852 4735 967 4818 ejus
987 4734 1093 4801 jam
1127 4732 1328 4786 dixisti.
1353 4733 1420 4785 At
1444 4732 1564 4784 volo
1586 4731 1744 4783 etiam
1765 4731 2125 4798 generationis

558 4828 773 4880 modum
821 4839 1105 4892 exponere.
1143 4822 1324 4876 Viden’
1360 4819 1628 4888 quomodo
1654 4819 1947 4874 auditorem
1975 4822 2124 4875 exci-

554 4905 766 4958 tavi-rit?
781 4903 911 4959 Nam
936 4909 1084 4971 quasi
1105 4906 1226 4959 novi
1242 4906 1511 4976 quidpiam
1533 4907 1792 4974 diaurus,
1819 4923 1877 4962 se
1900 4909 2114 4963 modum

548 5010 761 5063 quoque
809 4996 1189 5063 explicaturum
1235 4998 1515 5065 promittit.
1545 4999 1608 5052 Et
1637 4999 1758 5053 vide
1798 4999 1926 5053 mihi
1972 4999 2119 5071 opti-

551 5101 690 5140 mam
714 5087 976 5141 dictorum
1024 5087 1622 5157 c0nsequentiam.Non
1665 5090 1808 5144 enim
1849 5091 2023 5143 statim
2051 5090 2118 5144 ad

547 5178 947 5244 generationem
975 5179 1120 5234 venit
1153 5197 1167 5231 :
1197 5179 1289 5234 sed
1322 5193 1418 5234 nos
1439 5181 1664 5248 primum
1695 5181 1898 5244 edocet,
1927 5193 2121 5251 quotus

547 5276 690 5320 esset
712 5269 779 5322 ab
808 5269 1108 5322 Abrahamo
1133 5311 1148 5334 ,
1177 5279 1372 5337 quotus
1414 5286 1445 5324 a
1477 5271 1671 5325 Davide
1699 5281 1752 5325 et
1795 5288 1824 5323 a
1858 5269 2108 5325 transmi-

548 5358 788 5422 gratione
817 5356 1117 5428 Babylonis,
1145 5367 1199 5412 et
1219 5357 1527 5429 diligentem
1554 5360 1849 5414 auditorem
1876 5374 1973 5428 per
2002 5359 2116 5416 ha-c

548 5445 612 5496 ad
641 5452 1399 5515 temporumcomputationem
1431 5449 1634 5507 invitat.
1665 5450 1957 5504 ostendens
1981 5449 2118 5505 hunc

546 5549 665 5589 esse
694 5535 959 5589 Christum
991 5553 1019 5590 a
1066 5523 1339 5606 prophetis
1385 5538 1750 5608 praedicatum.
1800 5536 1931 5592 Cum
1976 5543 2117 5593 enim

548 5630 916 5692 generationes
946 5632 1304 5684 numeraveris
1324 5673 1339 5694 ,
1369 5641 1529 5699 atque
1575 5645 1637 5685 ex
1685 5630 1937 5702 temporis
1969 5643 2115 5684 com-

3737 385 3809 443 42

2269 487 2538 553 putatione
2566 485 2816 541 didiceris
2841 487 3090 542 eumdem
3123 487 3300 558 ipsum
3323 501 3442 543 esse
3465 529 3481 553 ,
3513 484 3671 540 facile
3690 485 3844 540 exci-

2263 578 2377 643 pies
2421 576 2732 630 miraculum
2780 577 2832 630 in
2860 576 2977 645 ejus
3021 587 3145 631 ortu
3184 586 3468 646 patratum.
3515 575 3650 643 Quia
3697 574 3843 628 enim

2261 682 2510 737 magnum
2539 666 2809 735 quidpiam
2839 666 3155 736 loquuturus
3184 676 3319 732 erat,
3361 667 3503 735 quod
3529 682 3596 720 ex
3619 664 3843 734 Virgine

2262 768 2417 810 natus
2437 765 2595 818 esset,
2623 756 2929 824 priusquam
2954 764 3165 825 tempus
3185 765 3492 824 computet,
3513 755 3845 810 subobscure

2261 844 2514 914 loquitur,
2549 843 2726 898 Virum
2753 844 2936 899 Marii:
2962 845 3146 900 dicens
3171 886 3188 912 ,
3219 845 3344 915 quin
3386 854 3442 899 et
3468 844 3836 914 generationis

2261 937 2454 990 seriem
2481 935 2767 990 intersecat
2799 954 2812 990 :
2847 937 3170 1006 insuperque
3196 951 3363 990 annos
3391 943 3712 1000 enumerat,
3739 935 3837 988 ad-

2259 1040 2482 1081 monens
2519 1024 2844 1090 auditorem,
2870 1025 3010 1080 hunc
3031 1026 3204 1094 ipsum
3235 1040 3355 1081 esse
3379 1066 3393 1090 ,
3421 1040 3580 1093 quem
3614 1026 3845 1094 patriar-

2255 1114 2354 1168 cha
2369 1114 2534 1169 Jacob
2551 1112 2704 1183 (Gen.
2726 1114 2815 1170 49.
2846 1113 2956 1185 l0),
2983 1114 3350 1170 deficientibus
3374 1115 3587 1168 demum
3608 1113 3846 1169 Judaicis

2257 1203 2601 1273 principibus,
2638 1203 2940 1260 adfuturum
2974 1205 3107 1260 dixit
3133 1223 3146 1257 :
3169 1220 3328 1274 quem
3371 1205 3626 1276 propheta
3653 1205 3841 1259 Daniel

2256 1294 2422 1364 (Cap.
2455 1296 2508 1351 9.
2541 1312 2588 1350 υ.
2619 1295 2690 1352 25
2711 1326 2738 1339 -
2763 1295 2872 1370 27)
2910 1306 3032 1368 post
3059 1297 3250 1350 multas
3305 1296 3420 1350 illas
3471 1295 3838 1351 hebdomadas

2251 1393 2532 1439 venturum
2595 1402 2716 1440 esse
2778 1387 3042 1456 praedixit.
3110 1385 3165 1440 Si
3215 1386 3335 1454 quis
3384 1393 3562 1441 autem
3613 1387 3846 1441 voluerit

2208 1488 2211 1490 '
2253 1489 2422 1530 annos
2449 1477 2569 1530 illos
2606 1492 2703 1546 per
2741 1476 3195 1532 hebdomadarum
3233 1490 3512 1530 numerum
3543 1475 3611 1529 ab
3639 1475 3836 1545 angelo

2255 1568 2454 1622 Danieii
2485 1568 2656 1622 dictos
2679 1610 2693 1633 ,
2737 1568 2804 1622 ab
2827 1568 3180 1623 aediﬁcatione
3206 1567 3350 1622 urbis
3377 1581 3698 1621 enumerans
3718 1607 3734 1628 .
3769 1568 3824 1620 in

2255 1657 2422 1725 ipsius
2447 1667 2621 1711 ortum
2651 1656 2980 1712 descendere
3005 1698 3022 1723 ,
3069 1657 3184 1712 haec
3231 1672 3354 1711 cum
3387 1657 3490 1710 illis
3513 1657 3824 1711 consentire

2252 1747 2634 1816 deprehendet.
2668 1748 2762 1802 Dic
2785 1762 2914 1818 ergo
2938 1748 3208 1817 quomodo
3235 1756 3392 1802 natus
3415 1749 3486 1802 sit
3512 1765 3525 1800 :
3549 1745 3676 1801 Cum
3697 1756 3831 1800 esset

2251 1838 2560 1906 desponsata
2589 1847 2749 1890 mater
2767 1839 2877 1907 ejus
2904 1837 3095 1892 Maria.
3129 1837 3244 1893 Non
3273 1837 3441 1902 dixit,
3486 1837 3649 1906 Virgo
3672 1877 3686 1902 ,
3730 1839 3831 1892 sed

2250 1928 2564 1995 simpliciter
2587 1969 2603 1994 ,
2660 1926 2849 1995 Mater,
2876 1938 2934 1983 ut
2960 1943 3140 1983 sermo
3179 1928 3330 1983 facile
3355 1936 3660 1998 caperetur.
3694 1927 3825 1982 Ideo

2247 2033 2368 2071 cum
2401 2019 2546 2088 prius
2569 2029 2918 2088 praepamsset
2943 2019 3238 2075 auditorem
3268 2019 3335 2074 ad
3363 2020 3562 2090 aliquid
3592 2035 3820 2087 eorum.

2246 2125 2365 2176 quae
2392 2126 2456 2164 ex
2487 2124 2638 2164 more
2680 2111 2928 2176 veniunt,
2955 2111 3278 2166 audiendum
3304 2151 3320 2175 ,
3365 2120 3421 2166 et
3463 2115 3515 2165 in
3556 2113 3658 2168 hac
3681 2111 3836 2181 cogi-

2249 2200 2446 2252 unione
2473 2199 2785 2253 retinuisset
2809 2239 2822 2261 ,
2855 2211 2979 2254 tunc
3005 2201 3262 2269 percellit,
3309 2215 3424 2256 rem
3455 2201 3825 2257 admirandam

2244 2286 2572 2355 subjungens
2603 2286 2686 2342 his
2713 2287 2889 2342 verbis
2917 2304 2931 2340 :
2965 2290 3245 2359 Antequam
3264 2290 3604 2356 convestiunt,
3628 2291 3834 2344 inventa

2244 2388 2315 2429 est
2340 2379 2392 2429 in
2410 2387 2550 2430 utero
2573 2379 2765 2432 habens
2790 2381 2852 2433 de
2889 2378 3090 2448 Spiritu
3113 2389 3306 2434 sancto.
3335 2379 3449 2434 Non
3480 2381 3632 2446 dixit,
3664 2382 3834 2436 Ante.

2250 2492 2408 2546 quam
2429 2475 2713 2531 duceretur
2745 2476 2798 2531 in
2843 2476 3061 2530 domum
3089 2477 3269 2547 sponsi
3301 2495 3315 2531 :
3358 2479 3500 2531 intus
3534 2477 3675 2533 enim
3715 2477 3835 2545 jam

2247 2578 2383 2624 erat.
2401 2567 2536 2622 Nam
2561 2582 2679 2622 mos
2710 2567 2896 2636 priscis
2922 2576 3037 2622 erat
3064 2582 3288 2637 sponsas
3317 2576 3368 2621 ut
3401 2568 3683 2636 plurimum
3707 2568 3814 2622 do-

2247 2659 2317 2712 mi
2349 2668 2528 2712 tcnere
2551 2698 2565 2723 ,
2614 2657 2722 2710 imo
2749 2657 2907 2710 etiam
2935 2671 3075 2710 nunc
3111 2656 3162 2710 id
3200 2657 3378 2711 videre
3419 2667 3504 2712 est
3547 2675 3562 2712 :
3606 2669 3660 2712 et
3703 2657 3828 2712 Loti

2244 2747 2426 2817 generi
2456 2763 2575 2802 cum
2621 2747 2737 2816 ipso
2766 2746 3095 2803 habitabant.
3123 2746 3404 2802 llabitabat
3456 2761 3586 2817 ergo
3613 2757 3668 2802 et
3711 2748 3844 2818 ipsa
3879 2815 3902 2817 _

2246 2854 2363 2895 cum
2391 2837 2646 2908 Josepho.

2321 2985 2376 3060 5.
2424 3005 2529 3059 Cur
2556 3002 2725 3057 Maria
2767 3018 2868 3056 non
2892 3011 3009 3057 ante
3030 3001 3290 3072 sponsalia
3326 2999 3628 3069 conceperit.
3656 2997 3836 3067 Spiri-

2248 3104 2325 3148 tus
2351 3095 2575 3163 operatio
2602 3095 2653 3146 in
2684 3091 2888 3163 Virgine
2907 3109 3006 3145 non
3033 3091 3362 3160 exploranda.
3385 3120 3457 3130 —
3472 3090 3575 3146 Sed
3598 3105 3695 3148 cur
3719 3105 3830 3146 non

2244 3193 2368 3237 ante
2420 3183 2686 3252 sponsalia
2736 3182 3028 3249 concepit?
3056 3180 3144 3246 Ut,
3186 3180 3632 3248 quemadmodum
3675 3179 3810 3245 dixi,

2245 3287 2333 3326 res
2361 3273 2738 3335 occultaretur,
2767 3280 2822 3325 et
2851 3281 2910 3325 ut
2938 3271 3101 3340 Virgo
3140 3285 3356 3340 pravam
3402 3284 3616 3324 omnem
3644 3272 3830 3339 suspi-

2244 3365 2449 3418 cionem
2478 3363 2754 3433 effugeret.
2794 3363 3016 3430 Quando
3057 3364 3199 3417 enim
3245 3364 3350 3424 ille,
3396 3365 3486 3430 qui
3513 3363 3637 3432 plus
3664 3376 3826 3430 quam

2243 3467 2428 3507 omnes
2470 3454 2728 3523 zelotypia
2762 3454 2955 3521 corripi
2985 3461 3212 3521 poterat,
3259 3453 3542 3506 videbatur
3567 3467 3685 3506 eam
3718 3469 3826 3506 non

2246 3543 2405 3597 modo
2436 3558 2540 3595 non
2574 3543 2854 3597 traducere
2877 3584 2891 3607 ,
2925 3558 3024 3597 nec
3067 3543 3389 3596 inhonorare
3413 3583 3429 3608 ,
3457 3542 3551 3597 sed
3578 3543 3740 3596 etiam
3771 3546 3826 3597 in

2241 3633 2568 3686 consortium
2615 3634 2876 3701 accipere,
2925 3633 3128 3702 ipsique
3159 3633 3460 3686 ministrare
3503 3635 3824 3702 praegnanti,

2242 3722 2414 3788 palam
2447 3731 2528 3774 est
2556 3736 2676 3774 eum
2706 3736 2813 3774 non
2842 3722 2918 3774 sic
2949 3721 3231 3786 facturum,
3265 3721 3364 3774 nisi
3389 3736 3695 3790 persuasum
3731 3722 3826 3775 hac

2240 3811 2441 3864 bnisset
2485 3826 2601 3864 eam
2649 3827 2712 3864 ex
2741 3812 2937 3879 Spiritu
2982 3822 3166 3866 sancto
3203 3812 3510 3880 concepisse
3540 3828 3554 3876 ;
3585 3813 3823 3880 alioquin

2241 3901 2380 3954 illam
2429 3917 2526 3955 nec
2571 3903 2710 3968 apud
2752 3915 2812 3955 se
2857 3903 3184 3967 retinuisset,
3217 3917 3314 3956 nec
3345 3903 3397 3955 in
3424 3902 3544 3956 aliis
3583 3917 3683 3958 suo
3714 3905 3823 3956 mi-

2237 3990 2457 4042 nisterio
2487 3990 2732 4059 dignatus
2759 4001 2922 4046 esset.
2955 3978 3211 4061 Apposite
3251 4002 3425 4046 autem
3467 4001 3520 4046 et
3563 3993 3688 4046 illud
3732 3994 3824 4046 ad-

2233 4080 2390 4145 jecit,
2424 4078 2636 4132 Inventa
2667 4091 2738 4133 est
2769 4083 2821 4134 in
2861 4089 3002 4134 utero
3032 4083 3259 4147 habens;
3294 4083 3344 4136 id
3375 4083 3517 4151 quod
3545 4084 3647 4137 dici
3680 4087 3823 4138 solet

2239 4167 2289 4218 in
2333 4167 2492 4219 rebus
2520 4169 2815 4235 stupendis,
2865 4186 2983 4238 qua:
3028 4181 3224 4239 praster
3265 4186 3414 4239 spem
3460 4182 3513 4225 et
3541 4184 3822 4240 exspecta-

2238 4257 2434 4310 tionem
2483 4273 2695 4312 omnem
2740 4261 3006 4315 accidunt.
3052 4261 3130 4317 Ne
3173 4264 3332 4333 igitur
3359 4266 3492 4319 ultra
3533 4266 3818 4336 procedas,

2236 4365 2301 4401 ne
2331 4349 2456 4416 quid
2484 4366 2690 4418 quaeras
2722 4353 2854 4406 ultra
2883 4369 2943 4407 ea
2973 4370 3092 4424 qua:
3117 4356 3253 4410 dicta
3284 4367 3428 4417 sunt,
3459 4373 3633 4427 neque
3661 4359 3820 4414 dixe-

2233 4442 2327 4504 ris,
2355 4443 2631 4507 Quomodo
2652 4444 2882 4512 Spiritus
2903 4457 3118 4502 sanctns
3145 4448 3194 4502 id
3221 4465 3284 4503 ex
3314 4449 3530 4519 Virgine
3559 4461 3817 4518 operatus

2223 4535 2350 4588 est?
2380 4533 2433 4588 Si
2472 4535 2612 4589 enim
2641 4546 2822 4591 natura
2853 4551 3108 4607 operante
3133 4556 3291 4597 nemo
3323 4551 3496 4612 potest
3526 4543 3801 4598 formatio-

2225 4626 2307 4678 nis
2345 4625 2560 4680 modum
2604 4628 2868 4696 explicare
2892 4671 2907 4691 ,
2940 4633 3208 4699 quomodo
3238 4633 3438 4700 Spiritu
3490 4632 3812 4687 mirabiliter

2223 4727 2410 4785 agt-nte
2433 4759 2449 4781 ,
2497 4719 2785 4786 poterimus
2829 4721 2941 4776 lnec
2985 4723 3318 4791 explanare?
3351 4723 3426 4778 Nc
3455 4725 3596 4778 enim
3640 4740 3808 4780 evan~

2223 4809 2463 4875 gelistam
2492 4824 2715 4863 vexares
2742 4819 2796 4864 et
2822 4811 3138 4880 importunis
3165 4816 3551 4884 quaestionibus
3570 4815 3809 4881 exagi'a-

2223 4915 2328 4962 res,
2358 4900 2469 4964 ipse
2486 4901 2762 4954 enuntiato
2785 4903 3020 4956 miraculi
3052 4915 3272 4960 auctore
3297 4922 3416 4960 sese
3448 4907 3527 4959 his
3554 4908 3810 4977 omnibus

2223 4990 2482 5044 liberavit.
2517 4990 2656 5044 Nihil
2705 4993 2835 5045 ultra
2865 4995 2997 5058 scio,
3033 4995 3229 5064 inquit,
3264 4998 3363 5049 nisi
3397 4998 3497 5051 hoc
3533 5013 3561 5051 a
3593 4997 3801 5066 Spiritu

2221 5077 2415 5133 factum
2447 5095 2592 5136 esse.
2630 5081 2956 5137 Erubescant
2987 5084 3019 5137 ii
3065 5087 3153 5154 qni
3186 5101 3469 5156 supernam
3498 5089 3806 5157 generatio-

2220 5184 2340 5224 nem
2371 5171 2639 5227 curiosius
2664 5174 2962 5242 explorant.
2988 5175 3041 5230 Si
3072 5177 3212 5230 enim
3248 5178 3382 5232 hanc
3408 5194 3528 5247 quae
3554 5180 3802 5234 innume-

2220 5261 2293 5313 ris
2312 5263 2534 5317 testibus
2559 5263 2876 5328 celebratur,
2903 5277 2955 5321 et
2976 5276 3098 5321 ante
3123 5277 3198 5322 tot
3227 5270 3419 5323 saicnla
3449 5271 3804 5338 praenuntiata

2219 5351 2388 5407 fuerat
2416 5370 2536 5422 qum
2560 5363 2614 5408 ct
2633 5357 2800 5412 oculis
2825 5368 2879 5411 et
2907 5359 3071 5411 tactui
3123 5361 3302 5428 pervia
3343 5359 3462 5424 fuit,
3511 5375 3670 5414 nemo
3697 5377 3801 5431 po-

2220 5453 2322 5498 test
2344 5446 2612 5515 explicare
2644 5464 2657 5501 :
2689 5450 2744 5502 in
2791 5465 2952 5519 quem
2985 5468 3087 5505 non
3134 5453 3352 5506 insania:
3392 5454 3659 5508 cumulum
3701 5456 3802 5510 dc-

2210 5536 2436 5591 .veniunt
2468 5537 2523 5602 ii,
2564 5538 2655 5606 qui
2700 5555 2946 5595 arcanam
2993 5543 3132 5596 illam
3181 5559 3393 5598 curiose
3418 5554 3717 5599 scrutantur
3745 5557 3801 5601 et

2216 5629 2545 5698 explorant?
2588 5629 2772 5702 Neque
2817 5635 2959 5690 enim
3007 5633 3258 5704 Gabriel,
3305 5651 3478 5708 neque
3515 5638 3798 5695 Matutinus
