4140 6298
314 340 377 393 03
1456 337 1523 392 lN
1566 332 1877 391 ΜΔΤΤΙΙᾹΞ

1974 337 1984 393 ι
2031 338 2224 398 "0M"
2307 345 2393 401 IV.

294 465 437 522 aliud
482 466 759 537 quidpiam
806 465 987 521 dicere
1014 474 1336 535 potuerunt,
1378 465 1478 519 nisi
1507 464 1647 533 quod
1675 480 1739 517 ex
1772 463 1894 531 Spi-

294 549 400 614 ritu
432 569 590 614 natus
615 560 687 613 sit
712 574 727 621 ;
756 559 1027 627 quomodo
1047 566 1224 612 autem
1255 567 1309 612 et
1334 571 1437 626 qua
1466 558 1671 611 ratione
1686 572 1751 610 ex
1777 557 1890 626 Spi-

295 651 401 705 ritu
427 659 586 704 natus
615 650 709 712 sit,
739 649 917 703 nullus
943 663 1130 703 eorum
1159 650 1541 716 interpretatus
1565 654 1649 702 est
1673 663 1687 711 ;
1722 662 1894 715 neque

295 743 437 797 enim
467 742 520 795 id
542 739 659 797 ﬁeri
691 749 917 809 poterat.
945 740 1126 810 Neque
1151 739 1427 795 arbitreris
1453 750 1504 795 te
1534 748 1700 793 totum
1721 739 1892 794 edidi-

291 831 430 884 cisse
446 842 573 883 cum
590 830 763 890 audis.
789 829 1082 899 Ex-Spiritu
1100 846 1113 883 :
1133 844 1255 882 nam
1278 822 1554 898 postquam
1571 827 1896 883 hocedidici—

293 934 431 982 mus,
450 919 617 971 multa
637 919 811 973 adhuc
830 921 1156 989 ignoramus;
1179 919 1407 987 exempli
1426 932 1606 983 causa,
1624 916 1894 987 quomodo

292 1026 339 1066 ts
364 1010 455 1079 qui
488 1011 779 1065 immensus
812 1021 912 1073 est,
942 1011 993 1063 iu
1031 1010 1186 1063 vulva
1224 1010 1568 1073 continetur;
1622 1009 1893 1076 quomodo

293 1101 338 1155 is
376 1102 467 1169 qui
499 1100 681 1154 omnia
728 1099 1003 1163 continet,
1038 1098 1089 1152 in
1135 1109 1287 1153 utero
1323 1099 1564 1152 mulieris
1608 1104 1888 1167 gestator;

290 1192 567 1261 quomodo
594 1189 760 1259 Virgo
790 1191 1001 1258 pariat,
1029 1198 1085 1245 et
1122 1188 1282 1259 Virgo
1316 1198 1549 1243 maneat.
1579 1188 1881 1256 Quomodo,

295 1301 484 1356 qumso
516 1297 591 1353 te,
615 1286 847 1357 Spiritus
872 1287 1123 1354 templum
1146 1286 1275 1339 illud
1294 1283 1597 1339 efformavit
1616 1283 1640 1335 ?
1659 1298 1885 1351 quomo-

294 1375 367 1432 do
392 1392 502 1432 non
535 1384 699 1432 totam
738 1390 954 1431 carnem
996 1392 1061 1430 ex
1093 1384 1261 1433 matre
1290 1377 1536 1444 sumpsit,
1556 1374 1652 1429 sed
1683 1384 1887 1443 partem

294 1467 431 1535 eius,
461 1482 622 1533 quam
654 1468 803 1520 auxit
830 1476 885 1520 et
924 1466 1213 1520 formavit?
1252 1464 1384 1518 Nam
1430 1464 1571 1532 quod
1624 1481 1690 1518 ex
1724 1480 1888 1520 carne

296 1554 535 1625 Virginis
558 1555 847 1623 prodierit,
873 1554 1164 1609 declaravit
1190 1555 1273 1608 his
1320 1554 1500 1609 verbis
1534 1572 1546 1607 :
1576 1554 1727 1621 Quod
1751 1555 1885 1607 enim

294 1647 347 1700 iu
374 1662 435 1700 ea
460 1656 639 1699 uatum
664 1656 738 1698 est
760 1661 781 1699 :
804 1656 858 1700 et
889 1646 1085 1700 Paulus
1106 1685 1121 1708 ,
1154 1644 1365 1699 Factum
1390 1660 1455 1699 ea:
1490 1644 1701 1698 muliere
1738 1643 1879 1714 (Gal.

294 1738 348 1792 4.
375 1738 436 1805 4)
468 1754 483 1789 :
522 1738 609 1791 Ea;
632 1738 861 1801 muliere,
893 1738 1081 1806 inquit,
1114 1752 1205 1791 ora
1234 1737 1517 1792 obstruens
1565 1751 1751 1811 eorum
1792 1735 1885 1805 qui

293 1826 557 1892 dicerent,
582 1827 733 1896 quasi
761 1841 855 1895 per
875 1826 1158 1895 quemdam
1186 1826 1425 1881 canalem
1449 1841 1545 1895 per
1564 1842 1682 1880 eam
1707 1835 1882 1881 trans-

295 1917 418 1971 iisse
473 1918 747 1973 Christum
792 1918 891 1986 (a).
940 1917 1074 1974 Nam
1103 1912 1161 1971 si'
1202 1917 1308 1972 hoc
1345 1928 1505 1981 esset,
1555 1920 1682 1987 quid
1729 1929 1887 1974 utero

294 2023 426 2075 opus
455 2007 683 2063 fuisset?
721 2008 779 2063 Si
806 2007 910 2063 hoc
940 2016 1083 2063 esset
1108 2046 1120 2069 .
1164 2006 1294 2061 nihil
1342 2008 1564 2062 haberet
1603 2008 1879 2063 nobiscum

293 2112 580 2152 commune
605 2114 620 2161 ;
653 2097 748 2153 sed
776 2098 881 2152 alia
909 2107 1053 2153 esset
1072 2099 1158 2153 illa
1185 2112 1334 2160 caro,
1362 2113 1468 2151 non
1494 2113 1561 2152 ex
1580 2113 1752 2152 massa
1780 2113 1881 2152 no-

290 2194 421 2237 stra.
444 2186 728 2259 Quomodo
746 2201 877 2257 ergo
893 2202 958 2242 ex
984 2187 1161 2242 radice
1186 2187 1353 2242 Jessua
1374 2187 1397 2240 i
1417 2188 1688 2256 quomodo
1711 2190 1878 2259 virga,

294 2276 373 2328 vel
417 2276 581 2329 Filius
620 2275 893 2331 hominis?
933 2278 1201 2346 quomodo
1225 2277 1324 2333 llos
1346 2279 1363 2310 ί
1385 2279 1409 2331 ?
1432 2279 1699 2346 quomodo
1720 2279 1879 2333 Maria

294 2374 466 2419 mater
485 2368 672 2421 esset?
703 2382 811 2436 quo
840 2378 995 2436 pacto
1037 2382 1104 2423 ex
1138 2369 1343 2423 semine
1385 2368 1589 2423 David?
1612 2370 1881 2438 quomodo

292 2456 519 2509 formant
548 2456 691 2510 servi
718 2458 1030 2527 acceperit?
1069 2460 1341 2528 quomodo
1383 2457 1595 2512 Verbum
1638 2476 1760 2513 caro
1794 2463 1879 2532 fa-

291 2557 427 2600 ctum
446 2546 731 2616 estann.
760 2549 814 2602 l.
842 2548 931 2617 ll)
955 2548 980 2602 2
1007 2563 1110 2618 qua
1154 2549 1363 2604 ratione
1401 2548 1595 2604 Paulus
1624 2549 1880 2605 Romanis

290 2636 460 2690 dixit:
493 2636 579 2691 Ea:
613 2637 789 2703 quibus
812 2637 1040 2692 Christus
1085 2637 1363 2692 serundum
1416 2654 1642 2702 carnem,
1672 2641 1758 2706 qui
1801 2649 1876 2693 est

289 2743 441 2795 super
468 2729 641 2787 omnia
672 2726 806 2782 Deus
839 2727 1013 2799 (Rom.
1044 2728 1098 2783 9.
1126 2728 1223 2797 5)?
1250 2728 1404 2793 Quod
1425 2729 1585 2798 igitur
1613 2744 1681 2783 ex
1703 2730 1876 2795 nobis,

290 2832 351 2872 ex
381 2834 558 2872 massa
586 2827 767 2872 nostra
789 2827 842 2872 et
862 2833 928 2873 ex
956 2828 1111 2872 utero
1140 2816 1370 2886 Virginis
1405 2816 1683 2887 prodierit,
1704 2820 1878 2887 palam

292 2918 373 2964 est
398 2924 465 2963 ex
494 2908 653 2965 dictis
690 2924 865 2979 exque
904 2908 1023 2963 aliis
1071 2908 1314 2977 plurimis
1343 2924 1358 2962 :
1384 2907 1654 2977 quomodo
1699 2918 1879 2963 autem

292 3011 398 3051 non
429 2997 581 3052 item.
611 2995 690 3052 Ne
717 2997 876 3066 igitur
901 2997 955 3052 id
982 3005 1036 3051 tu
1062 3011 1273 3066 quaaras
1295 3036 1313 3063 ,
1340 2996 1435 3051 sed
1456 2997 1641 3065 accipe
1658 2995 1710 3050 id
1736 2997 1880 3066 quod

292 3087 583 3152 revelatur,
607 3094 661 3142 et
685 3102 755 3142 ne
777 3086 991 3142 curiose
1017 3095 1261 3140 scrutare
1283 3085 1336 3141 id
1361 3084 1503 3153 quod
1529 3094 1754 3141 tacetur.
1785 3088 1877 3143 l9.

290 3175 489 3245 Ioseph
509 3187 679 3230 autem
708 3177 784 3229 vir
812 3177 942 3246 ejus,
968 3190 1085 3228 cum
1103 3184 1233 3228 esset
1251 3174 1446 3243 justus,
1476 3175 1665 3245 inquit,
1688 3184 1735 3228 et
1760 3176 1878 3228 nol-

294 3266 358 3318 let
387 3281 503 3318 eam
530 3264 798 3317 traducere
818 3304 833 3328 ,
860 3262 1018 3317 uoluit
1069 3263 1263 3317 occulte
1292 3262 1543 3317 dimittere
1588 3280 1718 3317 eain.
1746 3265 1879 3319 Cum

282 3349 542 3413 dixisset,
575 3350 660 3404 Ex
708 3349 911 3419 Spiritu
941 3360 1147 3417 sancto,
1179 3359 1234 3405 et
1260 3350 1378 3405 sine
1411 3351 1522 3406 ullo
1554 3366 1867 3423 congressu,

280 3452 585 3493 sermonem
634 3451 792 3494 suum
831 3438 992 3494 etiam
1030 3438 1246 3494 aliunde
1282 3438 1584 3495 conﬁrmat.
1629 3442 1710 3497 Ne
1751 3444 1870 3513 quis

280 3528 425 3583 enim
454 3528 681 3597 diceret,
707 3527 861 3585 Unde
888 3528 992 3585 hoc
1016 3529 1355 3585 manifestum
1391 3531 1520 3585 est?
1546 3531 1669 3599 quis
1698 3533 1867 3599 novit,

280 3621 399 3689 quis
419 3619 624 3675 audivit
653 3620 757 3676 tale
789 3620 1063 3691 quidpiam
1102 3620 1300 3676 factum
1329 3622 1490 3677 esse?
1525 3638 1595 3678 ne
1634 3620 1872 3693 suspica-

281 3710 418 3765 reris
452 3708 772 3778 diseipulum
817 3710 871 3764 in
909 3710 1137 3780 gratiam
1176 3712 1417 3781 magistri
1467 3711 1572 3767 hoc
1595 3727 1872 3769 commen-

282 3809 394 3854 tum
424 3815 549 3856 esse
576 3816 591 3853 :
622 3800 823 3855 inducit
862 3800 1185 3870 Josephum,
1219 3816 1313 3869 per
1338 3816 1401 3856 ea
1429 3817 1549 3869 qua:
1578 3816 1765 3873 passus
1788 3813 1874 3860 est

281 3889 365 3945 his
390 3890 552 3945 fidem
572 3889 874 3955 facientem,
901 3904 965 3945 ac
992 3890 1036 3945 si
1062 3889 1265 3946 diceret
1296 3908 1311 3943 :
1339 3890 1397 3946 Si
1419 3891 1550 3946 mihi
1579 3892 1741 3949 ﬁdem
1766 3910 1874 3948 non

281 3978 468 4044 habes,
492 3979 535 4032 si
572 3979 930 4033 testimonium
968 3995 1143 4034 meum
1170 3981 1263 4034 tibi
1290 3992 1595 4049 suspectum
1623 3992 1725 4044 est,
1756 3997 1875 4037 cre-

280 4068 349 4123 de
382 4068 503 4123 viro
550 4068 713 4123 illius.
754 4069 947 4137 Joseplt
995 4069 1136 4123 enim
1158 4110 1172 4134 ,
1203 4069 1317 4134 ait,
1350 4071 1426 4123 uir
1448 4072 1577 4140 ejus,
1606 4088 1720 4125 cum
1748 4081 1875 4127 esset

274 4160 464 4228 justus.
504 4158 713 4215 Iustum
745 4158 830 4214 hic
872 4161 1015 4214 omni
1056 4160 1250 4215 virtute
1284 4159 1564 4229 praeditum
1605 4150 1774 4215 dicit:
1805 4161 1873 4217 ad

276 4249 539 4319 justitiam
567 4251 709 4303 enim
751 4250 980 4320 pertinet
1008 4265 1114 4304 non
1140 4265 1261 4306 esse
1288 4266 1529 4315 avarum,
1561 4261 1749 4321 estque
1780 4253 1871 4319 ju-

281 4342 423 4396 stitia
450 4343 629 4396 omnis
656 4343 821 4397 virtus
857 4351 955 4397 :ct
990 4342 1089 4397 hoc
1138 4344 1369 4397 maxime
1414 4357 1576 4411 sensu
1599 4342 1874 4412 Scriptura

279 4436 504 4504 institue
543 4450 674 4490 voce
713 4438 894 4501 utitur,
927 4443 985 4489 ut
1026 4437 1243 4504 quando
1274 4436 1403 4489 dicit
1435 4453 1447 4486 :
1488 4434 1655 4490 Manta
1674 4438 1870 4506 justus,

282 4540 437 4579 sera:
457 4524 581 4596 (Job
609 4526 659 4579 l.
694 4526 750 4595 l)
777 4541 791 4590 ;
817 4539 880 4580 ac
909 4540 1119 4580 rursum
1139 4565 1157 4589 ,
1190 4524 1353 4578 Erant
1378 4524 1522 4579 aiitba
1558 4526 1681 4590 iusti
1717 4525 1868 4598 (Luc.

285 4614 337 4669 ι.
363 4606 443 4685 θ).

341 4775 395 4827 ι.
434 4772 650 4843 Iosephi
700 4772 883 4849 Mariae
911 4774 1005 4827 viri
1058 4776 1251 4829 laudes.
1277 4806 1348 4816 —
1370 4777 1551 4832 Justus
1593 4796 1722 4851 ergo
1746 4798 1859 4837 cum

270 4871 418 4927 esset,
448 4863 502 4917 id
539 4874 651 4930 est,
695 4864 978 4933 benignus,
1011 4865 1340 4933 moderatus,
1367 4870 1523 4923 voluit
1552 4872 1746 4927 occulte
1773 4874 1858 4927 dt-

274 4953 469 5007 mittere
512 4970 640 5007 eam.
676 4955 801 5010 Ideo
829 4956 881 5009 id
920 4956 1060 5025 quod
1100 4957 1322 5027 contigit
1359 4971 1572 5015 enarrat
1614 4973 1735 5017 ante
1766 4980 1858 5020 no-

276 5046 442 5099 titiam
469 5043 669 5110 datam,
704 5054 763 5100 ut
789 5060 856 5100 ne
884 5046 1046 5101 fidem
1077 5047 1301 5111 deroges
1324 5050 1387 5104 iis
1418 5067 1538 5119 qua:
1565 5068 1623 5109 re
1650 5058 1856 5123 cognita

324 5294 395 5364 (ς)
428 5295 483 5346 Id
502 5294 829 5364 Valentiniani
843 5292 1085 5364 dicebant,
1108 5298 1165 5341 ut
1178 5292 1333 5364 habet.
1351 5292 1641 5364 Epiphanius
1654 5305 1706 5354 p.
1731 5294 1839 5349 172,

264 5353 542 5464 abii-Suae
561 5371 609 5420 p.
638 5356 749 5415 189,
764 5368 852 5418 per
868 5353 1072 5406 loriam
1093 5353 1406 5414 pertransisse
1422 5353 1545 5404 uelut
1564 5353 1741 5419 aquam
1757 5369 1845 5419 per

328 5491 497 5553 (Nam.
520 5495 756 5552 quomodo
774 5490 901 5553 ﬂos?
922 5503 1017 5539 non
1034 5487 1265 5553 leguntur
1287 5486 1410 5553 apud
1432 5486 1595 5553 Savil.,
1620 5492 1671 5532 et
1693 5497 1720 5531 a
1740 5482 1846 5553 plu-

264 5551 394 5659 mata
414 5546 739 5611 Itssfabsuut,
765 5546 850 5604 Sed
874 5546 1114 5603 habentur
1142 5553 1193 5600 in
1214 5546 1377 5601 Morel.
1416 5556 1469 5605 et
1500 5546 1623 5597 lecta
1643 5558 1758 5595 sunt
1784 5546 1848 5595 ab

342 5624 469 5661 uno.

3500 356 3574 413 46

1987 460 2135 519 gesta
2168 459 2309 504 sunt.
2339 451 2499 506 Certe
2524 452 2569 506 si
2601 453 2723 508 talis
2755 454 2840 508 illa
2876 455 3087 523 fuisset,
3108 471 3213 511 non
3236 457 3399 512 modo
3422 459 3582 529 digna

1991 550 2106 593 crat
2137 556 2256 609 qua:
2284 541 2675 607 traduceretur,
2695 544 2789 599 sed
2812 545 2972 598 etiam
2998 548 3139 600 illam
3162 549 3423 616 supplicio
3443 550 3582 603 aflici

1991 630 2076 683 lex
2105 630 2348 697 iubebat.
2372 630 2564 685 Verum
2588 632 2786 704 Josepb
2816 650 2920 688 non
2949 637 3109 689 modo
3138 638 3186 691 ei
3218 638 3358 705 quod
3388 654 3581 708 majus,

1990 720 2085 775 sed
2111 720 2273 776 etiam
2304 721 2351 775 ei
2383 722 2526 790 quod
2566 724 2743 778 minus
2770 734 2889 779 erat
2924 727 3212 791 consuluit,
3242 744 3438 799 nempe
3481 747 3581 800 pu-

1990 810 2128 865 dori.
2156 810 2272 864 Non
2306 811 2466 865 modo
2488 814 2630 867 enim
2673 814 2865 882 punire
2893 816 3128 879 nolebat,
3160 818 3254 873 sed
3296 834 3363 876 ne
3404 820 3582 874 tradu-

1991 914 2116 954 cere
2142 900 2377 969 quidem.
2415 900 2659 957 Vidistin’
2687 903 3060 974 philosophum
3091 909 3284 972 virum,
3316 918 3370 961 et
3395 919 3583 979 tyran-

1991 990 2111 1043 nico
2133 991 2225 1044 illo
2242 991 2438 1046 all'ectu
2464 996 2727 1049 vacuant?
2748 995 2929 1050 Nostis
2950 998 3091 1051 enim
3110 1009 3341 1068 quantus
3363 1002 3582 1056 morbus

1989 1078 2060 1130 sit
2107 1078 2391 1148 zelotypia.
2425 1082 2783 1148 Quamobrem
2812 1085 2857 1138 is
2901 1087 2990 1155 qui
3044 1086 3094 1139 id
3151 1088 3314 1156 probe
3355 1088 3579 1154 sciebat,

1989 1169 2165 1225 dixit:
2199 1168 2390 1225 Plenus
2418 1174 2527 1225 zelo
2574 1184 2647 1229 est
2680 1174 2828 1243 furor
2866 1177 2961 1231 uiri
3005 1180 3158 1247 ejus;
3199 1195 3302 1233 non
3330 1189 3502 1247 parcet
3527 1181 3579 1233 in

1988 1251 2071 1308 die
2108 1256 2341 1309 vindicta:
2370 1256 2552 1329 (Prov.
2601 1265 2638 1313 ἰ.
2675 1262 2807 1330 54);
2858 1273 2933 1331 et,
2983 1262 3131 1317 Dura
3174 1262 3305 1318 sicut
3354 1267 3585 1335 infernus

1984 1345 2240 1400 emutatio
2291 1347 2463 1415 (Cant.
2512 1350 2542 1404 8
2610 1351 2692 1416 ti).
2734 1352 2890 1407 Certe
2935 1354 3134 1407 multos
3170 1356 3447 1420 novimus,
3489 1358 3582 1426 qui

1984 1434 2171 1488 malint
2200 1438 2431 1493 animam
2461 1448 2729 1506 amittere,
2772 1458 2933 1512 quam
2976 1445 3028 1497 in
3075 1446 3354 1516 zelmypirc
3398 1448 3581 1516 suspi-

1986 1524 2193 1579 cionem
2229 1529 2483 1585 incidere.
2510 1532 2607 1586 llic
2637 1548 2798 1602 porro
2844 1549 2951 1589 non
3001 1551 3150 1590 mera
3177 1540 3412 1606 suspicio
3439 1548 3577 1602 erat,

1982 1629 2101 1667 cum
2135 1619 2273 1672 uteri
2306 1631 2483 1676 tumor
2510 1639 2621 1677 rem
2647 1624 2820 1692 palam
2851 1626 3067 1681 faceret.
3091 1630 3340 1683 Attamen
3369 1631 3437 1684 ita
3464 1640 3583 1687 erat

1979 1708 2047 1761 ab
2076 1710 2174 1763 hoc
2205 1713 2587 1770 animimorbo
2617 1717 2770 1781 liber,
2800 1728 2858 1771 ut
2898 1734 2966 1773 ne
3006 1720 3059 1773 in
3092 1722 3329 1776 minimis
3362 1722 3579 1791 quidem

1981 1798 2139 1852 vellet
2173 1800 2375 1871 Virgini
2419 1806 2727 1860 mmstitiam
2756 1807 2976 1862 inferre.
3007 1809 3143 1875 Quia
3172 1826 3302 1881 ergo
3326 1812 3469 1867 illam
3499 1814 3579 1867 in-

1981 1894 2063 1939 tus
2084 1889 2223 1956 apud
2249 1905 2308 1945 se
2336 1893 2568 1948 retinere
2609 1910 2706 1963 per
2736 1895 2909 1965 legem
2940 1912 3045 1951 non
3076 1898 3241 1953 licere
3271 1899 3573 1966 videbatur,

1981 1978 2263 2035 traducere
2301 1993 2479 2037 autem
2506 1984 2648 2037 illam
2676 1995 2733 2040 et
2760 1986 2811 2040 in
2837 1987 3100 2054 judicium
3128 1990 3366 2056 trahere,
3400 1991 3451 2044 id
3481 2006 3578 2045 ne-

1979 2072 2219 2123 cessario
2246 2081 2364 2127 erat
2389 2074 2456 2128 ad
2484 2086 2713 2130 mortem
2745 2078 2956 2133 tradere
2989 2097 3001 2131 :
3036 2089 3283 2135 neutrum
3311 2080 3453 2148 fecit,
3478 2083 3575 2139 sed

1977 2172 2139 2226 supra
2192 2163 2362 2232 legem
2386 2166 2497 2233 jam
2550 2181 2610 2222 se
2651 2183 2841 2237 gerere
2880 2171 3063 2239 cmpit.
3093 2172 3385 2240 Oportebat
3428 2174 3573 2229 enim

1974 2248 2083 2314 jam
2136 2251 2455 2311 adveniente
2482 2258 2674 2322 gratia,
2707 2260 2873 2314 multa
2901 2260 3050 2328 signa
3082 2261 3278 2318 adesse
3326 2264 3575 2319 sublimis

1980 2335 2203 2408 hujusce
2233 2340 2483 2399 instituti.
2531 2348 2994 2413 Quemadmodum
3027 2351 3171 2405 enim
3203 2352 3303 2416 sol,
3334 2354 3572 2408 nondum

1975 2429 2156 2483 radios
2194 2434 2506 2500 ostendens,
2539 2438 2750 2493 eminus
2791 2447 2968 2493 tamen
3021 2451 3230 2510 partem
3281 2445 3572 2500 maximam

1974 2519 2120 2572 orbis
2164 2519 2395 2576 illustrat
2436 2526 2574 2580 :‘sic
2617 2543 2832 2598 quoque
2878 2528 3123 2584 Christus
3168 2546 3233 2585 ex
3276 2541 3435 2587 utero
3478 2533 3573 2590 illo

1978 2610 2301 2676 exoriturtts,
2329 2624 2615 2684 antequam
2658 2619 3026 2687 egrederetur,
3071 2622 3258 2676 orbem
3306 2631 3477 2676 totum
3510 2624 3576 2677 ll-

1974 2696 2270 2755 luntinavit.
2301 2700 2505 2757 Idcirco
2546 2706 2627 2759 vel
2676 2714 2801 2761 ante
2848 2717 3057 2776 partum
3088 2711 3365 2780 propheta:
3392 2713 3577 2768 exsul-

1974 2786 2172 2850 tabant,
2206 2798 2263 2841 et
2304 2790 2561 2847 mulieres
2610 2793 2788 2849 futura
2820 2798 3206 2865 prtedicebant,
3236 2810 3308 2868 et,
3331 2800 3573 2857 Joannes

1972 2876 2206 2932 nondum
2250 2895 2283 2933 e
2309 2882 2462 2936 vulva
2506 2899 2781 2952 egressus,
2809 2888 2877 2941 ab
2916 2898 3071 2943 utero
3111 2891 3440 2949 exsultabat.
3472 2892 3574 2948 llic

1972 2970 2150 3037 itaque
2171 2970 2391 3025 multam
2422 2971 2623 3042 loseph
2647 2976 2886 3030 ostendit
2913 2977 3305 3048 philosophiam
3337 2999 3352 3034 :
3396 2996 3572 3051 neque

1969 3057 2112 3111 enim
2161 3061 2434 3115 accusavit
2482 3062 2647 3127 illam,
2695 3079 2878 3134 neque
2920 3068 3268 3133 exprobravit
3306 3069 3419 3134 illi,
3469 3070 3569 3125 sed

1968 3147 2240 3219 dimittere
2283 3162 2488 3207 tantum
2520 3156 2807 3223 cogitabat.
2840 3158 2900 3212 In
2934 3148 3054 3213 (hoc
3101 3170 3283 3215 rerum
3324 3171 3486 3229 statu,
3514 3168 3572 3217 et

1969 3238 2021 3291 in
2067 3238 2166 3293 hac
2201 3243 2544 3310 negotiorum
2585 3244 2919 3309 difficultate,
2951 3248 3169 3303 advenit
3207 3251 3432 3319 angelus
3473 3253 3567 3322 qui

1966 3329 2290 3384 anxietatem
2320 3346 2537 3387 omnem
2564 3334 2738 3389 tollat.
2768 3334 3130 3401 Quaerendum
3154 3348 3335 3394 autem
3364 3350 3449 3395 est
3466 3356 3565 3397 cur

1967 3420 2189 3489 angelus
2226 3437 2333 3475 non
2362 3432 2487 3478 ante
2513 3424 2739 3488 venerit,
2758 3440 2917 3495 quam
2945 3427 3028 3482 vir
3048 3429 3138 3483 ille
3162 3428 3279 3484 haec
3304 3429 3355 3482 in
3382 3430 3565 3485 animo

1965 3520 2225 3577 versaret,
2256 3512 2349 3566 sed
2397 3528 2517 3568 cum
2552 3515 2667 3570 hac
2714 3515 2804 3571 ille
2833 3517 3111 3588 cogitaret.
3142 3527 3269 3573 tunc
3316 3520 3558 3576 venerit:

1966 3615 2087 3654 nam
2113 3601 2221 3654 ait:
2242 3601 2333 3655 20.
2360 3600 2489 3655 Hac
2508 3602 2600 3655 illo
2632 3604 2898 3673 cogitante.
2914 3602 3144 3674 angelus
3171 3615 3307 3660 satis
3324 3650 3341 3674 ,
3378 3620 3564 3677 1mm-

1964 3704 2124 3759 quam
2150 3692 2308 3746 etiam
2339 3701 2627 3761 antequam
2654 3694 2739 3747 illa
2768 3698 3098 3763 conciperet,
3128 3696 3349 3750 nuntius
3372 3709 3560 3751 acces-

1964 3781 2116 3847 serit,
2147 3782 2289 3835 unde
2317 3782 2477 3835 etiam
2512 3783 2615 3836 alia
2655 3783 2885 3851 qumstio
2922 3786 3117 3839 oritur.
3148 3784 3283 3839 Nam
3328 3785 3427 3839 etsi
3458 3799 3561 3839 an-

1964 3868 2254 3939 gelusyiro
2282 3884 2388 3924 non
2407 3870 2636 3939 dixerat,
2656 3888 2751 3926 cur
2770 3872 2933 3942 Virgo
2957 3873 3122 3927 tacuit
3144 3872 3258 3937 [uec
3278 3874 3346 3928 ab
3370 3875 3561 3947 angelo

1967 3961 2172 4024 audita,
2204 3971 2256 4013 et
2285 3975 2406 4013 cum
2448 3976 2706 4029 sponsum
2750 3977 2904 4018 suum
2938 3964 3155 4018 anxium
3198 3964 3423 4028 videret,
3454 3980 3563 4019 non

1966 4049 2084 4117 ejus
2110 4050 2434 4103 anxietatem
2461 4050 2711 4104 sustulit?
2740 4066 2837 4105 cur
2862 4067 2992 4121 ergo
3017 4062 3305 4122 antequam
3335 4054 3422 4108 ille
3452 4063 3566 4107 tur-

1968 4139 2207 4201 baretur,
2240 4138 2459 4208 angelus
2507 4156 2614 4194 non
2660 4156 2776 4194 rem
2822 4142 2894 4194 illi
2933 4143 3183 4211 aperuit?
3213 4158 3335 4198 nam
3384 4159 3563 4213 operte

1967 4229 2195 4299 pretium
2255 4240 2337 4283 est
2398 4231 2631 4298 priorem
2688 4232 3043 4301 quzestioncm
3100 4234 3273 4301 ptimo
3329 4236 3562 4291 solvere.

1966 4324 2145 4388 Quare
2172 4338 2285 4377 rem
2320 4324 2393 4376 illi
2424 4337 2529 4377 non
2560 4324 2810 4389 aperuit?
2853 4325 2931 4381 Ne
2954 4327 3101 4381 dicto
3130 4328 3288 4383 fidem
3319 4340 3563 4399 negaret,

1966 4423 2025 4466 et
2052 4412 2284 4480 idipsum
2311 4414 2579 4469 accideret
2605 4416 2683 4470 illi
2704 4416 2844 4483 quod
2868 4416 3165 4471 Zachariam
3190 4418 3409 4475 Nam're
3434 4435 3568 4475 ocu-

1968 4502 2035 4556 lis
2063 4514 2334 4573 percepta,
2374 4504 2529 4561 facile
2573 4515 2848 4561 erattunc
2894 4507 3119 4563 credere
3152 4526 3166 4564 :
3208 4522 3331 4565 cum
3384 4521 3566 4566 autem

1968 4594 2217 4651 nondum
2255 4596 2536 4667 coepisset,
2584 4613 2698 4653 non
2743 4598 2905 4653 facile
2954 4599 3105 4653 credi
3149 4608 3391 4667 poterat.
3438 4600 3573 4655 ldeo
3650 4658 3653 4663 ,

1969 4687 2026 4742 id
2081 4688 2311 4758 angelus
2358 4689 2518 4744 initio
2558 4704 2669 4744 non
2723 4689 2883 4751 dixit,
2936 4700 2993 4745 et
3046 4690 3211 4759 Virgo
3262 4690 3456 4745 eadem
3499 4692 3573 4749 de

1969 4793 2135 4836 causa
2184 4778 2378 4833 tacuit.
2425 4780 2617 4850 Neque
2667 4781 2817 4836 enim
2868 4789 3117 4851 putasset
3162 4782 3267 4837 sibi
3320 4800 3437 4839 rem
3487 4786 3569 4842 inc

1968 4869 2290 4924 credibilem
2332 4872 2610 4926 nuntianti
2660 4888 2692 4927 a
2740 4888 2945 4942 sponso
2989 4873 3155 4929 fidem
3195 4890 3319 4930 esse
3360 4876 3571 4933 haben-

1968 4960 2124 5026 dam;
2180 4961 2293 5016 imo
2344 4962 2627 5019 timuisset
2677 4979 2737 5019 se
2795 4964 2951 5020 illum
3012 4967 3069 5021 in
3123 4967 3264 5021 iram
3316 4968 3569 5024 concita-

1969 5058 2149 5106 turam
2192 5067 2337 5117 esse,
2376 5054 2534 5123 quasi
2582 5054 2887 5109 admissum
2929 5065 3221 5125 peccatum
3267 5065 3568 5128 tegentem.

1968 5141 2026 5196 Si
2077 5144 2224 5197 enim
2273 5146 2440 5200 etiam
2485 5146 2605 5214 ipsa
2649 5162 2773 5216 quae
2829 5154 3036 5202 tantam
3086 5149 3322 5220 gratiam
3372 5165 3571 5217 peree-

1966 5242 2127 5303 ptura
2178 5244 2318 5299 erat,
2370 5235 2675 5291 humanum
2728 5237 2863 5308 quid
2917 5254 3078 5309 passa
3131 5248 3216 5294 est
3270 5250 3327 5294 et
3377 5241 3569 5298 dixit:

1968 5321 2241 5387 Quomodo
2278 5324 2372 5390 [iet
2416 5326 2592 5392 istud,
2651 5330 2907 5399 quoniam
2945 5331 3121 5384 virum
3165 5348 3269 5385 non
3314 5346 3573 5403 cognosco

1970 5412 2139 5483 (Luc.
2209 5416 2257 5468 l.
2323 5416 2481 5487 54)?
2547 5420 2726 5475 multo
2799 5422 2973 5491 magis
3043 5424 3136 5478 ille
3201 5424 3569 5479 dubitasset:

1969 5517 2095 5560 cum
2129 5507 2365 5563 maxime
2413 5509 2471 5563 id
2513 5510 2762 5568 audisset
2803 5528 2835 5568 a
2886 5512 3123 5569 muliere
3155 5514 3288 5570 hinc
3319 5515 3428 5570 sibi
3472 5530 3574 5571 su-

1969 5602 2179 5661 specta.
