4140 6298
3856 113 3897 129 κ.

622 308 690 363 43
1316 307 1373 364 S.
1412 308 1695 364 JOANNIS
1724 305 2211 367 CIIRYSOSTOMI
2243 306 2559 364 AllClllEP.
2595 303 3141 363 CONSTANTINOP.
3780 299 3855 353 ιιι

682 427 739 481 5.
768 424 892 478 Ideo
924 410 1077 487 Virgo
1098 418 1308 488 quidem
1341 416 1468 468 nihil
1499 415 1595 478 ipsi
1619 414 1748 467 dicit
1772 432 1782 463 :
1811 412 2030 479 angelus
2056 423 2182 461 vero

613 527 854 583 tempore
874 510 1183 580 congruenti
1214 506 1444 562 advenit.
1472 506 1668 569 Quare,
1701 502 1927 569 inquies,
1958 500 2182 566 idipsmn

610 618 739 671 erga
766 600 1039 669 Virginem
1064 613 1169 649 non
1201 594 1345 653 fecit.
1379 607 1475 646 nec
1510 592 2049 660 postcnnccptionem
2079 587 2182 656 ipsi

612 706 727 746 rem
753 687 1031 742 nuntiavit.
1060 683 1138 739 Ne
1160 683 1213 736 in
1236 676 1631 751 perturbatione
1657 692 1845 747 magna
1873 676 2025 731 foret.
2052 674 2182 730 Nam

621 776 915 833 timendum
938 786 1054 832 erat
1077 791 1145 832 ne
1165 777 1252 831 illa
1282 775 1354 828 rei
1386 774 1659 828 veritatem
1689 787 1791 824 non
1820 771 1967 825 clare
1989 772 2182 833 sciens,

617 868 687 923 de
726 882 785 922 se
812 866 939 935 quid
986 866 1237 921 acerbum
1286 867 1619 925 decerneret,
1654 878 1755 915 neu
1800 860 2033 914 dedecus
2083 863 2186 913 nd'n

617 957 794 1011 ferens
820 954 885 1008 ad
909 954 1151 1021 laquemn
1180 952 1262 1006 vel
1289 951 1354 1005 ad
1379 950 1612 1021 gladium
1652 956 1976 1018 properaret.
2004 948 2187 1001 Adtui-

617 1045 780 1099 randa
815 1044 1008 1112 quippe
1035 1041 1194 1111 Virgo
1232 1050 1370 1104 erat,
1402 1040 1621 1109 ejusque
1663 1039 1909 1092 virtutem
1950 1037 2186 1093 declarat

616 1134 786 1188 Lucas
828 1148 949 1187 cum
990 1133 1088 1200 ait,
1126 1146 1242 1185 eam
1287 1130 1498 1200 quando
1542 1129 1914 1183 Salutationem
1958 1130 2179 1195 accepit,

614 1242 718 1279 non
747 1227 925 1279 statim
957 1227 1152 1295 gaudio
1202 1223 1463 1293 perfusam
1496 1222 1680 1283 fuisse,
1708 1235 1807 1274 nec
1832 1221 1971 1274 dicta
2001 1235 2184 1275 susce-

613 1318 791 1383 pisse;
824 1317 916 1370 sed
946 1318 1207 1370 turbatam
1242 1316 1551 1385 quazsivissc
1578 1315 1753 1383 qualis
1794 1322 1934 1367 esset
1968 1314 2064 1364 ista
2094 1326 2184 1364 sa-

612 1407 819 1461 lutatio.
847 1409 973 1473 Quac
993 1419 1169 1461 autem
1196 1408 1273 1462 sic
1297 1418 1600 1475 comparata
1622 1415 1759 1471 erat,
1792 1420 2029 1459 mmrore
2055 1420 2185 1457 con-

612 1498 747 1552 lecta
800 1496 1025 1563 fuisset,
1073 1499 1149 1553 rei
1202 1497 1471 1551 infamiam
1520 1512 1700 1551 secum
1755 1504 2041 1565 reputans,
2084 1509 2186 1551 nec

611 1602 833 1654 sperans
864 1601 1021 1656 posse
1065 1602 1124 1641 se
1150 1586 1451 1655 quempiam
1494 1587 1819 1640 amlientium
1847 1585 1912 1639 ad
1954 1584 2184 1639 creden-

616 1677 744 1730 dum
772 1676 1044 1739 inducere,
1070 1677 1209 1745 quod
1237 1676 1288 1730 id
1318 1691 1423 1729 non
1472 1690 1537 1730 ex
1588 1674 1854 1730 adulterio
1884 1674 2178 1743 proiectura

614 1776 777 1820 esset.
801 1766 875 1820 Ne
904 1768 1076 1835 itaque
1106 1766 1155 1820 id
1181 1768 1439 1827 eveniret,
1458 1775 1581 1820 ante
1608 1764 2007 1836 conceptionem
2034 1764 2181 1817 venit

616 1855 855 1925 angelus.
882 1855 1088 1910 Etenim
1118 1847 1399 1922 oportebat
1423 1855 1859 1924 imperturbatum
1899 1868 2020 1907 esse
2061 1861 2181 1906 nte-

606 1961 724 2000 rmn
766 1946 951 2009 illum,
993 1945 1046 1998 in
1091 1960 1251 2013 quem
1296 1945 1532 1998 omnium
1574 1944 1798 1999 Creator
1843 1942 2179 2011 ingressurus

603 2044 738 2098 crat,
771 2042 825 2086 ct
852 2034 997 2086 omni
1048 2033 1276 2085 tumultu
1310 2047 1531 2085 vacuam
1577 2032 1811 2085 animam
1861 2030 2028 2094 illam,
2060 2044 2179 2098 qute

608 2122 983 2191 mysteriorum
1037 2130 1302 2174 tantorum
1350 2121 1591 2175 ministra
1635 2119 1814 2173 futura
1856 2127 1993 2191 erat.
2044 2118 2175 2171 l’ro-

603 2223 786 2280 pterea
833 2210 1030 2281 Virgini
1070 2222 1194 2266 ante
1223 2212 1655 2279 conceptionem,
1702 2209 1937 2278 Josepho
1976 2219 2173 2274 autem,

600 2316 721 2354 cum
743 2309 974 2369 gestaret
998 2309 1207 2354 uterum
1234 2299 1416 2367 Virgo,
1435 2299 1686 2368 loquutus
1727 2309 1829 2353 est.
1852 2295 2006 2362 Quod
2028 2294 2178 2349 multi

603 2391 982 2459 simpliciorum
1004 2404 1127 2443 non-
1144 2390 1521 2459 intelligentes,
1556 2388 2037 2443 hicdissonantiam
2059 2402 2177 2441 esse

601 2480 851 2542 dixerunt
887 2496 900 2531 :
943 2479 1191 2547 quoniam
1221 2478 1395 2532 Lucas
1420 2480 1557 2532 dixit
1591 2478 1772 2531 Maria:
1802 2478 2047 2530 nuntium
2080 2491 2173 2531 ve-

601 2570 767 2635 nisse,
810 2567 1089 2622 Matthzeus
1132 2578 1311 2645 autem
1355 2566 1634 2635 Joseplto:
1680 2580 1786 2620 non
1832 2563 2174 2620 advertentes

598 2670 881 2730 utrumque
905 2668 1113 2728 gestum
1146 2657 1329 2711 fuisse.
1364 2657 1419 2710 Id
1445 2657 1589 2726 quod
1615 2659 1780 2710 etiam
1824 2658 1877 2710 in
1924 2656 2172 2711 omnibus

600 2752 836 2806 historiis
862 2750 1252 2804 observandum
1298 2757 1421 2802 est:
1454 2749 1531 2801 sic
1578 2749 1721 2802 enim
1770 2747 1962 2802 multas
2000 2747 2172 2802 disso-

597 2843 830 2907 nantias,
853 2850 907 2893 nt
931 2840 1144 2909 quidem
1182 2847 1454 2906 putantur,
1485 2838 1850 2907 expediemus.
1880 2836 2043 2893 Venit
2071 2840 2172 2890 ita-

597 2946 700 2996 que
728 2930 969 2998 angelus,
998 2929 1309 2998 perturbato
1335 2928 1588 2997 Josepho.
1614 2927 1746 2982 Nam
1776 2937 1831 2983 et
1858 2936 2081 2998 propter
2107 2942 2168 2981 ea

595 3034 711 3089 quae
748 3034 905 3087 supra
940 3018 1082 3073 dicta
1113 3026 1258 3074 sunt.
1290 3025 1346 3071 et
1374 3024 1432 3071 ut
1476 3017 1596 3083 ejus
1638 3014 1972 3085 philosOphia
1998 3031 2165 3087 appa-

595 3116 755 3172 reret,
773 3106 1056 3160 adventum
1077 3120 1234 3161 suum
1258 3104 1459 3159 differt.
1478 3104 1610 3160 Cum
1639 3118 1768 3161 vero
1787 3120 1875 3161 res
1893 3104 2005 3175 jam
2024 3115 2167 3162 esset

596 3197 877 3265 implenda,
917 3197 1131 3251 advenit
1158 3197 1396 3250 demum.
1440 3194 1568 3248 Hice
1610 3208 1776 3249 autem
1810 3212 1868 3249 eo
1893 3196 2165 3266 cogitante,

594 3288 801 3358 angelus
828 3288 880 3341 in
907 3289 1092 3341 somnis
1116 3288 1359 3357 apparuit
1384 3286 1595 3355 Ioseph.
1628 3285 1814 3341 Viden’
1844 3286 1941 3341 viri
1986 3286 2171 3343 mode-

596 3375 897 3431 rationem?
936 3374 1047 3428 Non
1077 3375 1236 3429 modo
1264 3390 1368 3428 non
1401 3373 1620 3443 punivit,
1654 3373 1749 3427 sed
1774 3374 1975 3428 nemini
2002 3373 2156 3441 dixit,

594 3480 656 3520 ac
691 3480 757 3520 ne
784 3464 857 3519 illi
886 3464 1101 3534 quidem
1124 3478 1242 3532 quae
1268 3464 1319 3518 in
1348 3462 1704 3531 suspicionem
1732 3461 2011 3529 veniebat;
2064 3463 2159 3519 sed

595 3572 710 3611 rem
736 3570 918 3611 secum
950 3556 1241 3625 cogitabat,
1260 3566 1315 3609 et
1342 3570 1590 3610 secessus
1616 3555 2039 3625 causamVirgini
2069 3556 2167 3610 ob-

593 3657 772 3716 tegere
817 3645 1085 3700 studebat.
1134 3644 1319 3714 Neque
1363 3646 1506 3700 enim
1534 3645 1670 3700 dixit
1718 3645 1890 3712 ipsum
1937 3643 2167 3697 voluisse

595 3736 736 3790 illam
762 3734 979 3803 ejicere,
1004 3734 1097 3788 sed
1123 3734 1390 3789 dimittere
1423 3756 1437 3790 :
1464 3748 1633 3804 usque
1661 3732 1797 3788 adeo
1825 3733 2084 3802 benignus
2110 3740 2168 3785 et

596 3823 909 3878 moderatus
946 3825 1028 3878 vir
1056 3832 1189 3878 erat.
1219 3824 1343 3878 Haec
1380 3833 1555 3877 autem
1576 3823 1837 3892 cogitanti
1879 3823 1931 3877 in
1963 3820 2168 3875 somnis

592 3924 813 3984 apparet
842 3914 1081 3983 angelus.
1112 3913 1180 3967 Et
1206 3927 1305 3967 cur
1327 3926 1434 3967 non
1462 3922 1667 3981 aperte,
1700 3921 1756 3966 ut
1785 3910 2085 3981 pastoribus
2110 3919 2167 3966 et

594 4002 867 4057 Zacharias
910 4004 1056 4057 visus
1095 3985 1200 4067 est,
1234 4016 1441 4055 necnon
1471 4004 1632 4055 etiam
1674 4000 1918 4068 Virgini?
1961 4000 2165 4053 Admo-

590 4093 718 4145 dum
748 4090 919 4145 lldelis
946 4092 1025 4142 vir
1062 4099 1197 4153 erat,
1229 4104 1403 4157 neque
1444 4090 1635 4155 egebat
1664 4087 1752 4141 tali
1781 4088 2001 4141 visione.
2038 4085 2167 4140 Nam

594 4179 773 4250 Virgo,
807 4180 891 4234 cui
934 4180 1352 4234 annuntiabatur
1394 4193 1481 4232 res
1509 4187 1675 4241 tanta,
1701 4186 1756 4232 et
1797 4178 1955 4247 longe
2003 4176 2168 4245 major

592 4286 748 4337 quam
781 4270 1068 4333 Zachariae,
1098 4270 1260 4324 etiam
1292 4279 1414 4323 ante
1442 4285 1557 4323 rem
1584 4269 1751 4339 ipsam
1793 4271 1983 4339 egebat
2011 4270 2167 4322 mira-

590 4359 686 4413 bili
736 4360 963 4426 quadam
1021 4360 1270 4413 visione:
1323 4369 1568 4427 pastores
1628 4373 1793 4426 vero,
1844 4369 2025 4427 utpote
2076 4358 2165 4427 qui

589 4448 915 4517 agrestiorcs
945 4456 1144 4512 essent,
1173 4448 1435 4515 apertiore
1468 4448 1670 4501 visione
1704 4460 1839 4516 opus
1880 4445 2165 4501 habebant.

594 4536 691 4591 llic
709 4547 885 4590 autem
914 4546 1036 4604 post
1067 4549 1296 4604 partum,
1327 4552 1445 4590 cum
1475 4551 1635 4605 prava
1663 4539 1965 4605 suspicione
2003 4536 2165 4589 animi

594 4634 885 4686 teneretur,
914 4636 966 4678 ct
1010 4638 1228 4697 paratus
1278 4637 1454 4679 tamen
1485 4636 1629 4680 esset
1672 4626 1737 4680 ad
1782 4628 1972 4681 bonam
2018 4641 2169 4695 spem

596 4715 749 4769 facile
800 4715 1004 4780 reduci,
1034 4716 1078 4768 si
1107 4718 1228 4783 quis
1268 4716 1366 4769 hac
1413 4717 1464 4770 in
1494 4732 1551 4771 re
1576 4715 1686 4771 dux
1738 4717 1813 4770 illi
1857 4727 2165 4786 appareret,

592 4806 973 4860 revelationeen
1002 4806 1215 4873 accipit.
1270 4804 1394 4859 Ideo
1444 4815 1565 4875 post
1616 4807 1974 4876 suspicionem
2016 4807 2166 4863 adest

594 4894 765 4948 bonus
795 4896 1032 4959 nuntius,
1068 4906 1120 4946 at
1150 4893 1251 4948 hoc
1281 4895 1451 4964 ipsum
1482 4895 1556 4949 illi
1588 4894 1729 4950 foret
1756 4910 1879 4952 vera
1903 4896 2165 4951 dictorum

591 4987 994 5041 detnuostratio.
1026 4985 1158 5041 Cum
1196 4986 1341 5041 enim
1370 4987 1565 5041 nemini
1594 4988 1834 5050 dixisset,
1863 4987 1954 5040 sed
1985 4988 2161 5041 animo

592 5080 765 5131 solum
798 5077 910 5131 lucc
930 5077 1239 5146 cogitasset,
1266 5086 1320 5132 et
1347 5077 1445 5131 hac
1473 5077 1541 5132 de
1581 5092 1640 5132 re
1670 5078 1977 5145 loquentem
2003 5092 2164 5145 ange-

594 5170 703 5222 lum
733 5168 961 5233 audiret,
997 5167 1347 5221 iudubitatum
1385 5167 1485 5236 ipsi
1508 5168 1718 5237 signum
1742 5175 1890 5232 erat,
1917 5168 2164 5235 angelum

597 5271 629 5309 λ
652 5256 760 5310 Deo
801 5253 1025 5323 iussum,
1054 5249 1170 5307 bzec
1194 5251 1393 5307 dictum
1431 5252 1678 5307 venisse:
1708 5251 1873 5321 ipsius
1910 5251 2056 5305 enim
2082 5263 2169 5303 so-

600 5344 705 5398 lius
729 5351 811 5397 est
836 5341 1015 5398 cordis
1043 5356 1234 5396 arcana
1264 5342 1421 5397 scire.
1457 5340 1589 5396 Vide
1616 5342 1793 5411 itaque
1830 5350 2027 5409 quanta
2053 5339 2170 5395 elli-

599 5434 849 5495 ciantur;
888 5431 987 5485 viri
1016 5431 1344 5500 philosophia
1370 5430 1686 5495 ostenditur,
1718 5439 1773 5486 et
1812 5429 1939 5484 illud
1970 5444 2168 5499 oppor-

603 5533 729 5578 tune
766 5522 832 5576 ab
862 5522 1051 5591 angelo
1089 5522 1349 5592 prolatum
1389 5521 1455 5576 ad
1496 5519 1654 5575 [idem
1699 5519 1813 5590 ejus
1858 5518 2168 5574 ﬁrmandam

2287 402 2490 455 confert
2504 442 2517 464 ,
2533 402 2838 469 dictumque
2861 416 3033 468 Ipsum
3052 418 3167 453 sine
3184 398 3487 469 su5pieione
3506 404 3709 460 manet,
3723 395 3869 464 quod

2291 493 2529 546 ostendit
2572 494 2744 559 ipsum
2772 506 2835 547 ea
2864 507 3074 562 passum
3118 506 3259 558 esse,
3290 506 3407 561 qua:
3436 491 3517 544 vir
3541 488 3715 559 Quiris
3744 487 3870 557 jure

2290 582 2401 653 pati
2434 591 2659 651 poterat.

2354 752 2410 807 6.
2458 744 2734 814 Quomodo
2771 754 2948 799 autem
2979 745 3137 799 [idem
3166 742 3263 812 ipsi
3294 742 3418 797 facit
3445 742 3702 812 angelus?
3733 741 3871 797 Audi

2285 850 2338 894 ct
2360 839 2553 893 mirare
2577 838 2837 892 dictorum
2861 838 3195 903 sapientiam.
3224 834 3493 889 Accedens
3518 835 3591 887 ait
3614 853 3626 885 :
3650 834 3868 902 Ioseph,

2286 929 2363 995 ﬁli
2388 927 2553 981 Dauid
2572 970 2586 991 ,
2610 928 2713 980 noli
2734 928 2905 980 (iniere
2924 929 3149 995 accipere
3171 925 3393 979 Marium
3418 926 3685 996 conjugem
3703 935 3866 978 luam.

2283 1020 2470 1073 Statim
2506 1018 2751 1071 Davidem
2784 1018 2836 1069 in
2882 1016 3193 1070 memoriam
3227 1025 3474 1080 revocat,
3508 1017 3649 1070 nmle
3694 1018 3871 1070 nasci-

2286 1118 2437 1164 turus
2463 1118 2574 1161 crat
2616 1107 2898 1169 Christus;
2930 1120 3104 1173 neque
3138 1105 3266 1161 sinit
3292 1106 3437 1158 illum
3474 1105 3710 1168 turbari,
3739 1104 3869 1159 dmn

2286 1212 2379 1265 per
2396 1198 2655 1263 majorum
2680 1212 2871 1249 nomen
2898 1196 3302 1262 promissionem
3321 1194 3571 1249 universo
3588 1196 3771 1264 generi
3794 1194 3871 1247 l'a-

2283 1298 2419 1341 ctam
2447 1288 2497 1339 in
2517 1288 2829 1339 memoriam
2858 1294 3091 1338 revocat.
3112 1284 3218 1340 Sed
3234 1287 3386 1350 cujus
3408 1286 3484 1339 rei
3510 1286 3678 1354 gratia
3702 1285 3870 1338 lilium

2287 1377 2447 1431 David
2504 1383 2677 1446 ipsum
2725 1374 2989 1444 appellat?
3022 1374 3103 1428 Ne
3145 1377 3362 1429 timeas:
3392 1390 3710 1445 quamquam
3742 1377 3871 1429 alibi

2288 1468 2426 1521 Dens
2455 1480 2558 1519 non
2590 1466 2658 1519 ita
2687 1465 2839 1529 fecit;
2861 1464 2955 1519 sed
2980 1464 3206 1533 quodam
3233 1465 3300 1519 de
3324 1479 3489 1519 uxore
3519 1466 3748 1520 Abrahae
3774 1481 3869 1521 se-

2284 1574 2378 1613 cus
2406 1572 2562 1627 quam
2593 1566 2899 1626 oportuerat
2925 1559 3190 1627 cogitante
3214 1599 3231 1625 ,
3275 1561 3570 1615 terrorilms
3599 1560 3871 1631 minisque

2284 1650 2335 1701 in
2385 1648 2648 1719 loquendo
2693 1663 2819 1704 usus
2865 1649 3006 1704 Deus
3047 1658 3167 1714 est;
3198 1652 3406 1705 etiamsi
3437 1651 3508 1706 ibi
3535 1667 3747 1722 quoque
3776 1669 3871 1710 res

2284 1740 2750 1807 penignorautiam
2774 1738 2926 1793 iteret
2951 1756 2966 1792 :
2998 1755 3168 1811 neque
3190 1741 3332 1796 enim
3356 1756 3534 1796 rerum
3557 1758 3753 1813 gnarus
3776 1744 3873 1798 ille

2284 1828 2469 1881 Saram
2492 1838 2770 1898 acceperat
2796 1846 2809 1881 :
2834 1838 3067 1883 attamen
3100 1830 3463 1899 perterrelecit'
3480 1848 3601 1887 eum
3624 1850 3638 1898 ;
3665 1832 3749 1887 hic
3770 1848 3873 1889 au-

2285 1927 2389 1970 tem
2417 1919 2597 1972 mitius
2622 1918 2813 1987 agitur.
2843 1918 3035 1989 Ingens
3062 1921 3203 1975 enim
3233 1930 3350 1975 erat
3378 1937 3557 1991 rerum
3585 1938 3706 1992 qum
3735 1939 3877 1993 age-r

2284 2007 2475 2060 bantur
2495 2007 2821 2075 magnitudo,
2852 2024 3205 2077 magnumque
3228 2012 3367 2066 inter
3390 2013 3556 2066 virum
3580 2022 3873 2083 utrumque

2281 2098 2567 2153 discrimen
2596 2115 2610 2152 :
2642 2108 2964 2168 quapropter
2989 2114 3091 2153 non
3123 2109 3239 2155 erat
3270 2101 3635 2172 increpatione
3662 2118 3817 2173 opus.
3852 2107 3864 2134 '

2280 2183 2410 2239 Cum
2439 2198 2617 2259 autem
2641 2187 2808 2253 dixit,
2842 2187 2925 2242 Ne
2954 2180 3131 2243 linteas
3151 2231 3167 2255 ,
3195 2190 3435 2246 declarat
3460 2194 3630 2261 ipsum
3657 2203 3873 2249 metue-

2226 2280 2227 2283 ‘
2285 2288 2344 2329 re
2376 2292 2442 2328 ne
2470 2276 2633 2329 Deum
2672 2276 2904 2331 oll‘endat
2924 2318 2938 2341 ,
2966 2279 3009 2331 si
3036 2280 3330 2334 adulteram
3373 2295 3593 2336 uxorem
3625 2283 3818 2338 habeat
3847 2301 3866 2344 ;

2285 2370 2353 2417 tta
2385 2365 2483 2418 nisi
2509 2364 2610 2420 hoc
2633 2367 2817 2421 luisset
2836 2407 2853 2432 ,
2886 2368 3029 2422 illam
3052 2369 3321 2425 dimittere
3344 2386 3410 2426 ne
3433 2372 3720 2442 cogitasset
3744 2378 3871 2445 qui-

2283 2453 2425 2509 dem.
2472 2455 2562 2510 llis
2608 2458 2765 2523 igitur
2807 2460 3052 2513 onmihus
3087 2461 3388 2517 declaratur
3410 2504 3424 2527 ,
3454 2479 3484 2518 a
3517 2465 3626 2519 Deo
3652 2468 3869 2523 venisse

2280 2545 2558 2613 angelum,
2593 2548 2681 2615 qui
2722 2550 2895 2602 omnia
2937 2564 3056 2618 qua:
3094 2551 3346 2620 cogitavit
3373 2561 3429 2609 ct
3464 2554 3644 2609 animo
3674 2572 3869 2624 passm

2278 2647 2360 2690 est
2377 2635 2598 2708 Joseph,
2626 2638 2678 2692 in
2702 2638 2934 2695 medium
2964 2644 3143 2697 attulit
3159 2648 3495 2715 ctexposuit.
3524 2648 3753 2718 Virginis
3771 2663 3876 2701 au-

2284 2737 2386 2780 tem
2414 2728 2753 2794 pronuntiato
2776 2730 3009 2795 nomine,
3041 2746 3150 2788 non
3178 2733 3264 2790 hic
3292 2736 3475 2803 stetit,
3503 2736 3599 2793 sed
3625 2736 3833 2791 addidit
3852 2778 3871 2801 ,

2279 2814 2554 2887 Conjugem
2599 2828 2770 2883 luant,
2814 2836 2975 2890 quam
3022 2837 3130 2878 non
3180 2825 3251 2878 ita
3296 2836 3563 2895 vocasset,
3603 2829 3649 2883 si
3679 2829 3872 2884 vitiata

2283 2907 2486 2963 fuisset.
2515 2909 2805 2978 Conjugem
2829 2925 2959 2965 vero
2988 2912 3075 2968 hic
3100 2930 3349 2984 sponsam
3379 2928 3533 2974 vocat
3557 2937 3573 2973 :
3600 2920 3872 2989 quemad-

2282 2996 2498 3074 modum
2530 3006 2581 3053 et
2608 3013 2835 3068 generos
2873 3015 3068 3057 vocare
3110 3004 3248 3060 solet
3290 3006 3561 3077 Scriptura
3600 3024 3868 3080 sponsus,

2278 3096 2401 3142 ante
2425 3089 2654 3158 nuptias.
2672 3088 2810 3157 Quid
2824 3106 2952 3147 vero
2968 3093 3233 3164 significat
3248 3097 3395 3162 illud,
3412 3100 3687 3170 Accipere!
3708 3102 3869 3157 Domi

2279 3177 2508 3233 retinere
2535 3197 2549 3233 :
2577 3178 2689 3247 jam
2716 3181 2860 3235 enim
2890 3182 3035 3237 illam
3062 3185 3244 3241 animo
3270 3186 3564 3245 dimiserat.
3598 3190 3756 3248 Hanc
3780 3192 3876 3247 di-

2279 3266 2495 3322 missam
2516 3269 2688 3325 retine
2708 3311 2723 3334 ,
2746 3286 2904 3341 quam
2928 3273 3025 3328 tibi
3051 3275 3188 3331 Deus
3213 3278 3405 3344 tradit,
3438 3296 3543 3335 non
3572 3294 3823 3349 parentes
3849 3304 3868 3341 :

2281 3356 2441 3411 tradit
2467 3368 2645 3414 autem
2671 3376 2778 3414 non
2803 3362 2870 3416 ad
2899 3364 3110 3433 nuptias
3128 3405 3145 3431 ,
3174 3364 3266 3422 sed
3290 3378 3347 3421 ut
3366 3384 3485 3423 cum
3511 3370 3599 3426 illa
3624 3372 3871 3443 habites;

2279 3444 2438 3500 tradit
2465 3460 2625 3515 porro
2654 3464 2750 3518 per
2775 3464 2964 3507 vocem
2993 3467 3187 3508 meam.
3222 3455 3289 3511 Ut
3315 3456 3459 3512 illam
3493 3469 3674 3528 postea
3700 3461 3871 3518 Chri-

2275 3544 2389 3588 stus
2416 3536 2630 3592 tradidit
2653 3539 2950 3611 discipulo,
2982 3543 3054 3598 ita
3083 3553 3137 3599 et
3168 3560 3313 3602 nunc
3338 3546 3576 3619 Joscpho
3606 3553 3859 3611 traditur.

2277 3623 2478 3679 Deinde
2506 3643 2620 3681 rem
2668 3629 2893 3686 obscure
2937 3632 3178 3688 indicans
3199 3676 3213 3698 ,
3241 3650 3465 3705 pravam
3496 3642 3863 3709 suspicionem

2278 3731 2393 3805 non
2436 3722 2794 3784 memoravit,
2836 3722 2929 3777 sed
2979 3722 3289 3783 honestiore
3345 3735 3872 3805 congruentioretpio

2275 3804 2433 3860 modo
2459 3809 2827 3876 conceptionis
2851 3813 3090 3880 exposita
3121 3830 3281 3871 causa
3299 3858 3313 3882 ,
3343 3818 3484 3873 illam
3509 3822 3746 3890 sustulit,
3770 3804 3871 3881 os-

2275 3893 2495 3986 tendens
2531 3911 2652 3951 eum
2674 3938 2691 3963 ,
2724 3909 2943 3969 propter
2981 3906 3223 3961 eamdem
3266 3908 3435 3977 ipsam
3467 3926 3685 3967 causam
3710 3954 3727 3981 ,
3758 3930 3874 3986 qua

2276 3983 2495 4074 timebat
2517 3994 2571 4039 et
2595 3987 2739 4041 illam
2760 3989 3029 4047 dimittere
3051 3996 3282 4057 volebat,
3302 4000 3424 4064 jure
3451 4000 3594 4055 illam
3624 3983 3875 4074 recipere

2273 4080 2326 4123 et
2355 4072 2587 4127 retinere
2612 4074 2808 4132 debere
2836 4096 2849 4130 ε
2878 4081 3060 4150 sicque
3089 4099 3155 4137 ex
3182 4086 3472 4141 abundanti
3500 4090 3615 4162 ejus
3643 4072 3862 4150 Intesti-

2275 4161 2401 4214 tiam
2428 4163 2665 4219 resolvit.
2700 4165 2813 4221 Non
2860 4171 3056 4231 modo,
3100 4172 3301 4242 inquit,
3337 4177 3523 4232 illicito
3565 4193 3871 4251 congressis

2272 4264 2400 4339 pura
2428 4259 2511 4304 est
2530 4291 2543 4311 ,
2570 4254 2664 4307 sed
2688 4256 2847 4310 etiam
2869 4273 3029 4328 supra
3057 4272 3295 4317 naturam
3321 4275 3529 4322 uterum
3552 4280 3745 4339 gest-tt.
3774 4272 3862 4331 Nc

2271 4336 2429 4434 igitur
2453 4350 2655 4434 metum
2687 4360 2853 4413 ponas
2886 4356 3087 4404 tantum
3108 4391 3121 4412 ,
3154 4353 3248 4407 sed
3280 4354 3332 4407 in
3348 4336 3602 4426 magnam
3634 4376 3867 4434 erumpe

2270 4426 2508 4483 hrtitiam
2538 4447 2552 4481 :
2586 4432 2735 4498 Quod
2759 4440 2891 4489 enim
2916 4438 2969 4492 in
2996 4455 3054 4493 ea
3080 4453 3256 4495 natum
3284 4452 3355 4496 est
3374 4486 3391 4509 ,
3421 4448 3485 4501 de
3512 4449 3712 4517 Spiritu
3741 4426 3867 4509 sun.

2266 4526 2345 4569 clo
2370 4532 2465 4572 est.
2510 4518 2841 4588 Stupeudum
2872 4527 3073 4582 dictum
3098 4568 3117 4594 ,
3150 4529 3438 4587 humanam
3470 4539 3858 4605 cogitationem

2265 4617 2558 4672 superans,
2593 4609 2840 4681 legesque
2882 4626 3085 4671 natura:
3124 4626 3527 4679 transcemlens.
3568 4624 3863 4694 Quomodo

2265 4696 2421 4793 igitur
2440 4699 2622 4754 credet
2639 4703 2712 4756 vir
2736 4705 2867 4758 tales
2887 4720 2994 4759 non
3010 4720 3262 4777 expertus
3280 4715 3607 4771 narrationes
3624 4718 3646 4770 ‘l
3663 4720 3701 4771 A
3724 4736 3860 4789 pra:-

2265 4789 2558 4844 tcritorum.
2588 4789 2775 4861 inquit,
2802 4796 3148 4854 ccvelationc.
3176 4800 3299 4856 Ideo
3319 4806 3496 4859 omnia
3520 4822 3636 4876 qua:
3659 4818 3850 4868 mente

2264 4878 2551 4968 cogitabat,
2570 4882 2847 4968 revelavit,
2873 4900 2992 4953 qum
3016 4901 3205 4955 passus
3226 4901 3326 4959 est,
3351 4910 3468 4963 quae
3496 4896 3689 4961 timuit,
3717 4914 3849 4968 quae

2264 4963 2437 5021 facere
2459 4967 2831 5040 meditabatur,
2858 4984 2916 5029 ut
2936 4975 3039 5031 illis
3060 4979 3111 5032 in
3136 4982 3364 5037 medium
3386 4985 3654 5053 adductis,
3675 4963 3847 5045 etiam

2266 5056 2347 5111 his
2372 5059 2529 5115 iidem
2554 5061 2799 5131 haberet;
2829 5068 2936 5123 imo
2960 5085 3066 5125 non
3087 5088 3150 5127 ex
3179 5076 3461 5143 pra-teritis
3482 5087 3683 5132 tantum
3699 5118 3717 5145 ,
3739 5083 3845 5138 sed

2263 5148 2422 5242 etiam
2444 5165 2508 5204 ex
2538 5150 2810 5242 l'utnrisad
2833 5158 3152 5242 credendum
3185 5164 3329 5218 illum
3376 5165 3599 5222 inducit.
3622 5168 3713 5223 2|.
3744 5168 3858 5226 Pa-

2266 5234 2360 5320 ris!
2382 5242 2568 5297 autem,
2598 5234 2782 5305 inquit,
2809 5240 2990 5307 ﬁlium,
3018 5256 3063 5295 et
3084 5248 3281 5299 vocabis
3306 5263 3484 5302 nomen
3509 5252 3618 5320 ejus
3637 5252 3839 5314 locum.

2265 5315 2341 5371 Ne
2363 5331 2510 5389 putes
2531 5323 2668 5377 enim
2693 5327 2815 5394 quia
2836 5342 2900 5382 ex
2923 5328 3121 5399 Spiritu
3145 5346 3329 5390 sancto
3354 5349 3455 5396 ρει.
3482 5315 3677 5396 ιθνὶίιθο
3696 5343 3840 5401 alio-

2355 5524 2372 5555 ¹
2406 5525 2517 5594 Alii,
2544 5538 2631 5574 non
2654 5525 2913 5592 increpavit
2934 5542 2981 5585 nt
3003 5541 3262 5600 oportebat.
