4140 6298
229 376 300 432 ιτ

231 490 361 530 ιιιιιιι
381 489 503 530 esse
525 489 556 530 a
583 473 884 530 ministerio
908 471 1222 528 teconomize
1251 472 1414 527 illius.
1439 473 1658 528 Etiamsi
1681 477 1822 528 enim

232 566 366 620 nihil
395 565 459 618 ad
501 567 904 636 generationem
947 561 1230 624 conferas,
1280 561 1376 616 scd
1422 561 1616 616 intacta
1665 562 1823 632 Virgo

230 665 484 721 maneat;
525 665 761 710 attamen
791 653 930 722 quod
957 662 1038 708 est
1062 653 1200 723 patri
1231 654 1503 722 proprium
1525 695 1540 716 ,
1573 654 1672 708 etsi
1707 655 1816 707 vir-

224 746 467 817 ginitatis
492 746 804 815 dignitatem
835 760 940 798 non
965 745 1280 810 labefactat,
1315 747 1413 799 hoc
1445 745 1538 798 tibi
1565 744 1816 809 confero,

228 845 286 890 ιιι
319 847 444 891 nato
469 851 663 890 nomen
694 837 953 906 imponas.
978 836 1057 889 Tu
1084 837 1228 890 enim
1259 836 1475 891 vocabis
1503 838 1671 891 illum.
1706 837 1816 891 Etsi

226 941 460 996 namque
506 927 644 984 Illius
691 936 812 981 tuus
843 941 948 981 non
975 927 1078 990 sit,
1110 937 1163 979 ιιι
1197 936 1470 1008 paternam
1501 943 1626 996 erga
1667 929 1815 981 illum

223 1031 384 1087 geres
424 1031 628 1071 curam.
662 1017 786 1072 Ideo
809 1017 892 1070 vel
917 1017 985 1070 ab
1012 1018 1124 1084 ipsa
1152 1017 1384 1070 nominis
1432 1018 1771 1086 impositione
1799 1059 1815 1082 ,

225 1117 356 1163 nato
383 1118 437 1164 te
480 1109 717 1178 parentis
760 1108 878 1163 loco
918 1107 1169 1177 adjungo.
1205 1108 1406 1162 Deinde
1436 1123 1504 1163 ne
1548 1109 1666 1178 quis
1695 1109 1817 1164 ideo

222 1212 349 1253 eum
391 1207 596 1267 patrem
623 1212 744 1252 esse
784 1198 1147 1266 suspicaretur
1168 1238 1183 1262 ,
1215 1199 1335 1250 audi
1366 1213 1526 1267 quam
1567 1208 1817 1253 accurate

223 1288 505 1356 sequentia
536 1297 736 1356 ponat:
776 1286 981 1349 Pariet,
1013 1287 1217 1353 inquit,
1259 1288 1466 1356 ﬁlium;
1497 1302 1604 1342 non
1643 1289 1811 1352 dicit,

225 1375 408 1430 Parict
434 1377 526 1431 tibi
550 1395 564 1438 ;
592 1376 686 1429 sed
710 1376 1117 1431 indeterminate
1142 1377 1320 1446 posuit
1345 1394 1358 1430 :
1384 1391 1487 1431 non
1505 1377 1647 1433 enim
1671 1377 1687 1409 ί
1715 1379 1812 1447 ipsi

224 1464 468 1534 peperit,
490 1466 585 1520 sed
617 1465 862 1519 universo
889 1464 1026 1519 orbi.

291 1647 347 1699 7.
400 1648 633 1716 Ideoque
676 1663 868 1704 nomen
899 1650 1014 1720 ejus
1044 1664 1112 1705 ex
1152 1652 1286 1706 caelo
1329 1654 1518 1708 detulit
1557 1656 1808 1726 angelus,

222 1733 347 1789 hinc
389 1737 680 1791 ostendens
722 1739 1017 1794 mirabilem
1048 1755 1168 1796 esse
1195 1752 1406 1812 partum
1431 1785 1445 1810 ,
1478 1746 1622 1814 quod
1669 1747 1811 1802 Deus

219 1823 334 1893 ipse
365 1840 560 1881 nomen
592 1827 706 1897 ejus
741 1828 810 1884 dc
839 1830 970 1882 catlo
1003 1845 1095 1899 per
1121 1833 1365 1900 angelum
1390 1833 1624 1903 Josepho
1651 1837 1809 1891 mise—

216 1913 306 1967 rit.
332 1913 522 1983 Neque
547 1916 690 1970 enim
717 1933 886 1986 tpsum
911 1933 1036 1972 casu
1063 1928 1117 1973 et
1145 1921 1261 1975 sine
1282 1937 1439 1976 causa
1468 1924 1650 1980 datum
1673 1925 1771 1982 fttit
1790 1967 1806 1989 ,

215 2001 310 2058 sed
350 2013 434 2057 est
465 2005 612 2059 mille
643 2005 902 2060 bonorunt
933 2007 1238 2066 thesaurus.
1272 2009 1474 2066 Idcirco
1507 2013 1679 2081 ipsum
1705 2031 1804 2069 au-

213 2091 366 2161 gelus
395 2093 804 2163 interpretatur,
833 2096 1195 2168 optimamque
1222 2113 1371 2169 spem
1401 2101 1557 2156 offert
1578 2143 1593 2168 ,
1623 2112 1678 2159 et
1705 2103 1808 2160 hac

211 2182 423 2236 ratione
451 2182 608 2238 ﬁdent
637 2184 736 2252 Ipsi
761 2185 1048 2241 conciliat:
1084 2202 1204 2242 nam
1229 2191 1546 2258 propensius
1573 2194 1804 2259 inclina-

211 2285 332 2325 mur
359 2272 429 2325 ad
461 2287 548 2326 res
575 2272 978 2341 hujuscemodi;
1010 2275 1238 2346 ideoque
1268 2278 1370 2332 illis
1398 2279 1600 2334 facilius
1621 2283 1802 2337 credi-

209 2375 348 2416 mus.
376 2363 515 2416 Cum
550 2362 710 2430 igitur
736 2379 803 2418 ex
846 2365 1091 2420 omnibus
1119 2367 1185 2420 ad
1219 2367 1377 2423 ﬁdem
1408 2370 1457 2424 ei
1501 2369 1798 2428 habendam

209 2461 601 2520 pra-parasset,
634 2466 700 2507 ex
731 2455 1050 2522 pratteritis,
1081 2471 1145 2510 ex
1174 2456 1366 2515 futuris
1389 2468 1445 2514 et
1469 2476 1533 2515 ex
1563 2477 1798 2532 praesen-

206 2540 378 2606 tibus,
407 2554 618 2596 necnon
645 2543 713 2597 ab
736 2543 936 2600 honore
957 2545 1057 2615 ipsi
1082 2547 1266 2602 debito
1287 2590 1302 2613 ,
1335 2551 1538 2606 inducit
1567 2556 1800 2624 prophe-

206 2637 312 2683 tam
331 2671 350 2696 ,
375 2641 679 2699 Opportune
697 2632 780 2688 his
800 2636 1048 2691 omnibus
1067 2639 1330 2693 calculum
1353 2641 1590 2698 dantem.
1616 2646 1798 2701 Prius-

202 2734 364 2790 quam
413 2737 543 2776 vero
568 2721 741 2791 ipsum
772 2724 1018 2792 inducat,
1047 2729 1182 2783 bona
1213 2745 1310 2800 per
1331 2733 1500 2801 ipsum
1523 2737 1638 2790 orbi
1661 2754 1793 2792 eon-

204 2809 427 2865 fcrenda
475 2815 819 2881 praenuntiat.
868 2816 1122 2882 Qumnam
1169 2819 1257 2873 illa
1307 2824 1467 2875 sunt?
1519 2825 1792 2895 Ercptioa

205 2902 478 2969 peccatis:
509 2901 631 2969 Ipse
656 2905 790 2957 enim
811 2945 826 2969 ,
859 2906 1063 2974 inquit,
1102 2909 1299 2962 salvum
1350 2912 1500 2978 faciet
1547 2918 1793 2985 populum

194 3005 339 3045 suum
378 3009 413 3047 ιι
441 2997 661 3063 peccatis
681 3013 874 3051 eorum.
908 2997 1007 3053 Hic
1033 3013 1244 3068 quoque
1277 3001 1598 3069 stupendum
1629 3006 1780 3072 quiil-

193 3084 332 3152 piam
363 3085 650 3140 indicatur.
675 3086 792 3140 Non
822 3089 965 3142 enim
987 3104 1016 3142 a
1041 3089 1194 3143 bellis
1209 3090 1315 3143 sub
1342 3105 1558 3146 sensum
1586 3095 1780 3148 caden-

194 3172 361 3236 tibus,
393 3189 500 3228 non
530 3191 557 3228 a
585 3175 827 3231 barbaris
848 3218 862 3240 ,
896 3178 988 3232 sed
1017 3179 1157 3246 quod
1193 3180 1347 3249 longe
1376 3184 1548 3250 majus
1570 3197 1678 3238 erat
1703 3225 1718 3250 ,
1751 3203 1780 3242 a

191 3263 425 3329 peccatis
471 3264 806 3336 liberandum
860 3268 1114 3336 populum
1157 3267 1322 3335 ipsius
1361 3273 1681 3326 annuntiat:
1729 3275 1778 3328 id

188 3351 328 3418 quod
369 3367 530 3406 nemo
567 3362 690 3407 ante
733 3355 912 3409 facere
949 3364 1215 3422 potuerat.
1252 3358 1318 3410 Et
1346 3374 1448 3426 qua
1479 3359 1547 3414 de
1574 3375 1776 3427 causa,

188 3440 398 3511 inquies
423 3483 438 3507 ,
470 3442 730 3513 Papulum
759 3461 908 3499 suum
937 3446 1109 3515 dixit,
1140 3463 1312 3517 neque
1342 3460 1526 3519 gentes
1552 3453 1781 3521 adjecit?

186 3529 262 3586 Ne
287 3533 472 3587 statim
499 3533 798 3589 auditorem
828 3537 1164 3604 percelleret.
1190 3538 1439 3608 Alioquin
1464 3556 1591 3594 vero
1620 3543 1780 3596 intel-

185 3619 400 3691 ligentia
443 3622 696 3690 praeditus
724 3623 936 3677 auditor
967 3626 1050 3678 hic
1079 3637 1266 3695 gentes
1293 3643 1506 3698 quoque
1532 3632 1774 3684 subindi-

184 3711 290 3765 cari
318 3712 594 3780 perspicit.
620 3711 853 3781 Populus
873 3714 1014 3766 enim
1036 3715 1154 3781 ejus
1179 3725 1303 3769 sunt
1325 3732 1430 3771 non
1456 3717 1624 3772 Judaei
1657 3728 1778 3774 tan-

185 3811 293 3857 tum
313 3843 330 3869 ,
361 3803 458 3858 sed
483 3817 673 3858 omnes
697 3806 785 3873 qui
813 3805 1110 3872 accedunt,
1138 3815 1193 3861 et
1218 3809 1332 3874 ejus
1355 3808 1658 3864 doctrinam
1679 3825 1774 3865 co-

181 3894 581 3962 gnitionemque
637 3896 953 3964 suscipiunt.
998 3896 1376 3953 Animadverte
1414 3908 1590 3954 autem
1637 3917 1772 3970 quo-

183 3984 342 4039 modo
362 3983 482 4053 ejus
505 3984 816 4053 dignitatent
841 3985 994 4040 nobis
1020 3990 1308 4055 aperuerit,
1341 3989 1595 4057 populum
1619 4003 1771 4044 suum

181 4076 463 4146 appellans
508 4077 759 4144 populum
811 4075 1114 4131 Iudaicum.
1149 4077 1259 4130 Hoc
1290 4079 1441 4131 enim
1475 4080 1602 4131 nihil
1634 4080 1774 4133 aliud

181 4166 475 4237 signiﬁcat,
495 4182 653 4233 quam
683 4182 804 4221 eum
825 4208 839 4230 ,
863 4168 950 4236 qui
977 4179 1131 4222 natus
1152 4177 1235 4222 est
1256 4211 1267 4227 .
1292 4183 1413 4223 esse
1439 4167 1629 4222 Filium
1656 4170 1765 4223 Dei.

181 4271 242 4312 ac
267 4257 337 4311 de
377 4271 504 4325 rege
528 4271 761 4324 superno
803 4272 984 4312 sermo
1014 4258 1112 4327 ipsi
1143 4268 1242 4312 est.
1275 4257 1456 4327 Neque
1486 4259 1626 4312 enim
1669 4261 1768 4312 alia

181 4354 422 4415 potestas
448 4356 663 4414 peccata
693 4347 964 4400 remittere
987 4347 1148 4408 valet,
1177 4347 1276 4400 nisi
1306 4363 1364 4401 ea
1395 4362 1512 4414 qua:
1536 4345 1600 4399 ad
1630 4348 1769 4400 illam

183 4439 540 4491 substantiam
569 4437 820 4504 pertinet.
851 4436 1112 4502 Quoniam
1144 4437 1302 4504 igitur
1330 4445 1533 4489 tantum
1563 4439 1769 4506 accepi-

185 4542 301 4582 mus
325 4527 528 4581 donum
550 4567 564 4590 ,
596 4526 726 4579 nihil
757 4540 860 4578 non
894 4540 1114 4594 agamus
1137 4542 1205 4578 ne
1232 4535 1432 4579 tantum
1458 4527 1769 4581 beneficium

185 4615 618 4670 dehonestemus.
650 4611 705 4667 Si
751 4613 892 4666 enim
922 4628 983 4666 ea
1012 4628 1131 4681 qua:
1167 4623 1292 4667 ante
1332 4614 1473 4667 hunc
1517 4617 1771 4669 honorent

185 4717 327 4776 gesta
350 4714 498 4772 sunt,
526 4705 682 4775 digna
700 4706 901 4761 ultione
921 4717 1093 4772 erant,
1120 4705 1287 4760 multo
1308 4707 1474 4774 magis
1498 4717 1614 4775 post
1637 4707 1759 4761 inef-

189 4796 341 4850 fabile
370 4795 501 4849 illud
533 4795 872 4850 beneﬁcium.

246 4971 443 5027 Fidelis
486 4986 549 5024 at:
575 4972 689 5023 uiue
715 4971 943 5023 instituto
973 4969 1562 5039 dignoscendus.—ila-c
1606 4987 1763 5036 poi-ro

181 5079 280 5118 non
311 5063 430 5118 sine
475 5075 635 5116 causa
683 5075 824 5113 nunc
852 5059 1007 5120 dico;
1059 5058 1152 5112 sed
1200 5061 1320 5125 quia
1366 5060 1564 5113 multos
1609 5061 1762 5112 vidt-o

185 5165 300 5223 post
328 5153 590 5222 baptisma
627 5152 900 5222 segniores
924 5191 938 5214 ,
987 5164 1145 5219 quam
1189 5149 1224 5202 ii
1275 5151 1366 5217 qui
1399 5150 1630 5204 nondum
1683 5153 1733 5204 itt

183 5245 306 5299 itiatl
332 5253 479 5311 sunt,
514 5257 684 5312 neque
708 5241 866 5296 ullam
894 5240 1148 5295 habentes
1175 5240 1395 5294 instituti
1425 5244 1591 5295 nostri
1613 5244 1751 5296 noti-

243 5470 258 5501 ¹
290 5469 429 5518 Savil.
467 5477 520 5519 et
543 5476 654 5518 Mss.
679 5467 845 5518 Morel.
871 5470 940 5518 sic
963 5469 1146 5516 habent
1169 5481 1180 5514 :
1224 5466 1342 5514 Am“
1364 5479 1507 5523 quam
1529 5472 1756 5513 eccm-ale

259 5531 411 5580 «entia
445 5537 592 5593 pontu
622 5543 640 5580 :
681 5547 704 5576 ιι
731 5528 906 5589 Pnricl,
932 5546 955 5575 ι
993 5527 1354 5580 t'ndcternu'mrte
1393 5526 1620 5587 loquens;
1658 5538 1750 5574 non

267 5603 313 5649 ιι,
341 5599 433 5641 etc.

1389 361 1454 417 ΙΝ
1493 362 1902 420 ΜᾹΤΤΙΙΛΕἩΜ
1967 363 2193 419 lIOMlL.
2238 363 2328 417 IV.

3429 364 3499 418 48

1922 471 2071 526 tiam.
2105 471 2334 543 Ideoque
2359 486 2457 527 nec
2482 471 2533 527 in
2563 472 2700 537 foro,
2731 473 2831 527 tice
2859 472 2911 526 in
2938 471 3162 528 ecclesia
3188 478 3365 541 potest
3393 473 3509 526 dis-

1920 561 2084 631 tingui
2135 562 2310 620 ﬁdelis
2348 577 2380 617 a
2419 578 2528 617 non
2573 562 2754 627 ﬁdeli,
2801 562 2901 616 nisi
2947 562 3067 632 quis
3094 561 3235 616 adsit
3271 571 3513 632 tempore

1917 654 2334 722 mysteriorum,
2378 663 2433 709 et
2478 652 2655 708 videat
2699 654 2789 722 qui
2819 653 3133 722 ejiciantur,
3181 662 3237 708 et
3273 654 3362 723 qui
3390 670 3509 707 ma-

1916 750 2096 795 neant.
2123 741 2409 811 Oporteret
2435 753 2609 797 autem
2639 757 2734 796 eos
2775 757 2880 796 non
2908 757 2936 796 a
2965 743 3084 796 loco
3111 783 3127 809 ,
3161 743 3255 797 sed
3284 758 3314 796 a
3342 745 3509 798 mori-

1915 830 2013 884 bus
2053 831 2328 900 distingui.
2377 831 2506 885 Nam
2539 841 2784 885 externae
2817 829 3036 901 quidem
3080 831 3388 902 dignitates,
3438 832 3508 886 ab

1911 921 2148 973 externis
2177 921 2319 972 notis
2345 928 2401 973 et
2423 922 2749 973 ornamentis
2767 921 2887 988 jure
2913 921 3297 989 dignoscuntur
3351 938 3364 972 :
3406 936 3505 974 no—

1912 1017 2020 1060 stra
2064 1023 2190 1061 vero
2215 1009 2284 1062 ab
2321 1009 2450 1079 ipsis
2488 1011 2678 1063 animis
2707 1021 2833 1062 neta
2870 1025 2989 1063 esse
3018 1018 3246 1077 oportet.
3271 1009 3510 1064 Fidelem

1910 1109 2141 1163 namque
2165 1111 2270 1149 non
2320 1111 2346 1150 a
2371 1096 2516 1151 dono
2551 1105 2754 1153 tantum
2777 1142 2792 1163 ,
2837 1101 2933 1156 sed
2962 1102 3122 1158 etiam
3162 1119 3193 1157 a
3221 1103 3360 1158 novo
3387 1107 3510 1160 vita:

1904 1186 2146 1241 instituto
2173 1189 2391 1256 agnosci
2425 1204 2521 1258 par
2545 1200 2707 1246 esset.
2750 1192 2949 1248 Fidelis
2975 1203 3032 1252 et
3059 1195 3319 1251 luminare
3347 1207 3401 1251 et
3426 1199 3506 1253 sal

1908 1273 2090 1328 mundi
2132 1288 2255 1329 esse
2280 1275 2460 1330 debet.
2493 1277 2626 1332 Cum
2675 1289 2853 1334 autem
2882 1295 2980 1336 nec
3014 1282 3108 1337 tibi
3139 1284 3355 1352 quidem
3405 1286 3504 1353 ipsi

1905 1359 2085 1416 luceas
2107 1402 2124 1428 ,
2159 1379 2259 1418 nec
2289 1354 2556 1434 propriam
2587 1369 2924 1437 putredinem
2955 1373 3292 1443 constringas
3314 1415 3328 1439 ,
3366 1376 3507 1430 unde

1905 1452 2117 1507 tandem
2148 1464 2199 1510 te
2224 1471 2382 1510 nosse
2408 1457 2738 1524 poterimus?
2775 1475 2842 1514 an
2872 1461 2993 1530 quia
3020 1462 3072 1516 in
3099 1463 3267 1518 sacris
3289 1463 3505 1520 fluentis

1905 1543 2176 1613 ingressus
2205 1549 2308 1602 es?
2336 1546 2441 1604 Sed
2470 1549 2572 1606 hoc
2599 1559 2652 1606 te
2673 1551 2739 1606 ad
2771 1554 3090 1623 supplicium
3122 1555 3359 1611 deducit.
3392 1559 3505 1613 Ma-

1873 1633 2123 1700 gnitudo
2166 1635 2312 1689 enim
2353 1636 2572 1692 honoris
2595 1680 2610 1706 ,
2661 1641 2725 1696 iis
2750 1643 2840 1710 qui
2872 1643 3032 1697 vitam
3078 1645 3380 1714 hujusmodi
3412 1648 3506 1700 lto-

1907 1738 2037 1777 nore
2062 1724 2275 1794 dignam
2306 1741 2412 1782 non
2451 1739 2643 1798 agunt,
2671 1723 3091 1788 additamentum
3124 1737 3368 1806 supplicii
3399 1748 3501 1796 est.

1906 1811 2140 1868 Fidelem
2168 1817 2312 1869 enim
2346 1833 2451 1873 non
2483 1819 2551 1873 ab
2578 1819 2642 1874 iis
2673 1830 2878 1877 tantunt
2905 1839 3026 1893 quae
3053 1841 3082 1878 a
3115 1826 3224 1880 Deo
3252 1831 3500 1898 accepit,

1901 1904 1994 1957 sed
2027 1905 2189 1958 etiam
2216 1907 2284 1961 ab
2327 1908 2390 1961 iis
2415 1925 2535 1978 quae
2566 1910 2678 1979 ipse
2703 1911 2882 1966 intulit
2923 1913 3124 1984 fulgere
3155 1931 3250 1984 par
3276 1930 3360 1972 est
3383 1958 3399 1980 .
3449 1931 3504 1975 et

1900 1993 2134 2064 undique
2163 2012 2222 2050 se
2251 2008 2435 2053 notum
2467 2011 2743 2069 prmstare,
2769 2003 2836 2056 ab
2858 2003 3069 2060 incessu
3098 2046 3113 2070 ,
3146 2007 3214 2061 ab
3238 2018 3456 2078 aspectu
3483 2051 3498 2074 ,

1898 2081 1968 2134 ab
1999 2083 2202 2147 habitu.
2229 2100 2258 2138 a
2287 2101 2438 2142 voce.
2469 2089 2592 2143 Hmc
2617 2099 2794 2146 autem
2823 2092 2956 2158 diti,
2991 2111 3097 2148 non
3127 2097 3269 2151 utad
3311 2110 3500 2154 osten-

1901 2173 2157 2230 tationem
2183 2217 2197 2238 ,
2226 2177 2322 2232 sed
2344 2188 2402 2234 ut
2420 2179 2488 2234 ad
2516 2181 2800 2238 utilitatem
2830 2183 3124 2240 videntium
3154 2202 3253 2240 nos
3276 2204 3501 2259 compo-

1899 2277 2110 2321 namus.
2151 2266 2311 2322 Nunc
2331 2281 2508 2324 autem
2542 2271 2916 2342 undecumque
2960 2284 3011 2329 te
3054 2277 3278 2331 voluero
3306 2279 3498 2349 digno-

1898 2369 2074 2421 scere,
2117 2361 2352 2430 undique
2380 2370 2434 2417 te
2465 2365 2679 2420 invenio
2707 2381 2737 2419 a
2765 2368 3050 2423 contrariis
3075 2370 3337 2439 dignosci.
3383 2372 3440 2428 Si
3467 2390 3498 2428 a

1895 2443 2018 2500 loco
2042 2448 2131 2515 qui
2162 2450 2237 2502 sis
2265 2451 2425 2506 velim
2465 2453 2739 2520 ediscere,
2773 2456 2828 2510 itt
2855 2458 3001 2513 circo
3027 2468 3078 2513 te
3103 2500 3118 2524 ,
3151 2460 3201 2513 itt
3232 2464 3456 2517 theatris
3481 2504 3496 2522 .

1896 2540 1952 2586 et
1995 2534 2188 2605 iniquis
2230 2543 2669 2610 occupationibus
2714 2546 2870 2600 video
2913 2547 3028 2601 dies
3058 2550 3391 2619 transigere,
3445 2552 3498 2606 in

1899 2620 1999 2676 fori
2027 2627 2256 2686 coetibus
2283 2629 2648 2701 improborum
2673 2675 2688 2699 ,
2718 2636 2770 2689 in
2800 2648 3175 2707 corruptorum
3219 2639 3498 2697 hominum

1892 2717 2203 2782 consortio;
2231 2718 2275 2773 si
2300 2735 2332 2774 a
2359 2721 2539 2776 vultus
2575 2727 2985 2794 compositione,
3013 2728 3229 2785 assidue
3256 2739 3308 2786 te
3331 2747 3499 2789 cerno

1907 2810 2193 2864 cachinnis
2220 2811 2464 2866 deditum
2493 2828 2557 2868 ac
2583 2814 2934 2884 dissolutum,
2967 2821 3112 2876 haud
3140 2839 3302 2880 secus
3329 2840 3497 2895 quam

1910 2898 2246 2952 meretricem
2287 2902 2592 2969 procaciter
2643 2903 2883 2960 hiantem
2930 2917 2984 2962 et
3040 2909 3368 2966 dissolutam
3398 2928 3414 2978 ;
3444 2913 3496 2969 si

1906 2999 1938 3037 a
1966 2987 2228 3051 vestibus,
2258 2990 2484 3058 perinde
2524 2995 2851 3049 teamictum
2885 2997 3040 3052 video
3073 3008 3239 3069 atque
3269 3001 3465 3057 histrio
3486 3029 3502 3043 -

1909 3088 2070 3137 nem;
2130 3077 2174 3128 si
2221 3093 2249 3130 a
2290 3079 2617 3142 clientibus.
2673 3085 2946 3151 parasitos
3014 3087 3386 3145 circumducis
3440 3102 3499 3147 et

1910 3164 2219 3232 adultores;
2251 3167 2295 3221 si
2331 3182 2360 3219 a
2394 3171 2600 3234 verbis,
2626 3168 2759 3224 nihil
2811 3186 3004 3228 sanum
3026 3215 3041 3239 ,
3074 3177 3212 3232 nihil
3243 3194 3499 3236 necessa-

1911 3252 2074 3316 riuut,
2104 3255 2237 3306 nihil
2278 3257 2344 3307 ad
2382 3257 2692 3312 institutum
2728 3262 2852 3314 vitae
2897 3273 3146 3318 uestrum
3179 3270 3499 3325 concudens

1911 3338 2222 3408 loquentem
2255 3345 2455 3402 audio:
2488 3348 2534 3400 si
2568 3363 2597 3400 a
2639 3363 2847 3413 mensa,
2896 3353 3072 3421 major
3114 3355 3241 3410 uinc
3268 3373 3499 3413 accusa-

1911 3429 2079 3484 tionis
2114 3434 2340 3487 materia
2367 3436 2598 3492 orietur.

1958 3588 2012 3642 8.
2069 3589 2346 3649 Uudenam
2401 3596 2602 3666 igitur,
2653 3617 2880 3671 quaeso,
2937 3617 3124 3676 potero
3172 3623 3222 3667 te
3274 3614 3485 3671 ﬁdelem

1884 3691 2216 3749 agnoscere,
2269 3697 2389 3740 cum
2436 3701 2594 3758 supra
2642 3691 2782 3748 dicta
2813 3699 2992 3753 omnia
3038 3706 3365 3760 cautrariunt
3396 3726 3486 3762 ar-

1881 3770 2086 3835 guant?
2113 3770 2180 3824 Et
2223 3774 2349 3840 quid
2397 3775 2520 3832 dico
2564 3778 2820 3838 ﬁdelem?
2857 3787 3040 3859 Neque
3078 3793 3221 3847 enim
3248 3797 3293 3850 si
3325 3797 3488 3854 homo

1880 3859 1955 3921 sis
1983 3874 2198 3928 possum
2237 3865 2516 3940 evidenter
2551 3886 2865 3942 agnoscere.
2896 3880 3029 3936 Nam
3061 3899 3182 3939 cum
3211 3889 3358 3943 calce
3387 3892 3488 3944 itu-

1883 3959 2032 4016 petas
2059 3963 2116 4006 ut
2144 3955 2328 4011 asinus
2350 3997 2366 4023 ,
2395 3962 2613 4018 exsilias
2644 3974 2702 4018 ιιι
2727 3977 2914 4024 taurus
2933 4012 2948 4034 ,
2981 3974 3047 4027 ad
3081 3977 3336 4033 mulieres
3365 3981 3486 4035 hiu-

1882 4039 1999 4090 nias
2029 4050 2084 4092 ut
2110 4058 2281 4109 equus
2301 4085 2315 4106 ,
2348 4051 2614 4104 voraciter
2643 4055 2772 4108 edas
2801 4069 2858 4110 ut
2887 4075 3046 4116 ursus
3070 4105 3084 4127 ,
3125 4081 3342 4122 carnem
3378 4073 3482 4125 iut-

1877 4128 2136 4195 pinguare
2159 4134 2376 4190 studeas
2418 4149 2474 4192 ιιι
2497 4143 2674 4196 mulus
2699 4186 2713 4206 ,
2748 4148 3060 4216 injuriarum
3087 4171 3296 4214 memor
3325 4162 3398 4215 sis
3427 4175 3483 4219 ut

1876 4220 2134 4286 camelus,
2164 4224 2346 4292 rapias
2377 4237 2432 4280 ιιι
2455 4228 2610 4299 lupus
2634 4274 2648 4296 ,
2678 4235 2927 4293 irascaris
2958 4252 3014 4295 ιιι
3037 4259 3285 4316 serpens,
3321 4251 3482 4308 ferias

1878 4317 1935 4360 ιιι
1965 4313 2197 4380 scorpio,
2231 4317 2529 4386 versipellis
2557 4322 2632 4376 sis
2662 4334 2719 4379 ιιι
2749 4328 2955 4398 vulpes,
2985 4313 3144 4389 virus
3183 4339 3480 4408 iniquitatis

1876 4411 2058 4455 serves
2085 4410 2144 4454 ut
2185 4404 2327 4473 aspis
2366 4417 2421 4461 et
2466 4411 2682 4479 vipera,
2729 4416 2988 4477 adversus
3036 4425 3230 4483 fratres
3278 4404 3478 4489 beilum

1873 4503 2078 4589 geras,_
2107 4500 2165 4546 ut
2197 4496 2437 4589 crudelis
2458 4499 2547 4556 ille
2577 4503 2788 4561 daemon
2829 4527 2842 4562 :
2891 4516 3162 4580 quomodo
3206 4527 3257 4571 te
3290 4532 3479 4589 potero

1885 4585 2024 4628 tuter
2065 4579 2309 4635 homines
2353 4598 2752 4657 aunumerare,
2801 4579 2924 4649 cum
2978 4598 3226 4656 humana:
3272 4579 3480 4665 naturae

1878 4665 2214 4724 characteres
2263 4673 2313 4725 in
2358 4682 2409 4729 te
2440 4693 2545 4732 non
2586 4682 2836 4738 videam?
2876 4686 3192 4753 Quarrebam
3223 4695 3480 4753 differen—

1880 4754 2004 4808 tiam
2053 4760 2500 4819 catecltumenum
2541 4769 2682 4823 inter
2712 4780 2768 4826 et
2809 4774 3024 4831 ﬁdelem
3049 4820 3064 4843 ,
3096 4790 3150 4834 et
3181 4785 3475 4850 periculum

1873 4854 1954 4898 est
1997 4863 2064 4901 nc
2108 4848 2348 4907 invenire
2387 4873 2646 4926 nequeam
2689 4863 2861 4919 virum
2895 4867 3034 4923 inter
3061 4881 3110 4924 et
3156 4848 3322 4928 fet'am
3354 4878 3468 4933 dis-

1869 4934 2092 4989 crimen.
2136 4940 2339 5010 Ecquid
2381 4955 2449 5012 te_
2480 4947 2652 5004 dicam
2684 4955 2841 5007 esse?
2867 4955 3092 5012 Ferant?
3119 4962 3187 5014 At
3211 4961 3341 5017 ferat
3367 4983 3475 5023 uno

1869 5031 2075 5080 tantum
2107 5031 2236 5085 vitio
2266 5043 2560 5093 tenentur:
2608 5050 2663 5096 tu
2718 5060 2848 5100 vero
2890 5049 2979 5116 qui
3005 5051 3197 5105 omnia
3242 5055 3476 5113 circum-

1862 5123 1972 5214 tﬂcrs-
2004 5115 2126 5214 vitia
2159 5161 2174 5184 ,
2202 5123 2359 5194 longe
2385 5131 2554 5196 magis
2585 5147 2744 5199 quam
2774 5136 2876 5191 illa:
2906 5115 3128 5195 rationis
3153 5157 3212 5198 es
3252 5161 3467 5214 expers.

1865 5200 1971 5302 sed
1997 5203 2294 5266 daemonem
2345 5224 2394 5269 te
2425 5218 2666 5275 vocabo?
2693 5225 2852 5293 Atqui
2879 5226 3090 5284 dtemon
3132 5249 3304 5303 neque
3324 5200 3468 5293 te};

1866 5292 1962 5345 tris
1990 5301 2257 5365 tyrannidi
2284 5305 2528 5362 subditus
2558 5321 2660 5378 est,
2688 5292 2862 5383 neque
2885 5318 3098 5375 divitias
3129 5292 3294 5379 amat.
3329 5292 3465 5385 Ctnn

1864 5399 1991 5453 ergo
2012 5388 2157 5454 plura
2183 5393 2331 5458 vitia,
2358 5412 2513 5466 quam
2545 5400 2672 5456 ferte
2701 5413 2754 5458 et
2783 5406 3053 5465 daemones
3080 5413 3300 5483 habeas,
3325 5436 3464 5487 quo-

1867 5475 2044 5543 modo,
2089 5493 2292 5547 qttteso,
2341 5495 2393 5540 te
2435 5487 2704 5546 hominem
2750 5498 3100 5554 vocabimus?
3148 5506 3191 5557 si
3227 5475 3355 5561 vero
3410 5522 3462 5565 te

1867 5563 2134 5623 hominem
2164 5588 2357 5631 vocare
2386 5593 2488 5643 nou
2539 5582 2702 5650 licet,
2733 5591 3000 5656 quomodo
3031 5593 3239 5651 fidelem
3274 5603 3457 5669 appel-
