4140 6298
671 365 734 418 ιιι
1383 368 1441 422 S.
1483 367 1768 425 JOANNIS
1801 369 2285 426 CIIRYSOSWIII
2322 320 2637 424 ARClilEi’.
2678 364 3223 424 CONSTANTINOP.
3847 367 3927 423 50

673 470 932 525 labimus?
957 471 1108 539 Quod
1135 480 1311 528 autem
1348 472 1581 530 deterius
1608 483 1732 541 est,
1760 488 1882 529 eum
1908 475 1978 528 ita
2005 474 2142 529 male
2165 488 2238 527 st-

671 573 791 614 mus
815 559 1008 626 affecti,
1040 578 1107 616 ne
1131 563 1423 631 cogitamus
1451 563 1664 632 quidem
1692 566 1883 619 animat
1913 575 2109 620 nostra
2144 565 2242 619 de-

670 647 991 703 formitatem
1016 690 1033 715 ,
1081 665 1255 721 neque
1306 653 1423 721 ejus
1478 653 1768 708 fmditatem
1815 656 2080 710 novimus.
2137 655 2241 710 Sed

667 736 806 805 apud
838 746 1108 794 tonsorem
1146 740 1340 795 sedens
1367 783 1382 807 ,
1425 756 1630 795 comam
1654 742 1949 798 detondens
1969 783 1986 810 ,
2032 757 2245 815 arrepto

671 828 890 894 speculo
919 830 1194 883 caesariem
1222 831 1548 898 consideras,
1581 844 1634 886 et
1662 835 1935 889 adstantes
1959 836 2243 905 ipsumque

667 923 937 969 tonsorem
968 916 1289 987 interrogas,
1331 935 1455 973 num
1485 931 1673 975 ornate
1697 922 1923 978 frontem
1951 926 2243 978 concinna-

665 1003 801 1056 verit
833 1022 845 1056 :
877 1019 940 1057 ac
965 1020 1106 1072 saepe
1128 1046 1144 1070 ,
1173 1021 1338 1060 senex
1364 1022 1484 1062 cum
1527 1011 1602 1063 sis
1624 1051 1640 1074 ,
1673 1026 1776 1065 non
1809 1014 2006 1067 vereris
2029 1013 2242 1083 juveni-

665 1091 803 1147 libus
843 1095 1029 1147 studiis
1058 1095 1290 1150 insanire
1326 1115 1340 1149 :
1385 1099 1613 1153 animam
1657 1116 1784 1154 vero
1826 1113 2062 1157 nostram
2086 1144 2100 1167 ,
2134 1119 2239 1159 non

668 1183 827 1236 modo
851 1183 1164 1248 deformem,
1192 1185 1285 1240 sed
1315 1189 1472 1242 etiam
1497 1189 1676 1243 ferina:
1707 1190 1889 1245 formae
1909 1208 2051 1256 esse,
2075 1195 2242 1248 instar

665 1271 854 1341 Scyllae
880 1281 934 1326 et
961 1273 1244 1330 Chimaera:
1272 1318 1288 1342 ,
1313 1294 1429 1346 qua:
1460 1282 1510 1334 in
1543 1281 1715 1336 fabula
1743 1285 2004 1352 feruntur,
2046 1302 2114 1341 ne
2142 1287 2243 1340 Ini-

665 1362 866 1415 nimum
895 1363 1111 1431 quidem
1133 1369 1391 1422 sentimus
1416 1389 1428 1422 :
1463 1387 1776 1441 quamquam
1815 1384 1991 1429 tamen
2021 1377 2104 1430 hic
2129 1377 2238 1444 spi-

663 1449 852 1505 rituale
891 1453 1162 1520 speculum
1206 1455 1494 1514 habeamus
1534 1460 1689 1531 longe
1728 1463 1918 1518 melius
1960 1473 2014 1519 et
2061 1465 2238 1518 utilius

663 1540 776 1594 illo.
821 1542 934 1596 Non
978 1543 1138 1598 modo
1184 1549 1325 1601 enim
1368 1548 1755 1608 deformitatem
1803 1563 2099 1619 monstrat,
2141 1555 2235 1609 sed

661 1631 821 1685 etiam
849 1642 1016 1686 mittat
1042 1634 1184 1689 illam
1212 1637 1266 1691 in
1303 1639 1746 1707 pulchritudinem
1791 1641 2105 1701 immensam
2127 1685 2144 1711 ,
2187 1645 2236 1700 si

658 1721 873 1790 quidem
902 1724 1146 1780 velimus.

738 1913 847 1969 Vite
875 1923 1159 1966 sinisteram
1180 1912 1644 1982 speculm.--Hoc
1666 1927 1825 1983 porro
1849 1915 2123 1984 speculum
2142 1925 2220 1971 est

652 2004 938 2074 proborum
965 2003 1202 2057 virorum
1232 2004 1509 2069 memoria,
1541 2017 1749 2058 necnon
1772 2006 1941 2059 beata:
1993 2006 2226 2074 ipsorum

545 2168 554 2175 α
653 2093 775 2146 vita:
801 2093 1018 2146 historia
1041 2133 1057 2158 ,
1085 2091 1472 2160 Scripturarum
1500 2093 1686 2156 lectio.
1712 2094 1854 2163 leges
1877 2109 1907 2146 a
1934 2095 2044 2149 Deo
2068 2095 2224 2149 datae.

655 2180 712 2235 Si
760 2180 840 2235 vel
862 2181 1030 2234 semel
1060 2178 1290 2234 volueris
1333 2180 1649 2234 Sancton
1697 2182 1950 2251 imagines
1986 2192 2228 2238 contem-

658 2270 788 2338 plari
815 2309 832 2333 ,
871 2269 1263 2324 deformitatem
1289 2270 1480 2323 anima:
1514 2279 1617 2323 tua
1657 2269 1862 2325 videbis
1888 2286 1904 2324 :
1934 2281 2036 2340 qua
2063 2272 2230 2326 semel

656 2367 960 2427 conspecta,
994 2358 1136 2413 nullo
1161 2358 1266 2412 alio
1292 2358 1470 2427 egebis
1497 2366 1554 2411 ut
1580 2359 1648 2411 ab
1673 2360 1770 2412 hac
1794 2360 2117 2429 turpitudine
2163 2362 2230 2414 li-

659 2449 884 2504 bereris.
931 2447 1012 2501 Ad
1043 2447 1143 2502 hoc
1184 2448 1326 2513 enim
1354 2447 1484 2500 utile
1526 2446 1678 2501 nobis
1704 2455 1787 2500 est
1813 2447 1912 2501 hoc
1938 2449 2230 2516 speculum,

658 2540 970 2608 facilemque
993 2538 1146 2592 nobis
1177 2536 1347 2592 reddit
1375 2537 1511 2591 hanc
1549 2537 1916 2592 mutationem.
1943 2538 2111 2592 Nemo
2140 2539 2235 2591 ita-

659 2645 763 2699 que
792 2631 842 2682 in
893 2630 1166 2682 brutorutn
1214 2627 1379 2681 forma
1412 2635 1637 2681 maneat.
1683 2627 1738 2682 Si
1777 2628 1921 2681 enim
1950 2642 2134 2683 servus
2179 2633 2232 2684 in

659 2721 875 2773 domum
910 2718 1072 2786 patris
1099 2731 1203 2771 non
1233 2717 1392 2771 intrat
1414 2757 1428 2781 ,
1460 2730 1580 2770 cum
1608 2718 1731 2771 ferte
1757 2717 1979 2772 formam
2013 2720 2232 2784 habeas,

659 2807 927 2876 quomodo
958 2815 1011 2858 tu
1041 2806 1093 2859 in‘
1119 2807 1297 2859 limina
1326 2806 1415 2860 illa
1444 2807 1644 2874 ingredi
1674 2807 1904 2873 poteris?
1931 2807 2132 2877 Ecquid
2166 2810 2232 2862 fe-

663 2911 773 2951 ram
803 2896 961 2950 dico?
992 2896 1121 2950 Fera
1151 2894 1569 2950 enim'deterior
1593 2908 1676 2950 est
1707 2896 2008 2964 hujusmodi
2052 2899 2231 2951 homo.

663 2987 810 3041 Ferte
837 2987 978 3040 enim
1006 2987 1105 3039 etsi
1154 2994 1336 3038 natura
1365 3000 1457 3038 sua
1490 2986 1693 3040 feroces
1725 2987 1850 3052 sint,
1879 2987 2107 3042 humana
2155 2997 2235 3042 ta-

663 3092 782 3133 men
809 3087 922 3130 arte
961 3091 1101 3144 sape
1145 3085 1521 3129 mansuescunt
1563 3093 1575 3127 :
1625 3086 1678 3128 tu
1727 3091 1852 3130 vero
1895 3078 1984 3144 qui
2026 3077 2234 3134 illarum

662 3167 956 3223 naturalem
988 3167 1246 3220 feritatem
1288 3166 1339 3218 in
1368 3166 1843 3228 mansuetudinem,
1886 3181 2004 3233 qua:
2053 3179 2236 3221 contra

663 3265 905 3312 natuer
927 3270 1108 3309 earum
1139 3261 1240 3320 est,
1263 3260 1609 3319 transmutas,
1639 3269 1796 3322 quam
1827 3253 2048 3313 habebis
2073 3271 2232 3310 excu-

663 3346 940 3408 sationem,
970 3343 1059 3412 qui
1082 3343 1558 3406 mansuetudinem,
1585 3359 1739 3410 quam
1757 3358 1824 3399 ex
1843 3357 2026 3398 natura
2053 3345 2238 3409 habere,

667 3437 718 3490 itt
741 3436 1029 3496 feritatem,
1060 3448 1179 3501 qua:
1208 3443 1391 3486 contra
1424 3442 1665 3486 naturam
1691 3442 1806 3501 est,
1852 3437 2119 3489 convertis
2144 3473 2159 3498 ,
2188 3447 2238 3489 et

664 3526 753 3593 qui
794 3525 931 3593 quod
977 3524 1146 3577 ferum
1190 3531 1303 3576 erat
1330 3523 1456 3578 mite
1495 3523 1744 3586 reddens,
1777 3525 2022 3592 teipsnm,
2058 3534 2239 3578 natura

667 3617 846 3672 mitem
871 3657 887 3680 ,
913 3622 1097 3668 contra
1129 3623 1367 3666 naturam
1398 3611 1629 3668 ferocem
1658 3613 1977 3668 constituisti
2007 3632 2020 3668 :
2049 3629 2111 3669 ac
2148 3615 2236 3684 qui

666 3708 873 3761 leonem
899 3706 1104 3760 cicuras
1125 3714 1563 3772 mansuetumque
1591 3705 1788 3770 reddis,
1818 3707 2053 3759 animum
2087 3716 2232 3760 tuum

666 3796 821 3849 leone
863 3795 1176 3849 ferociorem
1220 3793 1422 3848 efﬁcis?
1475 3794 1680 3848 etiamsi
1720 3794 1826 3848 duo
1873 3796 1978 3848 illic
2022 3795 2243 3858 impedi-

667 3892 853 3938 menta
884 3879 1087 3941 adsint,
1127 3888 1183 3930 et
1213 3877 1356 3945 quod
1391 3874 1504 3928 fera
1536 3875 1621 3927 illa
1654 3875 1725 3926 sit
1755 3873 1980 3927 rationis
2011 3890 2225 3944 expers,

661 3977 718 4023 et
743 3965 890 4036 quod
912 3964 1162 4018 omnium
1192 3964 1263 4016 sit
1286 3960 1642 4014 ferocissima.
1676 3958 1926 4012 Attamen
1952 3959 2005 4012 vi
2042 3959 2226 4013 indita:

662 4057 762 4111 tibi
805 4071 836 4108 a
882 4053 992 4107 Deo
1035 4050 1336 4119 sapientiae,
1387 4059 1639 4102 naturam
1686 4048 1856 4117 ipsam
1901 4048 2098 4102 vincis.
2144 4049 2224 4100 'l‘u

662 4146 830 4216 igitur
865 4144 960 4213 qui
999 4141 1237 4196 ferarum
1279 4150 1528 4191 naturam
1569 4139 1766 4201 vincis,
1814 4153 1913 4192 cur
1953 4139 2008 4190 in
2052 4139 2226 4204 teipso

661 4245 718 4288 et
748 4241 957 4287 natura:
987 4241 1044 4284 et
1083 4226 1384 4282 voluntatis
1423 4226 1626 4278 bonum
1665 4225 1886 4292 prodis?
1915 4226 1990 4277 Ac
2025 4224 2069 4276 si
2105 4223 2228 4291 qni-

661 4325 787 4378 dem
828 4330 880 4376 te
921 4321 1089 4374 alium
1135 4317 1414 4375 hominem
1459 4316 1644 4369 mitem
1690 4314 1922 4368 reddere
1954 4313 2225 4383 iuberem,

662 4429 730 4468 ne
766 4412 848 4467 sic
879 4408 1103 4480 quidem
1147 4406 1247 4461 tibi
1284 4421 1349 4461 ea
1383 4404 1642 4459 mandare
1679 4403 1919 4467 viderer,
1955 4418 2076 4472 qua:
2112 4402 2228 4457 ﬁeri

661 4501 956 4571 nequirent
990 4515 1004 4550 :
1037 4511 1226 4566 posses
1258 4505 1438 4549 tamen
1473 4494 1801 4563 tn‘ohjicere
1831 4502 1882 4547 te
1914 4507 2023 4546 non
2049 4492 2229 4546 domi-

667 4607 799 4646 num
825 4604 944 4645 esse
971 4588 1268 4642 voluntatis
1292 4586 1537 4648 alterius,
1569 4599 1670 4640 nec
1698 4598 1866 4654 penes
1895 4592 1948 4637 te
1972 4582 2026 4636 id
2055 4590 2230 4636 totum

671 4697 812 4736 esse.
843 4680 1001 4734 Nunc
1036 4687 1219 4732 autem
1252 4677 1431 4732 bellua
1466 4685 1555 4730 tua
1584 4685 1686 4733 est.
1718 4676 1773 4727 in
1807 4683 1900 4728 tuo
1936 4673 2113 4742 posita
2143 4686 2232 4725 ar-

663 4771 850 4827 bitrio.

735 4955 788 5008 9.
830 4953 896 5007 In
922 4954 1048 5006 iram
1078 4952 1345 5005 inuehitur.
1384 4950 1606 5021 Sanguis
1630 4948 1816 5004 Christi
1853 4948 2048 5001 morbos
2076 4947 2232 4998 ατιὶηή

662 5046 950 5115 exstinguit.
997 5042 1215 5109 Affectus
1253 5058 1370 5112 erga
1404 5051 1655 5094 creaturas
1690 5055 1906 5092 antorem
1927 5036 2109 5092 Christi
2135 5037 2232 5086 mi-

667 5137 870 5188 nuit.—
889 5133 1055 5200 Quam
1079 5147 1204 5202 ergo
1234 5131 1396 5185 habes
1420 5129 1805 5190 defensionem,
1833 5127 1956 5181 dum
1989 5134 2230 5180 naturam

667 5237 808 5280 tuam
826 5239 928 5279 non
956 5221 1185 5290 subigis?
1207 5237 1362 5290 quem
1381 5221 1733 5275 excusationis
1748 5221 1978 5274 colorem
1997 5217 2233 5288 proferre

669 5313 888 5383 poteris,
920 5313 1044 5364 dum
1075 5312 1283 5365 leonem
1308 5309 1358 5362 in
1391 5309 1657 5362 hominem
1681 5308 1964 5370 convertis,
1994 5319 2147 5378 teque
2167 5322 2229 5359 ex

675 5404 884 5458 homine
913 5403 1118 5456 leonem
1143 5401 1339 5454 factum
1368 5398 1580 5461 videns,
1614 5397 1664 5453 id
1693 5414 1796 5452 non
1822 5413 1994 5463 curas,
2029 5413 2092 5451 ac
2108 5397 2231 5450 dum

670 5492 745 5546 illi
774 5507 868 5557 ea,
897 5506 1016 5561 qua:
1048 5505 1204 5560 supra
1235 5498 1473 5543 naturam
1507 5489 1622 5558 ejus
1661 5497 1782 5542 sunt
1803 5530 1818 5552 ,
1858 5488 2092 5557 largiris,
2140 5488 2228 5541 tibi

671 5597 736 5636 ne
763 5597 825 5634 ea
856 5582 1062 5650 quidem
1092 5595 1292 5643 servas,
1320 5594 1438 5648 qua:
1465 5593 1530 5631 ex
1562 5588 1744 5631 natura
1771 5576 1955 5642 babes,
1985 5577 2079 5632 sed
2107 5576 2231 5632 dum

2348 486 2487 539 feras
2511 490 2747 552 agrestes
2782 479 2849 532 ad
2877 477 3204 531 nobilitatem
3234 480 3470 529 nostram
3497 470 3763 527 deducere
3787 485 3923 525 con-

2348 574 2525 629 tendis
2544 614 2561 638 ,
2596 571 2824 638 teipsum
2851 581 2917 621 ex
2958 566 3096 620 solio
3118 564 3265 634 regni
3285 562 3548 621 detrudis.
3567 569 3620 616 et
3643 563 3697 613 in
3720 559 3925 614 bellua.

2347 681 2464 720 rum
2509 664 2743 718 furorem
2783 656 3044 728 depcllis?
3077 655 3261 725 Cogita
3303 668 3565 722 namque,
3615 652 3659 706 si
3708 650 3924 719 placet,

2347 755 2480 808 iram
2520 767 2640 807 esse
2663 751 2826 804 feram
2851 765 2864 799 :
2892 756 2948 802 et
2969 754 3221 814 quantam
3251 743 3338 795 alii
3361 744 3502 796 circa
3527 743 3711 796 leones
3739 753 3926 792 curam

2350 839 2696 910 impendunt,
2743 845 2940 892 tantam
2985 843 3040 888 et
3079 843 3134 886 tu
3182 829 3428 898 impende
3465 831 3605 884 circa
3652 829 3882 896 teipsum
3908 866 3925 890 ,

2343 939 2503 997 atque
2540 928 2776 980 animum
2819 935 2964 977 tuum
3002 920 3185 974 mitem
3228 927 3672 985 mansuetumque
3717 914 3925 969 redde:

2344 1032 2465 1071 nam
2493 1024 2548 1070 et
2591 1015 2681 1070 ille
2710 1014 2868 1068 szcvis
2900 1009 3148 1065 dentibus
3171 1017 3224 1061 et
3251 1005 3461 1074 ungulis
3489 1005 3779 1058 instructus
3803 1011 3885 1057 est
3908 1042 3925 1066 ,

2341 1121 2406 1162 ac
2435 1107 2533 1160 nisi
2559 1106 2764 1159 cicures
2793 1103 2987 1168 ipsum,
3027 1097 3204 1151 omnia
3234 1094 3438 1164 perdet.
3462 1093 3643 1162 Neque
3671 1095 3814 1147 enim
3842 1092 3930 1146 leo

2347 1206 2402 1251 et
2429 1198 2609 1263 vipera
2639 1194 2717 1247 sic
2752 1191 2958 1244 viscera
2992 1188 3226 1242 lacerare
3262 1189 3516 1252 possunt,
3559 1189 3616 1235 ut
3649 1181 3762 1244 ira,
3809 1195 3930 1248 qu:e

2346 1286 2552 1355 ungulis
2597 1283 2780 1339 ferreis
2835 1279 3049 1334 assidue
3098 1276 3280 1331 laniat.
3325 1272 3508 1342 Neque
3556 1286 3698 1358 vero
3727 1285 3931 1340 corpus

2344 1385 2546 1428 tantum
2587 1371 2898 1434 labefactat,
2927 1367 3023 1422 sed
3057 1375 3111 1421 et
3133 1366 3324 1419 anima:
3361 1363 3642 1417 sanitatem
3678 1377 3930 1416 corrum-

2343 1465 2435 1532 pit,
2457 1463 2561 1516 vim
2582 1461 2701 1530 ejus
2714 1474 2926 1513 omnem
2947 1456 3260 1517 corrodens,
3278 1453 3560 1527 dilaniatis,
3589 1452 3926 1522 discerpens,

2342 1565 2397 1608 et
2423 1553 2489 1607 ad
2515 1553 2694 1607 omnia
2733 1549 2977 1604 inutilem
3005 1546 3256 1603 reddens.
3285 1545 3416 1601 Nam
3447 1544 3492 1599 si
3519 1544 3566 1599 is
3589 1545 3678 1614 qui
3710 1559 3930 1599 vermes

2344 1647 2397 1699 in
2431 1645 2721 1700 visceribus
2764 1642 2969 1704 nutrit,
3019 1655 3087 1694 ne
3128 1638 3396 1707 respirare
3435 1635 3650 1706 quidem
3695 1636 3929 1705 poterit,

2337 1736 2546 1792 cunctis
2587 1734 2728 1788 intus
2766 1729 3032 1799 corruptis
3068 1770 3083 1792 ,
3121 1725 3388 1796 quomodo
3423 1726 3581 1780 talem
3618 1733 3930 1794 serpentem

2341 1825 2626 1888 habentes,
2652 1822 2855 1876 viscera
2881 1818 3058 1873 omnia
3082 1808 3478 1880 corrodéntem,
3511 1815 3641 1868 iram
3665 1813 3809 1878 dico,
3836 1830 3929 1883 ge-

2311 1927 2595 1972 nerosum
2639 1914 2833 1985 aliquid
2882 1929 3072 1984 parere
3116 1918 3446 1983 poterimus?
3483 1917 3762 1984 Quomodo
3788 1931 3922 1984 ergo

2340 2005 2631 2076 poterimus
2670 2003 2738 2057 ab
2776 2003 2875 2058 hac
2914 2013 3062 2072 peste
3092 2004 3349 2058 liberari?
3380 2003 3436 2059 Si
3477 2007 3620 2060 illam
3645 2005 3921 2073 potionem

2337 2095 2601 2159 bibamus,
2629 2107 2746 2160 qua:
2774 2093 2940 2160 possit
2967 2095 3108 2146 intus
3138 2094 3340 2160 positos
3367 2108 3576 2148 vermes
3603 2102 3660 2148 et
3693 2107 3923 2162 serpen-

2339 2193 2418 2240 tes
2461 2187 2821 2252 exstinguere.
2869 2183 3047 2250 Ecqua
3097 2185 3243 2251 potio
3286 2183 3376 2237 illa
3420 2194 3522 2248 est,
3566 2184 3764 2251 inquis,
3795 2199 3922 2254 qua

2338 2281 2537 2327 tantam
2587 2272 2692 2326 vim
2741 2271 2973 2325 habeat?
3020 2271 3294 2326 Pretiosus
3338 2274 3554 2340 sanguis
3593 2271 3818 2336 Christi,
3870 2273 3921 2327 si

2336 2377 2458 2418 cum
2489 2361 2679 2416 ﬁducia
2705 2371 2946 2415 sumatur
2977 2379 2990 2413 :
3025 2361 3240 2414 morbos
3268 2361 3463 2430 quippe
3490 2375 3676 2415 omnes
3710 2362 3922 2415 exstin-

2338 2464 2501 2519 guere
2545 2449 2784 2518 poterit;
2840 2450 2962 2504 huic
3007 2449 3144 2503 adde
3185 2449 3484 2506 divinarum
3522 2450 3919 2520 Scripturarum

2338 2541 2550 2596 lectioni
2577 2542 2923 2594 attentionem
2941 2581 2958 2603 ,
2989 2539 3215 2609 huicque
3245 2539 3462 2609 adjicias
3485 2541 3918 2611 eleemosynam:

2337 2645 2435 2699 per
2478 2629 2593 2684 hac
2647 2630 2844 2697 quippe
2886 2629 3066 2682 omnia
3119 2629 3390 2699 exstingui
3443 2639 3690 2699 poterunt
3741 2631 3921 2684 morbi

2336 2719 2570 2773 animam
2599 2717 3002 2773 labefactantes.
3030 2717 3284 2788 Tuncque
3306 2719 3477 2772 solum
3507 2719 3771 2784 vivemus,
3791 2733 3920 2774 cum

2333 2808 2444 2877 jam
2491 2822 2598 2862 non
2652 2807 2872 2860 meliore
2914 2805 3222 2860 conditione
3263 2807 3450 2872 simus,
3493 2823 3649 2876 quam
3675 2808 3920 2861 mortui:

2339 2913 2460 2951 nam
2507 2898 2612 2951 illis
2654 2897 2953 2952 viventibus
2973 2937 2988 2960 ,
3023 2910 3122 2949 nos
3148 2896 3326 2950 vivere
3352 2899 3661 2967 nequimus,
3696 2899 3791 2952 sed
3819 2913 3920 2953 ne-

2338 2987 2572 3040 cessario
2613 2986 2870 3055 perimus.
2916 2984 3026 3039 Nisi
3064 2987 3204 3039 enim
3241 2985 3326 3039 hic
3371 2987 3490 3040 illos
3532 2987 3920 3052 occiderimns,

2340 3075 2450 3129 illic
2481 3090 2578 3128 nos
2616 3075 2837 3128 omnino
2866 3073 3183 3128 interficient
3211 3092 3224 3127 :
3255 3075 3364 3128 imo
3387 3084 3440 3128 et
3464 3085 3587 3129 ante
3617 3084 3920 3130 extremum

2336 3163 2540 3216 obitum
2575 3162 2642 3215 de
2668 3163 2822 3216 nobis
2849 3161 2934 3215 hic
2964 3162 3218 3216 ultionem
3247 3173 3478 3218 sument.
3515 3165 3724 3219 Etenim
3751 3181 3924 3220 unus-

2333 3255 2557 3323 quisque
2589 3252 2805 3307 morbus
2849 3252 3245 3320 hujuscemodi,
3291 3253 3520 3307 crudelis
3551 3294 3566 3318 ,
3613 3256 3926 3324 tyrannicus

2336 3351 2391 3396 et
2416 3342 2728 3396 insatiabilis
2748 3352 2860 3404 est,
2893 3355 2992 3395 nec
3019 3356 3116 3395 nos
3155 3342 3389 3410 quotidie
3412 3343 3726 3398 corrodendi
3755 3344 3924 3400 linem

2339 3429 2464 3484 facit
2491 3447 2505 3484 :
2535 3445 2655 3484 nam
2687 3429 2877 3483 dentes
2901 3428 3114 3483 leonum
3139 3437 3264 3483 sunt
3296 3429 3486 3485 dentes
3516 3433 3748 3500 ipsorum
3767 3473 3780 3492 ,
3806 3433 3918 3486 imo

2338 3521 2497 3574 etiam
2552 3521 2708 3588 longe
2757 3519 3030 3573 saeviores.
3080 3518 3189 3573 Leo
3239 3519 3437 3588 quippe
3483 3520 3582 3594 ubi
3625 3521 3924 3575 exsatiatns

2335 3612 2526 3672 fuerit,
2573 3625 2601 3662 a
2650 3610 2908 3664 cadavere
2950 3609 3178 3669 discedit
3217 3625 3230 3660 :
3265 3609 3318 3662 hi
3356 3624 3487 3664 vero
3538 3611 3710 3664 morbi
3755 3612 3922 3665 animi

2338 3715 2627 3768 numquam
2666 3693 2947 3760 satiantur,
2995 3714 3169 3767 neque
3212 3708 3445 3761 cessant,
3491 3699 3662 3754 donec
3703 3711 3922 3768 captum

2337 3789 2608 3842 hominem
2649 3788 2862 3841 diabolo
2907 3789 3204 3856 proximum
3242 3791 3547 3842 statuerint.
3573 3789 3739 3844 Tanta
3766 3793 3915 3846 enim

2338 3879 2548 3930 illorum
2576 3877 2654 3929 vis
2683 3885 2801 3941 est,
2852 3885 2912 3929 ut
2950 3891 3108 3944 quam
3149 3877 3458 3932 servitutem
3483 3875 3697 3933 Christo
3724 3880 3920 3936 Paulus

2335 3965 2595 4028 exhibuit,
2627 3965 2697 4016 ita
2718 3974 2776 4018 ut
2802 3973 3019 4032 propter
3044 3965 3192 4018 illum
3219 3966 3270 4020 ei
3289 3965 3590 4035 gehennam
3616 3977 3670 4022 et
3693 3984 3918 4038 regnum

2337 4053 2677 4122 despiceret,
2723 4052 2967 4107 eamdem
3007 4053 3176 4122 ipsam
3217 4068 3246 4107 a
3285 4054 3507 4123 captivis
3540 4057 3652 4110 suis
3676 4059 3916 4127 exigant.

2337 4141 2468 4193 Nam
2499 4141 2611 4192 sive
2644 4139 2698 4191 in
2738 4153 3022 4208 corporum
3045 4182 3059 4204 ,
3100 4143 3213 4195 sive
3252 4142 3306 4194 in
3344 4142 3680 4209 divitiarum,
3719 4147 3838 4200 sive
3865 4148 3917 4202 in

2337 4228 2518 4296 gloria:
2554 4240 2790 4282 amorem
2833 4229 2951 4296 quis
2981 4229 3253 4292 inciderit,
3280 4239 3334 4284 et
3359 4231 3654 4300 gehennam
3685 4234 3916 4299 deridet,

2339 4324 2394 4370 et
2420 4329 2638 4384 regnum
2665 4319 2979 4379 contemnit,
3005 4328 3061 4370 ut
3087 4319 3266 4372 amata
3289 4335 3345 4372 re
3376 4321 3623 4388 potiatur.
3653 4321 3731 4376 Ne
3757 4323 3920 4392 igitur

2337 4404 2502 4460 Paulo
2529 4404 2686 4458 iidem
2709 4418 2965 4474 negemus
2988 4407 3209 4471 dicenti,
3228 4423 3286 4463 se
3301 4406 3566 4464 Christum
3589 4411 3658 4464 ita
3681 4426 3914 4468 amasse.

2346 4492 2471 4548 Cum
2500 4497 2636 4549 enim
2673 4495 3006 4549 inveniantur
3050 4498 3265 4564 quidam
3309 4497 3471 4552 animi
3515 4497 3793 4553 affectibus
3843 4502 3916 4554 ita

2343 4585 2661 4650 servientes,
2693 4599 2789 4638 cur
2816 4585 2940 4637 illud
2969 4586 3274 4640 incredibile
3305 4586 3458 4638 nobis
3499 4586 3776 4641 videatur?
3824 4590 3918 4642 Et-

2343 4675 2483 4728 enim
2513 4675 2627 4728 ideo
2649 4690 2798 4728 amor
2818 4689 2940 4743 erga
2961 4676 3229 4729 Christum
3261 4674 3521 4727 infirmior
3539 4686 3640 4742 est,
3661 4676 3783 4744 quia
3807 4687 3915 4732 tota

2343 4765 2418 4818 vis
2447 4773 2624 4818 nostra
2649 4765 2697 4816 iu
2720 4764 2970 4817 vitiorum
2994 4765 3177 4816 amore
3197 4763 3527 4817 consumitur
3551 4782 3563 4818 :
3583 4775 3634 4819 et
3655 4767 3911 4833 rapimus,

2340 4861 2393 4906 et
2423 4853 2658 4906 avaritia:
2692 4853 2854 4908 dediti
2884 4866 3071 4907 sumus
3090 4893 3105 4917 ,
3137 4862 3190 4907 et
3225 4868 3376 4906 vanus
3402 4854 3582 4922 gloria:
3609 4859 3872 4910 servimus
3892 4897 3909 4923 ,

2339 4957 2440 5011 qua
2471 4941 2596 5010 quid
2638 4943 2789 4997 vilius
2833 4942 3032 4997 fuerit?
3063 4943 3278 4995 Etiamsi
3317 4944 3456 4997 enim
3502 4946 3787 5000 admodum
3837 4949 3910 5000 sis

2337 5033 2684 5102 conspicuus,
2725 5033 2894 5087 nihilo
2936 5033 3123 5087 melior
3150 5035 3255 5089 eris
3298 5035 3363 5088 iis
3408 5037 3495 5103 qui
3527 5036 3721 5090 infima:
3751 5038 3910 5090 sortis

2338 5131 2494 5186 sunt;
2541 5122 2648 5176 imo
2692 5122 2760 5177 ob
2800 5123 2903 5178 hoc
2943 5123 3114 5191 ipsutn
3158 5124 3259 5177 illis
3287 5124 3506 5178 inferior
3531 5129 3656 5178 eris.
3685 5125 3910 5192 Quando

2336 5213 2477 5265 enim
2506 5211 2662 5266 iidem
2691 5212 2806 5280 ipsi,
2840 5213 2929 5281 qui
2959 5222 3008 5266 te
3027 5213 3312 5282 gloriosum
3340 5228 3402 5267 ac
3427 5215 3758 5282 splendidum
3783 5218 3907 5271 red-

2337 5300 2462 5355 dere
2503 5299 2749 5366 student,
2795 5301 2866 5354 ob
2897 5302 2998 5354 hoc
3025 5302 3195 5370 ipsum
3229 5313 3278 5356 te
3308 5302 3552 5357 derident
3573 5343 3587 5366 ,
3619 5305 3760 5373 quod
3789 5307 3908 5375 glo-

2336 5389 2466 5443 riam
2497 5389 2565 5442 ab
2591 5389 2716 5458 ipsis
2751 5390 2990 5458 requiras
3011 5431 3026 5456 ,
3066 5391 3333 5460 quomodo
3362 5407 3464 5446 non
3495 5392 3609 5447 haec
3635 5395 3902 5463 cupiditas

2338 5480 2428 5533 tibi
2456 5480 2508 5532 in
2529 5481 2848 5534 contrarium
2874 5481 3151 5537 vertetur?
3177 5480 3305 5535 Nam
3329 5481 3425 5550 illi,
3444 5483 3696 5554 quidquid
3714 5496 3898 5556 agant,

2335 5578 2668 5624 accusatores
2691 5569 2762 5623 tui
2785 5579 2928 5623 sunt.
