4140 6298
288 358 326 385 υ

354 427 441 483 10.
481 425 710 481 Gloriam
750 424 1069 490 consequitur
1109 424 1192 492 qui
1234 424 1447 494 gloriam
1477 424 1767 476 contemnit.
1796 449 1866 462 -—

277 515 732 585 Quemadmodum
749 514 890 568 enim
909 513 1166 568 adulterio
1181 512 1263 567 vel
1280 510 1862 565 fornicationideditum

275 607 326 658 si
354 605 473 675 quis
497 603 823 666 laudaverit,
863 602 948 657 vel
974 601 1074 672 ipsi
1121 599 1370 655 adulatus
1415 599 1593 665 fuerit,
1638 614 1704 655 eo
1748 600 1865 668 ipso

275 694 454 763 potius
500 703 821 757 accusator,
867 707 1026 762 quam
1074 691 1318 746 laudator
1360 689 1503 745 illius
1531 698 1614 745 est
1644 707 1656 742 :
1685 691 1762 744 sic
1803 699 1857 742 et

274 799 427 838 vana
450 783 634 852 gloria:
659 783 933 851 cupidum,
961 797 1083 838 cum
1106 781 1383 836 laudamus
1410 796 1618 847 omnes,
1647 795 1865 835 accusa-

274 886 420 929 tores
459 874 638 943 potius
677 874 794 942 ejus
821 888 982 944 quam
1017 872 1320 927 laudatores
1363 887 1566 927 sumus.
1598 873 1704 926 Cur
1733 888 1862 940 ergo

272 981 389 1020 rem
417 966 629 1020 venaris
656 1005 671 1030 ,
713 965 866 1034 cujus
906 964 1232 1019 contrarium
1277 963 1369 1017 tibi
1396 962 1535 1017 solet
1561 963 1810 1017 accidere
1837 964 1860 1014 ?

272 1056 407 1111 Nam
437 1056 482 1111 si
510 1056 736 1126 gloriam
763 1055 1022 1125 consequi
1051 1056 1133 1110 vis
1155 1095 1170 1121 ,
1203 1055 1427 1124 gloriam
1451 1063 1736 1108 contemne
1755 1095 1770 1118 ,
1809 1066 1862 1107 et

271 1147 516 1201 omnium
565 1147 982 1216 gloriosissimus
1032 1145 1165 1200 eris.
1221 1143 1330 1199 Cur
1385 1143 1437 1199 id
1483 1145 1681 1214 pateris
1721 1144 1860 1214 quod

272 1254 465 1310 passus
513 1248 596 1294 est
644 1238 1176 1293 Nabuchodonosor?
1230 1236 1360 1291 Nam
1407 1247 1460 1292 et
1507 1238 1594 1291 ille
1637 1247 1865 1290 statuam

272 1328 465 1394 erexit,
485 1343 551 1382 ex
572 1329 713 1398 ligno
729 1329 804 1398 (a)
821 1337 874 1383 et
894 1344 959 1382 ex
980 1326 1272 1382 insensibili
1291 1326 1456 1381 forma
1476 1335 1669 1398 putans
1686 1341 1745 1381 se
1764 1325 1865 1378 sibi

271 1419 471 1474 famam
498 1420 908 1474 conciliaturum
937 1434 1091 1485 esse,
1125 1429 1179 1474 et
1202 1420 1291 1488 qui
1319 1420 1467 1472 vivus
1495 1427 1614 1471 erat
1652 1431 1718 1470 ex
1760 1430 1864 1470 non

271 1511 485 1565 vivente
515 1509 770 1563 illustrior
792 1522 1051 1577 apparere
1074 1509 1345 1578 cupiebat.
1384 1506 1858 1574 Vidcn‘ingentem

266 1601 576 1656 insaniam?
607 1601 739 1654 Dum
768 1601 870 1655 sibi
900 1610 1049 1670 putat
1076 1601 1333 1657 honorem
1366 1602 1655 1657 conciliare
1674 1645 1690 1671 ,
1721 1618 1857 1658 con-

267 1691 545 1746 tumeliam
588 1691 764 1761 potius
791 1691 894 1748 sibi
925 1693 1084 1760 parit.
1117 1693 1246 1747 Dum
1274 1695 1414 1748 enim
1448 1693 1660 1750 videtur
1683 1695 1858 1748 inani-

265 1790 425 1836 mata
456 1779 536 1835 rei
563 1781 736 1850 magis
758 1781 943 1847 fidere,
965 1797 1125 1851 quam
1153 1781 1255 1837 sibi
1284 1784 1380 1852 ipsi
1405 1823 1421 1849 ,
1448 1785 1719 1838 et‘animte
1748 1798 1860 1838 sua:

264 1870 489 1938 viventi,
517 1881 678 1941 atque
703 1871 822 1926 ideo
853 1873 1051 1943 lignum
1085 1873 1138 1927 in
1171 1881 1373 1927 tantum
1407 1874 1626 1928 honoris
1647 1876 1858 1928 culmen

268 1953 538 2030 provehit,
570 1960 840 2030 quomodo
872 1975 976 2014 non
1008 1962 1165 2015 fuerit
1193 1961 1303 2016 risu
1334 1962 1524 2032 dignus
1545 2003 1559 2025 ,
1594 1962 1720 2016 dum
1751 1977 1855 2016 non

268 2063 300 2102 a
327 2050 592 2115 moribus,
619 2050 712 2105 sed
739 2051 808 2105 ab
828 2052 1098 2106 asseribus
1125 2053 1304 2107 ornari
1349 2053 1559 2107 studet?
1588 2054 1853 2119 Quemad-

265 2138 493 2194 modum
521 2141 564 2194 si
592 2142 712 2210 quis
741 2156 804 2196 cx
839 2142 1144 2210 pavimento
1171 2142 1363 2197 domus
1392 2153 1482 2197 aut
1512 2159 1576 2197 ex
1623 2143 1856 2213 pulchri-

262 2228 455 2283 tudine
503 2229 660 2282 scala:
706 2230 904 2298 suspici
944 2231 1116 2296 malit,
1152 2246 1310 2300 quam
1338 2247 1403 2287 ex
1435 2248 1500 2287 eo
1529 2234 1671 2302 quod
1698 2235 1858 2289 homo

261 2317 331 2370 sit
361 2334 373 2370 :
409 2316 716 2386 hujusmodi
748 2318 921 2373 virum
962 2320 1111 2374 multi
1155 2335 1296 2375 nunc
1329 2321 1619 2375 imitantur.
1652 2321 1850 2389 Quem-

259 2405 550 2460 admodum
590 2408 846 2462 enimille
872 2408 939 2462 ab
965 2410 1224 2480 imagine,
1258 2411 1336 2465 sic
1380 2412 1466 2466 alii
1511 2427 1542 2465 a
1580 2412 1850 2477 vestibus,

258 2495 348 2551 alii
375 2495 445 2549 ab
488 2495 725 2564 :edibus,
774 2511 802 2550 a
852 2498 1040 2560 mulis,
1089 2513 1119 2552 a
1165 2502 1474 2567 carpentis,
1522 2515 1551 2553 a
1593 2502 1856 2555 columnis
1905 2534 1908 2537 -

258 2600 379 2654 qua
403 2594 531 2639 sunt
553 2587 605 2640 in
632 2587 900 2654 domibus,
931 2588 983 2642 in
1015 2588 1371 2643 admiratione
1398 2588 1585 2644 haberi
1612 2591 1853 2658 cupiunt.

262 2674 394 2729 Nam
417 2689 540 2728 cum
570 2675 697 2730 illud
721 2716 737 2741 ,
768 2678 909 2747 quod
937 2678 1182 2734 homines
1209 2680 1313 2732 sint
1340 2719 1355 2744 ,
1395 2680 1673 2733 amiserint
1697 2723 1712 2745 ,
1745 2682 1852 2734 cir-

258 2775 550 2831 eumeum,
585 2774 642 2821 ut
683 2767 782 2821 sibi
809 2767 1024 2822 aliunde
1054 2767 1276 2837 gloriam
1299 2755 1472 2822 multo
1503 2769 1610 2821 risu
1636 2769 1851 2837 dignam

259 2841 571 2909 concilient.
611 2853 808 2909 Verum
855 2857 1102 2926 generosi
1133 2856 1209 2911 illi
1240 2865 1295 2912 et
1324 2857 1501 2925 magni
1542 2857 1636 2910 Dei
1666 2858 1849 2909 fainnti

259 2958 364 2998 non
391 2945 552 3008 inde,
583 2945 680 3001 sed
709 2963 775 3001 ex
822 2948 1017 3017 quibus
1051 2961 1150 3017 par
1190 2953 1340 3013 erat,
1385 2946 1723 3001 effulserunt.
1758 2949 1851 3002 Et-

258 3034 404 3088 enim
432 3044 489 3088 et
515 3036 732 3105 captivi,
763 3045 819 3090 et
841 3037 1009 3100 servi,
1039 3044 1093 3091 et
1114 3037 1339 3105 juvenes
1360 3078 1376 3102 ,
1401 3045 1454 3092 et
1484 3038 1769 3107 peregrini,
1797 3051 1854 3093 et

255 3123 421 3180 rebus
446 3126 697 3180 omnibus
725 3126 1041 3180 domesticis
1069 3128 1239 3189 vacui,
1271 3125 1440 3179 multo
1467 3127 1729 3181 clariores
1752 3129 1847 3181 visi

257 3224 422 3279 sunt,
467 3230 627 3284 quam
674 3215 708 3267 ii
755 3216 845 3284 qui
886 3215 992 3268 illis
1035 3215 1284 3270 omnibus
1323 3216 1635 3270 circumdati
1674 3227 1827 3270 erant

255 3301 414 3358 Certe
440 3303 948 3359 Nabuchodonosori
974 3320 1073 3360 nec
1101 3314 1245 3358 tanta
1272 3305 1358 3359 illa
1385 3315 1558 3360 statua
1583 3346 1596 3369 ,
1625 3319 1724 3359 nec
1753 3320 1851 3356 sa-

260 3404 425 3460 trapa:
445 3433 461 3457 ,
519 3407 617 3447 nec
665 3393 864 3458 duces,
895 3409 992 3448 nec
1024 3378 1267 3449 immensi
1289 3397 1577 3459 exercitus,
1611 3409 1710 3449 nec
1735 3395 1849 3447 auri

257 3486 338 3538 vis
357 3525 372 3539 .
401 3500 502 3538 nec
528 3485 728 3553 quaevis
756 3486 856 3539 alia
886 3500 1075 3555 pompa
1096 3528 1111 3551 ,
1145 3486 1439 3541 secundum
1467 3486 1849 3554 concupiscen-

258 3576 385 3628 tiam
415 3574 532 3642 ejus
565 3574 716 3628 fuere
745 3575 896 3636 satis,
929 3585 988 3628 ut
1016 3590 1238 3644 magnus
1269 3587 1584 3644 appareret;
1617 3577 1699 3630 his
1721 3591 1848 3629 vero

255 3664 343 3730 qui
367 3664 474 3716 illis
496 3664 744 3718 omnibus
765 3663 1004 3718 destituti
1026 3675 1201 3725 erant.
1226 3667 1338 3719 sola
1359 3664 1690 3735 pltilusuphia
1721 3667 1848 3718 satis

256 3753 350 3808 fuit
382 3771 395 3807 :
425 3770 546 3822 quae
571 3755 663 3809 illo
689 3756 777 3825 qni
817 3756 1119 3812 diademate
1145 3766 1200 3811 et
1229 3771 1462 3825 purpura
1501 3765 1721 3810 ornatus
1747 3796 1761 3819 ,
1795 3769 1851 3810 et

258 3851 331 3897 tot
357 3845 481 3898 aliis
506 3845 898 3916 circumseptus
926 3856 1042 3902 erat
1062 3887 1077 3910 ,
1123 3863 1218 3902 eos
1256 3849 1346 3918 qui
1375 3848 1508 3902 nihil
1539 3863 1726 3902 eorum
1751 3848 1849 3901 'na-

255 3933 478 3999 bebant,
515 3943 660 3989 tanto
704 3936 1096 4005 splendidiores
1135 3937 1394 4002 faciebat,
1420 3948 1623 4006 quanto
1653 3939 1733 3991 sol
1769 3948 1850 3991 est

255 4025 567 4086 margarita'
600 4024 948 4093 splendidior.
979 4025 1190 4081 Etenim
1220 4027 1270 4080 in
1308 4027 1540 4083 medium
1567 4028 1713 4081 orbis
1734 4029 1850 4081 uni—

251 4112 395 4168 versi
430 4111 834 4167 adducebantur
853 4113 1081 4182 juvenes
1104 4154 1120 4178 ,
1150 4114 1348 4183 captivi
1373 4156 1390 4177 .
1435 4116 1623 4180 servi,
1672 4116 1843 4183 iisque

249 4201 496 4256 adductis
538 4203 719 4256 Statim
749 4217 845 4257 rex
885 4202 1061 4272 ignem
1105 4205 1174 4258 ab
1211 4205 1380 4259 oculis
1407 4206 1718 4270 emittebat,
1750 4205 1841 4260 ad-

250 4293 519 4348 stantibus
544 4295 791 4361 ducibus,
825 4297 1117 4364 toparchis,
1143 4296 1472 4365 principibus
1501 4312 1562 4351 ac
1586 4307 1697 4352 toto
1721 4297 1838 4351 diua

253 4378 356 4433 buli
386 4382 618 4444 theatro,
651 4383 774 4436 dum
808 4400 908 4438 vox
940 4385 1234 4438 fistularum
1272 4402 1335 4439 ac
1369 4387 1614 4439 tubarum
1641 4388 1841 4440 omnis-

249 4486 354 4538 que
400 4473 589 4526 musici
631 4476 970 4528 instrumenti
1001 4475 1063 4527 ad
1097 4478 1286 4529 cmlum
1322 4490 1490 4544 usque
1517 4476 1835 4542 ascendens,

251 4561 464 4617 illorum
492 4563 710 4619 auribus
735 4573 1067 4631 personaret.
1099 4565 1311 4619 Fornax
1340 4566 1760 4620 succondclmtnr
1786 4578 1840 4622 et

251 4653 467 4707 ﬂamma
497 4654 560 4707 ad
611 4654 923 4708 immensam
970 4655 1303 4709 altitudinem
1347 4671 1516 4724 usque
1560 4657 1625 4710 ad
1671 4658 1838 4711 nubes

251 4743 618 4808 ascende-bat,
673 4744 854 4797 omnia
903 4754 1046 4798 metu
1095 4755 1404 4814 terroreque
1463 4749 1613 4813 [dena
1664 4760 1834 4801 erant.

254 4834 450 4889 Verum
498 4833 615 4887 illos
646 4833 859 4902 quidem
890 4835 1020 4888 nihil
1048 4835 1235 4890 horum
1277 4839 1571 4901 exterruit;
1614 4825 1708 4892 sed
1740 4840 1835 4892 ad-

249 4933 456 4980 stantes
480 4925 631 4994 quasi
654 4923 895 4980 ludentes
920 4939 1114 4994 pueros
1143 4925 1466 4989 deriserunt,
1501 4942 1561 4980 ac
1589 4928 1834 4982 virtutem

253 5013 824 5084 mansuetudinemque
848 5029 996 5069 suam
1030 5014 1402 5083 ostenderunt,
1439 5017 1673 5086 ipsisque
1695 5017 1836 5072 tubis

323 5299 397 5360 (a)
430 5298 787 5363 Higmemoria
803 5296 898 5363 labi
937 5298 1128 5363 videtur
1167 5298 1551 5363 Cltrysostomus.
1596 5316 1706 5363 cum
1736 5303 1848 5351 dicit

259 5358 480 5410 statuam
500 5358 626 5423 illam
660 5371 686 5423 a
712 5358 1176 5423 Nabuchodonosore
1219 5358 1389 5409 factam
1425 5375 1488 5410 ex
1522 5362 1651 5423 tigno
1687 5362 1849 5411 fuisse.

260 5427 369 5482 nam
395 5429 543 5482 aurea
569 5417 658 5482 illa
673 5420 722 5467 in
745 5419 1111 5482 exemplaribus
1125 5423 1350 5471 omnibus
1372 5417 1636 5481 Hebraicis,
1653 5426 1847 5480 Graecis,

264 5481 439 5529 latinis
460 5477 611 5527 fuisse
629 5479 821 5528 dicitur.

283 5541 672 5652 "stsg'iLsgipti
697 5556 791 5592 non
815 5546 951 5606 pauca
973 5542 1167 5606 legunt,
1199 5543 1314 5605 tuto,
1339 5560 1442 5608 pro,
1469 5546 1752 5610 margarita.
1790 5555 1840 5600 Et

283 5630 297 5651 I
389 5617 438 5650 ω
553 5616 582 5650 ἰ

253 5615 325 5652 unc
344 5615 582 5652 λιιηιηιδ.

290 327 349 384 τρι
1455 319 1519 374 IN
1559 317 1964 374 MATTIM‘ZUM
2033 317 2258 373 llOilIL.
2306 319 2392 372 lV.
3501 313 3570 366 .‘il

1991 427 2270 481 clariorem
2297 425 2606 480 emittentes
2631 440 2816 481 vocem
2849 426 3095 482 dicebant
3120 446 3133 482 :
3162 425 3356 481 Notum
3383 431 3446 482 sit
3463 434 3572 494 tibi,

1987 530 2078 569 rea:
2108 513 2282 586 (Dan.
2315 514 2368 569 ὅ.
2403 514 2469 568 18
2489 515 2530 583 ).
2575 513 2756 584 Neque
2786 517 2928 570 enim
2959 518 3135 572 verbis
3166 527 3447 587 tyrannum
3476 518 3575 572 de—

1989 604 2277 660 honestare
2307 605 2574 671 volebant,
2607 607 2702 660 sed
2731 615 2935 660 tantum
2966 608 3216 676 pietatem
3248 623 3398 662 suam
3424 601 3575 664 exhi-

1985 684 2132 751 bere.
2163 696 2500 767 Quapropter
2536 711 2642 750 non
2685 696 2857 767 longis
2901 697 3242 752 sermonibus
3283 709 3408 752 sunt
3451 700 3530 752 usi
3556 741 3570 763 ,

1986 787 2081 840 sed
2115 787 2298 855 paucis
2322 795 2514 839 cuncta
2542 785 2883 840 declararunt
2914 805 2927 840 :
2961 786 3087 853 Est,
3122 789 3399 858 inquiunt,
3430 787 3570 842 Deus

1982 876 2034 928 in
2063 875 2208 939 aeto,
2239 875 2325 944 qui
2353 884 2511 943 potest
2539 891 2628 928 nos
2650 891 2825 928 eruere
2845 875 3010 942 (Ibid.
3034 892 3080 929 υ.
3112 877 3224 947 17).
3255 877 3390 944 Quid
3422 879 3577 931 nobis

1984 973 2182 1017 tantam
2223 964 2615 1018 multitudinem
2645 964 2918 1018 ostendis?
2942 965 3067 1034 quid
3097 965 3410 1021 fornacem?
3443 967 3573 1036 quid

1983 1054 2187 1122 gladios
2223 1064 2444 1116 acutos,
2494 1053 2622 1122 quid
2654 1053 2921 1108 terribiles
2965 1054 3088 1110 illos
3139 1056 3436 1112 satellites?
3483 1055 3575 1110 His

1976 1143 2224 1198 omnibus
2257 1144 2503 1212 superior
2528 1157 2583 1198 et
2623 1145 2892 1214 potentior
2930 1155 3013 1200 est
3054 1147 3331 1200 Dominus.
3369 1145 3572 1199 Deinde

1975 1233 2269 1302 cogitantes
2298 1234 2614 1303 contingere
2657 1249 2814 1304 posse
2847 1235 3016 1290 Deum
3049 1237 3121 1290 ita
3147 1236 3284 1290 velle
3307 1277 3322 1300 ,
3357 1252 3420 1289 ac
3453 1251 3572 1304 per-

1976 1323 2190 1375 mittere
2241 1332 2298 1377 ut
2348 1323 2447 1391 ipsi
2488 1325 2987 1390 comburerentur;
3034 1340 3102 1380 ne
3152 1325 3246 1378 illo
3293 1324 3575 1379 accidente

1976 1410 2286 1465 viderentur
2314 1412 2590 1466 mendacia
2625 1414 2828 1482 loquuti
2855 1429 2996 1480 esse,
3020 1415 3124 1470 hoc
3145 1416 3304 1470 etiam
3333 1416 3569 1470 addunt:

1977 1499 2128 1564 Quod
2155 1503 2200 1554 si
2222 1503 2315 1554 hoc
2343 1518 2443 1554 non
2469 1504 2560 1570 ﬁat
2583 1544 2596 1567 ,
2627 1514 2803 1557 notum
2831 1504 2897 1559 sit
2935 1505 3024 1558 tibi
3060 1521 3151 1559 nos
3189 1505 3308 1560 deos
3334 1515 3448 1560 tuos
3473 1521 3574 1558 non

1975 1593 2138 1645 colere
2159 1592 2300 1658 (Dan
2341 1595 2392 1648 5.
2430 1595 2536 1664 l8).

2046 1683 2134 1736 Η.
2175 1682 2228 1738 Si
2258 1685 2403 1737 enim
2430 1685 2714 1747 dixissent,
2745 1687 2884 1741 Deus
2910 1686 2980 1742 ob
3012 1696 3230 1755 peccata
3263 1702 3367 1742 non
3409 1698 3566 1742 eruet

1974 1785 2093 1836 nos,
2121 1772 2263 1840 quod
2293 1773 2338 1826 si
2369 1789 2472 1826 non
2503 1775 2715 1842 eripiat,
2748 1775 2880 1830 fides
2909 1777 3040 1844 ipsis
3071 1793 3175 1830 non
3220 1777 3396 1831 habita
3445 1776 3576 1832 fuis-

1973 1871 2074 1914 set.
2109 1861 2232 1916 ldco
2262 1862 2348 1916 hic
2371 1863 2500 1917 illud
2534 1873 2738 1928 tacent;
2774 1865 2823 1918 id
2855 1881 2984 1919 vero
3005 1866 3192 1920 dicunt
3237 1867 3288 1920 in
3328 1865 3569 1930 fornace,

1974 1949 2404 2018 frequentissime
2433 1962 2650 2021 peccata
2680 1965 3190 2010 commemorantes.
3220 1955 3413 2009 Curam
3448 1969 3575 2024 rege

1971 2050 2148 2094 autem
2178 2042 2309 2095 nihil
2340 2045 2643 2111 hujusmodi
2665 2060 2680 2110 ;
2704 2045 2797 2099 sed
2829 2047 3041 2100 etiamsi
3064 2047 3417 2101 comburendi
3441 2048 3570 2108 sint,

1971 2133 2110 2201 piam
2140 2134 2450 2202 religionem
2476 2149 2534 2188 se
2562 2150 2670 2189 non
2698 2135 3004 2205 prodituros
3046 2151 3166 2191 esse
3205 2137 3410 2191 dicunt.
3455 2136 3573 2191 Non

1969 2223 2110 2276 enim
2143 2237 2238 2290 pro
2269 2223 2624 2278 retributione
2654 2233 2816 2294 atque
2845 2224 3097 2280 mercede
3123 2226 3174 2279 id
3203 2227 3452 2296 agebant,
3477 2227 3572 2281 sed

1967 2325 2035 2364 ex
2059 2312 2172 2364 sola
2202 2314 2426 2367 caritate
2457 2332 2469 2365 :
2501 2315 2710 2369 etiamsi
2741 2316 2794 2369 in
2821 2317 3132 2384 captivitate
3157 2325 3213 2370 et
3231 2317 3283 2370 in
3311 2317 3574 2374 servitute

1960 2411 2167 2466 essent,
2189 2402 2338 2456 nullo
2366 2403 2600 2459 fruentes
2632 2405 2793 2458 bono.
2817 2404 2950 2459 Nam
2979 2414 3034 2460 et
3050 2407 3220 2475 patria
3242 2417 3296 2462 et
3327 2406 3574 2462 libertate

1971 2490 2299 2545 eLomnibus
2323 2492 2478 2544 bonis
2517 2493 2849 2548 exciderant.
2895 2494 2974 2549 Ne
3000 2495 3133 2548 mihi
3177 2497 3318 2550 enim
3369 2498 3437 2549 ill.
3465 2512 3489 2549 s
3518 2497 3571 2550 in

1973 2580 2137 2648 regali
2165 2581 2283 2633 aula
2315 2596 2711 2637 commemores
2752 2583 3008 2639 honores.
3039 2585 3172 2640 Cum
3211 2587 3358 2640 enim
3401 2588 3573 2641 sancti

1967 2679 2022 2725 et
2037 2671 2165 2738 justi
2187 2682 2388 2735 essent,
2413 2675 2713 2729 sexcenties
2728 2675 2875 2730 domi
2904 2677 3098 2746 stipem
3127 2693 3320 2746 cogere
3348 2678 3572 2733 maluis-

1967 2767 2111 2823 sent,
2145 2768 2198 2812 et
2234 2761 2414 2830 templi
2442 2762 2599 2817 bonis
2629 2763 2732 2818 frui
2759 2783 2771 2818 :
2805 2765 2956 2835 Etegi
2982 2767 3128 2820 enim
3149 2810 3162 2833 ,
3198 2769 3399 2836 inquit,
3427 2769 3571 2835 obje-

1967 2867 2074 2910 ctus
2098 2873 2204 2910 esse
2223 2873 2274 2908 ιη
2305 2858 2455 2909 domo
2482 2855 2580 2909 Dei
2616 2857 2713 2908 mei
2732 2895 2746 2920 ,
2779 2858 2940 2925 magis
2969 2873 3121 2924 quam
3149 2857 3376 2908 habitare
3407 2860 3460 2908 in
3489 2863 3568 2908 ta-

1966 2950 2250 3000 bernaculis
2276 2955 2593 3016 peccatorum
2622 2946 2640 3015 (
2668 2945 2815 2999 Psal.
2842 2947 2932 3001 85.
2969 2947 3027 2998 Η
3067 2949 3116 3013 );
3148 2957 3196 2999 et
3220 2988 3235 3010 ,
3271 2945 3457 2999 Melior
3493 2955 3568 2999 est

1967 3039 2073 3092 dies
2103 3054 2206 3091 una
2224 3038 2276 3090 in
2304 3038 2447 3090 atriis
2474 3039 2571 3089 tuis
2599 3053 2750 3104 super
2772 3037 2934 3088 millia
2955 3034 3162 3106 (Ibid.).
3191 3036 3367 3099 Longe
3390 3034 3568 3105 potius

1966 3142 2096 3196 ergo
2123 3128 2436 3180 maluissent
2458 3125 2650 3193 objecti
2680 3140 2800 3179 esse
2819 3126 2986 3188 domi,
3017 3140 3178 3193 quam
3210 3126 3260 3178 in
3294 3125 3568 3196 Babylone

1968 3233 2214 3286 regnare.
2244 3215 2300 3270 Id
2325 3217 2463 3285 quod
2489 3215 2666 3283 palam
2699 3225 2782 3268 est
2802 3230 2867 3268 ex
2897 3215 2961 3267 its
2985 3230 3105 3282 qum
3135 3215 3186 3268 in
3225 3213 3444 3268 fornace
3469 3214 3570 3268 de-

1963 3310 2190 3367 clarant,
2221 3323 2364 3377 mgre
2389 3322 2448 3360 se
2469 3305 2609 3359 ferre
2637 3322 2831 3374 nempe
2868 3307 3254 3360 habitationem
3286 3307 3571 3376 Babyloni-

1964 3413 2106 3451 cam.
2137 3397 2248 3451 Etsi
2275 3398 2418 3452 enim
2447 3397 2556 3450 illic
2586 3397 2754 3449 multo
2785 3395 3090 3449 fruerentur
3117 3396 3344 3460 honore,
3378 3412 3571 3465 magno

1968 3488 2099 3558 ipsis
2126 3488 2300 3543 dolori
2328 3496 2480 3540 erant
2506 3494 2850 3550 cmterorum,
2880 3501 3014 3554 quas
3041 3487 3138 3555 ipsi
3175 3487 3445 3550 videbant,
3475 3501 3571 3539 ca-

1968 3579 2271 3632 lamitates:
2304 3575 2445 3646 quod
2485 3578 2686 3630 sanctis
2717 3576 2952 3630 maxime
2994 3579 3270 3644 proprium
3314 3587 3416 3640 est,
3463 3594 3568 3630 non

1965 3667 2208 3736 gloriam,
2245 3684 2350 3720 non
2373 3666 2656 3730 honorem,
2677 3682 2785 3720 non
2811 3666 2958 3720 aliud
2987 3667 3276 3735 quidquam
3298 3668 3572 3735 proximo-

1966 3771 2086 3809 rum
2116 3757 2273 3810 saluti
2322 3765 2672 3823 anteponere.
2705 3754 2840 3808 Vide
2885 3755 3045 3824 igitur
3075 3755 3344 3824 quomodo
3381 3757 3432 3808 in
3464 3755 3574 3811 lbr-

1971 3861 2103 3900 nace
2147 3861 2245 3914 pro
2290 3846 2435 3898 omni
2474 3845 2672 3914 populo
2706 3845 3090 3914 supplicarent.
3127 3845 3232 3901 Nos
3279 3856 3457 3899 autem
3505 3863 3573 3900 ne

1965 3935 2178 4002 quidem
2207 3951 2328 3987 cum
2351 3933 2637 4000 tranquille
2665 3936 2899 4002 agimus,
2928 3934 3151 3988 fratrum
3184 3935 3530 3988 recordamur
3554 3953 3570 3989 :

1964 4036 2164 4079 etcum
2217 4025 2422 4078 somnia
2464 4025 2827 4092 explorarent,
2863 4039 2967 4076 non
3019 4041 3134 4088 sua,
3194 4026 3288 4079 sed
3342 4026 3571 4079 aliorum

1967 4116 2250 4171 commoda
2299 4117 2350 4169 in
2392 4131 2555 4185 seopo
2605 4116 2872 4170 habebant
2905 4134 2918 4168 :
2951 4119 3092 4185 quod
3142 4119 3285 4172 enim
3341 4130 3569 4172 mortem

1967 4215 2410 4271 contemnerent,
2467 4207 2650 4260 multis
2695 4217 2880 4276 postea
2931 4208 3296 4262 declararunt.
3362 4209 3571 4279 Ubique

1969 4308 2150 4352 autem
2189 4305 2387 4366 praesto
2415 4306 2536 4352 sunt
2578 4297 2741 4350 Deum
2771 4297 2984 4367 placare
3030 4299 3330 4353 studentes.
3366 4300 3571 4355 Deinde

1965 4390 2088 4459 quia
2116 4406 2176 4445 se
2200 4406 2305 4443 non
2335 4389 2400 4441 ad
2435 4389 2484 4441 id
2518 4388 2764 4444 sufﬁcere
2797 4391 3076 4457 putabant,
3111 4391 3176 4444 ad
3219 4403 3399 4460 patres
3437 4409 3569 4447 eon-

1965 4482 2210 4552 fugiunt:
2243 4482 2343 4550 ipsi
2375 4488 2554 4534 autem
2600 4497 2704 4533 non
2747 4480 2889 4534 aliud
2919 4481 3117 4535 afferre
3157 4482 3364 4546 dicunt,
3407 4499 3567 4552 quam

1965 4572 2209 4641 spiritum
2231 4573 2541 4626 contritum.
2576 4571 2685 4625 llos
2711 4573 2894 4640 itaque
2917 4581 2971 4627 et
2993 4589 3088 4627 nos
3116 4575 3402 4628 imitemur.
3435 4575 3568 4630 Nam
3630 4608 3633 4612 -

1963 4663 2123 4718 etiam
2153 4677 2293 4714 nunc
2315 4671 2417 4714 stat
2444 4676 2604 4713 aurea
2633 4660 2829 4730 imago,
2857 4677 3122 4716 mamonae
3150 4679 3342 4732 nempe
3387 4675 3570 4736 tyran-

1965 4754 2067 4806 nis.
2096 4753 2200 4806 Sed
2231 4769 2336 4806 non
2380 4751 2719 4806 attendamus
2771 4755 3060 4823 tympanis,
3107 4771 3214 4809 non
3247 4758 3424 4823 tibiis,
3458 4775 3565 4811 nou

1961 4844 2202 4916 cinyris,
2253 4861 2360 4898 non
2419 4846 2623 4914 reliquo
2663 4846 2970 4899 divitiarum
3026 4849 3306 4915 apparatui
3337 4866 3347 4900 :
3375 4865 3563 4903 verum

1963 4937 2172 4990 etiamsi
2208 4935 2257 4988 in
2290 4936 2613 5004 paupertatis
2634 4934 2907 4990 fornacem
2939 4936 3179 4991 incidere
3209 4949 3472 5007 oporteat,
3512 4943 3562 4996 id

1959 5039 2137 5106 potius
2165 5037 2481 5105 deligamus,
2524 5046 2666 5091 utne
2713 5037 2885 5105 ipsum
2918 5038 3225 5104 adoremus,
3270 5047 3321 5091 et
3364 5041 3466 5091 erit
3505 5053 3556 5090 tu

1965 5131 2139 5183 medio
2182 5129 2412 5184 fornacis
2459 5146 2546 5182 ros
2578 5131 2822 5184 sibilans.
2853 5130 2927 5185 Ne
2974 5136 3154 5200 itaque
3187 5142 3556 5200 paupertatem

1966 5232 2300 5285 horreamus,
2321 5223 2443 5273 dum
2471 5223 2736 5275 fornacem
2761 5223 3008 5276 audimus
3038 5222 3077 5278 ¹.
3102 5222 3233 5278 Nam
3259 5232 3384 5277 tunc
3399 5226 3559 5278 etiattt

2018 5477 2031 5506 ¹
2073 5483 2121 5523 in
2146 5469 2287 5523 Savil.
2325 5478 2384 5518 ct'
2413 5467 2596 5529 aliquot
2631 5472 2738 5529 Mss.
2766 5465 2966 5527 legitur,
2993 5478 3061 5529 itte
3085 5465 3233 5529 igitur
3274 5467 3558 5517 horratum.-

1958 5535 2252 5599 paupertatis
2276 5526 2538 5602 fornacem.
2565 5527 2658 5578 sed
2698 5526 2934 5590 praestare
2960 5526 3150 5576 videtur
3182 5526 3330 5575 lectio
3353 5530 3558 5590 Morcltt,

1957 5616 2066 5668 qua:
2089 5602 2136 5650 in
2160 5603 2300 5647 textu
2321 5599 2469 5655 jacet.
