4140 6298
627 297 698 356 53
1309 303 1366 361 S.
1405 299 1685 357 JOANNIS
1721 297 2200 357 CHRYSOSTOII
2239 301 2558 364 ARCHIEP.
2597 306 3139 363 CONSTANTINOP.
3779 313 3854 369 5‘

617 403 652 454 it
677 405 766 470 qui
789 403 840 455 in
873 395 1138 456 fornacem
1173 399 1472 467 inciderunt
1500 400 1818 456 illustriores
1850 401 2022 458 effecti
2052 419 2067 456 :
2093 407 2181 472 qui

616 501 791 546 autem
836 500 1063 546 statuam
1099 489 1470 553 adoraverunt.
1513 490 1674 546 occisi
1719 499 1860 547 sunt.
1907 491 2013 546 Sed
2059 499 2184 545 tunc

614 583 792 638 omnia
832 583 988 637 simul
1017 581 1154 638 facta
1181 592 1339 648 sunt;
1373 598 1513 638 nunc
1541 571 1669 638 vero
1706 583 1806 638 alia
1853 584 1958 647 hic,
1998 585 2100 638 alia
2132 586 2182 639 in

613 674 792 728 futuro
819 674 1033 739 seculo,
1063 674 1163 728 alia
1188 682 1243 728 et
1278 672 1366 728 hic
1406 680 1463 728 et
1503 673 1554 727 in
1590 672 1767 727 futuro
1792 674 2009 729 saculo.
2052 673 2183 729 Nam

613 765 727 834 qui,
755 779 824 819 ne
849 778 1148 818 mamonam
1173 762 1475 826 adorarent.
1505 771 1866 830 paupertatem
1888 763 2182 832 elegerunt,

613 861 670 908 et
696 853 782 906 hic
805 862 860 907 et
882 852 989 906 illic
1013 851 1401 928 splendidiores
1421 859 1578 906 erunt
1605 869 1620 905 :
1650 853 1738 922 qui
1779 867 1905 907 vero
1942 854 2026 907 hic
2049 852 2186 921 inju-

615 953 698 998 ste
722 941 932 996 divitias
962 941 1331 1011 possederunt,
1361 949 1485 996 tunc
1508 953 1773 997 extremas
1800 942 1948 996 luent
1974 955 2181 1009 ponas.

615 1033 697 1087 Ex
722 1032 820 1086 hac
849 1031 1065 1086 fornace
1082 1030 1316 1086 Lazarus
1341 1031 1494 1096 exiit,
1524 1045 1632 1085 non
1665 1031 1840 1086 minus
1865 1032 2185 1101 conspicuus

613 1138 769 1194 quam
813 1133 923 1178 tres
959 1121 1037 1176 illi
1075 1122 1265 1191 pueri;
1294 1120 1442 1175 dives
1487 1128 1690 1187 autem,
1732 1120 1821 1190 qui
1847 1120 2184 1176 adorantium

612 1225 841 1272 statuam
873 1213 1038 1268 instar
1063 1213 1184 1278 fuit,
1212 1212 1277 1267 ad
1304 1213 1602 1282 gehennam
1627 1211 1908 1268 damnatus
1930 1221 2033 1268 est.
2052 1212 2186 1269 Nam

611 1319 731 1375 qua:
759 1305 897 1358 dicta
927 1312 1069 1363 sunt,
1098 1305 1262 1372 figura
1290 1301 1505 1356 illorum
1532 1309 1702 1355 erant.
1735 1301 1802 1356 Ut
1831 1303 1992 1371 igitur
2017 1303 2052 1357 ii
2093 1305 2184 1373 qui

613 1395 667 1447 in
695 1393 966 1447 fornacem
1000 1392 1333 1456 inciderunt,
1369 1391 1501 1445 nihil
1542 1392 1685 1459 passi
1722 1400 1880 1455 sunt;
1926 1394 2014 1462 qui
2056 1409 2185 1449 vero

614 1484 742 1539 foris
767 1494 937 1550 erant,
965 1497 1151 1553 magna
1169 1497 1290 1537 cum
1318 1480 1649 1535 vehementia
1685 1491 1808 1535 sunt
1829 1483 2031 1551 abrepti
2062 1501 2076 1539 :
2108 1486 2186 1543 sic

611 1583 667 1630 et
692 1583 817 1628 tunc
841 1574 976 1637 erit;
1006 1571 1172 1636 sancti
1199 1573 1285 1639 qui
1312 1583 1408 1640 per
1431 1570 1647 1624 ﬂuvium
1674 1573 1883 1641 igneum
1912 1573 2186 1646 incedunt,

613 1666 745 1720 nihil
774 1666 1036 1734 ingratum
1085 1664 1371 1732 patientur,
1411 1660 1506 1716 sal
1552 1662 1658 1717 laeti
1700 1665 2068 1732 apparebunt;
2095 1669 2184 1735 qui

612 1765 788 1810 autem
831 1754 1110 1822 imaginem
1172 1752 1564 1818 adoraverunt,
1611 1752 1786 1822 ignem
1813 1753 2090 1810 'videhunt
2129 1757 2182 1810 in

610 1860 672 1901 se
694 1845 877 1913 quavis
900 1843 1006 1897 fera
1032 1841 1226 1896 sacvius
1244 1841 1555 1906 irruentem,
1577 1849 1632 1894 et
1651 1841 1791 1896 intus
1805 1842 2181 1899 attrahentem.

613 1938 792 2004 Itaque
817 1936 862 1990 si
883 1935 1000 2005 quis
1025 1933 1324 2003 gehennam
1347 1947 1451 1988 non
1478 1931 1669 1998 credit,
1690 1931 1828 1988 hanc
1853 1933 2040 1990 videns
2074 1935 2182 1991 fur-

609 2029 818 2082 nacem,
844 2031 873 2069 a
907 2018 1250 2084 praesentibus
1280 2018 1454 2071 futura
1491 2017 1714 2073 credere
1739 2017 1977 2084 ediscat,
2018 2033 2082 2072 ac
2107 2033 2178 2074 ne

609 2106 791 2160 timeat
826 2107 1151 2174 paupertatis
1203 2105 1492 2167 fornacem.
1541 2106 1634 2162 sed
1685 2107 1860 2174 potius
1902 2106 2176 2162 fornacem

607 2195 830 2263 peccati.
865 2194 988 2248 llrec
1015 2195 1157 2249 enim
1199 2204 1253 2249 et
1277 2193 1488 2250 ﬂamma
1519 2203 1573 2250 et
1602 2195 1758 2250 dolor
1784 2209 1895 2260 est;
1921 2195 2008 2250 illa
2049 2209 2178 2252 vero

607 2293 773 2338 rosct
790 2285 1022 2353 requies.
1070 2285 1124 2339 ln
1159 2285 1247 2340 illa
1278 2285 1494 2341 fornace
1535 2295 1642 2341 stat
1667 2286 1939 2350 diabolus;
1983 2288 2037 2343 in
2077 2288 2176 2344 hac

603 2372 775 2441 angeli
806 2374 1135 2428 excutientes
1157 2373 1452 2428 flammam.

677 2461 765 2516 12.
805 2461 930 2515 Haec
953 2462 1175 2516 audiant
1192 2462 1405 2529 divites,
1433 2464 1521 2534 qui
1550 2466 1874 2533 paupertatis
1908 2465 2173 2521 flammam

607 2550 923 2604 accendunt.
981 2551 1310 2620 Pauperibus
1357 2553 1498 2605 enim
1537 2552 1670 2607 nihil
1714 2555 1997 2615 nocebunt,
2052 2569 2174 2610 rore

605 2646 734 2711 ipsis
767 2646 1207 2712 supervéniente;
1238 2659 1298 2699 se
1325 2659 1453 2700 vero
1478 2645 1621 2714 ipsos
1663 2645 1888 2708 ﬂammis
1928 2645 2168 2710 tradent,

600 2749 732 2803 quas
753 2736 850 2804 ipsi
876 2737 1106 2804 propriis
1148 2735 1393 2790 manibus
1425 2737 1804 2790 accenderunt.
1840 2736 1988 2790 Tunc
2013 2752 2173 2805 ange-

601 2825 682 2880 lus
702 2825 976 2880 descendit
1001 2825 1066 2880 ad
1095 2839 1322 2894 pueros;
1342 2827 1454 2895 jam
1481 2843 1606 2881 vero
1633 2843 1730 2882 nos
1761 2828 1828 2882 ad
1865 2843 1979 2892 eos,
2001 2831 2090 2898 qui
2117 2832 2169 2883 in

600 2915 815 2980 fornace
842 2915 1171 2983 paupertatis
1190 2925 1309 2968 sunt
1327 2955 1344 2979 ,
1373 2916 1787 2983 descendamus,
1814 2927 1868 2970 et
1906 2933 2002 2987 per
2024 2919 2170 2974 elee-

491 3029 500 3037 -
599 3017 874 3073 mosynam
903 3019 1078 3058 rorem
1107 3006 1393 3071 pariamus.
1422 3006 1792 3077 ﬂammamque
1818 3011 2165 3078 excutiamus,

511 3109 515 3114 ·
599 3099 796 3147 utcum
833 3093 937 3147 illis
965 3108 1279 3148 coronarum
1321 3095 1485 3149 simus
1526 3106 1839 3160 consortes;
1873 3109 2033 3168 utque
2072 3116 2166 3168 ge-

595 3182 783 3236 hennae
825 3180 1089 3235 ﬂammam
1138 3181 1332 3236 Christi
1363 3199 1461 3237 vox
1487 3185 1718 3240 excutiat
1749 3187 1931 3240 dicens
1961 3227 1976 3251 ,
2024 3187 2159 3242 Esu-

594 3273 802 3325 rieutcm
829 3287 908 3325 me
931 3271 1144 3338 uidistis,
1171 3282 1219 3326 et
1253 3275 1457 3342 panicii:
1486 3277 1505 3341 (
1534 3275 1720 3327 Maus.
1751 3275 1844 3328 25.
1873 3277 1942 3330 33
1969 3277 2011 3346 ).
2041 3278 2165 3332 lltcc

592 3361 733 3414 enim
762 3376 864 3414 vox
919 3362 1226 3416 tuncnobis
1274 3377 1371 3432 pm
1413 3378 1535 3418 rore
1578 3363 1747 3418 aderit
1793 3379 1888 3432 per
1935 3366 2162 3421 mediam

591 3452 854 3505 ﬂammam
877 3451 1118 3507 sibilans.
1153 3453 1543 3508 Descendamus
1585 3455 1760 3524 itaque
1779 3470 1898 3509 cum
1930 3457 2163 3512 eleemo—

588 3555 716 3612 syna
768 3542 820 3596 in
876 3541 1141 3596 fornacem
1202 3544 1526 3612 pattpertatis
1569 3544 1882 3599 :videamus
1931 3545 2163 3615 philoso-

589 3631 810 3698 phantes
849 3632 964 3685 illos
990 3633 1078 3702 qui
1109 3631 1161 3686 in
1191 3633 1302 3700 ipsa
1346 3633 1656 3696 ambulant,
1686 3643 1740 3688 et
1766 3634 2028 3690 carbones
2051 3636 2161 3692 cal-

584 3731 723 3802 cant.
756 3724 822 3774 ιε
870 3723 1145 3777 videamus
1195 3739 1304 3777 rem
1351 3738 1540 3778 novam
1595 3733 1753 3792 atque
1806 3726 2156 3794 stupendam,

585 3810 852 3864 hominem
903 3812 954 3864 in
1009 3811 1219 3867 fornace
1263 3814 1598 3880 psallentem,
1631 3813 1898 3868 hominem
1943 3815 1996 3869 in
2037 3815 2158 3884 igne

580 3895 775 3967 gratias
801 3910 1069 3968 agentem,
1092 3911 1324 3956 extrema
1356 3903 1527 3970 inopia
1556 3903 1943 3972 colligatum,et
1963 3906 2157 3961 multas

579 3990 791 4044 Christo
820 3991 1004 4047 laudes
1041 3991 1382 4047 referentem.
1409 3991 1617 4047 Etenim
1645 3993 1824 4062 pueris
1862 3993 1966 4052 illis
1995 4009 2153 4063 pares

581 4088 698 4133 sunt
717 4079 749 4133 ii
776 4080 866 4150 qui
883 4091 1245 4150 paupertatem
1271 4096 1393 4135 cum
1418 4081 1703 4149 gratiarum
1722 4083 1931 4137 actione
1953 4083 2148 4138 ferunt.

645 4231 663 4263 ί
697 4228 812 4290 Alii,
834 4236 879 4281 et
899 4231 1124 4296 superbos
1134 4231 1493 4296 rakgnu._lnfra
1505 4233 1719 4296 quidam,
1735 4230 1913 4286 multa:
1940 4241 2035 4286 υω
2047 4232 2151 4285 fal—

579 4288 683 4341 des.
707 4288 809 4353 pro,
835 4288 1007 4342 multo;
1029 4293 1216 4343 Christo
1237 4293 1420 4343 laudes.

2294 407 2427 462 Nam
2456 409 2576 482 igne
2604 409 2888 464 terribilior
2916 418 2998 464 est
3022 408 3352 476 mendicitas,
3389 409 3661 477 magisque
3681 407 3869 463 inean-

2292 495 2422 550 dere
2443 498 2597 552 solet.
2633 497 2738 553 Sed
2781 496 2993 552 ﬂamma
3043 511 3235 566 pueros
3282 496 3402 552 illos
3447 510 3553 550 non
3604 496 3864 564 incendit,

2293 601 2476 642 verum
2528 588 2648 656 quia
2699 589 2897 657 gratias
2950 588 3174 644 Domino
3220 588 3606 654 reddiderunt,
3654 590 3865 646 vincula

2292 691 2526 746 Ipsorum
2552 678 2728 732 subito
2745 678 2916 732 soluta
2937 687 3081 733 sunt.
3108 677 3181 731 lta
3209 687 3264 732 et
3289 692 3450 744 nunc,
3479 679 3523 733 si
3566 679 3618 733 in
3641 693 3869 750 pauper-

2292 774 2453 822 tatem
2479 768 2653 835 lapsus
2681 768 2875 836 gratias
2896 782 3040 836 agas,
3058 766 3263 821 vincula
3281 767 3559 821 solvuntur
3575 777 3630 822 et
3651 766 3866 822 ﬂamma

2289 856 2670 925 exstinguitur;
2700 855 2745 910 si
2775 871 2882 910 non
2908 856 3268 925 extinguatur,
3315 855 3366 909 Id
3391 856 3533 926 quod
3565 856 3866 912 mirabilius

2288 951 2392 1010 est,
2422 959 2516 1014 pro
2537 943 2744 998 ﬂamma
2771 940 2889 1000 fons
2910 944 3140 1000 efﬁcitur
3155 943 3176 973 ’
3197 960 3214 1010 ;
3234 944 3375 1015 quod
3404 952 3530 999 tunc
3548 947 3709 999 etiam
3729 960 3867 1002 coa-

2290 1033 2404 1102 tigit
2435 1050 2449 1086 :
2483 1049 2602 1088 nam
2633 1034 2686 1087 in
2731 1033 2905 1088 media
2934 1034 3149 1090 fornace
3191 1049 3315 1090 rore
3352 1049 3487 1104 puro
3529 1033 3864 1089 fruebantur.

2287 1120 2465 1192 Ignem
2490 1122 2702 1192 quidem
2751 1137 2857 1178 non
2901 1124 3175 1187 exstinxit,
3205 1124 3299 1180 sed
3328 1139 3396 1180 ne
3423 1124 3866 1180 comburerentur

2285 1214 2374 1281 qui
2401 1228 2468 1266 eo
2493 1213 2669 1282 injecti
2701 1211 2908 1267 fuerant
2937 1213 3231 1283 impedivit.
3273 1212 3384 1268 Hoc
3411 1214 3570 1267 etiam
3607 1215 3660 1267 in
3687 1212 3866 1282 philo-

2285 1300 2632 1368 sophantibus
2659 1300 2840 1356 videre
2863 1309 2984 1356 est:
3009 1302 3207 1358 etenim
3265 1301 3317 1354 in
3352 1309 3663 1370 paupertate
3707 1302 3868 1356 timo-

2285 1394 2360 1448 ris
2411 1393 2576 1462 magis
2613 1402 2858 1462 expertes
2899 1403 3058 1460 sunt,
3113 1407 3271 1462 quam
3305 1389 3516 1448 divites.
3569 1391 3647 1446 Ne
3684 1393 3867 1462 itaque

2284 1489 2433 1536 extra
2461 1481 2727 1535 caminum
2745 1480 3203 1545 sedeamus,,nulla
3230 1494 3353 1549 erga
3371 1495 3636 1548 pauperes
3652 1481 3866 1534 miseri-

2285 1569 2464 1623 cordia
2494 1567 2692 1634 aﬂ'ecti,
2725 1585 2791 1623 ne
2816 1568 3083 1638 patiamur
3110 1567 3252 1638 quod
3280 1578 3406 1622 tunc
3435 1569 3508 1622 illi
3537 1569 3676 1638 passi
3712 1578 3862 1623 sunt.

2285 1659 2341 1714 Si
2364 1660 2504 1714 enim
2532 1658 2863 1713 descendens
2883 1658 2950 1712 ad
2981 1673 3176 1728 pueros
3201 1672 3322 1712 cum
3345 1657 3452 1711 illis
3473 1657 3706 1724 steteris,
3729 1658 3863 1714 nihil

2282 1747 2405 1802 mali
2450 1747 2542 1801 tibi
2585 1746 2781 1802 inferet
2829 1748 3019 1818 ignis:
3051 1748 3094 1801 si
3147 1755 3324 1802 autem
3371 1761 3601 1816 superne
3644 1747 3863 1813 sedens,

2280 1836 2590 1905 despexeris
2640 1838 2762 1892 illos
2811 1837 2862 1892 in
2911 1837 3123 1890 ﬂamma
3155 1837 3504 1906 paupertatis,
3553 1847 3607 1891 te
3647 1837 3862 1891 ﬂamma

2280 1926 2574 1981 comburet.
2606 1925 2880 1981 Descende
2908 1926 3067 1995 igitur
3085 1926 3136 1979 in
3160 1925 3354 1995 ignem,
3379 1941 3448 1980 ne
3470 1924 3770 1981 incendaris
3791 1926 3866 1981 ab

2282 2017 2402 2086 igne
2430 2034 2442 2070 :
2475 2032 2545 2071 ne
2572 2016 2760 2071 sedeas
2779 2025 2927 2070 extra
2961 2017 3158 2085 ignem,
3187 2030 3255 2070 ne
3283 2025 3333 2070 te
3363 2015 3574 2070 ﬂamma
3609 2016 3864 2085 abripiat.

2280 2104 2336 2162 Si
2364 2107 2503 2161 enim
2529 2115 2582 2160 te
2606 2105 2798 2160 viderit
2819 2121 2940 2159 cum
2969 2105 3309 2174 pauperibus,
3338 2119 3367 2157 a
3398 2113 3448 2158 te
3467 2105 3747 2169 abscedet;
3775 2105 3864 2161 sin

2279 2195 2348 2249 ab
2368 2194 2474 2250 illis
2499 2205 2822 2264 separatum,
2847 2197 3024 2250 statim
3053 2196 3104 2250 in
3129 2204 3181 2250 te
3206 2195 3419 2258 insiliet,
3436 2207 3591 2264 teque
3611 2197 3862 2266 abripiet.

2276 2281 2354 2339 He
2395 2283 2556 2354 igitur
2604 2282 2860 2338 abscedas
2913 2281 2984 2336 ab
3036 2281 3139 2334 illis
3172 2295 3238 2335 eo
3283 2281 3578 2348 conjectis:
3605 2279 3699 2334 sed
3728 2294 3857 2335 cum

2275 2375 2513 2429 diabolus
2537 2374 2758 2443 jusserit
2781 2388 2876 2428 eos
2891 2373 2980 2444 qui
2997 2387 3183 2425 aurum
3212 2386 3318 2425 non
3341 2371 3561 2424 adorent
3580 2369 3771 2438 conjici
3796 2370 3856 2424 in

2275 2463 2542 2520 fornacem
2571 2464 2919 2534 paupertatis,
2948 2479 3017 2516 ne
3035 2461 3198 2516 fueris
3223 2477 3285 2515 ex
3340 2461 3688 2530 injicientium
3709 2502 3724 2526 ,
3753 2459 3852 2516 sed

2269 2566 2336 2607 ex
2367 2553 2680 2620 injectorum
2701 2565 2925 2606 numero
2942 2591 2959 2614 ,
2991 2557 3051 2604 ut
3076 2552 3150 2604 sis
3174 2565 3241 2605 ex
3267 2550 3658 2604 servandorum
3683 2590 3699 2614 ,
3742 2565 3856 2604 non

2244 2626 2338 2699 ‘ex
2361 2642 2686 2700 urendorum
2713 2656 2955 2696 numero.
2996 2641 3129 2695 Nam
3155 2656 3282 2696 vere
3316 2654 3406 2695 ros
3444 2649 3528 2694 est
3562 2640 3810 2710 copiosus
3833 2680 3854 2707 ,

2274 2748 2380 2786 non
2403 2733 2629 2788 detineri
2668 2731 3095 2801 concupiscentia
3115 2731 3419 2786 divitiarum
3440 2771 3456 2795 ,
3487 2741 3542 2785 et
3569 2746 3689 2784 cum
3717 2743 3851 2798 pau-

2270 2821 2487 2888 peribus
2514 2825 2736 2874 versari.
2762 2821 2825 2874 Hi
2852 2821 3089 2874 omnium
3133 2831 3255 2875 sunt
3305 2820 3715 2888 opulentissimi,
3761 2818 3855 2888 qui

2267 2911 2606 2980 cupiditatem
2619 2913 2915 2966 divitiarum
2933 2913 3392 2966 couculcavcruut.
3411 2909 3856 2979 Quandoquidem

2269 3002 2344 3055 illi
2371 3003 2459 3070 qui
2492 3011 2615 3056 tunc
2640 3017 2816 3072 regem
2840 3010 3294 3067 contempserunt,
3309 3001 3425 3070 ipso
3447 3015 3572 3069 rege
3599 3000 3858 3053 clariores

2272 3104 2396 3149 sunt
2412 3095 2607 3150 eﬂ‘ecti.
2633 3095 2700 3149 Et
2727 3104 2782 3148 tu
2814 3096 2971 3164 igitur
2993 3095 3037 3150 si
3060 3111 3150 3152 res
3173 3096 3326 3165 hujus
3359 3097 3544 3152 mundi
3569 3097 3864 3168 despicias,

2272 3191 2385 3238 toto
2413 3183 2612 3240 mundo
2637 3185 2921 3253 pretiosior
2960 3185 3069 3240 eris
3093 3225 3110 3251 ,
3137 3194 3195 3240 ut
3229 3196 3284 3241 et
3318 3189 3486 3242 sancti
3527 3188 3634 3251 illi,
3666 3188 3860 3256 artibus

2272 3274 2456 3343 dignus
2483 3269 2584 3326 πίση
2613 3283 2720 3327 erat
2745 3274 2962 3327 mundus
2986 3273 3172 3342 (Hebr.
3202 3275 3290 3329 Η.
3467 3276 3534 3332 Ut
3575 3276 3753 3348 itaque
3777 3279 3862 3333 di-

2272 3375 2408 3429 gnus
2438 3360 2535 3415 flas
2565 3361 2872 3415 cazlestibus
2896 3363 2936 3428 ί,
2965 3362 3149 3417 deride
3176 3365 3481 3433 prtesentia.
3517 3364 3593 3420 lta
3631 3367 3774 3420 enim
3801 3379 3859 3423 et

2273 3445 2358 3500 hic
2381 3447 2710 3516 splendidior
2737 3437 2880 3513 eris,
2907 3459 2964 3504 et
2988 3450 3182 3504 futuris
3224 3450 3380 3505 bonis
3422 3452 3636 3520 frueris,
3683 3457 3854 3526 gratia

2273 3543 2328 3590 et
2352 3534 2675 3606 benignitate
2699 3537 2908 3592 Domini
2937 3539 3105 3594 nostri
3135 3539 3262 3594 Jesu
3286 3539 3508 3607 Christi,
3550 3544 3635 3599 cui
3681 3545 3854 3602 gloria

2273 3635 2329 3678 et
2355 3627 2714 3696 imperiumin
2742 3630 2937 3683 saecula
2965 3631 3302 3685 saeculorum.
3335 3633 3528 3687 Amen.

2338 3808 2367 3874 Ἀ
2391 3818 2496 3859 Post
2518 3813 2604 3874 has
2635 3823 2795 3869 voces,
2820 3825 2909 3874 pro

2932 3811 3508 3888 βηηῖηῖσλφυβίῧτὲωτε
3543 3820 3854 3888 φηυβσίίβα

2273 3870 2474 3936 Codices
2495 3871 2682 3936 plurimi
2694 3880 2755 3936 et
2775 3870 2915 3936 savil.
2931 3870 2987 3936 iu
3003 3870 3221 3936 utargine
3239 3870 3542 3936 slc'habeut:
3562 3878 3694 3935 Quod
3706 3870 3853 3928 etiam

2271 3932 2437 4002 ardere
2458 3931 2529 4001 est
2551 3931 2601 3982 in
2619 3931 3059 3994 philosophantibus
3085 3931 3320 4004 {etenim
3337 3936 3388 3985 in
3401 3931 3687 4046 ﬁrmitate
3709 3939 3852 3989 linte-

2271 4005 2340 4042 ns
2361 4004 2512 4046 metm
2535 4001 2760 4046 expertes
2790 4001 2918 4046 srvit.
2943 4007 3089 4046 quam
3119 3995 3307 4046 (fustes.
3330 4004 3377 4046 et
3473 3997 3633 4046 ittedso
3657 3999 3852 4046 tomice

2269 3995 2918 4082 9.1%.ﬂ‘i'li‘mfi":
2943 3995 3388 4082 ἏἮέἐὶθεξεξὲ
3401 3995 3633 4082 ἯΞΞΡ
3655 3999 3854 4068 [φιλία

2269 4065 2380 4100 rore
2410 4054 2536 4114 puro
2558 4054 2873 4123 perri-tutntur
2893 4057 3069 4164 :Juod
3092 4060 3206 4104 tanta
3243 4056 3391 4106 etiam
3419 4058 3615 4128 ι’αυίςᾷ
3640 4054 3664 4107 ;’
3692 4058 3854 4126 ignem

2486 4125 2582 4186 non
2602 4121 2856 4186 salutarit,
2879 4129 2943 4186 s__
2998 4127 3060 4165 ne
3091 4116 3484 4186 conclamarent”
3507 4131 3591 4181 qut
3612 4132 3668 4169 eo
3688 4121 3857 4182 mjecti

3110 4182 3327 4306 legit
3358 4242 3595 4295 Animus.
3620 4245 3763 4294 Sat'it.
3800 4251 3857 4295 ut

2277 4292 2457 4350 Iorqu
2473 4294 2626 4354 cadis,
2649 4309 2756 4357 pro,
2790 4292 3075 4350 ca'feslilius.
