4140 6298
379 428 693 448 ῤ’*

1545 287 1612 343 IN
1644 284 2060 342 MATTHA‘SUM
2101 285 2341 344 ﬂOMlL.
2382 289 2449 344 V.

1754 565 2107 628 HOMILIA
2147 567 2226 628 V.

349 731 480 790 CAP.
512 733 558 797 Ι,
588 749 643 786 v.
672 731 762 786 22.
796 731 908 786 Hoc
950 738 1128 784 autem
1172 738 1340 784 totum
1375 731 1575 801 factum
1616 737 1714 794 est,
1753 740 1811 783 ut
1843 732 1943 783 ad-

424 822 740 894 impleretur
769 823 927 892 quod.
952 820 1152 873 diuum
1197 829 1274 874 est
1311 837 1342 874 a
1392 821 1620 874 Domino
1672 837 1766 890 per
1812 837 1942 890 pro-

424 915 637 984 phetam
658 913 917 967 dicentem
949 928 967 966 :
993 911 1084 966 25.
1110 909 1246 964 Ecce
1275 911 1428 981 Virgo
1454 913 1510 964 in
1531 920 1684 964 utero
1710 911 1940 978 habebit,

423 1013 474 1058 et
518 1006 695 1073 pariet
739 1003 938 1072 ﬁlium,
978 1009 1027 1056 et
1062 1002 1320 1057 uocabunt
1353 1019 1540 1056 nomen
1576 1003 1686 1072 ejus
1721 1002 1942 1057 Emma-

424 1091 551 1146 nuel
597 1092 740 1162 (Isa.
774 1092 827 1145 7.
868 1093 993 1162 14).

406 1277 458 1329 1.
503 1274 844 1329 Extemurum
868 1291 1036 1328 rerum
1064 1274 1305 1328 tumultus
1323 1278 1538 1344 fructum
1558 1275 1811 1330 contionis
1829 1294 1923 1330 au-

331 1366 452 1434 fert.
481 1396 552 1406 —
581 1365 771 1420 Multos
786 1365 944 1419 audio
985 1365 1258 1432 dicentes,
1303 1367 1436 1419 Dum
1477 1376 1765 1434 praesentes
1793 1383 1921 1422 con-

327 1454 469 1509 cioni
495 1469 701 1521 sumus,
732 1464 787 1508 et
808 1454 1049 1509 doctrina
1076 1449 1223 1509 verbi
1272 1453 1518 1519 fruimur,
1545 1454 1612 1508 ad
1643 1456 1919 1511 meliorem

324 1542 530 1613 frugem
555 1543 889 1609 reducimur;
917 1546 1118 1613 egressi
1145 1557 1289 1608 vero,
1310 1543 1395 1596 alii
1417 1543 1698 1608 efficimur,
1723 1559 1785 1599 ac
1803 1543 1912 1599 fer-

322 1635 470 1690 voris
501 1635 674 1704 ignem
695 1635 1102 1703 exstinguimus.
1135 1633 1271 1700 Quid
1294 1647 1424 1702 ergo
1453 1633 1740 1704 agendum,
1770 1648 1837 1688 ne
1863 1634 1914 1688 id

319 1725 568 1778 eveniat?
615 1723 1010 1794 Explorandum
1040 1723 1180 1780 unde
1216 1724 1438 1779 accidat.
1467 1723 1598 1791 Quae
1624 1722 1783 1778 cauea
1814 1725 1912 1795 igi-

321 1821 408 1867 tur
436 1813 592 1867 nobis
619 1822 701 1868 est
732 1814 852 1868 talis
889 1814 1228 1869 mutationis?
1270 1814 1422 1880 Quod
1449 1816 1560 1868 loca
1602 1813 1910 1884 frequente-

316 1917 436 1956 mus
464 1917 572 1956 non
597 1902 988 1967 convenientia,
1007 1911 1062 1958 et
1085 1904 1225 1973 quod
1251 1918 1370 1956 eum
1403 1903 1659 1972 improbis
1685 1919 1908 1960 consor-

321 1991 454 2046 tium
473 1990 784 2046 habeamus.
801 1991 918 2046 Non
948 1993 1090 2047 enim
1113 1993 1393 2062 oportebat
1407 2008 1436 2045 a
1453 1995 1713 2049 concione
1727 2009 1912 2065 egres-

316 2096 430 2145 sos,
451 2082 505 2136 in
528 2083 738 2152 negotia
759 2097 856 2136 nos
873 2084 1116 2151 ingerere
1131 2083 1374 2137 concioni
1397 2073 1502 2138 non
1521 2085 1866 2154 congruentia
1885 2103 1902 2138 :

311 2169 406 2223 sed
453 2172 632 2224 statim
656 2171 873 2225 domum
904 2181 1141 2240 petentes
1189 2171 1382 2227 librum
1426 2173 1689 2242 accipere,
1740 2185 1900 2243 atque

311 2273 534 2312 uxorem
582 2270 633 2312 et
661 2260 795 2313 filios
821 2261 885 2314 ad
910 2275 1096 2315 eorum
1135 2276 1254 2331 qua:
1295 2261 1435 2316 dicta
1487 2262 1693 2318 fuerant
1732 2265 1896 2319 colle-

308 2349 542 2403 ctionem
565 2365 810 2416 evocare,
838 2359 899 2404 ac
924 2361 1048 2404 tunc
1070 2350 1136 2404 ad
1166 2352 1286 2405 vita:
1311 2354 1610 2408 necessaria
1641 2369 1738 2408 nos
1768 2369 1897 2410 con-

297 2440 458 2496 ferre.
506 2441 563 2496 Si
604 2441 745 2494 enim
773 2454 837 2494 ex
866 2439 1058 2494 balneo
1095 2441 1234 2495 nolis
1260 2443 1314 2495 in
1337 2442 1512 2497 forum
1545 2455 1595 2499 te
1623 2447 1886 2502 conferre.

297 2547 364 2586 ne
389 2547 455 2586 ex
503 2530 604 2584 fori
645 2531 876 2600 negotiis
918 2530 1090 2585 balnei
1137 2533 1523 2588 recreationem
1563 2543 1618 2589 et
1662 2536 1890 2591 fructum

296 2621 583 2681 labefactes
607 2637 620 2674 :
644 2622 812 2674 mttlto
841 2623 1008 2691 magis
1027 2636 1056 2674 a
1074 2623 1331 2676 concione
1351 2639 1622 2692 egressum
1641 2626 1691 2679 id
1715 2627 1890 2712 facete

295 2711 597 2783 oportebat.
615 2711 731 2765 Jatn
755 2725 882 2764 vero
895 2712 1220 2766 contrarium
1244 2711 1466 2765 facimus
1483 2755 1499 2777 ,
1524 2714 1746 2785 ideoque
1771 2711 1887 2770 ont-

294 2801 378 2855 nia
417 2800 712 2870 perdimus.
751 2799 882 2852 Nam
923 2800 1168 2854 lectionis
1201 2799 1433 2855 fructum
1461 2802 1513 2856 in
1545 2813 1726 2858 mente
1746 2821 1882 2860 non-

293 2891 419 2947 dum
459 2890 624 2960 prnhe
653 2889 906 2954 defixum,
936 2899 1276 2944 externarum
1307 2907 1483 2945 rerum
1513 2895 1767 2948 tumultus
1799 2897 1881 2950 in-

292 2979 478 3036 cidens
525 2989 692 3034 totum
740 2979 913 3033 aufert
941 2989 995 3033 et
1021 2979 1234 3048 abripit.
1282 2979 1360 3034 Ne
1399 2980 1575 3049 itaque
1605 2981 1656 3036 id
1682 2983 1790 3049 flat,
1815 3000 1881 3040 ex

287 3071 550 3124 concione
569 3083 839 3139 egressus,
879 3068 1008 3122 nihil
1036 3069 1204 3136 magis
1227 3072 1588 3123 necessarium
1615 3080 1768 3138 putes
1795 3073 1881 3127 illa

292 3160 549 3215 doetrina‘.
595 3157 930 3212 collectione.
973 3156 1179 3211 Etenim
1219 3167 1473 3212 extrema:
1520 3159 1738 3213 desidia:
1765 3159 1881 3216 fue-

292 3251 379 3316 rit,
408 3250 644 3321 quinque
670 3261 832 3303 sexve
855 3247 970 3318 dies
1012 3246 1356 3300 strcularibus
1403 3249 1628 3316 negotiis
1672 3249 1882 3320 impen-

290 3341 436 3404 dere,
470 3337 832 3409 spiritualibus
866 3350 997 3390 vero
1026 3351 1093 3389 ne
1123 3349 1280 3389 unam
1321 3335 1537 3404 quidem
1569 3336 1742 3403 diem,
1774 3339 1882 3393 imo

291 3450 357 3490 ne
378 3434 655 3488 minimam
696 3430 909 3499 quidem
950 3427 1054 3482 diei
1099 3438 1301 3495 partem
1349 3429 1639 3495 insumere.
1687 3429 1878 3485 Annon

289 3525 481 3580 videtis
505 3521 741 3593 qumidie
773 3535 969 3590 pueros
999 3527 1209 3572 nostros
1236 3519 1542 3587 disciplinas
1572 3535 1704 3589 quas
1729 3537 1882 3578 acoe-

289 3626 481 3688 perunt
507 3629 603 3684 per
648 3622 811 3667 totam
860 3610 1001 3665 diem
1048 3610 1399 3664 nteditantes'?
1441 3609 1671 3679 ldipsum
1703 3621 1758 3666 et
1781 3627 1881 3667 nos

290 3706 581 3767 faciamus;
610 3703 844 3771 alioquin
887 3699 1019 3755 nihil
1048 3699 1202 3752 nobis
1227 3699 1498 3766 superet-it
1523 3715 1587 3752 ex
1620 3699 1704 3752 his
1746 3715 1878 3753 con-

288 3797 558 3859 ventibus,
584 3795 626 3848 si
655 3792 799 3847 dolio
830 3798 1044 3859 pertuso
1070 3785 1304 3858 quotidie
1342 3787 1679 3853 hauriamus,
1707 3803 1882 3858 neque

291 3902 488 3946 tantam
529 3883 890 3940 cuslouiettdze
914 3881 1168 3934 doctrina:
1188 3879 1596 3933 sollicitudinem
1624 3879 1847 3934 adhibea
1865 3906 1880 3922 ο

299 3993 436 4042 tnus,
466 3988 719 4048 quantam
761 3978 900 4030 circa
939 3991 1128 4029 aurum
1155 3987 1206 4030 et
1232 3986 1508 4045 argentum
1552 3977 1885 4032 exhibemus.

302 4071 358 4125 Si
399 4071 520 4140 quis
560 4069 704 4125 enim
746 4069 997 4123 denarios
1024 4083 1219 4136 paucos
1263 4070 1549 4137 acceperit,
1589 4079 1645 4123 et
1672 4070 1722 4122 in
1766 4086 1890 4124 crn-

298 4178 455 4218 mena
502 4171 712 4230 repontt
735 4171 790 4215 et
830 4161 1004 4227 sigillo
1045 4163 1245 4224 munit;
1296 4176 1392 4215 nos
1435 4170 1613 4216 autem
1654 4162 1892 4232 acceptis

295 4255 526 4324 eloquiis
562 4261 620 4308 et
637 4267 770 4307 auro
791 4261 845 4306 et
882 4254 1106 4322 gemmis
1146 4253 1570 4323 pretiosioribus,
1599 4257 1892 4324 perceptis-

299 4359 407 4414 qtte
436 4341 668 4410 Spiritus
695 4341 864 4394 sancti
912 4342 1196 4407 thesauris,
1217 4359 1321 4396 non
1344 4358 1408 4396 ea
1439 4344 1487 4396 in
1510 4344 1704 4398 animas
1748 4360 1887 4414 penu

295 4434 660 4497 recondimus,
679 4432 770 4488 sed
794 4433 1122 4503 negligenter
1141 4439 1358 4488 omnino
1378 4434 1602 4488 sinimus
1623 4453 1686 4489 ex
1711 4448 1890 4502 mente

296 4539 480 4583 nostra
504 4527 743 4582 efﬂuere.
768 4527 900 4593 Quis
943 4526 1100 4595 igitur
1143 4526 1275 4580 ultra
1306 4527 1475 4580 nostri
1523 4526 1884 4593 miserebitur,

295 4635 419 4675 eum
448 4619 602 4673 nobis
623 4615 750 4687 ipsis
780 4618 997 4673 insidias
1021 4631 1290 4686 paremus,
1314 4618 1438 4683 etin
1469 4626 1665 4671 tantam
1695 4628 1889 4686 sponte

297 4710 597 4766 incidamus
628 4712 1035 4779 paupertatem?
1059 4709 1136 4764 Ne
1160 4709 1318 4778 igitur
1338 4709 1387 4762 id
1418 4709 1646 4773 eveniat,
1681 4711 1884 4764 scriba-

298 4817 421 4857 tnus
463 4803 620 4855 nobis
670 4802 940 4855 immotam
981 4801 1152 4868 legem
1183 4809 1237 4853 et
1267 4799 1522 4853 uxoribus
1551 4809 1602 4852 et
1634 4800 1757 4854 [iliis
1787 4816 1885 4856 no-

295 4892 444 4956 stris,
472 4899 532 4945 ut
571 4873 709 4945 hanc
747 4905 908 4944 unam
944 4887 1292 4943 hebdomadas
1334 4887 1474 4942 diem
1511 4903 1888 4946 consecremus

294 4998 418 5036 cum
461 4979 738 5035 audienda‘
763 4980 1041 5045 doctrinae,
1065 4988 1174 5032 tum
1213 4978 1524 5047 colligendis
1555 4979 1620 5033 iis
1643 4996 1760 5050 qua:
1786 4996 1883 5036 an-

239 5099 242 5103 -
293 5076 402 5129 dita
429 5083 574 5128 sunt.
600 5072 674 5126 Ita
704 5073 844 5126 enim
866 5072 1034 5127 multo
1051 5070 1333 5126 dociliores
1352 5071 1418 5124 ad
1445 5086 1507 5125 ea
1524 5086 1643 5141 qua:
1658 5071 1884 5127 dicenda

293 5173 420 5219 sunt
434 5177 816 5223 occurremus;
858 5161 1115 5231 nobisque
1135 5161 1285 5215 labor
1306 5162 1479 5216 minor
1496 5203 1509 5223 ,
1525 5176 1589 5215 ac
1610 5164 1758 5217 vobis
1775 5178 1889 5217 ma-

289 5254 376 5323 jus
398 5255 606 5308 lucrum
627 5254 862 5314 accedet,
898 5266 1018 5306 cum
1043 5265 1104 5305 ea
1129 5266 1247 5320 qua:
1273 5265 1442 5318 nuper
1460 5251 1598 5305 dicta
1625 5261 1748 5305 sunt
1773 5267 1888 5304 me-

297 5346 461 5399 moria
485 5343 800 5407 retinentes,
832 5341 908 5395 sic
935 5341 1211 5410 sequentia
1236 5341 1481 5394 audietis.
1516 5341 1631 5395 Non
1659 5342 1805 5396 enim
1832 5343 1884 5397 id

297 5449 476 5503 parum
511 5433 722 5488 confert
753 5430 820 5484 ad
847 5431 1106 5486 dictorum
1152 5430 1549 5500 intelligentiam
1570 5471 1586 5498 ,
1617 5433 1658 5485 si
1690 5433 1882 5487 seriem

295 5523 679 5580 sententiarum
705 5529 1004 5576 nostrarum
1026 5529 1272 5577 accurate
1298 5521 1544 5577 teneatis.
1581 5522 1714 5590 Quia
1739 5523 1882 5577 enim

2038 746 2149 786 non
2175 744 2471 803 possumus
2495 731 2678 785 omnia
2710 747 2823 786 uno
2856 732 2945 786 die
2977 733 3294 802 complecti,
3321 735 3369 790 si
3389 749 3474 799 ea,
3501 751 3626 806 qua:

2039 823 2273 894 singulis
2325 822 2485 877 vobis
2537 823 2736 878 diebus
2787 823 3179 893 proponimus,
3235 824 3293 878 in
3345 827 3630 882 memoria:

2036 900 2277 983 quadam
2308 914 2454 969 serie
2485 914 2640 983 quasi
2670 922 2923 967 catenam
2963 915 3216 980 teneatis,
3249 915 3329 970 sic
3358 916 3413 968 in
3441 926 3630 971 mente

2035 1003 2288 1071 reponite
2313 1042 2328 1066 ,
2371 1011 2442 1056 ut.
2475 1009 2649 1056 totum
2680 1002 2990 1071 Scriptura:
3021 1017 3225 1070 corpus
3267 1003 3428 1057 simul
3463 1019 3628 1074 appa—

2033 1101 2170 1145 reat.
2223 1093 2516 1147 Revocatis
2565 1092 2732 1162 igitur
2778 1093 2835 1146 in
2883 1100 3123 1145 mentem
3165 1092 3235 1146 iis
3279 1107 3401 1161 quae
3451 1106 3628 1162 nuper

2028 1180 2176 1235 dicta
2205 1190 2364 1246 sunt,
2398 1184 2479 1237 sic
2510 1182 2675 1237 hodie
2709 1182 2779 1237 ad
2824 1197 2888 1236 ea
2919 1195 3044 1251 quas
3091 1180 3452 1251 proponenda
3496 1185 3628 1237 sunt

2029 1272 2384 1328 accedamus.

2069 1445 2121 1498 2.
2156 1445 2283 1509 Qua:
2320 1449 2384 1498 sit
2428 1445 2496 1498 ris
2536 1449 2714 1498 horum
2757 1454 3018 1499 uerborum
3081 1447 3255 1519 Isaia,
3282 1451 3400 1506 Hoc
3436 1461 3602 1508 totum

2002 1531 2194 1587 factum
2238 1545 2340 1588 est.
2373 1534 2476 1588 Cur
2494 1535 2688 1603 Joseplt
2709 1536 2778 1588 ad
2793 1535 2989 1590 Isaiam
3017 1540 3311 1593 remittitur.
3336 1541 3440 1594 Cur
3455 1541 3604 1596 Chri-

1999 1635 2105 1678 stus
2131 1641 2234 1678 non
2265 1625 2568 1680 Emmanuel
2592 1629 2740 1695 vulgo
2779 1629 3087 1697 appellatus.
3115 1660 3184 1672 —
3209 1630 3465 1698 Quzcnam
3507 1636 3607 1704 igt-

1999 1725 2085 1769 tur
2113 1717 2267 1771 nobis
2310 1718 2469 1772 hodie
2509 1718 2853 1787 proponenda
2876 1720 3037 1774 sunt?
3073 1720 3186 1775 Hoc
3228 1732 3398 1777 autem
3437 1735 3602 1782 totum

1995 1811 2188 1877 factum
2213 1820 2286 1862 est
2315 1820 2369 1862 ut
2392 1809 2683 1879 impleretur
2708 1812 2845 1880 quod
2863 1811 3056 1866 dictum
3083 1824 3156 1865 est
3181 1830 3210 1866 a
3240 1813 3466 1868 Domino
3510 1832 3602 1883 per

1995 1902 2292 1971 praphetam
2321 1901 2585 1954 dicentem.
2621 1901 2787 1971 Digna
2815 1903 3072 1956 miraculo
3100 1919 3231 1958 voce
3271 1920 3369 1975 pro
3393 1906 3601 1962 viribus

1993 1991 2240 2045 clamavit
2281 1991 2470 2046 dicens
2505 2011 2518 2046 :
2554 1990 2668 2045 Hoc
2711 2002 2878 2045 autem
2905 2002 3065 2046 totum
3111 1997 3303 2064 factum
3339 2005 3429 2049 est.
3464 1997 3599 2063 Quia

1993 2080 2134 2132 enim
2176 2080 2308 2134 vidit
2331 2081 2545 2150 pelagus
2573 2090 2627 2134 et
2655 2080 2907 2152 abyssum
2942 2081 3286 2150 benignitatis
3323 2084 3440 2151 Dei,
3470 2095 3522 2138 et
3545 2085 3599 2143 id

1993 2170 2132 2238 quod
2153 2154 2441 2238 numquam
2465 2177 2734 2238 speratum
2760 2170 2931 2222 fuerat
2949 2169 3216 2235 evenisse,
3234 2181 3438 2226 natura:
3453 2173 3602 2226 solu-

1995 2270 2074 2313 tas
2096 2262 2283 2330 leges,-
2303 2253 2792 2316 reconciliationem
2820 2260 3035 2324 factam,
3065 2272 3118 2316 et
3145 2264 3385 2317 omnium
3413 2280 3600 2334 supre-

1994 2365 2137 2402 mum
2153 2349 2219 2402 ad
2237 2351 2474 2403 omnium
2495 2349 2733 2403 intimum
2747 2349 3114 2414 descendisse,
3136 2351 3369 2406 medium
3387 2367 3598 2408 murum

1992 2439 2278 2504 sublatum,
2313 2451 2367 2495 et
2393 2440 2773 2509 impedimenta
2794 2439 2999 2510 abacta,
3034 2443 3312 2510 multoque
3342 2442 3491 2510 plura
3515 2443 3600 2498 his

1991 2541 2140 2601 gesta
2152 2531 2278 2596 alia,
2299 2546 2405 2584 uno
2418 2531 2584 2586 verbo
2598 2530 2910 2585 miraculum
2929 2530 3220 2585 declaravit
3245 2533 3429 2587 dicens
3452 2551 3464 2587 :
3493 2532 3600 2587 Hoc

1991 2635 2158 2676 autem
2187 2631 2342 2675 totum
2362 2626 2551 2692 factum
2580 2630 2673 2686 est,
2688 2632 2742 2674 ut
2761 2619 3058 2691 impleretur
3095 2621 3231 2691 quod
3252 2623 3441 2676 dictum
3473 2632 3544 2676 est
3568 2640 3601 2676 α

1993 2711 2232 2766 Domino.
2250 2710 2329 2765 Ne
2345 2709 2844 2778 existimes,inqnit,
2874 2709 2926 2763 id
2952 2709 3111 2764 modo
3126 2709 3405 2764 decretum
3437 2726 3597 2774 esse;

1987 2802 2098 2872 jam
2127 2801 2254 2856 olim
2283 2800 2678 2870 praeﬁguratum
2720 2798 2915 2854 fuerat.
2937 2797 2992 2852 ld
3017 2799 3159 2869 quod
3201 2799 3362 2853 etiam
3405 2800 3602 2856 Paulus

1991 2893 2192 2961 ubique
2235 2891 2607 2946 demonstrare
2637 2889 2862 2944 studuit.
2903 2889 3020 2944 Jam
3049 2904 3178 2944 vero
3208 2889 3500 2958 Josephum
3534 2892 3601 2947 ad

1995 2982 2187 3036 Isaiam
2234 2982 2480 3048 remittit,
2511 2992 2569 3034 ut
2603 2981 2646 3034 si
2688 2989 3034 3048 experrectus
3079 2981 3363 3035 verborum
3411 2983 3601 3052 ipsius,

2008 3093 2192 3150 utpote
2238 3096 2428 3146 recens
2476 3080 2764 3143 dictarunt,
2811 3081 3010 3135 oblitus
3052 3083 3224 3142 esset,
3267 3083 3608 3152 prophetico-

2009 3188 2148 3235 rum.
2179 3188 2230 3225 tn
2257 3187 2484 3240 quorum
2528 3171 2878 3225 meditatione
2906 3172 3138 3225 nutritus
3168 3172 3358 3237 fuerat,
3392 3179 3607 3243 semper

2005 3263 2316 3315 recordatus
2341 3301 2355 3326 ,
2382 3277 2502 3331 quae
2528 3261 2668 3314 dicta
2695 3261 2794 3314 sibi
2825 3270 2980 3316 erant
3010 3263 3286 3317 retineret.
3321 3263 3485 3318 Uxori
3509 3282 3602 3320 au-

2006 3359 2112 3404 tem
2145 3351 2276 3405 nihil
2308 3351 2413 3405 tale
2460 3350 2612 3415 dixit,
2648 3360 2834 3420 utpote
2861 3367 2979 3420 quae
3021 3353 3190 3419 puella
3213 3353 3384 3408 adhuc
3413 3355 3602 3412 horum

2005 3442 2244 3496 notitiam
2291 3457 2394 3496 non
2435 3442 2660 3497 haberet
2690 3461 2702 3494 :
2734 3444 2847 3496 viro
2873 3453 3053 3497 autem
3102 3453 3286 3513 utpote
3317 3447 3484 3513 justo,
3514 3450 3603 3516 qui

2003 3533 2291 3602 prophetas
2327 3532 2693 3596 meditaretur,
2715 3533 2840 3586 hinc
2862 3533 3131 3588 edisserit.
3153 3536 3218 3588 Et
3239 3536 3465 3591 antehac
3486 3539 3606 3607 qui-

1999 3622 2120 3676 dem
2146 3622 2352 3677 dixerat
2387 3642 2398 3675 :
2432 3622 2653 3676 Mariam
2674 3625 2940 3694 conjugent
2972 3635 3110 3678 tuam
3135 3642 3152 3678 :
3180 3624 3265 3680 hic
3296 3642 3424 3678 vero
3451 3637 3601 3694 post-

1999 3727 2158 3780 quam
2205 3713 2519 3782 prophetam
2565 3713 2784 3768 addoxit
2813 3715 2863 3766 in
2896 3713 3152 3778 medium,
3202 3732 3341 3768 nunc
3381 3717 3600 3773 demum

2000 3817 2193 3857 nomen
2243 3805 2558 3872 virginitatis
2609 3805 2682 3857 illi
2735 3805 2961 3859 credidit
2998 3814 3052 3859 et
3092 3806 3375 3875 patefecit;
3427 3824 3601 3877 neque

1998 3893 2140 3945 enim
2172 3901 2276 3945 tam
2331 3893 2717 3959 imperturhato
2744 3897 2924 3948 animo
2957 3894 3162 3957 fuisset,
3193 3895 3376 3949 audito
3421 3897 3600 3965 Virgi—

1996 3981 2080 4035 nis
2125 3982 2361 4045 nomine,
2399 3982 2501 4036 nisi
2551 3985 2698 4050 prius
2734 3984 2782 4035 id
2814 3985 2882 4037 ab
2922 3985 3052 4039 Isaia
3101 3986 3412 4040 audivi-sset.
3456 3988 3598 4043 Nihil

1995 4070 2141 4123 enim
2182 4073 2528 4138 stupendum,
2561 4072 2657 4126 sed
2698 4088 2808 4126 rem
2843 4074 2941 4128 sibi
2995 4074 3110 4129 haec
3140 4077 3309 4129 multo
3355 4062 3599 4146 tempore

1995 4161 2272 4215 meditanti
2303 4161 2620 4215 familiarem
2650 4162 2926 4216 auditurus
2952 4173 3070 4217 erat
3096 4180 3125 4217 a
3154 4165 3435 4233 propheta.
3471 4168 3596 4225 Ideo

1991 4251 2213 4320 angelus
2259 4259 2316 4304 ut
2357 4267 2470 4305 rem
2519 4251 2830 4306 credibilem
2875 4253 3155 4317 redderet,
3190 4255 3373 4309 lsaiam
3407 4259 3457 4310 in
3486 4275 3588 4314 me

1991 4340 2136 4393 dium
2195 4339 2431 4395 adducit.
2482 4341 2665 4410 Neque
2721 4343 2804 4396 hic
2862 4343 3086 4412 gradum
3138 4347 3317 4409 sistit,
3371 4349 3464 4402 sed
3526 4351 3588 4406 ad

1993 4428 2160 4483 Deum
2188 4429 2300 4484 hmc
2324 4429 2628 4499 loquentem
2648 4431 2803 4502 erigit
2827 4447 2986 4496 eum;
3021 4448 3126 4487 non
3158 4435 3299 4488 enim
3321 4438 3591 4505 propheta

1996 4522 2156 4575 verba
2201 4535 2321 4575 esse
2369 4521 2544 4585 dixit,
2590 4522 2682 4576 sed
2723 4539 2750 4576 a
2783 4524 2890 4577 Deo
2936 4523 3306 4579 universorum
3363 4530 3589 4598 prolata.

1989 4609 2116 4665 Ideo
2161 4627 2266 4664 non
2306 4611 2463 4677 dixit,
2511 4620 2568 4666 ut
2599 4612 2914 4682 impleretur
2963 4614 3109 4683 quod
3149 4616 3348 4671 dictum
3390 4629 3475 4674 est
3523 4622 3569 4674 a'

1990 4699 2158 4762 Isaia;
2201 4699 2330 4765 sed,
2389 4700 2538 4766 Quod
2579 4700 2768 4754 dictum
2807 4711 2878 4754 est
2922 4719 2954 4753 α
2991 4701 3249 4760 Domino:
3279 4721 3341 4760 os
3393 4709 3572 4778 quipp:

1967 4799 2102 4845 erat
2128 4788 2278 4844 Isaia:
2301 4833 2316 4856 ,
2343 4792 2621 4845 oraculum
2660 4808 2787 4845 vero
2813 4807 2844 4847 e
2874 4796 3121 4861 supernis
3164 4797 3420 4854 delatum.
3451 4803 3579 4868 Quid

1985 4889 2164 4936 autem
2196 4883 2268 4936 ait
2292 4881 2394 4936 hoc
2417 4883 2690 4937 oraculum
2717 4900 2731 4935 :
2758 4880 2891 4936 Ecce
2925 4883 3077 4955 Virgo
3108 4888 3158 4939 in
3187 4899 3326 4942 utero
3352 4893 3549 4948 habebit
3569 4938 3584 4959 ,

1985 4983 2031 5024 et
2053 4973 2215 5042 pariet
2259 4974 2458 5041 ﬁlium,
2505 4984 2549 5027 et
2589 4973 2832 5027 uocabunt
2872 4990 3054 5030 nomen
3099 4978 3210 5047 ejus
3256 4979 3581 5040 Emmanuel.

1986 5062 2137 5131 (leni.
2168 5065 2218 5116 7.
2250 5061 2362 5132 lt).
2385 5063 2490 5118 Cur
2509 5079 2658 5133 ergo,
2687 5063 2853 5127 dices,
2869 5079 2974 5119 non
3003 5076 3224 5122 vocatus
3248 5080 3329 5124 est
3369 5071 3580 5128 Emma-

1986 5158 2128 5216 nuel,
2155 5154 2248 5208 sed
2292 5151 2448 5208 Jesus
2488 5153 2776 5208 Christus?
2819 5154 2952 5220 Quia
2987 5171 3094 5212 non
3142 5156 3304 5224 dixit,
3330 5160 3581 5230 Vocahis,

1987 5247 2102 5312 sed,
2137 5245 2420 5313 Vocabunt,
2453 5262 2645 5315 nempe
2697 5247 2895 5316 populi,
2921 5256 2976 5303 et
3013 5248 3127 5318 ipse
3170 5265 3350 5306 rerum
3384 5255 3580 5310 exitus.

1988 5337 2080 5389 llic
2104 5337 2178 5391 rei
2205 5352 2325 5406 qua:
2361 5337 2584 5406 contigit
2623 5353 2818 5392 nomen
2847 5338 3107 5407 imponit:
3142 5350 3196 5394 et
3226 5341 3314 5397 hic
3343 5356 3423 5396 est
3465 5362 3583 5398 mos

1986 5427 2297 5496 Scripturte,
2332 5441 2421 5482 res
2445 5443 2564 5496 qua:
2614 5428 2927 5496 contingunt
2957 5444 3052 5498 pro
3092 5431 3310 5487 nomine
3356 5449 3578 5502 pcnerc.

1986 5516 2122 5572 Nihil
2151 5517 2294 5573 enim
2323 5516 2464 5573 aliud
2487 5527 2571 5574 est
2601 5517 2750 5588 illud,
2769 5517 3022 5574 Vocabunt
3052 5520 3373 5591 Emnmmtel,
3397 5539 3576 5594 quam.
