4140 6298
550 344 621 402 57
1237 351 1296 407 s.
1335 345 1611 407 JOANNIS
1644 338 2110 401 cuuvsosrout
2150 333 2462 394 ARCHIEP.
2500 325 3032 388 cousrsrmuop.
3709 319 3778 377 ss

549 451 820 511 Videbunt
858 451 1024 504 Deum
1053 459 1174 500 cum
1219 445 1547 507 hominibus;
1589 457 1708 494 natu
1747 452 1959 507 semper
1996 450 2117 491 cum

552 541 855 601 hominibus
878 537 1005 601 fuit,
1033 535 1128 589 sed
1155 533 1540 601 numquam-ita
1567 529 1867 585 manifeste.
1894 527 2043 598 Quod
2074 526 2118 580 si

551 631 883 700 impudenter
927 626 1188 680 obsistam
1227 622 1394 678 Judmi
1420 662 1438 688 ,
1483 620 1925 691 interrogabimus
1966 632 2062 673 eos
2101 631 2117 670 :

543 728 890 803 Quandonam
929 735 1146 780 vocatus
1179 732 1261 780 est
1281 738 1427 792 puer.
1463 721 1572 775 Cito
1599 719 1848 790 przdare,
1879 717 2115 773 selociter

541 818 705 884 spolia
720 815 904 878 aufer!
935 813 1038 869 Sed
1067 813 1195 867 nihil
1216 810 1539 880 respondere
1561 816 1824 876 poterunt.
1847 807 1956 863 Cur
1985 818 2115 874 ergo

543 906 802 974 propheta
827 902 958 956 dixit
982 920 995 954 :
1040 901 1170 954 Voca
1198 916 1376 954 nomen
1403 901 1542 967 ejus,
1569 898 1679 952 Cito
1704 898 1935 968 prcedere
1958 893 2110 966 (leui.

543 993 596 1048 8.
626 993 710 1058 5)?
748 990 1007 1058 Quoniam
1049 990 1166 1059 ipso
1210 998 1335 1042 nato
1371 987 1708 1056 depopulatio
1744 993 1797 1040 et
1820 983 2108 1055 spoliorum

540 1081 766 1150 direptio
793 1080 926 1134 facta
950 1087 1034 1135 est
1063 1098 1075 1132 :
1105 1080 1326 1147 ideoque
1353 1092 1465 1134 rem
1491 1091 1607 1144 qua:
1636 1077 1775 1130 circa
1799 1075 1969 1145 ipsum
1987 1086 2113 1127 con-

543 1171 678 1240 tigit,
700 1169 849 1240 quasi
881 1183 1072 1223 nomen
1099 1167 1196 1236 ipsi
1227 1167 1466 1235 imponit.
1487 1165 1554 1219 Et
1579 1166 1773 1227 civitas,
1810 1163 1996 1233 inquit,
2027 1177 2110 1215 υοο

542 1260 735 1314 cabitur
779 1260 953 1312 ciuitas
988 1258 1223 1327 justitia,
1265 1257 1555 1323 metropolis
1597 1256 1762 1322 ﬁdelis
1804 1253 1930 1310 Sion
1955 1250 2110 1318 (Isai.

543 1348 714 1416 1.26)
744 1365 756 1400 :
785 1357 840 1402 et
860 1361 1116 1414 nusquam
1164 1345 1460 1398 invenimus
1499 1343 1643 1397 illam
1684 1342 1846 1395 fuisse
1875 1350 2111 1394 vocatam

509 1433 511 1436 ⁴
537 1437 795 1506 justitiam
826 1437 865 1500 ⁸,
895 1434 986 1488 sed
1030 1448 1221 1488 nomen
1253 1431 1352 1502 ipsi
1387 1432 1581 1486 mansit
1612 1430 1978 1499 Jerosolyma;
2017 1444 2108 1482 ve-

540 1541 659 1580 rum
696 1524 818 1594 quia
851 1525 962 1594 ipsa
991 1527 1044 1579 in
1066 1522 1256 1577 melius
1278 1529 1598 1576 commutata
1628 1522 1728 1573 hoc
1771 1521 1870 1589 ipsi
1901 1518 2110 1581 accidit,

540 1616 664 1671 ideo
687 1617 852 1686 ipsam
875 1616 945 1669 ita
977 1613 1152 1669 vocari
1177 1611 1331 1667 dixit.
1364 1610 1465 1665 Ubi
1490 1610 1629 1664 enim
1661 1609 1920 1678 contingit
1943 1607 2113 1677 quod-

540 1707 662 1765 dam
699 1705 1008 1776 praeclarum
1052 1702 1278 1766 facinus,
1325 1699 1465 1770 quod
1507 1700 1700 1754 clarius
1742 1713 1898 1770 quam
1939 1697 2111 1766 ipsum

539 1795 811 1865 proprium
840 1807 1035 1850 nomen
1062 1789 1258 1845 indicat
1293 1799 1564 1843 auctorem
1592 1785 1728 1855 ejus,
1754 1797 1849 1843 aut
1874 1799 1993 1839 eum
2021 1783 2112 1854 qui

538 1886 656 1956 ejus
681 1884 903 1940 fructum
926 1882 1180 1951 percepit,
1203 1894 1396 1938 nomen
1415 1881 1531 1949 ejus
1549 1879 1819 1947 Scriptura
1845 1877 1970 1932 dicit
1991 1889 2114 1931 esse

539 1975 616 2030 rei
638 1973 931 2029 veritatem.
964 1969 1114 2036 Quod
1140 1972 1184 2024 si
1215 1969 1342 2024 hinc
1376 1969 1629 2023 confutati
1666 1967 1807 2020 aliud
1850 1973 2112 2036 quaram,

539 2076 731 2132 nempe
757 2062 826 2116 de
849 2060 1149 2130 virginitate
1174 2057 1397 2121 dictum,
1426 2065 1480 2112 et
1507 2057 1760 2126 objiciunt
1783 2054 1936 2110 nobis
1978 2053 2112 2108 alios

538 2153 874 2220 interpret“,
903 2148 1179 2206 dicentes:
1204 2146 1268 2201 Hi
1299 2159 1403 2199 non
1432 2145 1681 2200 dixerunt
1704 2145 1992 2213 Virginem,
2014 2142 2110 2198 sed

539 2241 764 2310 puellam
793 2239 890 2309 (a):
918 2238 1087 2306 primo
1125 2235 1341 2305 quidem
1377 2235 1506 2291 illud
1537 2235 1775 2292 dicemus
1797 2275 1812 2296 ,
1840 2234 1959 2302 jure
1979 2233 2103 2302 Sep-

538 2333 772 2402 tuaginta
802 2331 1120 2399 interpretes
1138 2327 1256 2385 aliis
1273 2325 1378 2380 iide
1401 2325 1667 2395 digniores
1687 2324 1889 2380 haberi.
1907 2323 2039 2377 Nam
2059 2324 2112 2376 bi

538 2420 794 2492 postremi
816 2427 936 2488 post
961 2417 1161 2475 Christi
1185 2417 1472 2474 adventum
1494 2414 1818 2484 interpretati
1854 2422 1996 2483 sunt,
2018 2412 2113 2468 Ju-

536 2512 742 2582 dzeique
783 2515 1095 2566 maluerunt
1114 2548 1131 2575 ,
1160 2506 1300 2565 unde
1329 2505 1380 2562 in
1407 2504 1760 2573 suspicionem
1791 2501 2002 2564 cadant,
2025 2509 2109 2556 ut-

539 2609 666 2671 pote
699 2597 790 2668 qui
815 2612 879 2651 ex
909 2596 1178 2654 inimicitia
1203 2594 1281 2651 sic
1307 2592 1483 2663 ponus
1504 2592 1754 2653 dixerint,
1785 2603 1849 2645 ac
1874 2588 2108 2660 prophe-

538 2691 640 2743 tias
679 2687 747 2742 de
776 2685 1030 2741 industria
1060 2683 1286 2738 obscure
1327 2681 1689 2738 converterint
1717 2695 1732 2733 :
1763 2678 2107 2748 Septuaginta

537 2792 668 2832 vero
695 2776 783 2847 qui
820 2783 1035 2829 centum
1060 2780 1150 2828 aut
1177 2770 1419 2846 pluribus
1446 2770 1601 2825 annis
1627 2779 1754 2823 ante
1773 2767 1974 2823 Christi
2009 2768 2109 2822 ad-

538 2876 755 2924 ventum
779 2866 904 2920 huic
950 2864 1026 2922 rei
1077 2871 1156 2921 tot
1197 2875 1422 2922 numero
1463 2875 1678 2915 manum
1725 2858 2108 2926 admoverunt,

538 2959 606 3012 ab
631 2957 772 3010 omni
797 2951 1097 3024 huiusmodi
1127 2950 1429 3019 snSpicioue
1450 2948 1601 3006 liberi
1627 2955 1752 3003 sunt
1769 2987 1786 3019 ,
1814 2960 1879 3000 ac
1903 2954 2015 2999 tum
2039 2944 2110 3000 ob

538 3058 743 3111 tempus
795 3053 904 3096 tum
931 3043 1000 3096 ob
1029 3042 1445 3104 multitudinem,
1495 3048 1604 3095 tum
1626 3039 1695 3094 ob
1715 3047 1951 3093 mutuum
1969 3051 2102 3092 enn-

536 3145 750 3186 sensum
780 3135 882 3190 iide
905 3131 1050 3194 digiti
1073 3129 1295 3185 habendi
1323 3139 1466 3184 sunt.

608 3304 665 3361 δ.
704 3304 796 3359 Sin
826 3311 1003 3358 autem
1031 3302 1384 3358 recentiorum
1413 3302 1771 3358 testimonium
1811 3298 2102 3367 proferant,

536 3393 696 3452 etiam
724 3393 823 3447 hoc
852 3391 1010 3447 modo
1028 3392 1247 3446 victoria
1277 3403 1439 3460 penes
1467 3404 1561 3443 nos
1587 3390 1691 3444 erit
1719 3405 1734 3440 :
1767 3403 1886 3442 nam
1916 3386 2105 3456 puellae

537 3485 752 3540 nomine
785 3485 922 3538 solet
960 3481 1227 3550 Scriptura
1266 3480 1520 3547 virginem
1565 3493 1784 3542 vocare;
1816 3477 1971 3548 idque
1998 3490 2102 3530 non

533 3575 606 3632 de
637 3575 947 3630 mulieribus
983 3582 1216 3640 tantum,
1251 3571 1344 3626 sed
1373 3570 1534 3625 etiam
1581 3569 1649 3626 de
1695 3569 1823 3622 viris
1864 3567 2058 3622 dicitur
2088 3583 2103 3621 :

537 3678 662 3719 nam
704 3664 806 3728 ait,
855 3660 1072 3716 lunares
1113 3661 1428 3731 etoirgiues,
1473 3674 1612 3715 senes
1657 3672 1772 3710 cunt
1820 3655 2108 3727 junioribus

538 3749 723 3822 (Psat.
757 3750 878 3805 H8.
925 3748 994 3802 12
1011 3749 1051 3818 ).
1081 3749 1155 3802 Ac
1181 3737 1390 3801 rursum
1417 3747 1485 3801 de
1512 3746 1678 3815 puella
1711 3745 1934 3813 loquens
1957 3743 2111 3810 cujus

539 3839 811 3908 virginitas
833 3839 1102 3906 impetitur
1125 3837 1252 3893 dicit
1282 3853 1296 3890 :
1327 3835 1388 3891 Si
1417 3834 1702 3889 clamauerit
1731 3836 1902 3902 puella
1935 3834 2107 3902 (Deut.

535 3928 627 3984 ΞΩ.
683 3928 823 3996 27),
872 3927 924 3982 id
958 3937 1038 3980 est
1061 3966 1075 3991 ,
1118 3927 1298 3995 virgo,
1333 3926 1382 3983 id
1413 3941 1538 3978 vero
1565 3925 1914 3978 continuatur
1949 3938 2015 3978 ex
2046 3922 2111 3976 iis

537 4031 656 4085 quae
691 4031 848 4084 supra
877 4013 1015 4068 dicta
1054 4023 1199 4067 sunt.
1230 4013 1409 4082 Neque
1432 4013 1575 4067 enim
1607 4011 1918 4079 simpliciter
1935 4010 2070 4065 dixit
2091 4049 2107 4074 ,

537 4103 672 4161 Ecce
706 4107 844 4175 virgo
888 4104 940 4156 in
983 4113 1120 4157 utero
1165 4103 1397 4166 trabem;
1425 4102 1518 4156 sed
1548 4116 1667 4154 cum
1691 4110 1814 4153 ante
1852 4100 2106 4164 dixisset,

537 4194 670 4249 Ecce
695 4195 832 4249 dabit
860 4192 1106 4245 Dominus
1138 4192 1246 4261 ipse
1269 4191 1404 4242 uobis
1428 4189 1626 4259 signum
1644 4229 1660 4252 ,
1693 4196 1818 4241 tunc
1847 4187 2107 4256 subjecit,

537 4280 670 4338 Ecce
688 4283 827 4349 virgo
859 4281 910 4333 iu
938 4289 1074 4332 utero
1105 4278 1298 4332 habebit
1337 4278 1364 4346 (
1378 4276 1505 4330 Isai.
1548 4276 1602 4332 8.
1642 4277 1766 4341 η).
1815 4277 1972 4345 Atqui
2011 4277 2110 4330 nisi

537 4371 686 4440 virgo
707 4367 888 4422 fuisset
913 4367 998 4421 illi
1028 4383 1147 4434 quae
1175 4367 1404 4435 paritura
1439 4378 1554 4420 erat
1573 4407 1589 4432 ,
1619 4375 1674 4418 et
1699 4366 1742 4418 si
1765 4380 1830 4419 ex
1856 4365 2107 4418 connubii

541 4459 657 4526 lege
696 4458 746 4512 id
783 4456 1014 4510 futurum
1055 4466 1168 4510 erat
1190 4496 1206 4520 ,
1249 4455 1388 4525 quod
1423 4455 1634 4509 tandem
1665 4455 1714 4508 id
1745 4455 1951 4525 signum
1984 4454 2111 4509 iniec

540 4549 658 4602 set?
685 4547 904 4616 Signum
939 4547 1079 4599 enim
1112 4561 1286 4600 rerum
1315 4559 1649 4598 communem
1681 4544 1922 4598 ordinem
1952 4544 2112 4599 debet

540 4635 834 4697 excedere,
861 4644 1020 4703 atque
1055 4634 1272 4688 omnino
1311 4634 1726 4701 inexspectatum
1766 4643 1820 4688 et
1844 4634 2112 4688 insolitum

541 4737 693 4788 esse;
716 4723 942 4790 alioquin
971 4723 1238 4792 quomodo
1274 4722 1480 4790 signum
1501 4723 1681 4776 esset!
1704 4722 1795 4776 24.
1831 4722 2115 4793 Exsurgens

546 4823 712 4865 autem
735 4808 923 4878 Ioseph
950 4828 980 4862 a
1002 4827 1201 4876 somno,
1242 4813 1358 4881 fecit
1382 4814 1508 4865 sicut
1542 4814 1778 4882 praecepit
1814 4814 1862 4865 ei
1908 4814 2116 4883 angelus

552 4901 776 4955 Domini.
793 4900 1032 4954 Vidistin‘
1056 4900 1453 4970 obsequentiam
1477 4910 1530 4955 et
1566 4902 1799 4956 animum
1842 4902 2115 4972 obtempe-

549 4991 794 5046 rantem?
824 4989 1048 5044 vidistin‘
1080 4989 1310 5044 animam
1347 4990 1579 5060 vigilem,
1609 5000 1665 5046 et
1687 4991 1818 5046 nulli
1860 5006 2117 5062 persona-

605 5238 621 5268 ι
657 5235 749 5284 Alii
775 5232 867 5281 non
887 5231 1268 5291 mleJustitim.

602 5298 675 5357 (’l)
709 5298 800 5359 Qui
828 5307 945 5359 vero
968 5301 1223 5359 verterunt
1259 5291 1487 5359 puellam,
1533 5303 1643 5359 sunt
1675 5295 1867 5359 Aquila,
1901 5303 2107 5359 Symma-

542 5354 665 5404 chus
681 5363 733 5403 et
754 5355 1033 5416 'l‘itcodotio,
1051 5361 1105 5401 ut
1129 5354 1296 5402 videas
1320 5354 1366 5403 in
1391 5358 1616 5416 ﬂexaplis
1638 5354 1812 5406 nosiris
1835 5354 1946 5406 Issi:
1964 5358 2010 5414 7,
2035 5359 2108 5406 is.

543 5425 635 5465 iiac
654 5417 717 5464 de
741 5427 799 5463 re
831 5415 1312 5480 vide_tticronymum
1331 5428 1380 5464 tu
1407 5414 1594 5474 lsaia'm,
1627 5419 1709 5478 qui
1748 5420 1920 5480 probat
1941 5431 2109 5467 vocem

542 5499 838 5556 ttcbraicam,
861 5474 1020 5554 πώς
1039 5538 1052 5556 ,
1093 5474 1187 5544 non
1210 5497 1367 5559 modo,
1391 5474 1833 5560 virgineam—sedet,
1850 5498 2106 5551 abscondi-

541 5575 637 5619 tam
661 5565 907 5630 augurem,
932 5565 1221 5627 significare.

2211 443 2327 481 rum
2348 429 2641 496 acceptioni
2687 428 2967 482 obnoxiam
2989 428 3014 480 ἲ
3050 427 3232 499 Neque
3273 441 3412 482 enuu
3461 446 3608 485 cuius
3633 433 3785 487 triste

2209 517 2476 585 quidpiam
2502 525 2557 570 et
2576 526 2727 584 turpe
2749 517 3135 587 suspicabatur.
3163 517 3307 573 illam
3338 519 3476 589 apud
3502 535 3562 574 se
3587 523 3788 576 retine-

2206 622 2266 661 re
2295 606 2482 672 voluit,
2515 621 2687 674 neque
2712 615 2886 660 amota
2912 606 3211 674 suspicione
3229 645 3244 668 .
3270 607 3412 660 illam
3441 609 3575 662 ultra
3599 606 3786 662 dimit-

2209 707 2321 753 tere
2348 696 2628 760 sustinuit;
2656 695 2762 749 imo
2789 711 2918 749 vero
2950 696 3088 750 illam
3117 699 3366 762 retinuit;
3393 713 3457 754 ac
3484 699 3644 753 totius
3672 697 3790 757 dis-

2209 784 2531 864 pensationis
2569 784 2810 838 minister
2846 782 3065 839 eﬂ‘ectus
3092 795 3192 840 est.
3227 784 3292 839 Et
3317 789 3542 854 accepit,
3571 788 3742 858 inquit
3771 827 3790 854 ,

2215 873 2432 926 Mariam
2457 874 2722 942 confugerit
2751 889 2918 927 suam.
2962 872 3149 930 Viden'
3173 891 3331 944 quam
3361 875 3667 947 frequenter
3690 877 3794 931 hoc

2211 976 2416 1017 nomen
2466 960 2708 1031 proferat
2763 960 3120 1031 evangelista,
3173 961 3320 1031 quod
3375 963 3514 1017 nolit
3563 964 3791 1019 interim

2213 1052 2532 1124 mysterium
2585 1051 2720 1106 illud
2784 1051 3072 1119 revelare,
3123 1050 3255 1106 dum
3315 1052 3515 1106 malam
3570 1061 3797 1110 amovet

2214 1144 2582 1215 suspicionem
2601 1143 2626 1196 ἲ

2278 1304 2447 1358 Maria
2481 1314 2592 1374 post
2630 1316 2832 1383 partum
2858 1310 2998 1378 uirgo
3024 1309 3228 1364 mnsit.
3259 1310 3438 1365 —25.
3472 1310 3597 1365 Cum
3621 1323 3792 1366 autem

2204 1395 2474 1463 accepisset
2522 1410 2666 1455 eam.
2713 1411 2815 1448 non
2858 1399 3092 1466 cognovit
3147 1397 3329 1465 illam,
3385 1399 3546 1453 donec
3597 1403 3799 1470 peperit

2206 1482 2368 1550 ﬁliuni
2404 1497 2550 1535 suum
2597 1482 3018 1553 primogenitum;
3062 1485 3187 1539 illud
3227 1485 3396 1540 Donec
3440 1487 3525 1542 hic
3564 1488 3787 1558 posuit,

2206 1588 2312 1628 non
2338 1583 2396 1628 ut
2412 1575 2717 1642 suspiceris,
2748 1575 2890 1629 illam
2918 1586 3101 1645 postea
3129 1578 3446 1645 cognovisse
3465 1577 3783 1650 .iosepbum,

2203 1662 2296 1717 sed
2346 1671 2403 1716 ut
2449 1663 2587 1716 scias
2633 1662 2901 1733 Virginem
2954 1680 3122 1732 usque
3165 1666 3231 1720 ad
3276 1677 3482 1733 partum
3526 1667 3782 1722 intactam

2207 1750 2387 1806 fuisse.
2417 1751 2526 1806 Cur
2562 1753 2740 1822 itaque
2767 1755 2869 1816 ait,
2902 1753 3071 1808 Donec
3099 1756 3331 1823 peperit!
3374 1755 3472 1810 llic
3529 1771 3646 1812 mos
3693 1757 3783 1812 lo-

2205 1841 2402 1909 quendi
2428 1841 2480 1895 in
2506 1840 2780 1910 Scriptura
2819 1858 2964 1912 saepe
2988 1844 3331 1911 observatur;
3359 1847 3429 1901 ita
3451 1856 3510 1902 ut
3540 1848 3654 1903 lucc
3680 1863 3784 1904 vox

2206 1944 2310 1983 non
2353 1945 2450 1999 pro
2487 1931 2706 1986 deﬁnito
2730 1931 2957 2001 quodam
2986 1943 3226 2003 tempore
3267 1946 3514 2006 ponatur.
3545 1937 3677 1992 Nam
3719 1938 3796 2001 de

2205 2033 2326 2073 arca
2375 2019 2598 2090 loquens
2643 2021 2718 2075 ait
2760 2040 2776 2075 :
2817 2021 2939 2077 Non
2975 2040 3203 2080 reuersus
3257 2035 3331 2080 est
3370 2043 3585 2094 eorum,
3629 2029 3802 2084 donec

2207 2110 2479 2164 siccentur
2523 2120 2656 2166 terra
2693 2111 2865 2180 (Gen.
2906 2115 2960 2168 8.
3005 2115 3110 2184 7).
3162 2117 3262 2171 etsi
3311 2128 3493 2186 postca
3549 2135 3797 2176 reversus

2209 2213 2312 2253 non
2336 2199 2424 2254 sit.
2457 2197 2536 2254 De
2562 2201 2678 2268 ipso
2703 2202 2862 2256 etiam
2891 2201 3002 2257 Deo
3031 2205 3108 2258 sic
3135 2204 3371 2274 loquitur
3403 2225 3416 2260 :
3456 2207 3499 2260 Α
3529 2209 3714 2264 secuto
3738 2219 3791 2265 et

2209 2304 2363 2356 usque
2403 2289 2456 2341 in
2481 2290 2718 2344 malum
2747 2301 2802 2344 tu
2825 2308 2876 2344 es
2903 2290 3083 2361 (Psal.
3113 2294 3202 2348 89.
3229 2295 3333 2364 2);
3363 2297 3536 2351 nullos
3561 2297 3651 2353 hic
3684 2307 3799 2354 ter—

2213 2377 2388 2432 minos
2426 2391 2663 2447 ponens;
2710 2395 3000 2450 rursusque
3050 2386 3461 2451 praenuntiam:
3502 2385 3707 2442 Oriettrr
3733 2389 3792 2442 in

2212 2466 2384 2519 diebus
2421 2467 2528 2534 ejus
2561 2467 2768 2535 justitia
2803 2478 2850 2520 et
2891 2468 3202 2522 abundantia
3230 2473 3406 2540 pacis,
3435 2473 3597 2529 donec
3645 2480 3800 2547 aufe-

2211 2565 2354 2607 ratur
2378 2556 2501 2608 (una
2535 2553 2722 2624 (Ptol.
2750 2557 2839 2610 7i.
2863 2557 2964 2627 7);
2999 2558 3200 2612 nullum
3243 2562 3526 2617 terminum
3569 2565 3800 2633 pulchro

2213 2645 2331 2698 huic
2360 2643 2626 2698 elemento
2651 2646 2853 2698 statuit.
2886 2645 2958 2701 ita
2988 2655 3041 2700 et
3070 2646 3171 2701 hoc
3200 2649 3347 2711 loco,
3380 2650 3582 2715 Donec,
3612 2652 3787 2720 dixit,

2214 2743 2267 2786 ut
2292 2749 2408 2800 quae
2435 2742 2645 2802 partum
2670 2734 3056 2789 antecedebant
3082 2737 3346 2801 firmaret,
3368 2750 3416 2793 et
3449 2756 3567 2811 qum
3596 2757 3797 2813 seque-

2150 2860 2158 2866 -
2217 2830 2406 2880 ἰςιηιηιι
2445 2824 2539 2877 tibi
2581 2824 2963 2879 consideranda
3004 2825 3344 2895 relinqueret.
3373 2829 3525 2904 Quod
3556 2832 3697 2885 enim
3727 2833 3800 2888 ab

2209 2937 2272 2973 eo
2305 2919 2402 2996 tibi
2443 2917 2758 2976 discendum
2789 2930 2936 2989 erat,
2968 2921 3071 2977 hoc
3097 2922 3266 2990 dixit,
3302 2941 3494 2999 nempe
3519 2927 3793 2997 Virginem

2210 3024 2373 3077 usque
2403 3010 2468 3064 ad
2498 3022 2708 3080 partum
2741 3010 2990 3066 intactam
3018 3015 3278 3069 mansisse
3306 3032 3321 3070 :
3350 3017 3492 3085 quod
3522 3031 3698 3074 autem
3724 3037 3794 3078 ex

2207 3097 2361 3151 dictis
2383 3099 2636 3167 consequi
2657 3097 2790 3154 etin
2817 3099 3059 3154 confesso
3086 3115 3206 3156 esse
3233 3103 3530 3172 videbatur,
3551 3108 3654 3164 hoc
3683 3110 3784 3167 tibi

2208 3186 2608 3256 intelligendum
2646 3187 2880 3258 reliquit.
2921 3188 3126 3258 Nempe
3154 3191 3325 3246 virum
3368 3194 3514 3250 illum
3545 3197 3791 3267 justum,

2206 3293 2322 3330 eam
2352 3293 2472 3346 quae
2513 3279 2591 3332 sic
2619 3288 2790 3357 mater
2815 3279 3001 3334 enecta
3021 3321 3037 3345 ,
3081 3295 3145 3335 ac
3184 3290 3291 3335 tam
3322 3299 3462 3340 novo
3486 3294 3542 3340 et
3576 3288 3796 3346 insolito

2213 3368 2494 3437 puerperio
2521 3367 2732 3437 dignata
2759 3370 2928 3423 fuerat
2945 3409 2961 3432 ,
2989 3378 3206 3439 tangere
3245 3388 3350 3426 non
3376 3389 3562 3431 ausum
3603 3377 3789 3433 fuisse.

2210 3457 2339 3510 Nam
2369 3457 2413 3511 si
2454 3458 2796 3528 cognovisset
2841 3473 2959 3512 eam
3005 3467 3060 3512 et
3104 3463 3284 3516 uxoris
3321 3461 3438 3519 loco
3476 3465 3786 3532 habuisset,

2199 3546 2470 3615 quomodo
2497 3548 2641 3606 illam
2681 3548 2829 3616 quasi
2869 3548 3074 3602 nullum
3115 3550 3395 3607 habentem
3427 3555 3594 3610 virum
3628 3558 3792 3614 disci-

2208 3639 2329 3704 pulo
2378 3637 2845 3700 commendasset,
2890 3638 3084 3708 jubens
3127 3654 3244 3694 eam
3276 3642 3329 3696 in
3367 3656 3459 3696 sua
3495 3647 3791 3712 accipere?

2205 3727 2320 3794 Quo
2348 3737 2500 3795 pacto
2529 3743 2678 3797 ergo,
2709 3727 2915 3796 inquies
2936 3769 2950 3792 ,
2977 3728 3206 3784 Jacobus
3229 3742 3284 3786 et
3303 3734 3394 3786 alii
3413 3775 3427 3798 ,
3457 3736 3576 3804 ejus
3600 3731 3791 3795 fratres

2206 3816 2576 3894 appellantur?
2622 3818 3074 3883 Quemadmodum
3124 3828 3178 3873 et
3217 3820 3415 3891 .loseph
3474 3824 3557 3878 vir
3607 3825 3790 3882 Maria:

2204 3920 2322 3958 esse
2351 3906 2770 3959 existimabatur.
2815 3906 2975 3975 multa
3013 3909 3155 3962 enim
3191 3920 3346 3964 erant
3372 3912 3542 3980 posita
3568 3915 3792 3971 velami-

2205 4010 2270 4048 na
2290 4036 2303 4058 ,
2335 4004 2393 4047 ut
2419 3996 2717 4063 iinjusmodi
2747 4007 2929 4064 partus
2953 3997 3311 4055 occultaretur
3338 4018 3350 4053 :
3385 3999 3611 4072 ideoque
3627 4003 3792 4060 Joan-

2206 4100 2298 4138 nes
2327 4086 2444 4138 illos
2474 4089 2552 4139 sic
2579 4087 2802 4139 vocabat
2846 4088 2928 4141 his
2973 4089 3148 4144 verbis
3171 4130 3186 4155 ,
3243 4091 3418 4161 Neque
3445 4094 3577 4146 enim
3603 4098 3791 4165 fratres

2207 4174 2315 4240 ejus
2349 4173 2610 4226 credebant
2662 4173 2713 4226 in
2762 4190 2874 4228 eum
2930 4175 3124 4242 (locu.
3165 4179 3216 4232 7.
3282 4180 3383 4245 5).
3434 4182 3679 4239 Attamen
3723 4186 3784 4253 ii,

2205 4261 2291 4329 qui
2342 4263 2486 4330 prius
2531 4279 2635 4316 non
2678 4265 3055 4328 crediderant,
3100 4267 3396 4324 admirandi
3444 4279 3500 4326 et
3547 4275 3787 4341 ιιι-ωειςετὶ

2207 4355 2387 4421 postea
2433 4354 2768 4408 exstiterunt.
2827 4355 3051 4420 Quando
3106 4371 3234 4426 ergo
3273 4359 3578 4430 dogmatum
3623 4378 3787 4420 causa

2206 4444 2401 4498 Paulus
2454 4444 2836 4515 ierosoiymam
2890 4447 3240 4514 ascendebat,
3289 4449 3544 4508 Jacobum
3604 4456 3787 4509 statim

2205 4532 2370 4586 adiite
2398 4533 2486 4602 qui
2524 4534 2590 4585 ita
2616 4534 2956 4589 admirandus
2985 4547 3098 4591 erat
3117 4578 3132 4602 ,
3161 4547 3218 4591 ut
3245 4539 3384 4593 illius
3407 4543 3554 4595 urbis
3573 4543 3788 4611 episco-

2207 4630 2385 4691 patum
2427 4625 2627 4689 primus
2669 4625 2950 4692 acciperet.
3004 4624 3234 4680 Narrant
3275 4639 3454 4683 autem
3487 4630 3631 4684 illum
3673 4641 3786 4689 tam

2205 4724 2397 4778 aspere
2429 4714 2588 4763 vitam
2620 4711 2862 4779 duxisse,
2909 4722 2968 4768 ut
3009 4715 3246 4769 membra
3274 4717 3389 4786 ejus
3418 4720 3597 4775 omnia
3630 4724 3786 4791 quasi

2204 4812 2446 4879 cluet-tua
2473 4813 2671 4869 essent,
2702 4815 2860 4876 atque
2898 4821 2962 4861 ex
3002 4809 3249 4874 precandi
3289 4810 3624 4877 assiduitate,
3650 4814 3784 4869 dum

2204 4896 2397 4964 pigiter
2426 4897 2477 4949 in
2522 4895 2820 4964 pavimento
2855 4899 3259 4966 procumberet,
3288 4899 3516 4957 frontem
3557 4902 3674 4972 ejus
3710 4905 3788 4960 ita

2206 4984 2522 5039 obduruisse
2543 5025 2557 5046 ,
2599 4993 2657 5037 ut
2691 5000 2920 5054 genuum
2955 4987 3148 5042 cameli
3175 4987 3424 5045 duritiem
3457 5006 3594 5061 pene
3620 4992 3788 5047 attin~

2205 5083 2352 5141 geret
2379 5071 2454 5144 (α)
2479 5114 2494 5138 ,
2521 5073 2590 5127 ita
2631 5071 2934 5143 frequenter
2976 5075 3121 5129 illam
3160 5078 3274 5133 solo
3297 5080 3640 5149 applicuerat.
3687 5081 3790 5140 llic

2205 5175 2415 5232 quoque
2440 5163 2682 5230 Paulum,
2710 5165 2799 5233 qui
2828 5165 3006 5221 denuo
3027 5164 3412 5239 Jerosoiymam
3432 5170 3785 5239 ascenderat,

2242 5426 2251 5436 .
2271 5392 2343 5457 (ρ)
2376 5390 2907 5457 ntiianijnterprctatio
2929 5392 3100 5457 refert,
3122 5395 3281 5444 Jacobi
3303 5408 3466 5457 genua
3488 5399 3788 5450 obduruisse

2210 5452 2350 5512 callo,
2375 5452 2422 5500 id
2445 5452 2573 5513 quod
2596 5453 2644 5500 in
2666 5452 2830 5504 Graeco
2851 5467 2948 5503 non
2969 5453 3200 5505 habetur:
3214 5452 3441 5507 verﬁone
3457 5465 3618 5508 tuneo
3643 5461 3792 5512 Anta-

2213 5513 2412 5623 ἶέἓιῗίῗθθ.
2427 5514 2746 5623 iiii»???
2758 5514 3145 5578 ⁶¹¹⁹⁷⁶⁰⁵ί⁰¹η¹³¹¹¹
3163 5517 3228 5566 (³⁸
3245 5519 3478 5569 ⁵’³³⁰⁰¹³⁰
3493 5520 3681 5572 (³³⁸⁵⁸⁵⁸
3694 5535 3790 5587 9‘“

2213 5581 2331 5624 tant.
2355 5574 2412 5621 V.
2433 5574 2613 5623 i’rttd'at.
2639 5574 2664 5637 ς
2686 5587 2733 5624 v.
