  <div class='ocr_page' id='page_1' title='image "/cluster/home/n/w/nwhite01/storage/ocr_20150623/57/pst.000005712564/074.png"; bbox 0 0 4140 6298; ppageno 0'>
   <div class='ocr_carea' id='block_1_1' title="bbox 287 357 3592 424">
    <p class='ocr_par' dir='ltr' id='par_1_1' title="bbox 287 357 3592 424">
     <span class='ocr_line' id='line_1_1' title="bbox 287 357 3592 424; baseline -0.003 -1"><span class='ocrx_word' id='word_1_1' title='bbox 287 364 361 423; x_wconf 74' lang='lat'><strong>59</strong></span> <span class='ocrx_word' id='word_1_2' title='bbox 1525 366 1591 422; x_wconf 81' lang='lat' dir='ltr'><strong>IN</strong></span> <span class='ocrx_word' id='word_1_3' title='bbox 1630 363 2041 422; x_wconf 61' lang='lat' dir='ltr'><strong>MATTIIEUH</strong></span> <span class='ocrx_word' id='word_1_4' title='bbox 2079 367 2311 424; x_wconf 70' lang='lat' dir='ltr'><strong>llOMlL.</strong></span> <span class='ocrx_word' id='word_1_5' title='bbox 2348 366 2416 421; x_wconf 80' lang='grc' dir='ltr'><strong>γ.</strong></span> <span class='ocrx_word' id='word_1_6' title='bbox 3522 357 3592 413; x_wconf 75' lang='grc' dir='ltr'><strong>ϐο</strong></span> 
     </span>
    </p>
   </div>
   <div class='ocr_carea' id='block_1_2' title="bbox 286 471 1877 544">
    <p class='ocr_par' dir='ltr' id='par_1_2' title="bbox 286 471 1877 544">
     <span class='ocr_line' id='line_1_2' title="bbox 286 471 1877 544; baseline -0.005 -16"><span class='ocrx_word' id='word_1_7' title='bbox 286 474 460 532; x_wconf 80' lang='lat' dir='ltr'><strong>fausta</strong></span> <span class='ocrx_word' id='word_1_8' title='bbox 501 475 756 530; x_wconf 89' lang='lat' dir='ltr'><strong>nuntians</strong></span> <span class='ocrx_word' id='word_1_9' title='bbox 797 473 876 530; x_wconf 86' lang='lat' dir='ltr'><strong>sic</strong></span> <span class='ocrx_word' id='word_1_10' title='bbox 913 473 1237 544; x_wconf 93' lang='lat' dir='ltr'><strong>compellat:</strong></span> <span class='ocrx_word' id='word_1_11' title='bbox 1277 471 1427 526; x_wconf 81' lang='lat' dir='ltr'><strong>Vides</strong></span> <span class='ocrx_word' id='word_1_12' title='bbox 1451 512 1464 534; x_wconf 90' lang='lat'><strong>,</strong></span> <span class='ocrx_word' id='word_1_13' title='bbox 1516 471 1709 536; x_wconf 76' lang='lat' dir='ltr'><strong>frater,</strong></span> <span class='ocrx_word' id='word_1_14' title='bbox 1762 484 1877 538; x_wconf 85' lang='lat' dir='ltr'><strong>quot</strong></span> 
     </span>
    </p>
   </div>
   <div class='ocr_carea' id='block_1_3' title="bbox 289 559 1880 631">
    <p class='ocr_par' dir='ltr' id='par_1_3' title="bbox 289 559 1880 631">
     <span class='ocr_line' id='line_1_3' title="bbox 289 559 1880 631; baseline -0.004 -15"><span class='ocrx_word' id='word_1_15' title='bbox 289 565 452 618; x_wconf 77' lang='lat' dir='ltr'><strong>millia</strong></span> <span class='ocrx_word' id='word_1_16' title='bbox 478 575 595 618; x_wconf 82' lang='lat' dir='ltr'><strong>sunt</strong></span> <span class='ocrx_word' id='word_1_17' title='bbox 614 566 700 631; x_wconf 85' lang='lat' dir='ltr'><strong>qui</strong></span> <span class='ocrx_word' id='word_1_18' title='bbox 725 571 1059 619; x_wconf 73' lang='lat' dir='ltr'><strong>convenerunt</strong></span> <span class='ocrx_word' id='word_1_19' title='bbox 1088 563 1113 630; x_wconf 91' lang='lat'><em>(</em></span> <span class='ocrx_word' id='word_1_20' title='bbox 1129 563 1239 614; x_wconf 82' lang='lat' dir='ltr'><strong>Act.</strong></span> <span class='ocrx_word' id='word_1_21' title='bbox 1271 562 1359 614; x_wconf 73' lang='grc'><strong>21.</strong></span> <span class='ocrx_word' id='word_1_22' title='bbox 1390 559 1461 613; x_wconf 70' lang='grc'><strong>20</strong></span> <span class='ocrx_word' id='word_1_23' title='bbox 1481 560 1535 628; x_wconf 86' lang='lat'><strong>)?</strong></span> <span class='ocrx_word' id='word_1_24' title='bbox 1567 559 1737 612; x_wconf 80' lang='lat' dir='ltr'><strong>Tanta</strong></span> <span class='ocrx_word' id='word_1_25' title='bbox 1763 567 1880 612; x_wconf 84' lang='lat' dir='ltr'><strong>erat</strong></span> 
     </span>
    </p>
   </div>
   <div class='ocr_carea' id='block_1_4' title="bbox 281 649 1870 724">
    <p class='ocr_par' dir='ltr' id='par_1_4' title="bbox 281 649 1870 724">
     <span class='ocr_line' id='line_1_4' title="bbox 281 649 1870 724; baseline -0.009 -11"><span class='ocrx_word' id='word_1_26' title='bbox 281 653 402 713; x_wconf 75' lang='lat' dir='ltr'><strong>eius</strong></span> <span class='ocrx_word' id='word_1_27' title='bbox 427 653 705 724; x_wconf 88' lang='lat' dir='ltr'><strong>prudentia</strong></span> <span class='ocrx_word' id='word_1_28' title='bbox 728 693 743 716; x_wconf 88' lang='lat'><strong>,</strong></span> <span class='ocrx_word' id='word_1_29' title='bbox 775 661 952 708; x_wconf 80' lang='lat' dir='ltr'><strong>tantus</strong></span> <span class='ocrx_word' id='word_1_30' title='bbox 977 653 1154 716; x_wconf 82' lang='lat' dir='ltr'><strong>zelus;</strong></span> <span class='ocrx_word' id='word_1_31' title='bbox 1189 653 1297 705; x_wconf 92' lang='lat' dir='ltr'><strong>imo</strong></span> <span class='ocrx_word' id='word_1_32' title='bbox 1321 665 1450 706; x_wconf 86' lang='lat' dir='ltr'><strong>vero</strong></span> <span class='ocrx_word' id='word_1_33' title='bbox 1494 660 1638 704; x_wconf 90' lang='lat' dir='ltr'><strong>tanta</strong></span> <span class='ocrx_word' id='word_1_34' title='bbox 1669 649 1870 704; x_wconf 80' lang='lat' dir='ltr'><strong>Christi</strong></span> 
     </span>
    </p>
   </div>
   <div class='ocr_carea' id='block_1_5' title="bbox 283 741 1872 814">
    <p class='ocr_par' dir='ltr' id='par_1_5' title="bbox 283 741 1872 814">
     <span class='ocr_line' id='line_1_5' title="bbox 283 741 1872 814; baseline -0.003 -17"><span class='ocrx_word' id='word_1_35' title='bbox 283 746 473 798; x_wconf 86' lang='lat' dir='ltr'><strong>virtus.</strong></span> <span class='ocrx_word' id='word_1_36' title='bbox 518 743 651 798; x_wconf 86' lang='lat' dir='ltr'><strong>Nam</strong></span> <span class='ocrx_word' id='word_1_37' title='bbox 690 743 780 814; x_wconf 86' lang='lat' dir='ltr'><strong>qui</strong></span> <span class='ocrx_word' id='word_1_38' title='bbox 826 744 974 798; x_wconf 91' lang='lat' dir='ltr'><strong>illum</strong></span> <span class='ocrx_word' id='word_1_39' title='bbox 1017 743 1391 811; x_wconf 85' lang='lat' dir='ltr'><strong>vituperabant</strong></span> <span class='ocrx_word' id='word_1_40' title='bbox 1445 741 1749 807; x_wconf 76' lang='lat' dir='ltr'><strong>viventem,</strong></span> <span class='ocrx_word' id='word_1_41' title='bbox 1801 742 1872 794; x_wconf 83' lang='lat' dir='ltr'><strong>ita</strong></span> 
     </span>
    </p>
   </div>
   <div class='ocr_carea' id='block_1_6' title="bbox 281 830 1872 903">
    <p class='ocr_par' dir='ltr' id='par_1_6' title="bbox 281 830 1872 903">
     <span class='ocr_line' id='line_1_6' title="bbox 281 830 1872 903; baseline -0.003 -17"><span class='ocrx_word' id='word_1_42' title='bbox 281 843 406 903; x_wconf 76' lang='lat' dir='ltr'><strong>post</strong></span> <span class='ocrx_word' id='word_1_43' title='bbox 430 843 656 888; x_wconf 83' lang='lat' dir='ltr'><strong>mortem</strong></span> <span class='ocrx_word' id='word_1_44' title='bbox 685 833 857 902; x_wconf 86' lang='lat' dir='ltr'><strong>ipsum</strong></span> <span class='ocrx_word' id='word_1_45' title='bbox 891 833 1137 894; x_wconf 74' lang='lat' dir='ltr'><strong>admirati</strong></span> <span class='ocrx_word' id='word_1_46' title='bbox 1169 843 1292 887; x_wconf 87' lang='lat' dir='ltr'><strong>sunt</strong></span> <span class='ocrx_word' id='word_1_47' title='bbox 1313 873 1327 894; x_wconf 87' lang='lat'><strong>,</strong></span> <span class='ocrx_word' id='word_1_48' title='bbox 1358 841 1414 884; x_wconf 93' lang='lat' dir='ltr'><strong>ut</strong></span> <span class='ocrx_word' id='word_1_49' title='bbox 1441 845 1564 885; x_wconf 91' lang='lat' dir='ltr'><strong>cum</strong></span> <span class='ocrx_word' id='word_1_50' title='bbox 1592 830 1872 885; x_wconf 82' lang='lat' dir='ltr'><strong>alacritate</strong></span> 
     </span>
    </p>
   </div>
   <div class='ocr_carea' id='block_1_7' title="bbox 285 914 1870 992">
    <p class='ocr_par' dir='ltr' id='par_1_7' title="bbox 285 914 1870 992">
     <span class='ocr_line' id='line_1_7' title="bbox 285 914 1870 992; baseline -0.002 -17"><span class='ocrx_word' id='word_1_51' title='bbox 285 937 472 991; x_wconf 85' lang='lat' dir='ltr'><strong>magna</strong></span> <span class='ocrx_word' id='word_1_52' title='bbox 520 923 682 976; x_wconf 88' lang='lat' dir='ltr'><strong>vitam</strong></span> <span class='ocrx_word' id='word_1_53' title='bbox 727 938 825 992; x_wconf 91' lang='lat' dir='ltr'><strong>pro</strong></span> <span class='ocrx_word' id='word_1_54' title='bbox 860 924 976 990; x_wconf 90' lang='lat' dir='ltr'><strong>ipso</strong></span> <span class='ocrx_word' id='word_1_55' title='bbox 1027 914 1440 990; x_wconf 69' lang='lat' dir='ltr'><strong>profunderent&#39;;</strong></span> <span class='ocrx_word' id='word_1_56' title='bbox 1473 935 1595 990; x_wconf 71' lang='lat' dir='ltr'><strong>qua:</strong></span> <span class='ocrx_word' id='word_1_57' title='bbox 1622 920 1870 974; x_wconf 84' lang='lat' dir='ltr'><strong>virtutem</strong></span> 
     </span>
    </p>
   </div>
   <div class='ocr_carea' id='block_1_8' title="bbox 285 1008 1876 1079">
    <p class='ocr_par' dir='ltr' id='par_1_8' title="bbox 285 1008 1876 1079">
     <span class='ocr_line' id='line_1_8' title="bbox 285 1008 1876 1079; baseline -0.001 -16"><span class='ocrx_word' id='word_1_58' title='bbox 285 1012 691 1066; x_wconf 91' lang='lat' dir='ltr'><strong>resurrectionis</strong></span> <span class='ocrx_word' id='word_1_59' title='bbox 744 1026 866 1065; x_wconf 89' lang='lat' dir='ltr'><strong>cum</strong></span> <span class='ocrx_word' id='word_1_60' title='bbox 919 1012 1102 1079; x_wconf 77' lang='lat' dir='ltr'><strong>primis</strong></span> <span class='ocrx_word' id='word_1_61' title='bbox 1147 1018 1590 1065; x_wconf 89' lang='lat' dir='ltr'><strong>commonstrant.</strong></span> <span class='ocrx_word' id='word_1_62' title='bbox 1645 1008 1876 1076; x_wconf 81' lang='lat' dir='ltr'><strong>ideoque</strong></span> 
     </span>
    </p>
   </div>
   <div class='ocr_carea' id='block_1_9' title="bbox 274 1099 1875 1170">
    <p class='ocr_par' dir='ltr' id='par_1_9' title="bbox 274 1099 1875 1170">
     <span class='ocr_line' id='line_1_9' title="bbox 274 1099 1875 1170; baseline -0.002 -17"><span class='ocrx_word' id='word_1_63' title='bbox 274 1099 397 1165; x_wconf 82' lang='lat' dir='ltr'><strong>illa,</strong></span> <span class='ocrx_word' id='word_1_64' title='bbox 429 1115 550 1170; x_wconf 63' lang='lat' dir='ltr'><strong>qua</strong></span> <span class='ocrx_word' id='word_1_65' title='bbox 573 1099 802 1154; x_wconf 80' lang='lat' dir='ltr'><strong>clariora</strong></span> <span class='ocrx_word' id='word_1_66' title='bbox 829 1109 1016 1164; x_wconf 85' lang='lat' dir='ltr'><strong>erant,</strong></span> <span class='ocrx_word' id='word_1_67' title='bbox 1047 1099 1112 1152; x_wconf 89' lang='lat' dir='ltr'><strong>ad</strong></span> <span class='ocrx_word' id='word_1_68' title='bbox 1144 1107 1442 1154; x_wconf 78' lang='lat' dir='ltr'><strong>extremum</strong></span> <span class='ocrx_word' id='word_1_69' title='bbox 1466 1108 1674 1165; x_wconf 85' lang='lat' dir='ltr'><strong>tempus</strong></span> <span class='ocrx_word' id='word_1_70' title='bbox 1700 1113 1875 1151; x_wconf 71' lang='lat' dir='ltr'><strong>rescr-</strong></span> 
     </span>
    </p>
   </div>
   <div class='ocr_carea' id='block_1_10' title="bbox 276 1187 1874 1254">
    <p class='ocr_par' dir='ltr' id='par_1_10' title="bbox 276 1187 1874 1254">
     <span class='ocr_line' id='line_1_10' title="bbox 276 1187 1874 1254; baseline -0.001 -12"><span class='ocrx_word' id='word_1_71' title='bbox 276 1190 580 1254; x_wconf 76' lang='lat' dir='ltr'><strong>vabantur,</strong></span> <span class='ocrx_word' id='word_1_72' title='bbox 627 1198 685 1242; x_wconf 92' lang='lat' dir='ltr'><strong>ut</strong></span> <span class='ocrx_word' id='word_1_73' title='bbox 711 1187 828 1243; x_wconf 65' lang='lat' dir='ltr'><strong>haec</strong></span> <span class='ocrx_word' id='word_1_74' title='bbox 852 1189 982 1243; x_wconf 83' lang='lat' dir='ltr'><strong>nulli</strong></span> <span class='ocrx_word' id='word_1_75' title='bbox 1015 1189 1177 1243; x_wconf 90' lang='lat' dir='ltr'><strong>dubio</strong></span> <span class='ocrx_word' id='word_1_76' title='bbox 1205 1189 1434 1243; x_wconf 76' lang='lat' dir='ltr'><strong>obnoxia</strong></span> <span class='ocrx_word' id='word_1_77' title='bbox 1472 1195 1628 1243; x_wconf 86' lang='lat' dir='ltr'><strong>esset.</strong></span> <span class='ocrx_word' id='word_1_78' title='bbox 1651 1187 1874 1241; x_wconf 85' lang='lat' dir='ltr'><strong>demon-</strong></span> 
     </span>
    </p>
   </div>
   <div class='ocr_carea' id='block_1_11' title="bbox 279 1275 1867 1348">
    <p class='ocr_par' dir='ltr' id='par_1_11' title="bbox 279 1275 1867 1348">
     <span class='ocr_line' id='line_1_11' title="bbox 279 1275 1867 1348; baseline -0.002 -17"><span class='ocrx_word' id='word_1_79' title='bbox 279 1278 488 1332; x_wconf 88' lang='lat' dir='ltr'><strong>stratio.</strong></span> <span class='ocrx_word' id='word_1_80' title='bbox 519 1277 653 1331; x_wconf 82' lang='lat' dir='ltr'><strong>Nam</strong></span> <span class='ocrx_word' id='word_1_81' title='bbox 674 1277 719 1332; x_wconf 87' lang='lat' dir='ltr'><strong>si</strong></span> <span class='ocrx_word' id='word_1_82' title='bbox 747 1277 866 1332; x_wconf 90' lang='lat' dir='ltr'><strong>illos</strong></span> <span class='ocrx_word' id='word_1_83' title='bbox 893 1277 1053 1332; x_wconf 87' lang='lat' dir='ltr'><strong>etiam</strong></span> <span class='ocrx_word' id='word_1_84' title='bbox 1082 1277 1184 1348; x_wconf 84' lang='lat' dir='ltr'><strong>qui</strong></span> <span class='ocrx_word' id='word_1_85' title='bbox 1212 1277 1264 1331; x_wconf 91' lang='lat' dir='ltr'><strong>in</strong></span> <span class='ocrx_word' id='word_1_86' title='bbox 1292 1279 1397 1332; x_wconf 85' lang='lat' dir='ltr'><strong>vita</strong></span> <span class='ocrx_word' id='word_1_87' title='bbox 1442 1291 1537 1331; x_wconf 87' lang='lat' dir='ltr'><strong>sua</strong></span> <span class='ocrx_word' id='word_1_88' title='bbox 1566 1275 1867 1330; x_wconf 81' lang='lat' dir='ltr'><strong>admirandi</strong></span> 
     </span>
    </p>
   </div>
   <div class='ocr_carea' id='block_1_12' title="bbox 280 1344 1859 1439">
    <p class='ocr_par' dir='ltr' id='par_1_12' title="bbox 280 1344 1859 1439">
     <span class='ocr_line' id='line_1_12' title="bbox 280 1344 1859 1439; baseline -0.004 -16"><span class='ocrx_word' id='word_1_89' title='bbox 280 1378 470 1433; x_wconf 81' lang='lat' dir='ltr'><strong>erant,</strong></span> <span class='ocrx_word' id='word_1_90' title='bbox 515 1366 794 1422; x_wconf 85' lang='lat' dir='ltr'><strong>defunctos</strong></span> <span class='ocrx_word' id='word_1_91' title='bbox 839 1344 1233 1434; x_wconf 67' lang='lat' dir='ltr'><strong>obliviscimur,</strong></span> <span class='ocrx_word' id='word_1_92' title='bbox 1273 1382 1381 1438; x_wconf 92' lang='lat' dir='ltr'><strong>quo</strong></span> <span class='ocrx_word' id='word_1_93' title='bbox 1421 1375 1581 1439; x_wconf 80' lang='lat' dir='ltr'><strong>pacto</strong></span> <span class='ocrx_word' id='word_1_94' title='bbox 1617 1367 1728 1430; x_wconf 91' lang='lat' dir='ltr'><strong>illi,</strong></span> <span class='ocrx_word' id='word_1_95' title='bbox 1771 1366 1859 1434; x_wconf 88' lang='lat' dir='ltr'><strong>qui</strong></span> 
     </span>
    </p>
   </div>
   <div class='ocr_carea' id='block_1_13' title="bbox 282 1456 1874 1528">
    <p class='ocr_par' dir='ltr' id='par_1_13' title="bbox 282 1456 1874 1528">
     <span class='ocr_line' id='line_1_13' title="bbox 282 1456 1874 1528; baseline -0.003 -16"><span class='ocrx_word' id='word_1_96' title='bbox 282 1457 553 1514; x_wconf 78' lang='lat' dir='ltr'><strong>viventem</strong></span> <span class='ocrx_word' id='word_1_97' title='bbox 580 1459 754 1528; x_wconf 86' lang='lat' dir='ltr'><strong>ipsum</strong></span> <span class='ocrx_word' id='word_1_98' title='bbox 797 1457 1124 1522; x_wconf 87' lang='lat' dir='ltr'><strong>irridebant,</strong></span> <span class='ocrx_word' id='word_1_99' title='bbox 1158 1459 1324 1514; x_wconf 88' lang='lat' dir='ltr'><strong>Deum</strong></span> <span class='ocrx_word' id='word_1_100' title='bbox 1353 1471 1474 1513; x_wconf 87' lang='lat' dir='ltr'><strong>esse</strong></span> <span class='ocrx_word' id='word_1_101' title='bbox 1512 1456 1874 1512; x_wconf 79' lang='lat' dir='ltr'><strong>existimavis-</strong></span> 
     </span>
    </p>
   </div>
   <div class='ocr_carea' id='block_1_14' title="bbox 281 1543 1874 1615">
    <p class='ocr_par' dir='ltr' id='par_1_14' title="bbox 281 1543 1874 1615">
     <span class='ocr_line' id='line_1_14' title="bbox 281 1543 1874 1615; baseline -0.006 -13"><span class='ocrx_word' id='word_1_102' title='bbox 281 1557 434 1614; x_wconf 86' lang='lat' dir='ltr'><strong>sent,</strong></span> <span class='ocrx_word' id='word_1_103' title='bbox 473 1548 522 1602; x_wconf 86' lang='lat' dir='ltr'><strong>si</strong></span> <span class='ocrx_word' id='word_1_104' title='bbox 561 1545 832 1602; x_wconf 86' lang='lat' dir='ltr'><strong>hominem</strong></span> <span class='ocrx_word' id='word_1_105' title='bbox 876 1546 1270 1602; x_wconf 89' lang='lat' dir='ltr'><strong>credidissent?</strong></span> <span class='ocrx_word' id='word_1_106' title='bbox 1308 1545 1579 1615; x_wconf 90' lang='lat' dir='ltr'><strong>quomodo</strong></span> <span class='ocrx_word' id='word_1_107' title='bbox 1615 1559 1714 1614; x_wconf 92' lang='lat' dir='ltr'><strong>pro</strong></span> <span class='ocrx_word' id='word_1_108' title='bbox 1756 1543 1874 1612; x_wconf 86' lang='lat' dir='ltr'><strong>ipso</strong></span> 
     </span>
    </p>
   </div>
   <div class='ocr_carea' id='block_1_15' title="bbox 285 1637 1874 1707">
    <p class='ocr_par' dir='ltr' id='par_1_15' title="bbox 285 1637 1874 1707">
     <span class='ocr_line' id='line_1_15' title="bbox 285 1637 1874 1707; baseline -0.002 -14"><span class='ocrx_word' id='word_1_109' title='bbox 285 1647 513 1693; x_wconf 83' lang='lat' dir='ltr'><strong>mortem</strong></span> <span class='ocrx_word' id='word_1_110' title='bbox 556 1637 740 1693; x_wconf 86' lang='lat' dir='ltr'><strong>subire</strong></span> <span class='ocrx_word' id='word_1_111' title='bbox 767 1637 1094 1702; x_wconf 87' lang='lat' dir='ltr'><strong>voluissent,</strong></span> <span class='ocrx_word' id='word_1_112' title='bbox 1129 1639 1227 1692; x_wconf 90' lang='lat' dir='ltr'><strong>nisi</strong></span> <span class='ocrx_word' id='word_1_113' title='bbox 1261 1637 1594 1707; x_wconf 83' lang='lat' dir='ltr'><strong>perspicuam</strong></span> <span class='ocrx_word' id='word_1_114' title='bbox 1635 1637 1874 1705; x_wconf 84' lang='lat' dir='ltr'><strong>accepis-</strong></span> 
     </span>
    </p>
   </div>
   <div class='ocr_carea' id='block_1_16' title="bbox 282 1725 1417 1782">
    <p class='ocr_par' dir='ltr' id='par_1_16' title="bbox 282 1725 1417 1782">
     <span class='ocr_line' id='line_1_16' title="bbox 282 1725 1417 1782; baseline -0.001 -1"><span class='ocrx_word' id='word_1_115' title='bbox 282 1735 403 1781; x_wconf 88' lang='lat' dir='ltr'><strong>sent</strong></span> <span class='ocrx_word' id='word_1_116' title='bbox 431 1725 842 1782; x_wconf 83' lang='lat' dir='ltr'><strong>resurrectionis</strong></span> <span class='ocrx_word' id='word_1_117' title='bbox 859 1725 1372 1782; x_wconf 78' lang='lat' dir='ltr'><strong>demonstrationem</strong></span> <span class='ocrx_word' id='word_1_118' title='bbox 1394 1726 1417 1780; x_wconf 68' lang='grc' dir='ltr'>τ</span> 
     </span>
    </p>
   </div>
   <div class='ocr_carea' id='block_1_17' title="bbox 346 1918 1868 1996">
    <p class='ocr_par' dir='ltr' id='par_1_17' title="bbox 346 1918 1868 1996">
     <span class='ocr_line' id='line_1_17' title="bbox 346 1918 1868 1996; baseline -0.007 -17"><span class='ocrx_word' id='word_1_119' title='bbox 346 1925 564 1996; x_wconf 77' lang='lat' dir='ltr'><strong>Cognati</strong></span> <span class='ocrx_word' id='word_1_120' title='bbox 611 1923 742 1993; x_wconf 86' lang='lat' dir='ltr'><strong>justi</strong></span> <span class='ocrx_word' id='word_1_121' title='bbox 791 1923 989 1977; x_wconf 80' lang='lat' dir='ltr'><strong>nonnisi</strong></span> <span class='ocrx_word' id='word_1_122' title='bbox 1015 1921 1329 1988; x_wconf 83' lang='lat' dir='ltr'><strong>resipiscenti</strong></span> <span class='ocrx_word' id='word_1_123' title='bbox 1360 1918 1608 1986; x_wconf 72' lang='lat' dir='ltr'><strong>peccaturi</strong></span> <span class='ocrx_word' id='word_1_124' title='bbox 1636 1924 1868 1983; x_wconf 79' lang='lat' dir='ltr'><strong>prosunt.</strong></span> 
     </span>
    </p>
   </div>
   <div class='ocr_carea' id='block_1_18' title="bbox 279 2007 1872 2080">
    <p class='ocr_par' dir='ltr' id='par_1_18' title="bbox 279 2007 1872 2080">
     <span class='ocr_line' id='line_1_18' title="bbox 279 2007 1872 2080; baseline -0.007 -9"><span class='ocrx_word' id='word_1_125' title='bbox 279 2016 525 2071; x_wconf 84' lang='lat' dir='ltr'><strong>Precibus</strong></span> <span class='ocrx_word' id='word_1_126' title='bbox 561 2024 849 2069; x_wconf 77' lang='lat' dir='ltr'><strong>sanctorum</strong></span> <span class='ocrx_word' id='word_1_127' title='bbox 887 2030 988 2066; x_wconf 87' lang='lat' dir='ltr'><strong>non</strong></span> <span class='ocrx_word' id='word_1_128' title='bbox 1036 2012 1186 2066; x_wconf 85' lang='lat' dir='ltr'><strong>nimis</strong></span> <span class='ocrx_word' id='word_1_129' title='bbox 1237 2011 1518 2080; x_wconf 83' lang='lat' dir='ltr'><strong>ﬁdendum.</strong></span> <span class='ocrx_word' id='word_1_130' title='bbox 1571 2010 1710 2062; x_wconf 76' lang='grc'><strong>-4.</strong></span> <span class='ocrx_word' id='word_1_131' title='bbox 1746 2007 1872 2062; x_wconf 65' lang='lat' dir='ltr'><strong>Haec</strong></span> 
     </span>
    </p>
   </div>
   <div class='ocr_carea' id='block_1_19' title="bbox 279 2098 1874 2176">
    <p class='ocr_par' dir='ltr' id='par_1_19' title="bbox 279 2098 1874 2176">
     <span class='ocr_line' id='line_1_19' title="bbox 279 2098 1874 2176; baseline -0.006 -16"><span class='ocrx_word' id='word_1_132' title='bbox 279 2120 446 2176; x_wconf 91' lang='lat' dir='ltr'><strong>porro</strong></span> <span class='ocrx_word' id='word_1_133' title='bbox 473 2105 723 2169; x_wconf 89' lang='lat' dir='ltr'><strong>dicimus,</strong></span> <span class='ocrx_word' id='word_1_134' title='bbox 755 2117 860 2158; x_wconf 89' lang='lat' dir='ltr'><strong>non</strong></span> <span class='ocrx_word' id='word_1_135' title='bbox 889 2110 949 2156; x_wconf 92' lang='lat' dir='ltr'><strong>ut</strong></span> <span class='ocrx_word' id='word_1_136' title='bbox 975 2101 1200 2156; x_wconf 79' lang='lat' dir='ltr'><strong>audiatis</strong></span> <span class='ocrx_word' id='word_1_137' title='bbox 1240 2109 1464 2164; x_wconf 89' lang='lat' dir='ltr'><strong>tantum,</strong></span> <span class='ocrx_word' id='word_1_138' title='bbox 1496 2099 1588 2153; x_wconf 88' lang='lat' dir='ltr'><strong>sed</strong></span> <span class='ocrx_word' id='word_1_139' title='bbox 1617 2107 1674 2153; x_wconf 92' lang='lat' dir='ltr'><strong>ut</strong></span> <span class='ocrx_word' id='word_1_140' title='bbox 1698 2098 1874 2161; x_wconf 52' lang='lat' dir='ltr'><strong>imiteg</strong></span> 
     </span>
    </p>
   </div>
   <div class='ocr_carea' id='block_1_20' title="bbox 275 2188 1872 2257">
    <p class='ocr_par' dir='ltr' id='par_1_20' title="bbox 275 2188 1872 2257">
     <span class='ocr_line' id='line_1_20' title="bbox 275 2188 1872 2257; baseline -0.006 -8"><span class='ocrx_word' id='word_1_141' title='bbox 275 2195 406 2249; x_wconf 90' lang='lat' dir='ltr'><strong>mlni</strong></span> <span class='ocrx_word' id='word_1_142' title='bbox 425 2191 1034 2257; x_wconf 86' lang='lat' dir='ltr'><strong>fortitudinem,dicendi</strong></span> <span class='ocrx_word' id='word_1_143' title='bbox 1072 2190 1330 2254; x_wconf 82' lang='lat' dir='ltr'><strong>lduciam,</strong></span> <span class='ocrx_word' id='word_1_144' title='bbox 1360 2188 1725 2256; x_wconf 86' lang='lat' dir='ltr'><strong>justitiamque</strong></span> <span class='ocrx_word' id='word_1_145' title='bbox 1753 2201 1872 2243; x_wconf 83' lang='lat' dir='ltr'><strong>om-</strong></span> 
     </span>
    </p>
   </div>
   <div class='ocr_carea' id='block_1_21' title="bbox 277 2276 1876 2355">
    <p class='ocr_par' dir='ltr' id='par_1_21' title="bbox 277 2276 1876 2355">
     <span class='ocr_line' id='line_1_21' title="bbox 277 2276 1876 2355; baseline -0.008 -15"><span class='ocrx_word' id='word_1_146' title='bbox 277 2300 405 2340; x_wconf 89' lang='lat' dir='ltr'><strong>nem</strong></span> <span class='ocrx_word' id='word_1_147' title='bbox 427 2301 444 2347; x_wconf 83' lang='lat'><strong>;</strong></span> <span class='ocrx_word' id='word_1_148' title='bbox 469 2293 528 2339; x_wconf 90' lang='lat' dir='ltr'><strong>ut</strong></span> <span class='ocrx_word' id='word_1_149' title='bbox 552 2298 713 2340; x_wconf 92' lang='lat' dir='ltr'><strong>nemo</strong></span> <span class='ocrx_word' id='word_1_150' title='bbox 733 2283 802 2338; x_wconf 88' lang='lat' dir='ltr'><strong>de</strong></span> <span class='ocrx_word' id='word_1_151' title='bbox 827 2297 888 2337; x_wconf 87' lang='lat' dir='ltr'><strong>se</strong></span> <span class='ocrx_word' id='word_1_152' title='bbox 914 2281 1183 2350; x_wconf 86' lang='lat' dir='ltr'><strong>desperet,</strong></span> <span class='ocrx_word' id='word_1_153' title='bbox 1215 2279 1424 2355; x_wconf 88' lang='lat' dir='ltr'><strong>etiamsi</strong></span> <span class='ocrx_word' id='word_1_154' title='bbox 1446 2279 1671 2332; x_wconf 86' lang='lat' dir='ltr'><strong>antehac</strong></span> <span class='ocrx_word' id='word_1_155' title='bbox 1699 2276 1876 2346; x_wconf 87' lang='lat' dir='ltr'><strong>segnis</strong></span> 
     </span>
    </p>
   </div>
   <div class='ocr_carea' id='block_1_22' title="bbox 275 2365 1876 2442">
    <p class='ocr_par' dir='ltr' id='par_1_22' title="bbox 275 2365 1876 2442">
     <span class='ocr_line' id='line_1_22' title="bbox 275 2365 1876 2442; baseline -0.007 -13"><span class='ocrx_word' id='word_1_156' title='bbox 275 2373 686 2442; x_wconf 85' lang='lat' dir='ltr'><strong>desidiosusque</strong></span> <span class='ocrx_word' id='word_1_157' title='bbox 732 2371 923 2435; x_wconf 84' lang='lat' dir='ltr'><strong>fuerit;</strong></span> <span class='ocrx_word' id='word_1_158' title='bbox 973 2377 1134 2438; x_wconf 83' lang='lat' dir='ltr'><strong>utque</strong></span> <span class='ocrx_word' id='word_1_159' title='bbox 1178 2368 1321 2424; x_wconf 87' lang='lat' dir='ltr'><strong>nulla</strong></span> <span class='ocrx_word' id='word_1_160' title='bbox 1369 2368 1422 2422; x_wconf 92' lang='lat' dir='ltr'><strong>in</strong></span> <span class='ocrx_word' id='word_1_161' title='bbox 1481 2380 1542 2422; x_wconf 87' lang='lat' dir='ltr'><strong>re</strong></span> <span class='ocrx_word' id='word_1_162' title='bbox 1595 2365 1701 2420; x_wconf 86' lang='lat' dir='ltr'><strong>alia</strong></span> <span class='ocrx_word' id='word_1_163' title='bbox 1726 2379 1876 2433; x_wconf 88' lang='lat' dir='ltr'><strong>spem</strong></span> 
     </span>
    </p>
   </div>
   <div class='ocr_carea' id='block_1_23' title="bbox 276 2453 1878 2531">
    <p class='ocr_par' dir='ltr' id='par_1_23' title="bbox 276 2453 1878 2531">
     <span class='ocr_line' id='line_1_23' title="bbox 276 2453 1878 2531; baseline -0.008 -13"><span class='ocrx_word' id='word_1_164' title='bbox 276 2461 496 2528; x_wconf 81' lang='lat' dir='ltr'><strong>habeat,</strong></span> <span class='ocrx_word' id='word_1_165' title='bbox 524 2461 628 2516; x_wconf 82' lang='lat' dir='ltr'><strong>nisi</strong></span> <span class='ocrx_word' id='word_1_166' title='bbox 653 2469 772 2531; x_wconf 80' lang='lat' dir='ltr'><strong>post</strong></span> <span class='ocrx_word' id='word_1_167' title='bbox 798 2459 890 2514; x_wconf 87' lang='lat' dir='ltr'><strong>Dei</strong></span> <span class='ocrx_word' id='word_1_168' title='bbox 917 2457 1338 2514; x_wconf 87' lang='lat' dir='ltr'><strong>misericordiam</strong></span> <span class='ocrx_word' id='word_1_169' title='bbox 1363 2457 1417 2510; x_wconf 91' lang='lat' dir='ltr'><strong>in</strong></span> <span class='ocrx_word' id='word_1_170' title='bbox 1441 2470 1648 2509; x_wconf 90' lang='lat' dir='ltr'><strong>morum</strong></span> <span class='ocrx_word' id='word_1_171' title='bbox 1676 2453 1878 2508; x_wconf 84' lang='lat' dir='ltr'><strong>sancti-</strong></span> 
     </span>
    </p>
   </div>
   <div class='ocr_carea' id='block_1_24' title="bbox 277 2543 1878 2621">
    <p class='ocr_par' dir='ltr' id='par_1_24' title="bbox 277 2543 1878 2621">
     <span class='ocr_line' id='line_1_24' title="bbox 277 2543 1878 2621; baseline -0.007 -13"><span class='ocrx_word' id='word_1_172' title='bbox 277 2551 548 2608; x_wconf 83' lang='lat' dir='ltr'><strong>tate.Nam</strong></span> <span class='ocrx_word' id='word_1_173' title='bbox 562 2550 613 2621; x_wconf 48' lang='lat' dir='ltr'><strong>.si</strong></span> <span class='ocrx_word' id='word_1_174' title='bbox 631 2549 761 2605; x_wconf 81' lang='lat' dir='ltr'><strong>nihil</strong></span> <span class='ocrx_word' id='word_1_175' title='bbox 777 2550 882 2604; x_wconf 80' lang='lat' dir='ltr'><strong>illis</strong></span> <span class='ocrx_word' id='word_1_176' title='bbox 904 2547 1102 2620; x_wconf 90' lang='lat' dir='ltr'><strong>profuit</strong></span> <span class='ocrx_word' id='word_1_177' title='bbox 1115 2546 1254 2617; x_wconf 91' lang='lat' dir='ltr'><strong>quod</strong></span> <span class='ocrx_word' id='word_1_178' title='bbox 1271 2561 1336 2601; x_wconf 81' lang='lat' dir='ltr'><strong>ex</strong></span> <span class='ocrx_word' id='word_1_179' title='bbox 1352 2545 1690 2615; x_wconf 89' lang='lat' dir='ltr'><strong>cognatione,</strong></span> <span class='ocrx_word' id='word_1_180' title='bbox 1717 2543 1878 2597; x_wconf 91' lang='lat' dir='ltr'><strong>domo</strong></span> 
     </span>
    </p>
   </div>
   <div class='ocr_carea' id='block_1_25' title="bbox 278 2634 1872 2712">
    <p class='ocr_par' dir='ltr' id='par_1_25' title="bbox 278 2634 1872 2712">
     <span class='ocr_line' id='line_1_25' title="bbox 278 2634 1872 2712; baseline -0.009 -15"><span class='ocrx_word' id='word_1_181' title='bbox 278 2649 335 2697; x_wconf 86' lang='lat' dir='ltr'><strong>et</strong></span> <span class='ocrx_word' id='word_1_182' title='bbox 357 2641 530 2712; x_wconf 80' lang='lat' dir='ltr'><strong>patria</strong></span> <span class='ocrx_word' id='word_1_183' title='bbox 551 2639 744 2695; x_wconf 84' lang='lat' dir='ltr'><strong>Christi</strong></span> <span class='ocrx_word' id='word_1_184' title='bbox 773 2648 954 2693; x_wconf 88' lang='lat' dir='ltr'><strong>essent</strong></span> <span class='ocrx_word' id='word_1_185' title='bbox 974 2678 990 2702; x_wconf 94' lang='lat'><strong>,</strong></span> <span class='ocrx_word' id='word_1_186' title='bbox 1020 2637 1194 2691; x_wconf 88' lang='lat' dir='ltr'><strong>donec</strong></span> <span class='ocrx_word' id='word_1_187' title='bbox 1222 2637 1414 2690; x_wconf 87' lang='lat' dir='ltr'><strong>virtute</strong></span> <span class='ocrx_word' id='word_1_188' title='bbox 1438 2634 1738 2689; x_wconf 86' lang='lat' dir='ltr'><strong>clarerent:</strong></span> <span class='ocrx_word' id='word_1_189' title='bbox 1770 2647 1872 2701; x_wconf 88' lang='lat' dir='ltr'><strong>qua</strong></span> 
     </span>
    </p>
   </div>
   <div class='ocr_carea' id='block_1_26' title="bbox 280 2725 1872 2801">
    <p class='ocr_par' dir='ltr' id='par_1_26' title="bbox 280 2725 1872 2801">
     <span class='ocr_line' id='line_1_26' title="bbox 280 2725 1872 2801; baseline -0.009 -12"><span class='ocrx_word' id='word_1_190' title='bbox 280 2733 442 2790; x_wconf 81' lang='lat' dir='ltr'><strong>venia</strong></span> <span class='ocrx_word' id='word_1_191' title='bbox 482 2729 628 2801; x_wconf 91' lang='lat' dir='ltr'><strong>digni</strong></span> <span class='ocrx_word' id='word_1_192' title='bbox 666 2730 901 2795; x_wconf 87' lang='lat' dir='ltr'><strong>erimus,</strong></span> <span class='ocrx_word' id='word_1_193' title='bbox 929 2729 1054 2784; x_wconf 91' lang='lat' dir='ltr'><strong>dum</strong></span> <span class='ocrx_word' id='word_1_194' title='bbox 1095 2737 1350 2796; x_wconf 84' lang='lat' dir='ltr'><strong>cognatos</strong></span> <span class='ocrx_word' id='word_1_195' title='bbox 1387 2735 1442 2780; x_wconf 90' lang='lat' dir='ltr'><strong>et</strong></span> <span class='ocrx_word' id='word_1_196' title='bbox 1478 2726 1666 2779; x_wconf 88' lang='lat' dir='ltr'><strong>fratres</strong></span> <span class='ocrx_word' id='word_1_197' title='bbox 1703 2725 1872 2792; x_wconf 78' lang='lat' dir='ltr'><strong>iustos</strong></span> 
     </span>
    </p>
   </div>
   <div class='ocr_carea' id='block_1_27' title="bbox 282 2813 1871 2888">
    <p class='ocr_par' dir='ltr' id='par_1_27' title="bbox 282 2813 1871 2888">
     <span class='ocr_line' id='line_1_27' title="bbox 282 2813 1871 2888; baseline -0.009 -9"><span class='ocrx_word' id='word_1_198' title='bbox 282 2822 654 2887; x_wconf 83' lang='lat' dir='ltr'><strong>ostendimus,</strong></span> <span class='ocrx_word' id='word_1_199' title='bbox 701 2821 803 2875; x_wconf 90' lang='lat' dir='ltr'><strong>nisi</strong></span> <span class='ocrx_word' id='word_1_200' title='bbox 860 2834 980 2872; x_wconf 90' lang='lat' dir='ltr'><strong>cum</strong></span> <span class='ocrx_word' id='word_1_201' title='bbox 1036 2831 1226 2888; x_wconf 86' lang='lat' dir='ltr'><strong>magna</strong></span> <span class='ocrx_word' id='word_1_202' title='bbox 1265 2815 1517 2886; x_wconf 66' lang='lat' dir='ltr'><strong>aequitate</strong></span> <span class='ocrx_word' id='word_1_203' title='bbox 1570 2813 1871 2880; x_wconf 88' lang='lat' dir='ltr'><strong>vlrtuteque</strong></span> 
     </span>
    </p>
   </div>
   <div class='ocr_carea' id='block_1_28' title="bbox 281 2903 1877 2973">
    <p class='ocr_par' dir='ltr' id='par_1_28' title="bbox 281 2903 1877 2973">
     <span class='ocr_line' id='line_1_28' title="bbox 281 2903 1877 2973; baseline -0.006 -7"><span class='ocrx_word' id='word_1_204' title='bbox 281 2916 448 2968; x_wconf 79' lang='lat' dir='ltr'><strong>vitam</strong></span> <span class='ocrx_word' id='word_1_205' title='bbox 506 2911 804 2968; x_wconf 77' lang='lat' dir='ltr'><strong>ducamus?</strong></span> <span class='ocrx_word' id='word_1_206' title='bbox 856 2910 992 2964; x_wconf 89' lang='lat' dir='ltr'><strong>lllud</strong></span> <span class='ocrx_word' id='word_1_207' title='bbox 1045 2909 1188 2964; x_wconf 87' lang='lat' dir='ltr'><strong>enim</strong></span> <span class='ocrx_word' id='word_1_208' title='bbox 1228 2905 1573 2961; x_wconf 84' lang='lat' dir='ltr'><strong>subindicans</strong></span> <span class='ocrx_word' id='word_1_209' title='bbox 1614 2903 1877 2973; x_wconf 86' lang='lat' dir='ltr'><strong>propheta</strong></span> 
     </span>
    </p>
   </div>
   <div class='ocr_carea' id='block_1_29' title="bbox 284 2991 1881 3061">
    <p class='ocr_par' dir='ltr' id='par_1_29' title="bbox 284 2991 1881 3061">
     <span class='ocr_line' id='line_1_29' title="bbox 284 2991 1881 3061; baseline -0.009 -3"><span class='ocrx_word' id='word_1_210' title='bbox 284 3002 497 3058; x_wconf 74' lang='lat' dir='ltr'><strong>dicebat</strong></span> <span class='ocrx_word' id='word_1_211' title='bbox 529 3018 543 3054; x_wconf 91' lang='lat'>:</span> <span class='ocrx_word' id='word_1_212' title='bbox 573 2999 759 3053; x_wconf 80' lang='lat' dir='ltr'><strong>Frater</strong></span> <span class='ocrx_word' id='word_1_213' title='bbox 781 3014 882 3052; x_wconf 88' lang='lat' dir='ltr'><strong>non</strong></span> <span class='ocrx_word' id='word_1_214' title='bbox 907 2997 1126 3061; x_wconf 75' lang='lat' dir='ltr'><strong>redimit,</strong></span> <span class='ocrx_word' id='word_1_215' title='bbox 1158 2996 1368 3050; x_wconf 76' lang='lat' dir='ltr'><strong>redimet</strong></span> <span class='ocrx_word' id='word_1_216' title='bbox 1402 2995 1551 3048; x_wconf 83' lang='lat' dir='ltr'><strong>ltonto</strong></span> <span class='ocrx_word' id='word_1_217' title='bbox 1582 2991 1762 3061; x_wconf 86' lang='lat' dir='ltr'><strong>(Psal.</strong></span> <span class='ocrx_word' id='word_1_218' title='bbox 1789 2991 1881 3046; x_wconf 72' lang='grc'><strong>48.</strong></span> 
     </span>
    </p>
   </div>
   <div class='ocr_carea' id='block_1_30' title="bbox 285 3081 1884 3164">
    <p class='ocr_par' dir='ltr' id='par_1_30' title="bbox 285 3081 1884 3164">
     <span class='ocr_line' id='line_1_30' title="bbox 285 3081 1884 3164; baseline -0.011 -15"><span class='ocrx_word' id='word_1_219' title='bbox 285 3094 387 3164; x_wconf 87' lang='grc'><strong>7);</strong></span> <span class='ocrx_word' id='word_1_220' title='bbox 421 3091 636 3148; x_wconf 89' lang='lat' dir='ltr'><strong>etiamsi</strong></span> <span class='ocrx_word' id='word_1_221' title='bbox 667 3090 873 3162; x_wconf 75' lang='lat' dir='ltr'><strong>Moyses</strong></span> <span class='ocrx_word' id='word_1_222' title='bbox 905 3088 1102 3154; x_wconf 90' lang='lat' dir='ltr'><strong>fuerit,</strong></span> <span class='ocrx_word' id='word_1_223' title='bbox 1134 3087 1341 3142; x_wconf 88' lang='lat' dir='ltr'><strong>etiamsi</strong></span> <span class='ocrx_word' id='word_1_224' title='bbox 1377 3083 1591 3140; x_wconf 85' lang='lat' dir='ltr'><strong>Samuel</strong></span> <span class='ocrx_word' id='word_1_225' title='bbox 1617 3124 1632 3150; x_wconf 90' lang='lat'><strong>,</strong></span> <span class='ocrx_word' id='word_1_226' title='bbox 1676 3081 1884 3136; x_wconf 88' lang='lat' dir='ltr'><strong>etiamsi</strong></span> 
     </span>
    </p>
   </div>
   <div class='ocr_carea' id='block_1_31' title="bbox 284 3171 1878 3247">
    <p class='ocr_par' dir='ltr' id='par_1_31' title="bbox 284 3171 1878 3247">
     <span class='ocr_line' id='line_1_31' title="bbox 284 3171 1878 3247; baseline -0.011 -9"><span class='ocrx_word' id='word_1_227' title='bbox 284 3182 570 3238; x_wconf 80' lang='lat' dir='ltr'><strong>leremias.</strong></span> <span class='ocrx_word' id='word_1_228' title='bbox 616 3181 751 3234; x_wconf 90' lang='lat' dir='ltr'><strong>Audi</strong></span> <span class='ocrx_word' id='word_1_229' title='bbox 782 3181 923 3234; x_wconf 92' lang='lat' dir='ltr'><strong>enim</strong></span> <span class='ocrx_word' id='word_1_230' title='bbox 946 3177 1072 3247; x_wconf 91' lang='lat' dir='ltr'><strong>quid</strong></span> <span class='ocrx_word' id='word_1_231' title='bbox 1104 3176 1178 3230; x_wconf 85' lang='lat' dir='ltr'><strong>il!i</strong></span> <span class='ocrx_word' id='word_1_232' title='bbox 1207 3175 1349 3230; x_wconf 87' lang='lat' dir='ltr'><strong>dicat</strong></span> <span class='ocrx_word' id='word_1_233' title='bbox 1378 3176 1519 3228; x_wconf 89' lang='lat' dir='ltr'><strong>Deus</strong></span> <span class='ocrx_word' id='word_1_234' title='bbox 1551 3189 1570 3228; x_wconf 86' lang='lat'><strong>:</strong></span> <span class='ocrx_word' id='word_1_235' title='bbox 1606 3171 1730 3225; x_wconf 84' lang='lat' dir='ltr'><strong>Noli</strong></span> <span class='ocrx_word' id='word_1_236' title='bbox 1759 3187 1878 3240; x_wconf 83' lang='lat' dir='ltr'><strong>pre-</strong></span> 
     </span>
    </p>
   </div>
   <div class='ocr_carea' id='block_1_32' title="bbox 285 3259 1877 3341">
    <p class='ocr_par' dir='ltr' id='par_1_32' title="bbox 285 3259 1877 3341">
     <span class='ocr_line' id='line_1_32' title="bbox 285 3259 1877 3341; baseline -0.01 -14"><span class='ocrx_word' id='word_1_237' title='bbox 285 3273 395 3328; x_wconf 82' lang='lat' dir='ltr'><strong>cari</strong></span> <span class='ocrx_word' id='word_1_238' title='bbox 434 3287 527 3340; x_wconf 82' lang='lat' dir='ltr'><strong>pro</strong></span> <span class='ocrx_word' id='word_1_239' title='bbox 557 3271 746 3341; x_wconf 80' lang='lat' dir='ltr'><strong>populo</strong></span> <span class='ocrx_word' id='word_1_240' title='bbox 771 3269 886 3334; x_wconf 77' lang='lat' dir='ltr'><strong>hoc,</strong></span> <span class='ocrx_word' id='word_1_241' title='bbox 916 3268 1154 3336; x_wconf 80' lang='lat' dir='ltr'><strong>quoniam</strong></span> <span class='ocrx_word' id='word_1_242' title='bbox 1197 3281 1296 3318; x_wconf 89' lang='lat' dir='ltr'><strong>non</strong></span> <span class='ocrx_word' id='word_1_243' title='bbox 1321 3263 1593 3318; x_wconf 69' lang='lat' dir='ltr'><strong>exaudiatis</strong></span> <span class='ocrx_word' id='word_1_244' title='bbox 1635 3270 1683 3313; x_wconf 90' lang='lat' dir='ltr'><strong>te</strong></span> <span class='ocrx_word' id='word_1_245' title='bbox 1735 3259 1877 3327; x_wconf 82' lang='lat' dir='ltr'><strong>(Jer.</strong></span> 
     </span>
    </p>
   </div>
   <div class='ocr_carea' id='block_1_33' title="bbox 290 3349 1882 3430">
    <p class='ocr_par' dir='ltr' id='par_1_33' title="bbox 290 3349 1882 3430">
     <span class='ocr_line' id='line_1_33' title="bbox 290 3349 1882 3430; baseline -0.01 -14"><span class='ocrx_word' id='word_1_246' title='bbox 290 3363 378 3416; x_wconf 88' lang='grc'><strong>11.</strong></span> <span class='ocrx_word' id='word_1_247' title='bbox 410 3361 532 3430; x_wconf 75' lang='grc'><strong>14).</strong></span> <span class='ocrx_word' id='word_1_248' title='bbox 558 3360 623 3414; x_wconf 83' lang='grc' dir='ltr'><strong>Εῑ</strong></span> <span class='ocrx_word' id='word_1_249' title='bbox 645 3357 772 3429; x_wconf 91' lang='lat' dir='ltr'><strong>quid</strong></span> <span class='ocrx_word' id='word_1_250' title='bbox 801 3357 1010 3410; x_wconf 87' lang='lat' dir='ltr'><strong>miraris</strong></span> <span class='ocrx_word' id='word_1_251' title='bbox 1036 3356 1081 3408; x_wconf 89' lang='lat' dir='ltr'><strong>si</strong></span> <span class='ocrx_word' id='word_1_252' title='bbox 1109 3362 1161 3408; x_wconf 86' lang='lat' dir='ltr'><strong>te</strong></span> <span class='ocrx_word' id='word_1_253' title='bbox 1188 3369 1295 3407; x_wconf 92' lang='lat' dir='ltr'><strong>non</strong></span> <span class='ocrx_word' id='word_1_254' title='bbox 1324 3351 1521 3406; x_wconf 82' lang='lat' dir='ltr'><strong>audio?</strong></span> <span class='ocrx_word' id='word_1_255' title='bbox 1543 3349 1673 3404; x_wconf 86' lang='lat' dir='ltr'><strong>Nam</strong></span> <span class='ocrx_word' id='word_1_256' title='bbox 1699 3349 1742 3402; x_wconf 95' lang='lat' dir='ltr'><strong>si</strong></span> <span class='ocrx_word' id='word_1_257' title='bbox 1766 3361 1882 3416; x_wconf 78' lang='lat' dir='ltr'><strong>ipse</strong></span> 
     </span>
    </p>
   </div>
   <div class='ocr_carea' id='block_1_34' title="bbox 292 3437 1888 3524">
    <p class='ocr_par' dir='ltr' id='par_1_34' title="bbox 292 3437 1888 3524">
     <span class='ocr_line' id='line_1_34' title="bbox 292 3437 1888 3524; baseline -0.013 -16"><span class='ocrx_word' id='word_1_258' title='bbox 292 3455 506 3524; x_wconf 67' lang='lat' dir='ltr'><strong>Moyses</strong></span> <span class='ocrx_word' id='word_1_259' title='bbox 525 3491 541 3516; x_wconf 95' lang='lat'><strong>,</strong></span> <span class='ocrx_word' id='word_1_260' title='bbox 569 3449 776 3519; x_wconf 90' lang='lat' dir='ltr'><strong>inquit,</strong></span> <span class='ocrx_word' id='word_1_261' title='bbox 799 3448 844 3502; x_wconf 91' lang='lat' dir='ltr'><strong>si</strong></span> <span class='ocrx_word' id='word_1_262' title='bbox 866 3446 1082 3503; x_wconf 84' lang='lat' dir='ltr'><strong>Samuel</strong></span> <span class='ocrx_word' id='word_1_263' title='bbox 1108 3443 1388 3507; x_wconf 84' lang='lat' dir='ltr'><strong>adessent,</strong></span> <span class='ocrx_word' id='word_1_264' title='bbox 1420 3456 1605 3495; x_wconf 91' lang='lat' dir='ltr'><strong>eorum</strong></span> <span class='ocrx_word' id='word_1_265' title='bbox 1637 3454 1736 3508; x_wconf 92' lang='lat' dir='ltr'><strong>pro</strong></span> <span class='ocrx_word' id='word_1_266' title='bbox 1773 3437 1888 3491; x_wconf 88' lang='lat' dir='ltr'><strong>istis</strong></span> 
     </span>
    </p>
   </div>
   <div class='ocr_carea' id='block_1_35' title="bbox 289 3537 1874 3616">
    <p class='ocr_par' dir='ltr' id='par_1_35' title="bbox 289 3537 1874 3616">
     <span class='ocr_line' id='line_1_35' title="bbox 289 3537 1874 3616; baseline -0.009 -14"><span class='ocrx_word' id='word_1_267' title='bbox 289 3547 732 3616; x_wconf 79' lang='lat' dir='ltr'><strong>supplicationem</strong></span> <span class='ocrx_word' id='word_1_268' title='bbox 778 3561 884 3599; x_wconf 92' lang='lat' dir='ltr'><strong>non</strong></span> <span class='ocrx_word' id='word_1_269' title='bbox 937 3543 1274 3598; x_wconf 85' lang='lat' dir='ltr'><strong>admitterem</strong></span> <span class='ocrx_word' id='word_1_270' title='bbox 1321 3538 1471 3598; x_wconf 63' lang='grc' dir='ltr'><strong>(λεν.</strong></span> <span class='ocrx_word' id='word_1_271' title='bbox 1509 3539 1591 3593; x_wconf 85' lang='lat' dir='ltr'><strong>l5.</strong></span> <span class='ocrx_word' id='word_1_272' title='bbox 1628 3539 1710 3605; x_wconf 92' lang='grc'><strong>1).</strong></span> <span class='ocrx_word' id='word_1_273' title='bbox 1739 3537 1874 3590; x_wconf 79' lang='lat' dir='ltr'><strong>Eze-</strong></span> 
     </span>
    </p>
   </div>
   <div class='ocr_carea' id='block_1_36' title="bbox 291 3623 1883 3702">
    <p class='ocr_par' dir='ltr' id='par_1_36' title="bbox 291 3623 1883 3702">
     <span class='ocr_line' id='line_1_36' title="bbox 291 3623 1883 3702; baseline -0.011 -9"><span class='ocrx_word' id='word_1_274' title='bbox 291 3636 429 3693; x_wconf 78' lang='lat' dir='ltr'><strong>chch</strong></span> <span class='ocrx_word' id='word_1_275' title='bbox 455 3635 662 3688; x_wconf 88' lang='lat' dir='ltr'><strong>etiamsi</strong></span> <span class='ocrx_word' id='word_1_276' title='bbox 699 3634 959 3702; x_wconf 87' lang='lat' dir='ltr'><strong>supplicet</strong></span> <span class='ocrx_word' id='word_1_277' title='bbox 981 3674 995 3698; x_wconf 82' lang='lat'><strong>,</strong></span> <span class='ocrx_word' id='word_1_278' title='bbox 1023 3633 1126 3686; x_wconf 90' lang='lat' dir='ltr'><strong>hoc</strong></span> <span class='ocrx_word' id='word_1_279' title='bbox 1165 3630 1347 3685; x_wconf 80' lang='lat' dir='ltr'><strong>audiet</strong></span> <span class='ocrx_word' id='word_1_280' title='bbox 1380 3647 1391 3682; x_wconf 95' lang='lat'><strong>:</strong></span> <span class='ocrx_word' id='word_1_281' title='bbox 1433 3627 1494 3682; x_wconf 90' lang='lat' dir='ltr'><strong>Si</strong></span> <span class='ocrx_word' id='word_1_282' title='bbox 1515 3627 1740 3680; x_wconf 83' lang='lat' dir='ltr'><strong>steterint</strong></span> <span class='ocrx_word' id='word_1_283' title='bbox 1767 3623 1883 3677; x_wconf 87' lang='lat' dir='ltr'><strong>Noe</strong></span> 
     </span>
    </p>
   </div>
   <div class='ocr_carea' id='block_1_37' title="bbox 292 3715 1882 3792">
    <p class='ocr_par' dir='ltr' id='par_1_37' title="bbox 292 3715 1882 3792">
     <span class='ocr_line' id='line_1_37' title="bbox 292 3715 1882 3792; baseline -0.01 -10"><span class='ocrx_word' id='word_1_284' title='bbox 292 3739 337 3782; x_wconf 85' lang='lat' dir='ltr'><strong>st</strong></span> <span class='ocrx_word' id='word_1_285' title='bbox 363 3727 464 3781; x_wconf 78' lang='lat' dir='ltr'><strong>Job</strong></span> <span class='ocrx_word' id='word_1_286' title='bbox 513 3735 558 3779; x_wconf 88' lang='lat' dir='ltr'><strong>et</strong></span> <span class='ocrx_word' id='word_1_287' title='bbox 590 3724 803 3786; x_wconf 76' lang='lat' dir='ltr'><strong>Daniel,</strong></span> <span class='ocrx_word' id='word_1_288' title='bbox 852 3725 987 3792; x_wconf 77' lang='lat' dir='ltr'><strong>ﬁlios</strong></span> <span class='ocrx_word' id='word_1_289' title='bbox 1035 3724 1267 3790; x_wconf 79' lang='lat' dir='ltr'><strong>ﬁliasque</strong></span> <span class='ocrx_word' id='word_1_290' title='bbox 1307 3736 1427 3774; x_wconf 86' lang='lat' dir='ltr'><strong>suas</strong></span> <span class='ocrx_word' id='word_1_291' title='bbox 1463 3735 1565 3771; x_wconf 85' lang='lat' dir='ltr'><strong>non</strong></span> <span class='ocrx_word' id='word_1_292' title='bbox 1604 3715 1882 3768; x_wconf 66' lang='lat' dir='ltr'><strong>liberabant</strong></span> 
     </span>
    </p>
   </div>
   <div class='ocr_carea' id='block_1_38' title="bbox 291 3803 1880 3885">
    <p class='ocr_par' dir='ltr' id='par_1_38' title="bbox 291 3803 1880 3885">
     <span class='ocr_line' id='line_1_38' title="bbox 291 3803 1880 3885; baseline -0.009 -15"><span class='ocrx_word' id='word_1_293' title='bbox 291 3815 521 3885; x_wconf 68' lang='lat' dir='ltr'><strong>(Each.</strong></span> <span class='ocrx_word' id='word_1_294' title='bbox 573 3815 659 3868; x_wconf 80' lang='grc'><strong>14.</strong></span> <span class='ocrx_word' id='word_1_295' title='bbox 695 3814 776 3868; x_wconf 72' lang='lat' dir='ltr'><strong>ll.</strong></span> <span class='ocrx_word' id='word_1_296' title='bbox 811 3813 938 3880; x_wconf 88' lang='grc'><strong>16).</strong></span> <span class='ocrx_word' id='word_1_297' title='bbox 992 3811 1216 3866; x_wconf 88' lang='lat' dir='ltr'><strong>Etiamsi</strong></span> <span class='ocrx_word' id='word_1_298' title='bbox 1263 3808 1531 3864; x_wconf 81' lang='lat' dir='ltr'><strong>Abraham</strong></span> <span class='ocrx_word' id='word_1_299' title='bbox 1580 3803 1880 3875; x_wconf 82' lang='lat' dir='ltr'><strong>patriarcha</strong></span> 
     </span>
    </p>
   </div>
   <div class='ocr_carea' id='block_1_39' title="bbox 295 3896 1879 3976">
    <p class='ocr_par' dir='ltr' id='par_1_39' title="bbox 295 3896 1879 3976">
     <span class='ocr_line' id='line_1_39' title="bbox 295 3896 1879 3976; baseline -0.009 -14"><span class='ocrx_word' id='word_1_300' title='bbox 295 3921 390 3976; x_wconf 89' lang='lat' dir='ltr'><strong>pro</strong></span> <span class='ocrx_word' id='word_1_301' title='bbox 411 3907 478 3960; x_wconf 89' lang='lat' dir='ltr'><strong>iis</strong></span> <span class='ocrx_word' id='word_1_302' title='bbox 498 3906 588 3975; x_wconf 91' lang='lat' dir='ltr'><strong>qui</strong></span> <span class='ocrx_word' id='word_1_303' title='bbox 612 3903 890 3959; x_wconf 88' lang='lat' dir='ltr'><strong>incurabili</strong></span> <span class='ocrx_word' id='word_1_304' title='bbox 917 3903 1104 3957; x_wconf 92' lang='lat' dir='ltr'><strong>morbo</strong></span> <span class='ocrx_word' id='word_1_305' title='bbox 1123 3902 1385 3964; x_wconf 82' lang='lat' dir='ltr'><strong>laborant,</strong></span> <span class='ocrx_word' id='word_1_306' title='bbox 1412 3913 1510 3953; x_wconf 90' lang='lat' dir='ltr'><strong>nec</strong></span> <span class='ocrx_word' id='word_1_307' title='bbox 1542 3896 1879 3966; x_wconf 90' lang='lat' dir='ltr'><strong>resipiscunt,</strong></span> 
     </span>
    </p>
   </div>
   <div class='ocr_carea' id='block_1_40' title="bbox 293 3988 1887 4064">
    <p class='ocr_par' dir='ltr' id='par_1_40' title="bbox 293 3988 1887 4064">
     <span class='ocr_line' id='line_1_40' title="bbox 293 3988 1887 4064; baseline -0.007 -15"><span class='ocrx_word' id='word_1_308' title='bbox 293 3994 590 4064; x_wconf 82' lang='lat' dir='ltr'><strong>supplicet,</strong></span> <span class='ocrx_word' id='word_1_309' title='bbox 627 3993 764 4048; x_wconf 81' lang='lat' dir='ltr'><strong>Deus</strong></span> <span class='ocrx_word' id='word_1_310' title='bbox 803 3993 1055 4047; x_wconf 83' lang='lat' dir='ltr'><strong>abscedet</strong></span> <span class='ocrx_word' id='word_1_311' title='bbox 1095 4000 1150 4046; x_wconf 88' lang='lat' dir='ltr'><strong>et</strong></span> <span class='ocrx_word' id='word_1_312' title='bbox 1195 3991 1461 4058; x_wconf 89' lang='lat' dir='ltr'><strong>relinquet</strong></span> <span class='ocrx_word' id='word_1_313' title='bbox 1502 4003 1660 4050; x_wconf 90' lang='lat' dir='ltr'><strong>eum;</strong></span> <span class='ocrx_word' id='word_1_314' title='bbox 1708 3988 1777 4039; x_wconf 90' lang='lat' dir='ltr'><strong>ita</strong></span> <span class='ocrx_word' id='word_1_315' title='bbox 1828 3995 1887 4038; x_wconf 92' lang='lat' dir='ltr'><strong>ut</strong></span> 
     </span>
    </p>
   </div>
   <div class='ocr_carea' id='block_1_41' title="bbox 293 4074 1882 4152">
    <p class='ocr_par' dir='ltr' id='par_1_41' title="bbox 293 4074 1882 4152">
     <span class='ocr_line' id='line_1_41' title="bbox 293 4074 1882 4152; baseline -0.006 -14"><span class='ocrx_word' id='word_1_316' title='bbox 293 4098 480 4139; x_wconf 88' lang='lat' dir='ltr'><strong>eorum</strong></span> <span class='ocrx_word' id='word_1_317' title='bbox 523 4084 691 4152; x_wconf 84' lang='lat' dir='ltr'><strong>gratia</strong></span> <span class='ocrx_word' id='word_1_318' title='bbox 742 4081 991 4137; x_wconf 84' lang='lat' dir='ltr'><strong>emissam</strong></span> <span class='ocrx_word' id='word_1_319' title='bbox 1045 4085 1231 4135; x_wconf 85' lang='lat' dir='ltr'><strong>vbcem</strong></span> <span class='ocrx_word' id='word_1_320' title='bbox 1281 4096 1386 4133; x_wconf 92' lang='lat' dir='ltr'><strong>non</strong></span> <span class='ocrx_word' id='word_1_321' title='bbox 1426 4077 1626 4132; x_wconf 87' lang='lat' dir='ltr'><strong>audiat.</strong></span> <span class='ocrx_word' id='word_1_322' title='bbox 1662 4074 1882 4130; x_wconf 83' lang='lat' dir='ltr'><strong>Etiamsi</strong></span> 
     </span>
    </p>
   </div>
   <div class='ocr_carea' id='block_1_42' title="bbox 296 4167 1886 4241">
    <p class='ocr_par' dir='ltr' id='par_1_42' title="bbox 296 4167 1886 4241">
     <span class='ocr_line' id='line_1_42' title="bbox 296 4167 1886 4241; baseline -0.008 -10"><span class='ocrx_word' id='word_1_323' title='bbox 296 4175 514 4231; x_wconf 87' lang='lat' dir='ltr'><strong>Samuel</strong></span> <span class='ocrx_word' id='word_1_324' title='bbox 543 4174 646 4228; x_wconf 88' lang='lat' dir='ltr'><strong>hoc</strong></span> <span class='ocrx_word' id='word_1_325' title='bbox 674 4174 844 4241; x_wconf 91' lang='lat' dir='ltr'><strong>ipsum</strong></span> <span class='ocrx_word' id='word_1_326' title='bbox 871 4173 1091 4237; x_wconf 88' lang='lat' dir='ltr'><strong>fecerit,</strong></span> <span class='ocrx_word' id='word_1_327' title='bbox 1119 4171 1262 4226; x_wconf 87' lang='lat' dir='ltr'><strong>dicet</strong></span> <span class='ocrx_word' id='word_1_328' title='bbox 1286 4171 1386 4239; x_wconf 89' lang='lat' dir='ltr'><strong>ipsi</strong></span> <span class='ocrx_word' id='word_1_329' title='bbox 1419 4187 1432 4223; x_wconf 89' lang='lat'>:</span> <span class='ocrx_word' id='word_1_330' title='bbox 1466 4167 1550 4236; x_wconf 79' lang='lat' dir='ltr'><strong>Ne</strong></span> <span class='ocrx_word' id='word_1_331' title='bbox 1577 4168 1772 4237; x_wconf 80' lang='lat' dir='ltr'><strong>ﬂeveris</strong></span> <span class='ocrx_word' id='word_1_332' title='bbox 1795 4181 1886 4234; x_wconf 83' lang='lat' dir='ltr'><strong>pro</strong></span> 
     </span>
    </p>
   </div>
   <div class='ocr_carea' id='block_1_43' title="bbox 298 4258 1885 4334">
    <p class='ocr_par' dir='ltr' id='par_1_43' title="bbox 298 4258 1885 4334">
     <span class='ocr_line' id='line_1_43' title="bbox 298 4258 1885 4334; baseline -0.006 -14"><span class='ocrx_word' id='word_1_333' title='bbox 298 4265 458 4320; x_wconf 70' lang='lat' dir='ltr'><strong>Smile</strong></span> <span class='ocrx_word' id='word_1_334' title='bbox 484 4265 579 4334; x_wconf 86' lang='grc'><strong>(1.</strong></span> <span class='ocrx_word' id='word_1_335' title='bbox 607 4264 734 4334; x_wconf 82' lang='lat' dir='ltr'><strong>Reg.</strong></span> <span class='ocrx_word' id='word_1_336' title='bbox 769 4265 854 4318; x_wconf 82' lang='lat' dir='ltr'><strong>l6.</strong></span> <span class='ocrx_word' id='word_1_337' title='bbox 885 4265 906 4318; x_wconf 87' lang='lat' dir='ltr'><strong>l</strong></span> <span class='ocrx_word' id='word_1_338' title='bbox 933 4265 976 4334; x_wconf 90' lang='lat'><strong>).</strong></span> <span class='ocrx_word' id='word_1_339' title='bbox 1006 4262 1229 4317; x_wconf 89' lang='lat' dir='ltr'><strong>Etiamsi</strong></span> <span class='ocrx_word' id='word_1_340' title='bbox 1270 4276 1366 4330; x_wconf 91' lang='lat' dir='ltr'><strong>pro</strong></span> <span class='ocrx_word' id='word_1_341' title='bbox 1409 4274 1594 4315; x_wconf 87' lang='lat' dir='ltr'><strong>sorore</strong></span> <span class='ocrx_word' id='word_1_342' title='bbox 1623 4258 1885 4327; x_wconf 86' lang='lat' dir='ltr'><strong>quispiam</strong></span> 
     </span>
    </p>
   </div>
   <div class='ocr_carea' id='block_1_44' title="bbox 296 4349 1884 4424">
    <p class='ocr_par' dir='ltr' id='par_1_44' title="bbox 296 4349 1884 4424">
     <span class='ocr_line' id='line_1_44' title="bbox 296 4349 1884 4424; baseline -0.006 -14"><span class='ocrx_word' id='word_1_343' title='bbox 296 4371 403 4410; x_wconf 91' lang='lat' dir='ltr'><strong>non</strong></span> <span class='ocrx_word' id='word_1_344' title='bbox 421 4363 724 4424; x_wconf 89' lang='lat' dir='ltr'><strong>opportune</strong></span> <span class='ocrx_word' id='word_1_345' title='bbox 743 4354 997 4416; x_wconf 84' lang='lat' dir='ltr'><strong>oraverit,</strong></span> <span class='ocrx_word' id='word_1_346' title='bbox 1021 4353 1250 4422; x_wconf 90' lang='lat' dir='ltr'><strong>idipsum</strong></span> <span class='ocrx_word' id='word_1_347' title='bbox 1279 4350 1457 4406; x_wconf 90' lang='lat' dir='ltr'><strong>audiet</strong></span> <span class='ocrx_word' id='word_1_348' title='bbox 1476 4349 1616 4419; x_wconf 91' lang='lat' dir='ltr'><strong>quod</strong></span> <span class='ocrx_word' id='word_1_349' title='bbox 1645 4350 1884 4418; x_wconf 74' lang='lat' dir='ltr'><strong>Moyses:</strong></span> 
     </span>
    </p>
   </div>
   <div class='ocr_carea' id='block_1_45' title="bbox 299 4440 1888 4514">
    <p class='ocr_par' dir='ltr' id='par_1_45' title="bbox 299 4440 1888 4514">
     <span class='ocr_line' id='line_1_45' title="bbox 299 4440 1888 4514; baseline -0.005 -15"><span class='ocrx_word' id='word_1_350' title='bbox 299 4447 359 4501; x_wconf 88' lang='lat' dir='ltr'><strong>Si</strong></span> <span class='ocrx_word' id='word_1_351' title='bbox 419 4459 706 4514; x_wconf 70' lang='lat' dir='ltr'><strong>conspiceris</strong></span> <span class='ocrx_word' id='word_1_352' title='bbox 756 4444 1062 4513; x_wconf 79' lang='lat' dir='ltr'><strong>conspuisset</strong></span> <span class='ocrx_word' id='word_1_353' title='bbox 1102 4454 1245 4514; x_wconf 84' lang='lat' dir='ltr'><strong>pater</strong></span> <span class='ocrx_word' id='word_1_354' title='bbox 1286 4443 1395 4509; x_wconf 83' lang='lat' dir='ltr'><strong>ejus</strong></span> <span class='ocrx_word' id='word_1_355' title='bbox 1447 4441 1501 4492; x_wconf 85' lang='lat' dir='ltr'><strong>in</strong></span> <span class='ocrx_word' id='word_1_356' title='bbox 1558 4440 1739 4508; x_wconf 82' lang='lat' dir='ltr'><strong>faciem</strong></span> <span class='ocrx_word' id='word_1_357' title='bbox 1778 4440 1888 4508; x_wconf 83' lang='lat' dir='ltr'><strong>ejus</strong></span> 
     </span>
    </p>
   </div>
   <div class='ocr_carea' id='block_1_46' title="bbox 298 4528 1886 4605">
    <p class='ocr_par' dir='ltr' id='par_1_46' title="bbox 298 4528 1886 4605">
     <span class='ocr_line' id='line_1_46' title="bbox 298 4528 1886 4605; baseline -0.004 -17"><span class='ocrx_word' id='word_1_358' title='bbox 298 4533 498 4605; x_wconf 83' lang='lat' dir='ltr'><strong>(Num.</strong></span> <span class='ocrx_word' id='word_1_359' title='bbox 557 4533 644 4587; x_wconf 71' lang='lat'><strong>12.</strong></span> <span class='ocrx_word' id='word_1_360' title='bbox 710 4531 846 4600; x_wconf 72' lang='grc'><strong>14).</strong></span> <span class='ocrx_word' id='word_1_361' title='bbox 896 4531 973 4586; x_wconf 83' lang='lat' dir='ltr'><strong>Ne</strong></span> <span class='ocrx_word' id='word_1_362' title='bbox 1023 4533 1200 4596; x_wconf 89' lang='lat' dir='ltr'><strong>itaque</strong></span> <span class='ocrx_word' id='word_1_363' title='bbox 1253 4531 1478 4583; x_wconf 88' lang='lat' dir='ltr'><strong>aliorum</strong></span> <span class='ocrx_word' id='word_1_364' title='bbox 1536 4528 1886 4597; x_wconf 87' lang='lat' dir='ltr'><strong>patrocinium</strong></span> 
     </span>
    </p>
   </div>
   <div class='ocr_carea' id='block_1_47' title="bbox 301 4621 1887 4695">
    <p class='ocr_par' dir='ltr' id='par_1_47' title="bbox 301 4621 1887 4695">
     <span class='ocr_line' id='line_1_47' title="bbox 301 4621 1887 4695; baseline -0.006 -13"><span class='ocrx_word' id='word_1_365' title='bbox 301 4628 483 4682; x_wconf 83' lang='lat' dir='ltr'><strong>hiante</strong></span> <span class='ocrx_word' id='word_1_366' title='bbox 510 4639 604 4679; x_wconf 88' lang='lat' dir='ltr'><strong>ore</strong></span> <span class='ocrx_word' id='word_1_367' title='bbox 629 4635 949 4695; x_wconf 86' lang='lat' dir='ltr'><strong>spectemus.</strong></span> <span class='ocrx_word' id='word_1_368' title='bbox 978 4623 1106 4677; x_wconf 85' lang='lat' dir='ltr'><strong>Nam</strong></span> <span class='ocrx_word' id='word_1_369' title='bbox 1140 4637 1325 4690; x_wconf 88' lang='lat' dir='ltr'><strong>preces</strong></span> <span class='ocrx_word' id='word_1_370' title='bbox 1347 4621 1559 4691; x_wconf 90' lang='lat' dir='ltr'><strong>quidem</strong></span> <span class='ocrx_word' id='word_1_371' title='bbox 1583 4629 1887 4675; x_wconf 90' lang='lat' dir='ltr'><strong>sanctorum</strong></span> 
     </span>
    </p>
   </div>
   <div class='ocr_carea' id='block_1_48' title="bbox 299 4711 1890 4780">
    <p class='ocr_par' dir='ltr' id='par_1_48' title="bbox 299 4711 1890 4780">
     <span class='ocr_line' id='line_1_48' title="bbox 299 4711 1890 4780; baseline -0.004 -10"><span class='ocrx_word' id='word_1_372' title='bbox 299 4717 405 4770; x_wconf 73' lang='lat' dir='ltr'><strong>vim</strong></span> <span class='ocrx_word' id='word_1_373' title='bbox 435 4714 636 4769; x_wconf 84' lang='lat' dir='ltr'><strong>habent</strong></span> <span class='ocrx_word' id='word_1_374' title='bbox 664 4715 990 4776; x_wconf 80' lang='lat' dir='ltr'><strong>maximam;</strong></span> <span class='ocrx_word' id='word_1_375' title='bbox 1022 4712 1114 4766; x_wconf 87' lang='lat' dir='ltr'><strong>sed</strong></span> <span class='ocrx_word' id='word_1_376' title='bbox 1153 4713 1196 4765; x_wconf 89' lang='lat' dir='ltr'><strong>si</strong></span> <span class='ocrx_word' id='word_1_377' title='bbox 1230 4728 1327 4766; x_wconf 89' lang='lat' dir='ltr'><strong>nos</strong></span> <span class='ocrx_word' id='word_1_378' title='bbox 1368 4711 1732 4779; x_wconf 63' lang='lat' dir='ltr'><strong>paenitentiam</strong></span> <span class='ocrx_word' id='word_1_379' title='bbox 1763 4726 1890 4780; x_wconf 85' lang='lat' dir='ltr'><strong>aga-</strong></span> 
     </span>
    </p>
   </div>
   <div class='ocr_carea' id='block_1_49' title="bbox 303 4801 1890 4872">
    <p class='ocr_par' dir='ltr' id='par_1_49' title="bbox 303 4801 1890 4872">
     <span class='ocr_line' id='line_1_49' title="bbox 303 4801 1890 4872; baseline -0.002 -13"><span class='ocrx_word' id='word_1_380' title='bbox 303 4820 423 4860; x_wconf 86' lang='lat' dir='ltr'><strong>mus</strong></span> <span class='ocrx_word' id='word_1_381' title='bbox 473 4812 529 4858; x_wconf 89' lang='lat' dir='ltr'><strong>et</strong></span> <span class='ocrx_word' id='word_1_382' title='bbox 588 4803 982 4872; x_wconf 88' lang='lat' dir='ltr'><strong>resipiscamus.</strong></span> <span class='ocrx_word' id='word_1_383' title='bbox 1020 4801 1458 4871; x_wconf 89' lang='lat' dir='ltr'><strong>Quandoquidem</strong></span> <span class='ocrx_word' id='word_1_384' title='bbox 1511 4802 1755 4871; x_wconf 75' lang='lat' dir='ltr'><strong>Moyses,</strong></span> <span class='ocrx_word' id='word_1_385' title='bbox 1800 4802 1890 4871; x_wconf 88' lang='lat' dir='ltr'><strong>qui</strong></span> 
     </span>
    </p>
   </div>
   <div class='ocr_carea' id='block_1_50' title="bbox 304 4891 1891 4952">
    <p class='ocr_par' dir='ltr' id='par_1_50' title="bbox 304 4891 1891 4952">
     <span class='ocr_line' id='line_1_50' title="bbox 304 4891 1891 4952; baseline -0.001 -2"><span class='ocrx_word' id='word_1_386' title='bbox 304 4897 522 4952; x_wconf 81' lang='lat' dir='ltr'><strong>fratrem</strong></span> <span class='ocrx_word' id='word_1_387' title='bbox 571 4909 725 4949; x_wconf 90' lang='lat' dir='ltr'><strong>suum</strong></span> <span class='ocrx_word' id='word_1_388' title='bbox 749 4906 804 4949; x_wconf 90' lang='lat' dir='ltr'><strong>et</strong></span> <span class='ocrx_word' id='word_1_389' title='bbox 828 4903 1079 4949; x_wconf 76' lang='lat' dir='ltr'><strong>sexcenta</strong></span> <span class='ocrx_word' id='word_1_390' title='bbox 1106 4895 1266 4949; x_wconf 88' lang='lat' dir='ltr'><strong>millia</strong></span> <span class='ocrx_word' id='word_1_391' title='bbox 1298 4894 1574 4948; x_wconf 85' lang='lat' dir='ltr'><strong>hominum</strong></span> <span class='ocrx_word' id='word_1_392' title='bbox 1618 4891 1891 4948; x_wconf 50' lang='lat' dir='ltr'><strong>ab&#39;immi-</strong></span> 
     </span>
    </p>
   </div>
   <div class='ocr_carea' id='block_1_51' title="bbox 305 4985 1887 5054">
    <p class='ocr_par' dir='ltr' id='par_1_51' title="bbox 305 4985 1887 5054">
     <span class='ocr_line' id='line_1_51' title="bbox 305 4985 1887 5054; baseline 0 -14"><span class='ocrx_word' id='word_1_393' title='bbox 305 4997 464 5042; x_wconf 87' lang='lat' dir='ltr'><strong>nente</strong></span> <span class='ocrx_word' id='word_1_394' title='bbox 511 4986 588 5038; x_wconf 89' lang='lat' dir='ltr'><strong>ira</strong></span> <span class='ocrx_word' id='word_1_395' title='bbox 637 4985 913 5050; x_wconf 89' lang='lat' dir='ltr'><strong>liberavit,</strong></span> <span class='ocrx_word' id='word_1_396' title='bbox 967 4999 1207 5040; x_wconf 88' lang='lat' dir='ltr'><strong>sororem</strong></span> <span class='ocrx_word' id='word_1_397' title='bbox 1262 5001 1367 5039; x_wconf 90' lang='lat' dir='ltr'><strong>non</strong></span> <span class='ocrx_word' id='word_1_398' title='bbox 1416 4985 1590 5054; x_wconf 91' lang='lat' dir='ltr'><strong>potuit</strong></span> <span class='ocrx_word' id='word_1_399' title='bbox 1640 4986 1887 5054; x_wconf 89' lang='lat' dir='ltr'><strong>eripere;</strong></span> 
     </span>
    </p>
   </div>
   <div class='ocr_carea' id='block_1_52' title="bbox 306 5075 1889 5145">
    <p class='ocr_par' dir='ltr' id='par_1_52' title="bbox 306 5075 1889 5145">
     <span class='ocr_line' id='line_1_52' title="bbox 306 5075 1889 5145; baseline 0.001 -16"><span class='ocrx_word' id='word_1_400' title='bbox 306 5075 514 5144; x_wconf 80' lang='lat' dir='ltr'><strong>etiamsi</strong></span> <span class='ocrx_word' id='word_1_401' title='bbox 543 5087 647 5127; x_wconf 89' lang='lat' dir='ltr'><strong>non</strong></span> <span class='ocrx_word' id='word_1_402' title='bbox 678 5089 772 5142; x_wconf 91' lang='lat' dir='ltr'><strong>par</strong></span> <span class='ocrx_word' id='word_1_403' title='bbox 798 5083 1067 5145; x_wconf 83' lang='lat' dir='ltr'><strong>peccatum</strong></span> <span class='ocrx_word' id='word_1_404' title='bbox 1098 5083 1240 5128; x_wconf 88' lang='lat' dir='ltr'><strong>esset</strong></span> <span class='ocrx_word' id='word_1_405' title='bbox 1271 5091 1284 5128; x_wconf 88' lang='lat'><strong>:</strong></span> <span class='ocrx_word' id='word_1_406' title='bbox 1319 5075 1404 5129; x_wconf 92' lang='lat' dir='ltr'><strong>illa</strong></span> <span class='ocrx_word' id='word_1_407' title='bbox 1433 5075 1630 5145; x_wconf 86' lang='lat' dir='ltr'><strong>quippe</strong></span> <span class='ocrx_word' id='word_1_408' title='bbox 1652 5075 1889 5145; x_wconf 83' lang='lat' dir='ltr'><strong>Moysem</strong></span> 
     </span>
    </p>
   </div>
   <div class='ocr_carea' id='block_1_53' title="bbox 308 5162 1895 5235">
    <p class='ocr_par' dir='ltr' id='par_1_53' title="bbox 308 5162 1895 5235">
     <span class='ocr_line' id='line_1_53' title="bbox 308 5162 1895 5235; baseline -0.001 -14"><span class='ocrx_word' id='word_1_409' title='bbox 308 5165 627 5221; x_wconf 87' lang='lat' dir='ltr'><strong>contumelia</strong></span> <span class='ocrx_word' id='word_1_410' title='bbox 654 5162 936 5232; x_wconf 64' lang='lat' dir='ltr'><strong>affecerat;</strong></span> <span class='ocrx_word' id='word_1_411' title='bbox 962 5167 1013 5219; x_wconf 90' lang='lat' dir='ltr'><strong>hi</strong></span> <span class='ocrx_word' id='word_1_412' title='bbox 1039 5175 1218 5220; x_wconf 88' lang='lat' dir='ltr'><strong>autem</strong></span> <span class='ocrx_word' id='word_1_413' title='bbox 1241 5166 1461 5235; x_wconf 89' lang='lat' dir='ltr'><strong>impium</strong></span> <span class='ocrx_word' id='word_1_414' title='bbox 1495 5165 1700 5221; x_wconf 82' lang='lat' dir='ltr'><strong>facinus</strong></span> <span class='ocrx_word' id='word_1_415' title='bbox 1721 5166 1895 5220; x_wconf 86' lang='lat' dir='ltr'><strong>admi-</strong></span> 
     </span>
    </p>
   </div>
   <div class='ocr_carea' id='block_1_54' title="bbox 309 5252 1889 5326">
    <p class='ocr_par' dir='ltr' id='par_1_54' title="bbox 309 5252 1889 5326">
     <span class='ocr_line' id='line_1_54' title="bbox 309 5252 1889 5326; baseline -0.001 -16"><span class='ocrx_word' id='word_1_416' title='bbox 309 5263 506 5310; x_wconf 82' lang='lat' dir='ltr'><strong>serant.</strong></span> <span class='ocrx_word' id='word_1_417' title='bbox 539 5252 735 5308; x_wconf 84' lang='lat' dir='ltr'><strong>Verum</strong></span> <span class='ocrx_word' id='word_1_418' title='bbox 765 5253 900 5308; x_wconf 90' lang='lat' dir='ltr'><strong>hanc</strong></span> <span class='ocrx_word' id='word_1_419' title='bbox 932 5269 1031 5324; x_wconf 84' lang='lat' dir='ltr'><strong>ego</strong></span> <span class='ocrx_word' id='word_1_420' title='bbox 1057 5257 1206 5310; x_wconf 80' lang='lat' dir='ltr'><strong>vobis</strong></span> <span class='ocrx_word' id='word_1_421' title='bbox 1234 5256 1585 5325; x_wconf 61' lang='lat' dir='ltr'><strong>quiestionem</strong></span> <span class='ocrx_word' id='word_1_422' title='bbox 1613 5257 1889 5326; x_wconf 89' lang='lat' dir='ltr'><strong>relinquo,</strong></span> 
     </span>
    </p>
   </div>
   <div class='ocr_carea' id='block_1_55' title="bbox 311 5344 1894 5415">
    <p class='ocr_par' dir='ltr' id='par_1_55' title="bbox 311 5344 1894 5415">
     <span class='ocr_line' id='line_1_55' title="bbox 311 5344 1894 5415; baseline 0.003 -16"><span class='ocrx_word' id='word_1_423' title='bbox 311 5344 401 5399; x_wconf 82' lang='lat' dir='ltr'><strong>sed</strong></span> <span class='ocrx_word' id='word_1_424' title='bbox 441 5345 530 5399; x_wconf 91' lang='lat' dir='ltr'><strong>illa</strong></span> <span class='ocrx_word' id='word_1_425' title='bbox 586 5345 881 5412; x_wconf 80' lang='lat' dir='ltr'><strong>graviorem</strong></span> <span class='ocrx_word' id='word_1_426' title='bbox 924 5346 1135 5401; x_wconf 88' lang='lat' dir='ltr'><strong>solvere</strong></span> <span class='ocrx_word' id='word_1_427' title='bbox 1173 5347 1426 5401; x_wconf 87' lang='lat' dir='ltr'><strong>conabor.</strong></span> <span class='ocrx_word' id='word_1_428' title='bbox 1475 5348 1613 5415; x_wconf 86' lang='lat' dir='ltr'><strong>Quid</strong></span> <span class='ocrx_word' id='word_1_429' title='bbox 1651 5349 1792 5402; x_wconf 91' lang='lat' dir='ltr'><strong>enim</strong></span> <span class='ocrx_word' id='word_1_430' title='bbox 1826 5350 1894 5404; x_wconf 92' lang='lat' dir='ltr'><strong>de</strong></span> 
     </span>
    </p>
   </div>
   <div class='ocr_carea' id='block_1_56' title="bbox 312 5433 1890 5507">
    <p class='ocr_par' dir='ltr' id='par_1_56' title="bbox 312 5433 1890 5507">
     <span class='ocr_line' id='line_1_56' title="bbox 312 5433 1890 5507; baseline 0.003 -19"><span class='ocrx_word' id='word_1_431' title='bbox 312 5447 498 5488; x_wconf 86' lang='lat' dir='ltr'><strong>sorore</strong></span> <span class='ocrx_word' id='word_1_432' title='bbox 522 5433 783 5498; x_wconf 81' lang='lat' dir='ltr'><strong>dicamus,</strong></span> <span class='ocrx_word' id='word_1_433' title='bbox 813 5434 1023 5502; x_wconf 86' lang='lat' dir='ltr'><strong>quando</strong></span> <span class='ocrx_word' id='word_1_434' title='bbox 1053 5435 1167 5504; x_wconf 89' lang='lat' dir='ltr'><strong>ipse</strong></span> <span class='ocrx_word' id='word_1_435' title='bbox 1193 5437 1352 5491; x_wconf 89' lang='lat' dir='ltr'><strong>etiam</strong></span> <span class='ocrx_word' id='word_1_436' title='bbox 1397 5439 1523 5490; x_wconf 88' lang='lat' dir='ltr'><strong>tanti</strong></span> <span class='ocrx_word' id='word_1_437' title='bbox 1552 5438 1733 5507; x_wconf 90' lang='lat' dir='ltr'><strong>populi</strong></span> <span class='ocrx_word' id='word_1_438' title='bbox 1763 5439 1890 5504; x_wconf 82' lang='lat' dir='ltr'><strong>dux,</strong></span> 
     </span>
    </p>
   </div>
   <div class='ocr_carea' id='block_1_57' title="bbox 315 5521 1896 5596">
    <p class='ocr_par' dir='ltr' id='par_1_57' title="bbox 315 5521 1896 5596">
     <span class='ocr_line' id='line_1_57' title="bbox 315 5521 1896 5596; baseline 0.004 -20"><span class='ocrx_word' id='word_1_439' title='bbox 315 5522 364 5576; x_wconf 89' lang='lat' dir='ltr'><strong>id</strong></span> <span class='ocrx_word' id='word_1_440' title='bbox 393 5521 534 5591; x_wconf 90' lang='lat' dir='ltr'><strong>quod</strong></span> <span class='ocrx_word' id='word_1_441' title='bbox 569 5538 670 5591; x_wconf 91' lang='lat' dir='ltr'><strong>pro</strong></span> <span class='ocrx_word' id='word_1_442' title='bbox 695 5524 870 5591; x_wconf 84' lang='lat' dir='ltr'><strong>seipse</strong></span> <span class='ocrx_word' id='word_1_443' title='bbox 899 5525 1116 5594; x_wconf 79' lang='lat' dir='ltr'><strong>rogabat</strong></span> <span class='ocrx_word' id='word_1_444' title='bbox 1145 5526 1428 5596; x_wconf 88' lang='lat' dir='ltr'><strong>impetrare</strong></span> <span class='ocrx_word' id='word_1_445' title='bbox 1459 5542 1563 5581; x_wconf 90' lang='lat' dir='ltr'><strong>non</strong></span> <span class='ocrx_word' id='word_1_446' title='bbox 1585 5527 1772 5592; x_wconf 78' lang='lat' dir='ltr'><strong>valuit,</strong></span> <span class='ocrx_word' id='word_1_447' title='bbox 1800 5529 1896 5583; x_wconf 85' lang='lat' dir='ltr'><strong>sed</strong></span> 
     </span>
    </p>
   </div>
   <div class='ocr_carea' id='block_1_58' title="bbox 315 5615 1894 5686">
    <p class='ocr_par' dir='ltr' id='par_1_58' title="bbox 315 5615 1894 5686">
     <span class='ocr_line' id='line_1_58' title="bbox 315 5615 1894 5686; baseline 0.004 -18"><span class='ocrx_word' id='word_1_448' title='bbox 315 5623 432 5681; x_wconf 81' lang='lat' dir='ltr'><strong>post</strong></span> <span class='ocrx_word' id='word_1_449' title='bbox 471 5625 545 5669; x_wconf 87' lang='lat' dir='ltr'><strong>tot</strong></span> <span class='ocrx_word' id='word_1_450' title='bbox 592 5623 875 5686; x_wconf 76' lang='lat' dir='ltr'><strong>tantosque</strong></span> <span class='ocrx_word' id='word_1_451' title='bbox 922 5615 1130 5672; x_wconf 87' lang='lat' dir='ltr'><strong>labores</strong></span> <span class='ocrx_word' id='word_1_452' title='bbox 1176 5627 1230 5673; x_wconf 89' lang='lat' dir='ltr'><strong>et</strong></span> <span class='ocrx_word' id='word_1_453' title='bbox 1273 5633 1572 5684; x_wconf 79' lang='lat' dir='ltr'><strong>:erumnas,</strong></span> <span class='ocrx_word' id='word_1_454' title='bbox 1616 5632 1894 5686; x_wconf 87' lang='lat' dir='ltr'><strong>postquam</strong></span> 
     </span>
    </p>
   </div>
   <div class='ocr_carea' id='block_1_59' title="bbox 2006 462 3597 535">
    <p class='ocr_par' dir='ltr' id='par_1_59' title="bbox 2006 462 3597 535">
     <span class='ocr_line' id='line_1_59' title="bbox 2006 462 3597 535; baseline 0.004 -18"><span class='ocrx_word' id='word_1_455' title='bbox 2006 479 2101 532; x_wconf 86' lang='lat' dir='ltr'><strong>per</strong></span> <span class='ocrx_word' id='word_1_456' title='bbox 2139 476 2310 517; x_wconf 87' lang='lat' dir='ltr'><strong>annos</strong></span> <span class='ocrx_word' id='word_1_457' title='bbox 2335 462 2680 534; x_wconf 74' lang='lat' dir='ltr'><strong>quadraginta</strong></span> <span class='ocrx_word' id='word_1_458' title='bbox 2710 464 2906 535; x_wconf 89' lang='lat' dir='ltr'><strong>populo</strong></span> <span class='ocrx_word' id='word_1_459' title='bbox 2949 464 3238 535; x_wconf 68' lang='lat' dir='ltr'><strong>prmi-uerat</strong></span> <span class='ocrx_word' id='word_1_460' title='bbox 3259 509 3272 526; x_wconf 89' lang='lat'><strong>.</strong></span> <span class='ocrx_word' id='word_1_461' title='bbox 3316 483 3368 521; x_wconf 89' lang='lat' dir='ltr'><strong>tn</strong></span> <span class='ocrx_word' id='word_1_462' title='bbox 3399 477 3597 524; x_wconf 69' lang='lat' dir='ltr'><strong>terram</strong></span> 
     </span>
    </p>
   </div>
   <div class='ocr_carea' id='block_1_60' title="bbox 2005 552 3600 624">
    <p class='ocr_par' dir='ltr' id='par_1_60' title="bbox 2005 552 3600 624">
     <span class='ocr_line' id='line_1_60' title="bbox 2005 552 3600 624; baseline 0.006 -19"><span class='ocrx_word' id='word_1_463' title='bbox 2005 552 2162 607; x_wconf 89' lang='lat' dir='ltr'><strong>toties</strong></span> <span class='ocrx_word' id='word_1_464' title='bbox 2215 553 2533 620; x_wconf 88' lang='lat' dir='ltr'><strong>promissam</strong></span> <span class='ocrx_word' id='word_1_465' title='bbox 2583 554 2784 608; x_wconf 89' lang='lat' dir='ltr'><strong>intrare</strong></span> <span class='ocrx_word' id='word_1_466' title='bbox 2841 555 3144 624; x_wconf 88' lang='lat' dir='ltr'><strong>prohibitus</strong></span> <span class='ocrx_word' id='word_1_467' title='bbox 3192 558 3316 611; x_wconf 72' lang='lat' dir='ltr'><strong>est?</strong></span> <span class='ocrx_word' id='word_1_468' title='bbox 3361 559 3475 624; x_wconf 87' lang='lat' dir='ltr'><strong>Qua</strong></span> <span class='ocrx_word' id='word_1_469' title='bbox 3528 558 3600 615; x_wconf 83' lang='lat' dir='ltr'><strong>de</strong></span> 
     </span>
    </p>
   </div>
   <div class='ocr_carea' id='block_1_61' title="bbox 1997 641 3588 713">
    <p class='ocr_par' dir='ltr' id='par_1_61' title="bbox 1997 641 3588 713">
     <span class='ocr_line' id='line_1_61' title="bbox 1997 641 3588 713; baseline 0.004 -17"><span class='ocrx_word' id='word_1_470' title='bbox 1997 643 2196 696; x_wconf 80' lang='lat' dir='ltr'><strong>causa?</strong></span> <span class='ocrx_word' id='word_1_471' title='bbox 2240 641 2358 696; x_wconf 85' lang='lat' dir='ltr'><strong>Non</strong></span> <span class='ocrx_word' id='word_1_472' title='bbox 2406 643 2550 696; x_wconf 90' lang='lat' dir='ltr'><strong>utilis</strong></span> <span class='ocrx_word' id='word_1_473' title='bbox 2607 641 2722 697; x_wconf 55' lang='lat' dir='ltr'><strong>haic</strong></span> <span class='ocrx_word' id='word_1_474' title='bbox 2763 646 2931 713; x_wconf 87' lang='lat' dir='ltr'><strong>gratia</strong></span> <span class='ocrx_word' id='word_1_475' title='bbox 2975 643 3201 711; x_wconf 85' lang='lat' dir='ltr'><strong>fuisset,</strong></span> <span class='ocrx_word' id='word_1_476' title='bbox 3255 647 3360 699; x_wconf 88' lang='lat' dir='ltr'><strong>imo</strong></span> <span class='ocrx_word' id='word_1_477' title='bbox 3409 649 3588 702; x_wconf 86' lang='lat' dir='ltr'><strong>damni</strong></span> 
     </span>
    </p>
   </div>
   <div class='ocr_carea' id='block_1_62' title="bbox 1997 733 3591 807">
    <p class='ocr_par' dir='ltr' id='par_1_62' title="bbox 1997 733 3591 807">
     <span class='ocr_line' id='line_1_62' title="bbox 1997 733 3591 807; baseline 0.004 -22"><span class='ocrx_word' id='word_1_478' title='bbox 1997 735 2218 787; x_wconf 90' lang='lat' dir='ltr'><strong>multum</strong></span> <span class='ocrx_word' id='word_1_479' title='bbox 2247 733 2546 794; x_wconf 88' lang='lat' dir='ltr'><strong>intulisset.</strong></span> <span class='ocrx_word' id='word_1_480' title='bbox 2582 733 3000 805; x_wconf 69' lang='lat' dir='ltr'><strong>.ludaaorumque</strong></span> <span class='ocrx_word' id='word_1_481' title='bbox 3041 738 3239 791; x_wconf 75' lang='lat' dir='ltr'><strong>multos</strong></span> <span class='ocrx_word' id='word_1_482' title='bbox 3277 738 3591 807; x_wconf 85' lang='lat' dir='ltr'><strong>supplanta-</strong></span> 
     </span>
    </p>
   </div>
   <div class='ocr_carea' id='block_1_63' title="bbox 1997 825 3584 898">
    <p class='ocr_par' dir='ltr' id='par_1_63' title="bbox 1997 825 3584 898">
     <span class='ocr_line' id='line_1_63' title="bbox 1997 825 3584 898; baseline 0.004 -24"><span class='ocrx_word' id='word_1_483' title='bbox 1997 825 2182 879; x_wconf 87' lang='lat' dir='ltr'><strong>visset.</strong></span> <span class='ocrx_word' id='word_1_484' title='bbox 2209 825 2264 879; x_wconf 87' lang='lat' dir='ltr'><strong>Si</strong></span> <span class='ocrx_word' id='word_1_485' title='bbox 2295 825 2438 878; x_wconf 89' lang='lat' dir='ltr'><strong>enim</strong></span> <span class='ocrx_word' id='word_1_486' title='bbox 2477 840 2542 879; x_wconf 80' lang='lat' dir='ltr'><strong>ex</strong></span> <span class='ocrx_word' id='word_1_487' title='bbox 2567 825 2803 897; x_wconf 63' lang='lat' dir='ltr'><strong>Egypto</strong></span> <span class='ocrx_word' id='word_1_488' title='bbox 2845 836 3047 880; x_wconf 88' lang='lat' dir='ltr'><strong>tantum</strong></span> <span class='ocrx_word' id='word_1_489' title='bbox 3073 842 3103 880; x_wconf 90' lang='lat' dir='ltr'><strong>a</strong></span> <span class='ocrx_word' id='word_1_490' title='bbox 3125 827 3308 898; x_wconf 74' lang='lat' dir='ltr'><strong>Moyse</strong></span> <span class='ocrx_word' id='word_1_491' title='bbox 3337 829 3541 882; x_wconf 84' lang='lat' dir='ltr'><strong>liberati</strong></span> <span class='ocrx_word' id='word_1_492' title='bbox 3567 868 3584 895; x_wconf 90' lang='lat'><strong>,</strong></span> 
     </span>
    </p>
   </div>
   <div class='ocr_carea' id='block_1_64' title="bbox 1989 913 3580 988">
    <p class='ocr_par' dir='ltr' id='par_1_64' title="bbox 1989 913 3580 988">
     <span class='ocr_line' id='line_1_64' title="bbox 1989 913 3580 988; baseline 0.003 -21"><span class='ocrx_word' id='word_1_493' title='bbox 1989 914 2096 969; x_wconf 87' lang='lat' dir='ltr'><strong>Deo</strong></span> <span class='ocrx_word' id='word_1_494' title='bbox 2128 913 2373 980; x_wconf 83' lang='lat' dir='ltr'><strong>dimisso,</strong></span> <span class='ocrx_word' id='word_1_495' title='bbox 2396 915 2612 987; x_wconf 77' lang='lat' dir='ltr'><strong>Moysen</strong></span> <span class='ocrx_word' id='word_1_496' title='bbox 2641 917 2987 982; x_wconf 83' lang='lat' dir='ltr'><strong>requirebant</strong></span> <span class='ocrx_word' id='word_1_497' title='bbox 3016 917 3222 988; x_wconf 87' lang='lat' dir='ltr'><strong>ipsique</strong></span> <span class='ocrx_word' id='word_1_498' title='bbox 3252 928 3418 972; x_wconf 85' lang='lat' dir='ltr'><strong>totum</strong></span> <span class='ocrx_word' id='word_1_499' title='bbox 3445 917 3580 972; x_wconf 86' lang='lat' dir='ltr'><strong>refe-</strong></span> 
     </span>
    </p>
   </div>
   <div class='ocr_carea' id='block_1_65' title="bbox 1989 1005 3586 1063">
    <p class='ocr_par' dir='ltr' id='par_1_65' title="bbox 1989 1005 3586 1063">
     <span class='ocr_line' id='line_1_65' title="bbox 1989 1005 3586 1063; baseline 0.003 -6"><span class='ocrx_word' id='word_1_500' title='bbox 1989 1005 2180 1058; x_wconf 87' lang='lat' dir='ltr'><strong>rebant</strong></span> <span class='ocrx_word' id='word_1_501' title='bbox 2211 1021 2225 1057; x_wconf 89' lang='lat'><strong>:</strong></span> <span class='ocrx_word' id='word_1_502' title='bbox 2255 1005 2298 1058; x_wconf 91' lang='lat' dir='ltr'><strong>si</strong></span> <span class='ocrx_word' id='word_1_503' title='bbox 2331 1019 2391 1058; x_wconf 91' lang='lat' dir='ltr'><strong>se</strong></span> <span class='ocrx_word' id='word_1_504' title='bbox 2435 1006 2691 1059; x_wconf 77' lang='lat' dir='ltr'><strong>vidissent</strong></span> <span class='ocrx_word' id='word_1_505' title='bbox 2719 1005 2788 1060; x_wconf 85' lang='lat' dir='ltr'><strong>ab</strong></span> <span class='ocrx_word' id='word_1_506' title='bbox 2824 1006 2915 1060; x_wconf 90' lang='lat' dir='ltr'><strong>illo</strong></span> <span class='ocrx_word' id='word_1_507' title='bbox 2944 1007 3278 1062; x_wconf 86' lang='lat' dir='ltr'><strong>introductos</strong></span> <span class='ocrx_word' id='word_1_508' title='bbox 3309 1009 3359 1061; x_wconf 90' lang='lat' dir='ltr'><strong>in</strong></span> <span class='ocrx_word' id='word_1_509' title='bbox 3390 1020 3586 1063; x_wconf 88' lang='lat' dir='ltr'><strong>terram</strong></span> 
     </span>
    </p>
   </div>
   <div class='ocr_carea' id='block_1_66' title="bbox 1985 1095 3585 1166">
    <p class='ocr_par' dir='ltr' id='par_1_66' title="bbox 1985 1095 3585 1166">
     <span class='ocr_line' id='line_1_66' title="bbox 1985 1095 3585 1166; baseline 0.003 -19"><span class='ocrx_word' id='word_1_510' title='bbox 1985 1095 2354 1162; x_wconf 83' lang='lat' dir='ltr'><strong>promissionis</strong></span> <span class='ocrx_word' id='word_1_511' title='bbox 2377 1135 2392 1158; x_wconf 94' lang='lat'><strong>,</strong></span> <span class='ocrx_word' id='word_1_512' title='bbox 2425 1110 2532 1164; x_wconf 92' lang='lat' dir='ltr'><strong>quo</strong></span> <span class='ocrx_word' id='word_1_513' title='bbox 2553 1111 2658 1149; x_wconf 91' lang='lat' dir='ltr'><strong>non</strong></span> <span class='ocrx_word' id='word_1_514' title='bbox 2691 1097 3060 1165; x_wconf 88' lang='lat' dir='ltr'><strong>prorupissent</strong></span> <span class='ocrx_word' id='word_1_515' title='bbox 3090 1098 3418 1166; x_wconf 87' lang='lat' dir='ltr'><strong>impietatis?</strong></span> <span class='ocrx_word' id='word_1_516' title='bbox 3438 1097 3585 1152; x_wconf 81' lang='lat' dir='ltr'><strong>Ideo-</strong></span> 
     </span>
    </p>
   </div>
   <div class='ocr_carea' id='block_1_67' title="bbox 1982 1186 3588 1260">
    <p class='ocr_par' dir='ltr' id='par_1_67' title="bbox 1982 1186 3588 1260">
     <span class='ocr_line' id='line_1_67' title="bbox 1982 1186 3588 1260; baseline 0.004 -22"><span class='ocrx_word' id='word_1_517' title='bbox 1982 1201 2086 1255; x_wconf 90' lang='lat' dir='ltr'><strong>que</strong></span> <span class='ocrx_word' id='word_1_518' title='bbox 2129 1186 2429 1254; x_wconf 88' lang='lat' dir='ltr'><strong>sepulcrum</strong></span> <span class='ocrx_word' id='word_1_519' title='bbox 2473 1186 2589 1255; x_wconf 82' lang='lat' dir='ltr'><strong>ejus</strong></span> <span class='ocrx_word' id='word_1_520' title='bbox 2605 1187 2897 1242; x_wconf 61' lang='lat' dir='ltr'><strong>.occultum</strong></span> <span class='ocrx_word' id='word_1_521' title='bbox 2925 1189 3121 1244; x_wconf 84' lang='lat' dir='ltr'><strong>mansit</strong></span> <span class='ocrx_word' id='word_1_522' title='bbox 3147 1189 3337 1258; x_wconf 82' lang='lat' dir='ltr'><strong>(Deut.</strong></span> <span class='ocrx_word' id='word_1_523' title='bbox 3371 1191 3460 1244; x_wconf 71' lang='grc'><strong>54.</strong></span> <span class='ocrx_word' id='word_1_524' title='bbox 3493 1189 3588 1260; x_wconf 84' lang='grc'><strong>6).</strong></span> 
     </span>
    </p>
   </div>
   <div class='ocr_carea' id='block_1_68' title="bbox 1984 1277 3586 1348">
    <p class='ocr_par' dir='ltr' id='par_1_68' title="bbox 1984 1277 3586 1348">
     <span class='ocr_line' id='line_1_68' title="bbox 1984 1277 3586 1348; baseline 0.001 -16"><span class='ocrx_word' id='word_1_525' title='bbox 1984 1277 2203 1332; x_wconf 86' lang='lat' dir='ltr'><strong>Samuel</strong></span> <span class='ocrx_word' id='word_1_526' title='bbox 2232 1292 2361 1332; x_wconf 91' lang='lat' dir='ltr'><strong>vero</strong></span> <span class='ocrx_word' id='word_1_527' title='bbox 2397 1277 2610 1333; x_wconf 78' lang='lat' dir='ltr'><strong>Saﬁlem</strong></span> <span class='ocrx_word' id='word_1_528' title='bbox 2658 1278 2884 1333; x_wconf 80' lang='lat' dir='ltr'><strong>liberare</strong></span> <span class='ocrx_word' id='word_1_529' title='bbox 2911 1280 3147 1348; x_wconf 82' lang='lat' dir='ltr'><strong>nequivit</strong></span> <span class='ocrx_word' id='word_1_530' title='bbox 3175 1295 3204 1333; x_wconf 90' lang='lat' dir='ltr'><strong>a</strong></span> <span class='ocrx_word' id='word_1_531' title='bbox 3242 1280 3421 1335; x_wconf 88' lang='lat' dir='ltr'><strong>divina</strong></span> <span class='ocrx_word' id='word_1_532' title='bbox 3471 1281 3546 1334; x_wconf 89' lang='lat' dir='ltr'><strong>ira</strong></span> <span class='ocrx_word' id='word_1_533' title='bbox 3571 1321 3586 1343; x_wconf 90' lang='lat'><strong>,</strong></span> 
     </span>
    </p>
   </div>
   <div class='ocr_carea' id='block_1_69' title="bbox 1984 1365 3588 1441">
    <p class='ocr_par' dir='ltr' id='par_1_69' title="bbox 1984 1365 3588 1441">
     <span class='ocr_line' id='line_1_69' title="bbox 1984 1365 3588 1441; baseline 0.004 -21"><span class='ocrx_word' id='word_1_534' title='bbox 1984 1369 2072 1435; x_wconf 88' lang='lat' dir='ltr'><strong>qui</strong></span> <span class='ocrx_word' id='word_1_535' title='bbox 2115 1377 2290 1421; x_wconf 89' lang='lat' dir='ltr'><strong>tamen</strong></span> <span class='ocrx_word' id='word_1_536' title='bbox 2337 1365 2604 1422; x_wconf 88' lang='lat' dir='ltr'><strong>lsraelitas</strong></span> <span class='ocrx_word' id='word_1_537' title='bbox 2656 1383 2800 1438; x_wconf 78' lang='lat' dir='ltr'><strong>srpe</strong></span> <span class='ocrx_word' id='word_1_538' title='bbox 2842 1371 3074 1424; x_wconf 85' lang='lat' dir='ltr'><strong>servavit</strong></span> <span class='ocrx_word' id='word_1_539' title='bbox 3113 1371 3197 1440; x_wconf 88' lang='grc'><strong>(1.</strong></span> <span class='ocrx_word' id='word_1_540' title='bbox 3228 1371 3355 1440; x_wconf 81' lang='lat' dir='ltr'><strong>Reg.</strong></span> <span class='ocrx_word' id='word_1_541' title='bbox 3396 1371 3477 1426; x_wconf 87' lang='lat' dir='ltr'><strong>l6.</strong></span> <span class='ocrx_word' id='word_1_542' title='bbox 3517 1372 3588 1441; x_wconf 86' lang='lat' dir='ltr'><strong>l).</strong></span> 
     </span>
    </p>
   </div>
   <div class='ocr_carea' id='block_1_70' title="bbox 1985 1458 3590 1528">
    <p class='ocr_par' dir='ltr' id='par_1_70' title="bbox 1985 1458 3590 1528">
     <span class='ocr_line' id='line_1_70' title="bbox 1985 1458 3590 1528; baseline 0.002 -15"><span class='ocrx_word' id='word_1_543' title='bbox 1985 1459 2242 1513; x_wconf 78' lang='lat' dir='ltr'><strong>leremias</strong></span> <span class='ocrx_word' id='word_1_544' title='bbox 2272 1458 2487 1513; x_wconf 70' lang='lat' dir='ltr'><strong>Judzeos</strong></span> <span class='ocrx_word' id='word_1_545' title='bbox 2539 1473 2754 1514; x_wconf 88' lang='lat' dir='ltr'><strong>servare</strong></span> <span class='ocrx_word' id='word_1_546' title='bbox 2792 1475 2900 1514; x_wconf 92' lang='lat' dir='ltr'><strong>non</strong></span> <span class='ocrx_word' id='word_1_547' title='bbox 2958 1461 3166 1528; x_wconf 90' lang='lat' dir='ltr'><strong>potuit,</strong></span> <span class='ocrx_word' id='word_1_548' title='bbox 3205 1462 3359 1515; x_wconf 73' lang='lat' dir='ltr'><strong>alteri</strong></span> <span class='ocrx_word' id='word_1_549' title='bbox 3413 1473 3590 1516; x_wconf 86' lang='lat' dir='ltr'><strong>tamen</strong></span> 
     </span>
    </p>
   </div>
   <div class='ocr_carea' id='block_1_71' title="bbox 1984 1546 3591 1617">
    <p class='ocr_par' dir='ltr' id='par_1_71' title="bbox 1984 1546 3591 1617">
     <span class='ocr_line' id='line_1_71' title="bbox 1984 1546 3591 1617; baseline 0.002 -16"><span class='ocrx_word' id='word_1_550' title='bbox 1984 1549 2036 1601; x_wconf 92' lang='lat' dir='ltr'><strong>in</strong></span> <span class='ocrx_word' id='word_1_551' title='bbox 2093 1546 2366 1617; x_wconf 88' lang='lat' dir='ltr'><strong>prophetia</strong></span> <span class='ocrx_word' id='word_1_552' title='bbox 2418 1563 2512 1602; x_wconf 87' lang='lat' dir='ltr'><strong>sua</strong></span> <span class='ocrx_word' id='word_1_553' title='bbox 2561 1551 2928 1617; x_wconf 89' lang='lat' dir='ltr'><strong>patrocinatus</strong></span> <span class='ocrx_word' id='word_1_554' title='bbox 2983 1562 3086 1606; x_wconf 70' lang='grc' dir='ltr'><strong>εει.</strong></span> <span class='ocrx_word' id='word_1_555' title='bbox 3158 1551 3344 1613; x_wconf 84' lang='lat' dir='ltr'><strong>Daniel</strong></span> <span class='ocrx_word' id='word_1_556' title='bbox 3396 1551 3591 1607; x_wconf 88' lang='lat' dir='ltr'><strong>barba-</strong></span> 
     </span>
    </p>
   </div>
   <div class='ocr_carea' id='block_1_72' title="bbox 1984 1639 3590 1716">
    <p class='ocr_par' dir='ltr' id='par_1_72' title="bbox 1984 1639 3590 1716">
     <span class='ocr_line' id='line_1_72' title="bbox 1984 1639 3590 1716; baseline 0.001 -21"><span class='ocrx_word' id='word_1_557' title='bbox 1984 1655 2074 1695; x_wconf 89' lang='lat' dir='ltr'><strong>ros</strong></span> <span class='ocrx_word' id='word_1_558' title='bbox 2119 1640 2209 1710; x_wconf 91' lang='lat' dir='ltr'><strong>qui</strong></span> <span class='ocrx_word' id='word_1_559' title='bbox 2257 1639 2912 1716; x_wconf 4' lang='lat' dir='ltr'><strong>jugulabanuirperipuit,</strong></span> <span class='ocrx_word' id='word_1_560' title='bbox 2976 1657 3074 1695; x_wconf 90' lang='lat' dir='ltr'><strong>nec</strong></span> <span class='ocrx_word' id='word_1_561' title='bbox 3126 1641 3343 1696; x_wconf 71' lang='lat' dir='ltr'><strong>Iudaeos</strong></span> <span class='ocrx_word' id='word_1_562' title='bbox 3399 1657 3466 1696; x_wconf 90' lang='lat' dir='ltr'><strong>ne</strong></span> <span class='ocrx_word' id='word_1_563' title='bbox 3535 1640 3590 1696; x_wconf 91' lang='lat' dir='ltr'><strong>in</strong></span> 
     </span>
    </p>
   </div>
   <div class='ocr_carea' id='block_1_73' title="bbox 1983 1728 3580 1800">
    <p class='ocr_par' dir='ltr' id='par_1_73' title="bbox 1983 1728 3580 1800">
     <span class='ocr_line' id='line_1_73' title="bbox 1983 1728 3580 1800; baseline -0.001 -15"><span class='ocrx_word' id='word_1_564' title='bbox 1983 1730 2340 1797; x_wconf 87' lang='lat' dir='ltr'><strong>captivitatem</strong></span> <span class='ocrx_word' id='word_1_565' title='bbox 2371 1728 2766 1783; x_wconf 84' lang='lat' dir='ltr'><strong>abducerentur</strong></span> <span class='ocrx_word' id='word_1_566' title='bbox 2807 1744 3025 1784; x_wconf 80' lang='lat' dir='ltr'><strong>servare</strong></span> <span class='ocrx_word' id='word_1_567' title='bbox 3066 1733 3237 1800; x_wconf 87' lang='lat' dir='ltr'><strong>potuit</strong></span> <span class='ocrx_word' id='word_1_568' title='bbox 3265 1733 3282 1800; x_wconf 87' lang='lat'><strong>(</strong></span> <span class='ocrx_word' id='word_1_569' title='bbox 3310 1730 3440 1784; x_wconf 81' lang='lat' dir='ltr'><strong>Dan.</strong></span> <span class='ocrx_word' id='word_1_570' title='bbox 3473 1730 3511 1784; x_wconf 74' lang='lat'><strong>2</strong></span> <span class='ocrx_word' id='word_1_571' title='bbox 3535 1733 3580 1800; x_wconf 86' lang='lat'><strong>).</strong></span> 
     </span>
    </p>
   </div>
   <div class='ocr_carea' id='block_1_74' title="bbox 1984 1819 3590 1890">
    <p class='ocr_par' dir='ltr' id='par_1_74' title="bbox 1984 1819 3590 1890">
     <span class='ocr_line' id='line_1_74' title="bbox 1984 1819 3590 1890; baseline 0.001 -17"><span class='ocrx_word' id='word_1_572' title='bbox 1984 1819 2041 1874; x_wconf 93' lang='lat' dir='ltr'><strong>ln</strong></span> <span class='ocrx_word' id='word_1_573' title='bbox 2073 1821 2375 1890; x_wconf 86' lang='lat' dir='ltr'><strong>Evangeliis</strong></span> <span class='ocrx_word' id='word_1_574' title='bbox 2400 1835 2613 1889; x_wconf 88' lang='lat' dir='ltr'><strong>quoque</strong></span> <span class='ocrx_word' id='word_1_575' title='bbox 2654 1837 2757 1871; x_wconf 89' lang='lat' dir='ltr'><strong>non</strong></span> <span class='ocrx_word' id='word_1_576' title='bbox 2791 1821 2842 1873; x_wconf 92' lang='lat' dir='ltr'><strong>in</strong></span> <span class='ocrx_word' id='word_1_577' title='bbox 2874 1821 3137 1885; x_wconf 79' lang='lat' dir='ltr'><strong>diversis,</strong></span> <span class='ocrx_word' id='word_1_578' title='bbox 3171 1821 3265 1876; x_wconf 88' lang='lat' dir='ltr'><strong>sed</strong></span> <span class='ocrx_word' id='word_1_579' title='bbox 3300 1823 3350 1874; x_wconf 94' lang='lat' dir='ltr'><strong>iu</strong></span> <span class='ocrx_word' id='word_1_580' title='bbox 3394 1819 3590 1874; x_wconf 89' lang='lat' dir='ltr'><strong>iisdem</strong></span> 
     </span>
    </p>
   </div>
   <div class='ocr_carea' id='block_1_75' title="bbox 1984 1912 3583 1983">
    <p class='ocr_par' dir='ltr' id='par_1_75' title="bbox 1984 1912 3583 1983">
     <span class='ocr_line' id='line_1_75' title="bbox 1984 1912 3583 1983; baseline -0.001 -15"><span class='ocrx_word' id='word_1_581' title='bbox 1984 1915 2113 1983; x_wconf 90' lang='lat' dir='ltr'><strong>ipsis</strong></span> <span class='ocrx_word' id='word_1_582' title='bbox 2141 1924 2427 1982; x_wconf 88' lang='lat' dir='ltr'><strong>utrumque</strong></span> <span class='ocrx_word' id='word_1_583' title='bbox 2475 1912 2837 1980; x_wconf 75' lang='lat' dir='ltr'><strong>c0u8picimus</strong></span> <span class='ocrx_word' id='word_1_584' title='bbox 2882 1930 2894 1965; x_wconf 93' lang='lat'>:</span> <span class='ocrx_word' id='word_1_585' title='bbox 2947 1915 3304 1980; x_wconf 89' lang='lat' dir='ltr'><strong>eumdemque</strong></span> <span class='ocrx_word' id='word_1_586' title='bbox 3335 1912 3583 1966; x_wconf 86' lang='lat' dir='ltr'><strong>videmus</strong></span> 
     </span>
    </p>
   </div>
   <div class='ocr_carea' id='block_1_76' title="bbox 1983 2001 3580 2072">
    <p class='ocr_par' dir='ltr' id='par_1_76' title="bbox 1983 2001 3580 2072">
     <span class='ocr_line' id='line_1_76' title="bbox 1983 2001 3580 2072; baseline -0.003 -13"><span class='ocrx_word' id='word_1_587' title='bbox 1983 2006 2212 2060; x_wconf 89' lang='lat' dir='ltr'><strong>salutem</strong></span> <span class='ocrx_word' id='word_1_588' title='bbox 2241 2004 2342 2058; x_wconf 88' lang='lat' dir='ltr'><strong>sibi</strong></span> <span class='ocrx_word' id='word_1_589' title='bbox 2370 2017 2578 2071; x_wconf 88' lang='lat' dir='ltr'><strong>parare,</strong></span> <span class='ocrx_word' id='word_1_590' title='bbox 2605 2014 2658 2057; x_wconf 89' lang='lat' dir='ltr'><strong>et</strong></span> <span class='ocrx_word' id='word_1_591' title='bbox 2688 2013 2870 2072; x_wconf 90' lang='lat' dir='ltr'><strong>postea</strong></span> <span class='ocrx_word' id='word_1_592' title='bbox 2899 2002 3125 2056; x_wconf 84' lang='lat' dir='ltr'><strong>salutem</strong></span> <span class='ocrx_word' id='word_1_593' title='bbox 3153 2018 3306 2057; x_wconf 87' lang='lat' dir='ltr'><strong>suam</strong></span> <span class='ocrx_word' id='word_1_594' title='bbox 3329 2001 3580 2071; x_wconf 88' lang='lat' dir='ltr'><strong>prodere.</strong></span> 
     </span>
    </p>
   </div>
   <div class='ocr_carea' id='block_1_77' title="bbox 1983 2089 3591 2163">
    <p class='ocr_par' dir='ltr' id='par_1_77' title="bbox 1983 2089 3591 2163">
     <span class='ocr_line' id='line_1_77' title="bbox 1983 2089 3591 2163; baseline -0.002 -14"><span class='ocrx_word' id='word_1_595' title='bbox 1983 2095 2117 2150; x_wconf 85' lang='lat' dir='ltr'><strong>Nam</strong></span> <span class='ocrx_word' id='word_1_596' title='bbox 2154 2094 2243 2163; x_wconf 89' lang='lat' dir='ltr'><strong>qui</strong></span> <span class='ocrx_word' id='word_1_597' title='bbox 2274 2093 2464 2148; x_wconf 89' lang='lat' dir='ltr'><strong>decem</strong></span> <span class='ocrx_word' id='word_1_598' title='bbox 2499 2093 2664 2146; x_wconf 87' lang='lat' dir='ltr'><strong>millia</strong></span> <span class='ocrx_word' id='word_1_599' title='bbox 2699 2093 2895 2146; x_wconf 86' lang='lat' dir='ltr'><strong>talenta</strong></span> <span class='ocrx_word' id='word_1_600' title='bbox 2923 2091 3189 2154; x_wconf 86' lang='lat' dir='ltr'><strong>debebat,</strong></span> <span class='ocrx_word' id='word_1_601' title='bbox 3239 2089 3591 2160; x_wconf 89' lang='lat' dir='ltr'><strong>supplicando</strong></span> 
     </span>
    </p>
   </div>
   <div class='ocr_carea' id='block_1_78' title="bbox 1985 2182 3588 2255">
    <p class='ocr_par' dir='ltr' id='par_1_78' title="bbox 1985 2182 3588 2255">
     <span class='ocr_line' id='line_1_78' title="bbox 1985 2182 3588 2255; baseline -0.004 -13"><span class='ocrx_word' id='word_1_602' title='bbox 1985 2202 2043 2243; x_wconf 89' lang='lat' dir='ltr'><strong>se</strong></span> <span class='ocrx_word' id='word_1_603' title='bbox 2068 2202 2130 2241; x_wconf 81' lang='lat' dir='ltr'><strong>ex</strong></span> <span class='ocrx_word' id='word_1_604' title='bbox 2157 2186 2394 2255; x_wconf 90' lang='lat' dir='ltr'><strong>periculo</strong></span> <span class='ocrx_word' id='word_1_605' title='bbox 2430 2185 2627 2254; x_wconf 88' lang='lat' dir='ltr'><strong>eripuit</strong></span> <span class='ocrx_word' id='word_1_606' title='bbox 2657 2193 2948 2252; x_wconf 82' lang='lat' dir='ltr'><strong>posteaque</strong></span> <span class='ocrx_word' id='word_1_607' title='bbox 2979 2183 3213 2253; x_wconf 91' lang='lat' dir='ltr'><strong>idipsum</strong></span> <span class='ocrx_word' id='word_1_608' title='bbox 3243 2198 3348 2237; x_wconf 91' lang='lat' dir='ltr'><strong>non</strong></span> <span class='ocrx_word' id='word_1_609' title='bbox 3378 2182 3588 2252; x_wconf 83' lang='lat' dir='ltr'><strong>potuit;</strong></span> 
     </span>
    </p>
   </div>
   <div class='ocr_carea' id='block_1_79' title="bbox 1982 2272 3590 2344">
    <p class='ocr_par' dir='ltr' id='par_1_79' title="bbox 1982 2272 3590 2344">
     <span class='ocr_line' id='line_1_79' title="bbox 1982 2272 3590 2344; baseline -0.003 -13"><span class='ocrx_word' id='word_1_610' title='bbox 1982 2277 2120 2331; x_wconf 83' lang='lat' dir='ltr'><strong>alius</strong></span> <span class='ocrx_word' id='word_1_611' title='bbox 2148 2285 2332 2330; x_wconf 92' lang='lat' dir='ltr'><strong>contra</strong></span> <span class='ocrx_word' id='word_1_612' title='bbox 2357 2317 2370 2337; x_wconf 88' lang='lat'><strong>,</strong></span> <span class='ocrx_word' id='word_1_613' title='bbox 2404 2277 2492 2344; x_wconf 90' lang='lat' dir='ltr'><strong>qui</strong></span> <span class='ocrx_word' id='word_1_614' title='bbox 2539 2273 2685 2342; x_wconf 87' lang='lat' dir='ltr'><strong>prius</strong></span> <span class='ocrx_word' id='word_1_615' title='bbox 2729 2275 2963 2341; x_wconf 89' lang='lat' dir='ltr'><strong>scipsum</strong></span> <span class='ocrx_word' id='word_1_616' title='bbox 3010 2272 3324 2342; x_wconf 85' lang='lat' dir='ltr'><strong>prodiderat</strong></span> <span class='ocrx_word' id='word_1_617' title='bbox 3356 2313 3370 2334; x_wconf 90' lang='lat'><strong>,</strong></span> <span class='ocrx_word' id='word_1_618' title='bbox 3406 2281 3590 2340; x_wconf 83' lang='lat' dir='ltr'><strong>postea</strong></span> 
     </span>
    </p>
   </div>
   <div class='ocr_carea' id='block_1_80' title="bbox 1983 2361 3594 2434">
    <p class='ocr_par' dir='ltr' id='par_1_80' title="bbox 1983 2361 3594 2434">
     <span class='ocr_line' id='line_1_80' title="bbox 1983 2361 3594 2434; baseline -0.003 -13"><span class='ocrx_word' id='word_1_619' title='bbox 1983 2367 2083 2421; x_wconf 89' lang='lat' dir='ltr'><strong>sibi</strong></span> <span class='ocrx_word' id='word_1_620' title='bbox 2112 2366 2207 2432; x_wconf 88' lang='lat' dir='ltr'><strong>ipsi</strong></span> <span class='ocrx_word' id='word_1_621' title='bbox 2236 2365 2522 2434; x_wconf 90' lang='lat' dir='ltr'><strong>plurimum</strong></span> <span class='ocrx_word' id='word_1_622' title='bbox 2569 2364 2826 2433; x_wconf 89' lang='lat' dir='ltr'><strong>prodesse</strong></span> <span class='ocrx_word' id='word_1_623' title='bbox 2869 2364 3064 2434; x_wconf 88' lang='lat' dir='ltr'><strong>potuit.</strong></span> <span class='ocrx_word' id='word_1_624' title='bbox 3093 2364 3224 2431; x_wconf 86' lang='lat' dir='ltr'><strong>Quis</strong></span> <span class='ocrx_word' id='word_1_625' title='bbox 3253 2363 3344 2417; x_wconf 92' lang='lat' dir='ltr'><strong>ille</strong></span> <span class='ocrx_word' id='word_1_626' title='bbox 3367 2373 3449 2416; x_wconf 85' lang='lat' dir='ltr'><strong>est</strong></span> <span class='ocrx_word' id='word_1_627' title='bbox 3473 2363 3497 2415; x_wconf 84' lang='lat'><strong>?</strong></span> <span class='ocrx_word' id='word_1_628' title='bbox 3543 2361 3594 2416; x_wconf 87' lang='lat' dir='ltr'><strong>ls</strong></span> 
     </span>
    </p>
   </div>
   <div class='ocr_carea' id='block_1_81' title="bbox 1982 2453 3589 2527">
    <p class='ocr_par' dir='ltr' id='par_1_81' title="bbox 1982 2453 3589 2527">
     <span class='ocr_line' id='line_1_81' title="bbox 1982 2453 3589 2527; baseline -0.002 -17"><span class='ocrx_word' id='word_1_629' title='bbox 1982 2456 2072 2526; x_wconf 92' lang='lat' dir='ltr'><strong>qui</strong></span> <span class='ocrx_word' id='word_1_630' title='bbox 2099 2465 2370 2527; x_wconf 88' lang='lat' dir='ltr'><strong>paternam</strong></span> <span class='ocrx_word' id='word_1_631' title='bbox 2397 2456 2747 2510; x_wconf 80' lang='lat' dir='ltr'><strong>substantiam</strong></span> <span class='ocrx_word' id='word_1_632' title='bbox 2790 2455 3137 2510; x_wconf 80' lang='lat' dir='ltr'><strong>devnraverat</strong></span> <span class='ocrx_word' id='word_1_633' title='bbox 3160 2453 3311 2527; x_wconf 87' lang='lat' dir='ltr'><strong>(Luc.</strong></span> <span class='ocrx_word' id='word_1_634' title='bbox 3347 2455 3434 2509; x_wconf 83' lang='grc'><strong>15.</strong></span> <span class='ocrx_word' id='word_1_635' title='bbox 3471 2453 3589 2522; x_wconf 76' lang='lat'><strong>30).</strong></span> 
     </span>
    </p>
   </div>
   <div class='ocr_carea' id='block_1_82' title="bbox 1985 2545 3593 2617">
    <p class='ocr_par' dir='ltr' id='par_1_82' title="bbox 1985 2545 3593 2617">
     <span class='ocr_line' id='line_1_82' title="bbox 1985 2545 3593 2617; baseline -0.001 -15"><span class='ocrx_word' id='word_1_636' title='bbox 1985 2549 2165 2616; x_wconf 87' lang='lat' dir='ltr'><strong>Itaque</strong></span> <span class='ocrx_word' id='word_1_637' title='bbox 2205 2549 2248 2602; x_wconf 90' lang='lat' dir='ltr'><strong>si</strong></span> <span class='ocrx_word' id='word_1_638' title='bbox 2296 2562 2486 2616; x_wconf 88' lang='lat' dir='ltr'><strong>segnes</strong></span> <span class='ocrx_word' id='word_1_639' title='bbox 2510 2555 2563 2601; x_wconf 91' lang='lat' dir='ltr'><strong>et</strong></span> <span class='ocrx_word' id='word_1_640' title='bbox 2588 2546 2842 2603; x_wconf 73' lang='lat' dir='ltr'><strong>socordes</strong></span> <span class='ocrx_word' id='word_1_641' title='bbox 2871 2546 3126 2602; x_wconf 83' lang='lat' dir='ltr'><strong>fuerimus</strong></span> <span class='ocrx_word' id='word_1_642' title='bbox 3146 2588 3162 2614; x_wconf 94' lang='lat'><strong>,</strong></span> <span class='ocrx_word' id='word_1_643' title='bbox 3212 2563 3281 2602; x_wconf 91' lang='lat' dir='ltr'><strong>ne</strong></span> <span class='ocrx_word' id='word_1_644' title='bbox 3314 2562 3430 2617; x_wconf 89' lang='lat' dir='ltr'><strong>-per</strong></span> <span class='ocrx_word' id='word_1_645' title='bbox 3454 2545 3593 2601; x_wconf 83' lang='lat' dir='ltr'><strong>alios</strong></span> 
     </span>
    </p>
   </div>
   <div class='ocr_carea' id='block_1_83' title="bbox 1985 2637 3592 2709">
    <p class='ocr_par' dir='ltr' id='par_1_83' title="bbox 1985 2637 3592 2709">
     <span class='ocr_line' id='line_1_83' title="bbox 1985 2637 3592 2709; baseline -0.002 -16"><span class='ocrx_word' id='word_1_646' title='bbox 1985 2639 2200 2709; x_wconf 89' lang='lat' dir='ltr'><strong>quidem</strong></span> <span class='ocrx_word' id='word_1_647' title='bbox 2230 2638 2430 2692; x_wconf 84' lang='lat' dir='ltr'><strong>servari</strong></span> <span class='ocrx_word' id='word_1_648' title='bbox 2463 2637 2790 2706; x_wconf 82' lang='lat' dir='ltr'><strong>poterimus;</strong></span> <span class='ocrx_word' id='word_1_649' title='bbox 2840 2638 2885 2691; x_wconf 90' lang='lat' dir='ltr'><strong>si</strong></span> <span class='ocrx_word' id='word_1_650' title='bbox 2927 2646 3104 2692; x_wconf 88' lang='lat' dir='ltr'><strong>autem</strong></span> <span class='ocrx_word' id='word_1_651' title='bbox 3133 2638 3416 2706; x_wconf 85' lang='lat' dir='ltr'><strong>vigilemus</strong></span> <span class='ocrx_word' id='word_1_652' title='bbox 3437 2678 3452 2701; x_wconf 96' lang='lat'><strong>,</strong></span> <span class='ocrx_word' id='word_1_653' title='bbox 3495 2651 3592 2705; x_wconf 82' lang='lat' dir='ltr'><strong>per</strong></span> 
     </span>
    </p>
   </div>
   <div class='ocr_carea' id='block_1_84' title="bbox 1987 2726 3589 2798">
    <p class='ocr_par' dir='ltr' id='par_1_84' title="bbox 1987 2726 3589 2798">
     <span class='ocr_line' id='line_1_84' title="bbox 1987 2726 3589 2798; baseline -0.002 -15"><span class='ocrx_word' id='word_1_654' title='bbox 1987 2729 2344 2797; x_wconf 89' lang='lat' dir='ltr'><strong>nosmetipsos</strong></span> <span class='ocrx_word' id='word_1_655' title='bbox 2373 2726 2424 2780; x_wconf 92' lang='lat' dir='ltr'><strong>id</strong></span> <span class='ocrx_word' id='word_1_656' title='bbox 2463 2727 2762 2780; x_wconf 84' lang='lat' dir='ltr'><strong>valebimus</strong></span> <span class='ocrx_word' id='word_1_657' title='bbox 2788 2745 2800 2780; x_wconf 95' lang='lat'>:</span> <span class='ocrx_word' id='word_1_658' title='bbox 2834 2727 2944 2783; x_wconf 90' lang='lat' dir='ltr'><strong>imo</strong></span> <span class='ocrx_word' id='word_1_659' title='bbox 2970 2727 3140 2798; x_wconf 84' lang='lat' dir='ltr'><strong>magis</strong></span> <span class='ocrx_word' id='word_1_660' title='bbox 3185 2735 3400 2790; x_wconf 88' lang='lat' dir='ltr'><strong>nostra,</strong></span> <span class='ocrx_word' id='word_1_661' title='bbox 3427 2740 3589 2796; x_wconf 84' lang='lat' dir='ltr'><strong>quam</strong></span> 
     </span>
    </p>
   </div>
   <div class='ocr_carea' id='block_1_85' title="bbox 1985 2816 3589 2886">
    <p class='ocr_par' dir='ltr' id='par_1_85' title="bbox 1985 2816 3589 2886">
     <span class='ocr_line' id='line_1_85' title="bbox 1985 2816 3589 2886; baseline -0.003 -13"><span class='ocrx_word' id='word_1_662' title='bbox 1985 2821 2212 2873; x_wconf 89' lang='lat' dir='ltr'><strong>aliorum</strong></span> <span class='ocrx_word' id='word_1_663' title='bbox 2261 2831 2444 2886; x_wconf 88' lang='lat' dir='ltr'><strong>opera.</strong></span> <span class='ocrx_word' id='word_1_664' title='bbox 2489 2816 2685 2869; x_wconf 80' lang='lat' dir='ltr'><strong>Mavult</strong></span> <span class='ocrx_word' id='word_1_665' title='bbox 2732 2818 2930 2886; x_wconf 88' lang='lat' dir='ltr'><strong>quippe</strong></span> <span class='ocrx_word' id='word_1_666' title='bbox 2976 2817 3118 2873; x_wconf 84' lang='lat' dir='ltr'><strong>Deus</strong></span> <span class='ocrx_word' id='word_1_667' title='bbox 3161 2818 3386 2886; x_wconf 80' lang='lat' dir='ltr'><strong>gratiam</strong></span> <span class='ocrx_word' id='word_1_668' title='bbox 3421 2816 3589 2881; x_wconf 57' lang='lat' dir='ltr'><strong>,uobis</strong></span> 
     </span>
    </p>
   </div>
   <div class='ocr_carea' id='block_1_86' title="bbox 1991 2905 3589 2979">
    <p class='ocr_par' dir='ltr' id='par_1_86' title="bbox 1991 2905 3589 2979">
     <span class='ocr_line' id='line_1_86' title="bbox 1991 2905 3589 2979; baseline -0.003 -15"><span class='ocrx_word' id='word_1_669' title='bbox 1991 2909 2119 2979; x_wconf 89' lang='lat' dir='ltr'><strong>ipsis</strong></span> <span class='ocrx_word' id='word_1_670' title='bbox 2139 2907 2299 2971; x_wconf 89' lang='lat' dir='ltr'><strong>dare,</strong></span> <span class='ocrx_word' id='word_1_671' title='bbox 2331 2922 2490 2976; x_wconf 87' lang='lat' dir='ltr'><strong>quam</strong></span> <span class='ocrx_word' id='word_1_672' title='bbox 2515 2905 2620 2960; x_wconf 87' lang='lat' dir='ltr'><strong>alio</strong></span> <span class='ocrx_word' id='word_1_673' title='bbox 2646 2922 2742 2975; x_wconf 91' lang='lat' dir='ltr'><strong>pro</strong></span> <span class='ocrx_word' id='word_1_674' title='bbox 2773 2907 2926 2961; x_wconf 86' lang='lat' dir='ltr'><strong>nobis</strong></span> <span class='ocrx_word' id='word_1_675' title='bbox 2954 2921 3206 2976; x_wconf 85' lang='lat' dir='ltr'><strong>precante</strong></span> <span class='ocrx_word' id='word_1_676' title='bbox 3226 2929 3237 2962; x_wconf 85' lang='lat'><strong>;</strong></span> <span class='ocrx_word' id='word_1_677' title='bbox 3257 2921 3314 2958; x_wconf 79' lang='grc' dir='ltr'><strong>ιιι</strong></span> <span class='ocrx_word' id='word_1_678' title='bbox 3329 2914 3589 2960; x_wconf 73' lang='lat' dir='ltr'><strong>curantes</strong></span> 
     </span>
    </p>
   </div>
   <div class='ocr_carea' id='block_1_87' title="bbox 2005 2999 3590 3070">
    <p class='ocr_par' dir='ltr' id='par_1_87' title="bbox 2005 2999 3590 3070">
     <span class='ocr_line' id='line_1_87' title="bbox 2005 2999 3590 3070; baseline -0.001 -17"><span class='ocrx_word' id='word_1_679' title='bbox 2005 3000 2181 3070; x_wconf 88' lang='lat' dir='ltr'><strong>ipsius</strong></span> <span class='ocrx_word' id='word_1_680' title='bbox 2244 3002 2377 3055; x_wconf 87' lang='lat' dir='ltr'><strong>iram</strong></span> <span class='ocrx_word' id='word_1_681' title='bbox 2407 3002 2618 3070; x_wconf 88' lang='lat' dir='ltr'><strong>placare</strong></span> <span class='ocrx_word' id='word_1_682' title='bbox 2638 3042 2652 3065; x_wconf 92' lang='lat'><strong>,</strong></span> <span class='ocrx_word' id='word_1_683' title='bbox 2683 3016 2804 3056; x_wconf 89' lang='lat' dir='ltr'><strong>cum</strong></span> <span class='ocrx_word' id='word_1_684' title='bbox 2835 2999 3023 3054; x_wconf 88' lang='lat' dir='ltr'><strong>tlducia</strong></span> <span class='ocrx_word' id='word_1_685' title='bbox 3050 3015 3267 3067; x_wconf 86' lang='lat' dir='ltr'><strong>agamus</strong></span> <span class='ocrx_word' id='word_1_686' title='bbox 3306 3009 3359 3054; x_wconf 89' lang='lat' dir='ltr'><strong>et</strong></span> <span class='ocrx_word' id='word_1_687' title='bbox 3404 2999 3590 3070; x_wconf 82' lang='lat' dir='ltr'><strong>resipi-</strong></span> 
     </span>
    </p>
   </div>
   <div class='ocr_carea' id='block_1_88' title="bbox 2002 3089 3591 3154">
    <p class='ocr_par' dir='ltr' id='par_1_88' title="bbox 2002 3089 3591 3154">
     <span class='ocr_line' id='line_1_88' title="bbox 2002 3089 3591 3154; baseline -0.001 -10"><span class='ocrx_word' id='word_1_688' title='bbox 2002 3103 2232 3144; x_wconf 89' lang='lat' dir='ltr'><strong>scamus.</strong></span> <span class='ocrx_word' id='word_1_689' title='bbox 2252 3089 2339 3143; x_wconf 81' lang='lat' dir='ltr'><strong>Sic</strong></span> <span class='ocrx_word' id='word_1_690' title='bbox 2354 3089 2710 3145; x_wconf 76' lang='lat' dir='ltr'><strong>Chananzeam</strong></span> <span class='ocrx_word' id='word_1_691' title='bbox 2729 3092 3012 3145; x_wconf 85' lang='lat' dir='ltr'><strong>miseratus</strong></span> <span class='ocrx_word' id='word_1_692' title='bbox 3027 3100 3136 3154; x_wconf 87' lang='lat' dir='ltr'><strong>est;</strong></span> <span class='ocrx_word' id='word_1_693' title='bbox 3156 3090 3234 3142; x_wconf 92' lang='lat' dir='ltr'><strong>sie</strong></span> <span class='ocrx_word' id='word_1_694' title='bbox 3252 3090 3591 3144; x_wconf 86' lang='lat' dir='ltr'><strong>meretricem</strong></span> 
     </span>
    </p>
   </div>
   <div class='ocr_carea' id='block_1_89' title="bbox 2001 3179 3594 3247">
    <p class='ocr_par' dir='ltr' id='par_1_89' title="bbox 2001 3179 3594 3247">
     <span class='ocr_line' id='line_1_89' title="bbox 2001 3179 3594 3247; baseline -0.001 -13"><span class='ocrx_word' id='word_1_695' title='bbox 2001 3181 2174 3234; x_wconf 83' lang='lat' dir='ltr'><strong>salute</strong></span> <span class='ocrx_word' id='word_1_696' title='bbox 2201 3180 2436 3240; x_wconf 86' lang='lat' dir='ltr'><strong>donavit.</strong></span> <span class='ocrx_word' id='word_1_697' title='bbox 2460 3180 2538 3234; x_wconf 90' lang='lat' dir='ltr'><strong>sic</strong></span> <span class='ocrx_word' id='word_1_698' title='bbox 2564 3180 2825 3235; x_wconf 90' lang='lat' dir='ltr'><strong>latronem</strong></span> <span class='ocrx_word' id='word_1_699' title='bbox 2846 3221 2862 3247; x_wconf 95' lang='lat'><strong>,</strong></span> <span class='ocrx_word' id='word_1_700' title='bbox 2895 3181 3040 3234; x_wconf 90' lang='lat' dir='ltr'><strong>nullo</strong></span> <span class='ocrx_word' id='word_1_701' title='bbox 3067 3179 3456 3234; x_wconf 80' lang='lat' dir='ltr'><strong>interveniente</strong></span> <span class='ocrx_word' id='word_1_702' title='bbox 3482 3193 3594 3233; x_wconf 85' lang='lat' dir='ltr'><strong>me-</strong></span> 
     </span>
    </p>
   </div>
   <div class='ocr_carea' id='block_1_90' title="bbox 2001 3269 2564 3329">
    <p class='ocr_par' dir='ltr' id='par_1_90' title="bbox 2001 3269 2564 3329">
     <span class='ocr_line' id='line_1_90' title="bbox 2001 3269 2564 3329; baseline 0.002 -7"><span class='ocrx_word' id='word_1_703' title='bbox 2001 3269 2208 3322; x_wconf 83' lang='lat' dir='ltr'><strong>diatore</strong></span> <span class='ocrx_word' id='word_1_704' title='bbox 2235 3279 2288 3323; x_wconf 89' lang='lat' dir='ltr'><strong>et</strong></span> <span class='ocrx_word' id='word_1_705' title='bbox 2321 3279 2564 3329; x_wconf 82' lang='lat' dir='ltr'><strong>patrono.</strong></span> 
     </span>
    </p>
   </div>
   <div class='ocr_carea' id='block_1_91' title="bbox 2069 3440 3593 3514">
    <p class='ocr_par' dir='ltr' id='par_1_91' title="bbox 2069 3440 3593 3514">
     <span class='ocr_line' id='line_1_91' title="bbox 2069 3440 3593 3514; baseline -0.003 -12"><span class='ocrx_word' id='word_1_706' title='bbox 2069 3447 2121 3502; x_wconf 86' lang='lat'><strong>5.</strong></span> <span class='ocrx_word' id='word_1_707' title='bbox 2149 3447 2456 3501; x_wconf 83' lang='lat' dir='ltr'><strong>Sanctorum</strong></span> <span class='ocrx_word' id='word_1_708' title='bbox 2477 3445 2741 3501; x_wconf 78' lang='lat' dir='ltr'><strong>invocatio,</strong></span> <span class='ocrx_word' id='word_1_709' title='bbox 2767 3441 3117 3514; x_wconf 75' lang='lat' dir='ltr'><strong>Eleemosyna:</strong></span> <span class='ocrx_word' id='word_1_710' title='bbox 3136 3442 3354 3511; x_wconf 75' lang='lat' dir='ltr'><strong>fructus.</strong></span> <span class='ocrx_word' id='word_1_711' title='bbox 3379 3472 3445 3484; x_wconf 86' lang='lat'><strong>--</strong></span> <span class='ocrx_word' id='word_1_712' title='bbox 3468 3440 3593 3497; x_wconf 71' lang='lat' dir='ltr'><strong>llaec</strong></span> 
     </span>
    </p>
   </div>
   <div class='ocr_carea' id='block_1_92' title="bbox 1997 3534 3596 3606">
    <p class='ocr_par' dir='ltr' id='par_1_92' title="bbox 1997 3534 3596 3606">
     <span class='ocr_line' id='line_1_92' title="bbox 1997 3534 3596 3606; baseline -0.001 -14"><span class='ocrx_word' id='word_1_713' title='bbox 1997 3549 2172 3592; x_wconf 84' lang='lat' dir='ltr'><strong>autem</strong></span> <span class='ocrx_word' id='word_1_714' title='bbox 2200 3537 2322 3592; x_wconf 90' lang='lat' dir='ltr'><strong>dico</strong></span> <span class='ocrx_word' id='word_1_715' title='bbox 2345 3579 2359 3602; x_wconf 96' lang='lat'><strong>,</strong></span> <span class='ocrx_word' id='word_1_716' title='bbox 2390 3551 2495 3590; x_wconf 88' lang='lat' dir='ltr'><strong>non</strong></span> <span class='ocrx_word' id='word_1_717' title='bbox 2527 3545 2585 3590; x_wconf 91' lang='lat' dir='ltr'><strong>ut</strong></span> <span class='ocrx_word' id='word_1_718' title='bbox 2612 3537 2812 3592; x_wconf 88' lang='lat' dir='ltr'><strong>sanctis</strong></span> <span class='ocrx_word' id='word_1_719' title='bbox 2840 3552 2946 3590; x_wconf 90' lang='lat' dir='ltr'><strong>non</strong></span> <span class='ocrx_word' id='word_1_720' title='bbox 2978 3537 3338 3606; x_wconf 89' lang='lat' dir='ltr'><strong>suppliccmus</strong></span> <span class='ocrx_word' id='word_1_721' title='bbox 3357 3575 3373 3601; x_wconf 96' lang='lat'><strong>,</strong></span> <span class='ocrx_word' id='word_1_722' title='bbox 3401 3534 3496 3590; x_wconf 87' lang='lat' dir='ltr'><strong>sed</strong></span> <span class='ocrx_word' id='word_1_723' title='bbox 3526 3549 3596 3591; x_wconf 86' lang='lat' dir='ltr'><strong>ne</strong></span> 
     </span>
    </p>
   </div>
   <div class='ocr_carea' id='block_1_93' title="bbox 1998 3627 3597 3699">
    <p class='ocr_par' dir='ltr' id='par_1_93' title="bbox 1998 3627 3597 3699">
     <span class='ocr_line' id='line_1_93' title="bbox 1998 3627 3597 3699; baseline -0.001 -15"><span class='ocrx_word' id='word_1_724' title='bbox 1998 3631 2165 3684; x_wconf 88' lang='lat' dir='ltr'><strong>simus</strong></span> <span class='ocrx_word' id='word_1_725' title='bbox 2194 3630 2543 3699; x_wconf 85' lang='lat' dir='ltr'><strong>negligentes,</strong></span> <span class='ocrx_word' id='word_1_726' title='bbox 2570 3644 2700 3684; x_wconf 79' lang='lat' dir='ltr'><strong>neve</strong></span> <span class='ocrx_word' id='word_1_727' title='bbox 2726 3631 2777 3682; x_wconf 90' lang='lat' dir='ltr'><strong>in</strong></span> <span class='ocrx_word' id='word_1_728' title='bbox 2805 3629 3104 3683; x_wconf 88' lang='lat' dir='ltr'><strong>socordiam</strong></span> <span class='ocrx_word' id='word_1_729' title='bbox 3129 3642 3485 3698; x_wconf 87' lang='lat' dir='ltr'><strong>somnumque</strong></span> <span class='ocrx_word' id='word_1_730' title='bbox 3503 3627 3597 3683; x_wconf 87' lang='lat' dir='ltr'><strong>de-</strong></span> 
     </span>
    </p>
   </div>
   <div class='ocr_carea' id='block_1_94' title="bbox 1997 3719 3594 3789">
    <p class='ocr_par' dir='ltr' id='par_1_94' title="bbox 1997 3719 3594 3789">
     <span class='ocr_line' id='line_1_94' title="bbox 1997 3719 3594 3789; baseline -0.001 -16"><span class='ocrx_word' id='word_1_731' title='bbox 1997 3720 2170 3788; x_wconf 83' lang='lat' dir='ltr'><strong>lapsi,</strong></span> <span class='ocrx_word' id='word_1_732' title='bbox 2201 3719 2319 3773; x_wconf 91' lang='lat' dir='ltr'><strong>aliis</strong></span> <span class='ocrx_word' id='word_1_733' title='bbox 2365 3720 2598 3789; x_wconf 89' lang='lat' dir='ltr'><strong>ipsisque</strong></span> <span class='ocrx_word' id='word_1_734' title='bbox 2637 3720 2766 3773; x_wconf 90' lang='lat' dir='ltr'><strong>solis</strong></span> <span class='ocrx_word' id='word_1_735' title='bbox 2809 3735 2894 3772; x_wconf 87' lang='lat' dir='ltr'><strong>res</strong></span> <span class='ocrx_word' id='word_1_736' title='bbox 2934 3729 3145 3773; x_wconf 89' lang='lat' dir='ltr'><strong>nostras</strong></span> <span class='ocrx_word' id='word_1_737' title='bbox 3174 3719 3594 3773; x_wconf 87' lang='lat' dir='ltr'><strong>committamus.</strong></span> 
     </span>
    </p>
   </div>
   <div class='ocr_carea' id='block_1_95' title="bbox 1998 3809 3598 3896">
    <p class='ocr_par' dir='ltr' id='par_1_95' title="bbox 1998 3809 3598 3896">
     <span class='ocr_line' id='line_1_95' title="bbox 1998 3809 3598 3896; baseline 0 -32"><span class='ocrx_word' id='word_1_738' title='bbox 1998 3810 2128 3864; x_wconf 84' lang='lat' dir='ltr'><strong>Nam</strong></span> <span class='ocrx_word' id='word_1_739' title='bbox 2157 3825 2278 3865; x_wconf 87' lang='lat' dir='ltr'><strong>cum</strong></span> <span class='ocrx_word' id='word_1_740' title='bbox 2301 3811 2542 3873; x_wconf 76' lang='lat' dir='ltr'><strong>dixisset,</strong></span> <span class='ocrx_word' id='word_1_741' title='bbox 2576 3809 2760 3896; x_wconf 58' lang='lat' dir='ltr'><strong>Facite.</strong></span> <span class='ocrx_word' id='word_1_742' title='bbox 2776 3811 2911 3864; x_wconf 75' lang='lat' dir='ltr'><strong>vobis</strong></span> <span class='ocrx_word' id='word_1_743' title='bbox 2937 3812 3148 3876; x_wconf 85' lang='lat' dir='ltr'><strong>amicos,</strong></span> <span class='ocrx_word' id='word_1_744' title='bbox 3176 3827 3281 3864; x_wconf 88' lang='lat' dir='ltr'><strong>non</strong></span> <span class='ocrx_word' id='word_1_745' title='bbox 3316 3810 3399 3865; x_wconf 91' lang='lat' dir='ltr'><strong>hic</strong></span> <span class='ocrx_word' id='word_1_746' title='bbox 3426 3811 3598 3878; x_wconf 85' lang='lat' dir='ltr'><strong>stetit,</strong></span> 
     </span>
    </p>
   </div>
   <div class='ocr_carea' id='block_1_96' title="bbox 1999 3901 3598 3970">
    <p class='ocr_par' dir='ltr' id='par_1_96' title="bbox 1999 3901 3598 3970">
     <span class='ocr_line' id='line_1_96' title="bbox 1999 3901 3598 3970; baseline 0.001 -13"><span class='ocrx_word' id='word_1_747' title='bbox 1999 3903 2093 3957; x_wconf 83' lang='lat' dir='ltr'><strong>sed</strong></span> <span class='ocrx_word' id='word_1_748' title='bbox 2124 3903 2345 3968; x_wconf 85' lang='lat' dir='ltr'><strong>addidit,</strong></span> <span class='ocrx_word' id='word_1_749' title='bbox 2377 3902 2456 3957; x_wconf 80' lang='lat' dir='ltr'><strong>Ea:</strong></span> <span class='ocrx_word' id='word_1_750' title='bbox 2483 3903 2654 3970; x_wconf 83' lang='lat' dir='ltr'><strong>iniquo</strong></span> <span class='ocrx_word' id='word_1_751' title='bbox 2685 3920 2919 3955; x_wconf 85' lang='lat' dir='ltr'><strong>mamona</strong></span> <span class='ocrx_word' id='word_1_752' title='bbox 2950 3901 3118 3970; x_wconf 83' lang='lat' dir='ltr'><strong>(Luc.</strong></span> <span class='ocrx_word' id='word_1_753' title='bbox 3149 3903 3235 3956; x_wconf 76' lang='grc'><strong>16.</strong></span> <span class='ocrx_word' id='word_1_754' title='bbox 3271 3903 3303 3956; x_wconf 87' lang='lat'><strong>9</strong></span> <span class='ocrx_word' id='word_1_755' title='bbox 3329 3904 3346 3970; x_wconf 96' lang='lat'><strong>)</strong></span> <span class='ocrx_word' id='word_1_756' title='bbox 3381 3920 3394 3957; x_wconf 88' lang='lat'><strong>:</strong></span> <span class='ocrx_word' id='word_1_757' title='bbox 3425 3912 3482 3957; x_wconf 83' lang='lat' dir='ltr'><strong>ut</strong></span> <span class='ocrx_word' id='word_1_758' title='bbox 3511 3919 3598 3958; x_wconf 89' lang='lat' dir='ltr'><strong>re-</strong></span> 
     </span>
    </p>
   </div>
   <div class='ocr_carea' id='block_1_97' title="bbox 1998 3993 3598 4064">
    <p class='ocr_par' dir='ltr' id='par_1_97' title="bbox 1998 3993 3598 4064">
     <span class='ocr_line' id='line_1_97' title="bbox 1998 3993 3598 4064; baseline 0.002 -17"><span class='ocrx_word' id='word_1_759' title='bbox 1998 4005 2084 4048; x_wconf 84' lang='lat' dir='ltr'><strong>cte</strong></span> <span class='ocrx_word' id='word_1_760' title='bbox 2111 3995 2306 4046; x_wconf 91' lang='lat' dir='ltr'><strong>factum</strong></span> <span class='ocrx_word' id='word_1_761' title='bbox 2339 4009 2464 4046; x_wconf 80' lang='lat' dir='ltr'><strong>vere</strong></span> <span class='ocrx_word' id='word_1_762' title='bbox 2490 3996 2556 4046; x_wconf 88' lang='lat' dir='ltr'><strong>sit</strong></span> <span class='ocrx_word' id='word_1_763' title='bbox 2586 4004 2753 4046; x_wconf 90' lang='lat' dir='ltr'><strong>tuum.</strong></span> <span class='ocrx_word' id='word_1_764' title='bbox 2789 3993 2927 4046; x_wconf 82' lang='lat' dir='ltr'><strong>Nihil</strong></span> <span class='ocrx_word' id='word_1_765' title='bbox 2957 3994 3099 4046; x_wconf 90' lang='lat' dir='ltr'><strong>enim</strong></span> <span class='ocrx_word' id='word_1_766' title='bbox 3126 3993 3269 4046; x_wconf 90' lang='lat' dir='ltr'><strong>aliud</strong></span> <span class='ocrx_word' id='word_1_767' title='bbox 3300 3993 3404 4058; x_wconf 89' lang='lat' dir='ltr'><strong>hic,</strong></span> <span class='ocrx_word' id='word_1_768' title='bbox 3437 4010 3598 4064; x_wconf 91' lang='lat' dir='ltr'><strong>quam</strong></span> 
     </span>
    </p>
   </div>
   <div class='ocr_carea' id='block_1_98' title="bbox 2001 4083 3598 4151">
    <p class='ocr_par' dir='ltr' id='par_1_98' title="bbox 2001 4083 3598 4151">
     <span class='ocr_line' id='line_1_98' title="bbox 2001 4083 3598 4151; baseline 0.003 -16"><span class='ocrx_word' id='word_1_769' title='bbox 2001 4084 2395 4150; x_wconf 79' lang='lat' dir='ltr'><strong>elceinosynam</strong></span> <span class='ocrx_word' id='word_1_770' title='bbox 2429 4083 2678 4135; x_wconf 86' lang='lat' dir='ltr'><strong>iudicavit</strong></span> <span class='ocrx_word' id='word_1_771' title='bbox 2711 4101 2722 4134; x_wconf 87' lang='lat'><strong>:</strong></span> <span class='ocrx_word' id='word_1_772' title='bbox 2758 4083 3006 4151; x_wconf 84' lang='lat' dir='ltr'><strong>quodque</strong></span> <span class='ocrx_word' id='word_1_773' title='bbox 3035 4084 3430 4149; x_wconf 85' lang='lat' dir='ltr'><strong>admirandum,</strong></span> <span class='ocrx_word' id='word_1_774' title='bbox 3466 4085 3598 4140; x_wconf 84' lang='lat' dir='ltr'><strong>nihil</strong></span> 
     </span>
    </p>
   </div>
   <div class='ocr_carea' id='block_1_99' title="bbox 2001 4172 3600 4241">
    <p class='ocr_par' dir='ltr' id='par_1_99' title="bbox 2001 4172 3600 4241">
     <span class='ocr_line' id='line_1_99' title="bbox 2001 4172 3600 4241; baseline 0.003 -15"><span class='ocrx_word' id='word_1_775' title='bbox 2001 4173 2136 4226; x_wconf 85' lang='lat' dir='ltr'><strong>ultra</strong></span> <span class='ocrx_word' id='word_1_776' title='bbox 2165 4188 2194 4226; x_wconf 89' lang='lat' dir='ltr'><strong>a</strong></span> <span class='ocrx_word' id='word_1_777' title='bbox 2222 4172 2373 4226; x_wconf 90' lang='lat' dir='ltr'><strong>nobis</strong></span> <span class='ocrx_word' id='word_1_778' title='bbox 2403 4173 2585 4241; x_wconf 80' lang='lat' dir='ltr'><strong>exigit,</strong></span> <span class='ocrx_word' id='word_1_779' title='bbox 2617 4176 2659 4225; x_wconf 90' lang='lat' dir='ltr'><strong>si</strong></span> <span class='ocrx_word' id='word_1_780' title='bbox 2689 4172 2756 4224; x_wconf 88' lang='lat' dir='ltr'><strong>ab</strong></span> <span class='ocrx_word' id='word_1_781' title='bbox 2783 4173 3058 4241; x_wconf 83' lang='lat' dir='ltr'><strong>iniquitate</strong></span> <span class='ocrx_word' id='word_1_782' title='bbox 3086 4173 3456 4230; x_wconf 86' lang='lat' dir='ltr'><strong>abscedamus.</strong></span> <span class='ocrx_word' id='word_1_783' title='bbox 3485 4175 3600 4231; x_wconf 83' lang='lat' dir='ltr'><strong>Hoc</strong></span> 
     </span>
    </p>
   </div>
   <div class='ocr_carea' id='block_1_100' title="bbox 2000 4261 3598 4331">
    <p class='ocr_par' dir='ltr' id='par_1_100' title="bbox 2000 4261 3598 4331">
     <span class='ocr_line' id='line_1_100' title="bbox 2000 4261 3598 4331; baseline 0.002 -14"><span class='ocrx_word' id='word_1_784' title='bbox 2000 4263 2142 4317; x_wconf 90' lang='lat' dir='ltr'><strong>enim</strong></span> <span class='ocrx_word' id='word_1_785' title='bbox 2180 4262 2292 4316; x_wconf 90' lang='lat' dir='ltr'><strong>vult</strong></span> <span class='ocrx_word' id='word_1_786' title='bbox 2329 4262 2628 4331; x_wconf 78' lang='lat' dir='ltr'><strong>significare</strong></span> <span class='ocrx_word' id='word_1_787' title='bbox 2663 4280 2673 4314; x_wconf 93' lang='lat'><strong>:</strong></span> <span class='ocrx_word' id='word_1_788' title='bbox 2703 4261 2884 4331; x_wconf 88' lang='lat' dir='ltr'><strong>Inique</strong></span> <span class='ocrx_word' id='word_1_789' title='bbox 2920 4261 3144 4331; x_wconf 83' lang='lat' dir='ltr'><strong>adeptus</strong></span> <span class='ocrx_word' id='word_1_790' title='bbox 3171 4264 3272 4319; x_wconf 82' lang='lat' dir='ltr'><strong>es?</strong></span> <span class='ocrx_word' id='word_1_791' title='bbox 3301 4264 3464 4320; x_wconf 81' lang='lat' dir='ltr'><strong>Recte</strong></span> <span class='ocrx_word' id='word_1_792' title='bbox 3492 4267 3598 4319; x_wconf 81' lang='lat' dir='ltr'><strong>im-</strong></span> 
     </span>
    </p>
   </div>
   <div class='ocr_carea' id='block_1_101' title="bbox 2002 4350 3602 4424">
    <p class='ocr_par' dir='ltr' id='par_1_101' title="bbox 2002 4350 3602 4424">
     <span class='ocr_line' id='line_1_101' title="bbox 2002 4350 3602 4424; baseline 0.003 -19"><span class='ocrx_word' id='word_1_793' title='bbox 2002 4351 2193 4418; x_wconf 89' lang='lat' dir='ltr'><strong>pende.</strong></span> <span class='ocrx_word' id='word_1_794' title='bbox 2239 4350 2436 4419; x_wconf 86' lang='lat' dir='ltr'><strong>lnjuste</strong></span> <span class='ocrx_word' id='word_1_795' title='bbox 2475 4351 2770 4419; x_wconf 86' lang='lat' dir='ltr'><strong>collegisti?</strong></span> <span class='ocrx_word' id='word_1_796' title='bbox 2799 4350 2947 4404; x_wconf 83' lang='lat' dir='ltr'><strong>Juste</strong></span> <span class='ocrx_word' id='word_1_797' title='bbox 2979 4353 3246 4422; x_wconf 88' lang='lat' dir='ltr'><strong>disperge.</strong></span> <span class='ocrx_word' id='word_1_798' title='bbox 3281 4355 3440 4424; x_wconf 85' lang='lat' dir='ltr'><strong>Atqui</strong></span> <span class='ocrx_word' id='word_1_799' title='bbox 3481 4372 3602 4424; x_wconf 66' lang='lat' dir='ltr'><strong>qua)</strong></span> 
     </span>
    </p>
   </div>
   <div class='ocr_carea' id='block_1_102' title="bbox 2005 4439 3600 4504">
    <p class='ocr_par' dir='ltr' id='par_1_102' title="bbox 2005 4439 3600 4504">
     <span class='ocr_line' id='line_1_102' title="bbox 2005 4439 3600 4504; baseline 0.004 -11"><span class='ocrx_word' id='word_1_800' title='bbox 2005 4440 2216 4494; x_wconf 90' lang='lat' dir='ltr'><strong>tandem</strong></span> <span class='ocrx_word' id='word_1_801' title='bbox 2257 4439 2372 4492; x_wconf 72' lang='lat' dir='ltr'><strong>hare</strong></span> <span class='ocrx_word' id='word_1_802' title='bbox 2411 4439 2578 4492; x_wconf 83' lang='lat' dir='ltr'><strong>virtus</strong></span> <span class='ocrx_word' id='word_1_803' title='bbox 2604 4448 2718 4504; x_wconf 92' lang='lat' dir='ltr'><strong>cst,</strong></span> <span class='ocrx_word' id='word_1_804' title='bbox 2747 4439 2814 4492; x_wconf 91' lang='lat' dir='ltr'><strong>de</strong></span> <span class='ocrx_word' id='word_1_805' title='bbox 2847 4441 3041 4494; x_wconf 85' lang='lat' dir='ltr'><strong>talibus</strong></span> <span class='ocrx_word' id='word_1_806' title='bbox 3076 4441 3318 4496; x_wconf 88' lang='lat' dir='ltr'><strong>donare?</strong></span> <span class='ocrx_word' id='word_1_807' title='bbox 3349 4445 3600 4500; x_wconf 86' lang='lat' dir='ltr'><strong>Attamen</strong></span> 
     </span>
    </p>
   </div>
   <div class='ocr_carea' id='block_1_103' title="bbox 2004 4530 3600 4600">
    <p class='ocr_par' dir='ltr' id='par_1_103' title="bbox 2004 4530 3600 4600">
     <span class='ocr_line' id='line_1_103' title="bbox 2004 4530 3600 4600; baseline 0.004 -16"><span class='ocrx_word' id='word_1_808' title='bbox 2004 4531 2164 4594; x_wconf 85' lang='lat' dir='ltr'><strong>Deus,</strong></span> <span class='ocrx_word' id='word_1_809' title='bbox 2191 4530 2446 4599; x_wconf 87' lang='lat' dir='ltr'><strong>benignus</strong></span> <span class='ocrx_word' id='word_1_810' title='bbox 2475 4545 2596 4584; x_wconf 90' lang='lat' dir='ltr'><strong>cum</strong></span> <span class='ocrx_word' id='word_1_811' title='bbox 2622 4531 2711 4594; x_wconf 91' lang='lat' dir='ltr'><strong>sit,</strong></span> <span class='ocrx_word' id='word_1_812' title='bbox 2734 4545 2800 4585; x_wconf 91' lang='lat' dir='ltr'><strong>eo</strong></span> <span class='ocrx_word' id='word_1_813' title='bbox 2827 4547 2995 4600; x_wconf 87' lang='lat' dir='ltr'><strong>usque</strong></span> <span class='ocrx_word' id='word_1_814' title='bbox 3024 4547 3143 4588; x_wconf 87' lang='lat' dir='ltr'><strong>sese</strong></span> <span class='ocrx_word' id='word_1_815' title='bbox 3164 4534 3416 4589; x_wconf 91' lang='lat' dir='ltr'><strong>demittit.</strong></span> <span class='ocrx_word' id='word_1_816' title='bbox 3446 4535 3498 4592; x_wconf 91' lang='lat' dir='ltr'><strong>Si</strong></span> <span class='ocrx_word' id='word_1_817' title='bbox 3528 4537 3600 4591; x_wconf 86' lang='lat' dir='ltr'><strong>ita</strong></span> 
     </span>
    </p>
   </div>
   <div class='ocr_carea' id='block_1_104' title="bbox 2005 4619 3604 4690">
    <p class='ocr_par' dir='ltr' id='par_1_104' title="bbox 2005 4619 3604 4690">
     <span class='ocr_line' id='line_1_104' title="bbox 2005 4619 3604 4690; baseline 0.006 -17"><span class='ocrx_word' id='word_1_818' title='bbox 2005 4619 2276 4683; x_wconf 87' lang='lat' dir='ltr'><strong>faciamus,</strong></span> <span class='ocrx_word' id='word_1_819' title='bbox 2305 4620 2441 4673; x_wconf 88' lang='lat' dir='ltr'><strong>bona</strong></span> <span class='ocrx_word' id='word_1_820' title='bbox 2472 4621 2626 4674; x_wconf 90' lang='lat' dir='ltr'><strong>nobis</strong></span> <span class='ocrx_word' id='word_1_821' title='bbox 2653 4622 2814 4675; x_wconf 85' lang='lat' dir='ltr'><strong>multa</strong></span> <span class='ocrx_word' id='word_1_822' title='bbox 2847 4623 3140 4690; x_wconf 90' lang='lat' dir='ltr'><strong>pollicetur.</strong></span> <span class='ocrx_word' id='word_1_823' title='bbox 3171 4626 3239 4678; x_wconf 84' lang='lat' dir='ltr'><strong>At</strong></span> <span class='ocrx_word' id='word_1_824' title='bbox 3268 4638 3364 4681; x_wconf 87' lang='lat' dir='ltr'><strong>nos</strong></span> <span class='ocrx_word' id='word_1_825' title='bbox 3389 4626 3456 4681; x_wconf 89' lang='lat' dir='ltr'><strong>ad</strong></span> <span class='ocrx_word' id='word_1_826' title='bbox 3484 4637 3604 4682; x_wconf 90' lang='lat' dir='ltr'><strong>tan-</strong></span> 
     </span>
    </p>
   </div>
   <div class='ocr_carea' id='block_1_105' title="bbox 2005 4713 3604 4789">
    <p class='ocr_par' dir='ltr' id='par_1_105' title="bbox 2005 4713 3604 4789">
     <span class='ocr_line' id='line_1_105' title="bbox 2005 4713 3604 4789; baseline 0.006 -24"><span class='ocrx_word' id='word_1_827' title='bbox 2005 4723 2112 4766; x_wconf 88' lang='lat' dir='ltr'><strong>tam</strong></span> <span class='ocrx_word' id='word_1_828' title='bbox 2145 4713 2442 4778; x_wconf 76' lang='lat' dir='ltr'><strong>socordiam</strong></span> <span class='ocrx_word' id='word_1_829' title='bbox 2473 4713 2820 4779; x_wconf 74' lang='lat' dir='ltr'><strong>devcniutus,</strong></span> <span class='ocrx_word' id='word_1_830' title='bbox 2853 4723 2910 4768; x_wconf 92' lang='lat' dir='ltr'><strong>ut</strong></span> <span class='ocrx_word' id='word_1_831' title='bbox 2951 4731 3018 4770; x_wconf 91' lang='lat' dir='ltr'><strong>ne</strong></span> <span class='ocrx_word' id='word_1_832' title='bbox 3061 4717 3274 4786; x_wconf 89' lang='lat' dir='ltr'><strong>quidem</strong></span> <span class='ocrx_word' id='word_1_833' title='bbox 3314 4733 3380 4772; x_wconf 78' lang='lat' dir='ltr'><strong>ex</strong></span> <span class='ocrx_word' id='word_1_834' title='bbox 3420 4719 3604 4789; x_wconf 85' lang='lat' dir='ltr'><strong>inique</strong></span> 
     </span>
    </p>
   </div>
   <div class='ocr_carea' id='block_1_106' title="bbox 2004 4805 3600 4880">
    <p class='ocr_par' dir='ltr' id='par_1_106' title="bbox 2004 4805 3600 4880">
     <span class='ocr_line' id='line_1_106' title="bbox 2004 4805 3600 4880; baseline 0.006 -23"><span class='ocrx_word' id='word_1_835' title='bbox 2004 4806 2168 4874; x_wconf 87' lang='lat' dir='ltr'><strong>partis</strong></span> <span class='ocrx_word' id='word_1_836' title='bbox 2199 4805 2520 4874; x_wconf 86' lang='lat' dir='ltr'><strong>largiamur;</strong></span> <span class='ocrx_word' id='word_1_837' title='bbox 2553 4806 2647 4860; x_wconf 86' lang='lat' dir='ltr'><strong>sed</strong></span> <span class='ocrx_word' id='word_1_838' title='bbox 2681 4808 2972 4862; x_wconf 86' lang='lat' dir='ltr'><strong>innumeris</strong></span> <span class='ocrx_word' id='word_1_839' title='bbox 3001 4810 3138 4863; x_wconf 87' lang='lat' dir='ltr'><strong>aucti</strong></span> <span class='ocrx_word' id='word_1_840' title='bbox 3175 4811 3377 4880; x_wconf 88' lang='lat' dir='ltr'><strong>rapinis</strong></span> <span class='ocrx_word' id='word_1_841' title='bbox 3397 4853 3409 4875; x_wconf 94' lang='lat'><strong>,</strong></span> <span class='ocrx_word' id='word_1_842' title='bbox 3443 4814 3486 4866; x_wconf 86' lang='lat' dir='ltr'><strong>si</strong></span> <span class='ocrx_word' id='word_1_843' title='bbox 3518 4813 3600 4867; x_wconf 81' lang='lat' dir='ltr'><strong>vel</strong></span> 
     </span>
    </p>
   </div>
   <div class='ocr_carea' id='block_1_107' title="bbox 2006 4895 3605 4974">
    <p class='ocr_par' dir='ltr' id='par_1_107' title="bbox 2006 4895 3605 4974">
     <span class='ocr_line' id='line_1_107' title="bbox 2006 4895 3605 4974; baseline 0.005 -26"><span class='ocrx_word' id='word_1_844' title='bbox 2006 4895 2281 4949; x_wconf 88' lang='lat' dir='ltr'><strong>minimam</strong></span> <span class='ocrx_word' id='word_1_845' title='bbox 2304 4904 2505 4964; x_wconf 89' lang='lat' dir='ltr'><strong>partem</strong></span> <span class='ocrx_word' id='word_1_846' title='bbox 2527 4896 2853 4959; x_wconf 86' lang='lat' dir='ltr'><strong>dederimus,</strong></span> <span class='ocrx_word' id='word_1_847' title='bbox 2881 4913 2978 4953; x_wconf 91' lang='lat' dir='ltr'><strong>nos</strong></span> <span class='ocrx_word' id='word_1_848' title='bbox 2998 4908 3164 4953; x_wconf 90' lang='lat' dir='ltr'><strong>totum</strong></span> <span class='ocrx_word' id='word_1_849' title='bbox 3188 4901 3483 4957; x_wconf 82' lang='lat' dir='ltr'><strong>absolvisse</strong></span> <span class='ocrx_word' id='word_1_850' title='bbox 3505 4920 3605 4974; x_wconf 86' lang='lat' dir='ltr'><strong>pu-</strong></span> 
     </span>
    </p>
   </div>
   <div class='ocr_carea' id='block_1_108' title="bbox 2005 4983 3601 5062">
    <p class='ocr_par' dir='ltr' id='par_1_108' title="bbox 2005 4983 3601 5062">
     <span class='ocr_line' id='line_1_108' title="bbox 2005 4983 3601 5062; baseline 0.007 -25"><span class='ocrx_word' id='word_1_851' title='bbox 2005 4993 2198 5039; x_wconf 89' lang='lat' dir='ltr'><strong>temus.</strong></span> <span class='ocrx_word' id='word_1_852' title='bbox 2232 4983 2347 5038; x_wconf 86' lang='lat' dir='ltr'><strong>Non</strong></span> <span class='ocrx_word' id='word_1_853' title='bbox 2387 4985 2578 5039; x_wconf 89' lang='lat' dir='ltr'><strong>audisti</strong></span> <span class='ocrx_word' id='word_1_854' title='bbox 2619 4985 2841 5040; x_wconf 86' lang='lat' dir='ltr'><strong>Paulum</strong></span> <span class='ocrx_word' id='word_1_855' title='bbox 2873 4989 3169 5055; x_wconf 88' lang='lat' dir='ltr'><strong>dicentem,</strong></span> <span class='ocrx_word' id='word_1_856' title='bbox 3202 4991 3303 5057; x_wconf 85' lang='lat' dir='ltr'><strong>Qui</strong></span> <span class='ocrx_word' id='word_1_857' title='bbox 3339 5001 3490 5062; x_wconf 80' lang='lat' dir='ltr'><strong>parce</strong></span> <span class='ocrx_word' id='word_1_858' title='bbox 3519 5011 3601 5048; x_wconf 56' lang='lat' dir='ltr'><strong>se.</strong></span> 
     </span>
    </p>
   </div>
   <div class='ocr_carea' id='block_1_109' title="bbox 2005 5077 3605 5152">
    <p class='ocr_par' dir='ltr' id='par_1_109' title="bbox 2005 5077 3605 5152">
     <span class='ocr_line' id='line_1_109' title="bbox 2005 5077 3605 5152; baseline 0.006 -22"><span class='ocrx_word' id='word_1_859' title='bbox 2005 5077 2182 5141; x_wconf 85' lang='lat' dir='ltr'><strong>minat,</strong></span> <span class='ocrx_word' id='word_1_860' title='bbox 2215 5093 2366 5146; x_wconf 87' lang='lat' dir='ltr'><strong>parce</strong></span> <span class='ocrx_word' id='word_1_861' title='bbox 2392 5087 2438 5131; x_wconf 89' lang='lat' dir='ltr'><strong>et</strong></span> <span class='ocrx_word' id='word_1_862' title='bbox 2463 5087 2609 5130; x_wconf 86' lang='lat' dir='ltr'><strong>metet</strong></span> <span class='ocrx_word' id='word_1_863' title='bbox 2637 5077 2711 5147; x_wconf 75' lang='lat'><strong>(2.</strong></span> <span class='ocrx_word' id='word_1_864' title='bbox 2746 5077 2862 5132; x_wconf 86' lang='lat' dir='ltr'><strong>Cor.</strong></span> <span class='ocrx_word' id='word_1_865' title='bbox 2896 5079 2948 5133; x_wconf 88' lang='lat'><strong>9.</strong></span> <span class='ocrx_word' id='word_1_866' title='bbox 2979 5079 3071 5150; x_wconf 84' lang='lat'><strong>6)?</strong></span> <span class='ocrx_word' id='word_1_867' title='bbox 3100 5080 3206 5136; x_wconf 90' lang='lat' dir='ltr'><strong>Cur</strong></span> <span class='ocrx_word' id='word_1_868' title='bbox 3235 5097 3364 5152; x_wconf 77' lang='lat' dir='ltr'><strong>ergo</strong></span> <span class='ocrx_word' id='word_1_869' title='bbox 3395 5085 3605 5151; x_wconf 67' lang='lat' dir='ltr'><strong>parcis?</strong></span> 
     </span>
    </p>
   </div>
   <div class='ocr_carea' id='block_1_110' title="bbox 2007 5169 3604 5244">
    <p class='ocr_par' dir='ltr' id='par_1_110' title="bbox 2007 5169 3604 5244">
     <span class='ocr_line' id='line_1_110' title="bbox 2007 5169 3604 5244; baseline 0.008 -21"><span class='ocrx_word' id='word_1_870' title='bbox 2007 5186 2130 5223; x_wconf 90' lang='lat' dir='ltr'><strong>num</strong></span> <span class='ocrx_word' id='word_1_871' title='bbox 2159 5179 2400 5238; x_wconf 88' lang='lat' dir='ltr'><strong>sumptus</strong></span> <span class='ocrx_word' id='word_1_872' title='bbox 2425 5179 2508 5224; x_wconf 89' lang='lat' dir='ltr'><strong>est</strong></span> <span class='ocrx_word' id='word_1_873' title='bbox 2534 5169 2704 5223; x_wconf 86' lang='lat' dir='ltr'><strong>illud?</strong></span> <span class='ocrx_word' id='word_1_874' title='bbox 2725 5187 2851 5226; x_wconf 91' lang='lat' dir='ltr'><strong>num</strong></span> <span class='ocrx_word' id='word_1_875' title='bbox 2877 5175 3154 5242; x_wconf 84' lang='lat' dir='ltr'><strong>expensa?</strong></span> <span class='ocrx_word' id='word_1_876' title='bbox 3179 5175 3291 5230; x_wconf 91' lang='lat' dir='ltr'><strong>lmo</strong></span> <span class='ocrx_word' id='word_1_877' title='bbox 3313 5188 3604 5244; x_wconf 67' lang='lat' dir='ltr'><strong>proventus</strong></span> 
     </span>
    </p>
   </div>
   <div class='ocr_carea' id='block_1_111' title="bbox 2006 5259 3607 5331">
    <p class='ocr_par' dir='ltr' id='par_1_111' title="bbox 2006 5259 3607 5331">
     <span class='ocr_line' id='line_1_111' title="bbox 2006 5259 3607 5331; baseline 0.006 -18"><span class='ocrx_word' id='word_1_878' title='bbox 2006 5268 2060 5313; x_wconf 82' lang='lat' dir='ltr'><strong>et</strong></span> <span class='ocrx_word' id='word_1_879' title='bbox 2086 5259 2392 5328; x_wconf 86' lang='lat' dir='ltr'><strong>negotiatio.</strong></span> <span class='ocrx_word' id='word_1_880' title='bbox 2421 5259 2518 5322; x_wconf 82' lang='lat' dir='ltr'><strong>Ubi</strong></span> <span class='ocrx_word' id='word_1_881' title='bbox 2545 5261 2686 5313; x_wconf 90' lang='lat' dir='ltr'><strong>enim</strong></span> <span class='ocrx_word' id='word_1_882' title='bbox 2717 5276 2899 5316; x_wconf 87' lang='lat' dir='ltr'><strong>semen</strong></span> <span class='ocrx_word' id='word_1_883' title='bbox 2926 5263 3138 5331; x_wconf 85' lang='lat' dir='ltr'><strong>jacitur,</strong></span> <span class='ocrx_word' id='word_1_884' title='bbox 3168 5265 3236 5318; x_wconf 87' lang='lat' dir='ltr'><strong>ibi</strong></span> <span class='ocrx_word' id='word_1_885' title='bbox 3267 5271 3454 5322; x_wconf 88' lang='lat' dir='ltr'><strong>messis</strong></span> <span class='ocrx_word' id='word_1_886' title='bbox 3475 5279 3607 5324; x_wconf 80' lang='lat' dir='ltr'><strong>con-</strong></span> 
     </span>
    </p>
   </div>
   <div class='ocr_carea' id='block_1_112' title="bbox 2008 5349 3600 5426">
    <p class='ocr_par' dir='ltr' id='par_1_112' title="bbox 2008 5349 3600 5426">
     <span class='ocr_line' id='line_1_112' title="bbox 2008 5349 3600 5426; baseline 0.008 -24"><span class='ocrx_word' id='word_1_887' title='bbox 2008 5349 2246 5419; x_wconf 87' lang='lat' dir='ltr'><strong>sequitur</strong></span> <span class='ocrx_word' id='word_1_888' title='bbox 2280 5367 2291 5402; x_wconf 95' lang='lat'><strong>:</strong></span> <span class='ocrx_word' id='word_1_889' title='bbox 2323 5349 2410 5403; x_wconf 90' lang='lat' dir='ltr'><strong>ubi</strong></span> <span class='ocrx_word' id='word_1_890' title='bbox 2438 5364 2622 5404; x_wconf 87' lang='lat' dir='ltr'><strong>semen</strong></span> <span class='ocrx_word' id='word_1_891' title='bbox 2643 5391 2659 5415; x_wconf 96' lang='lat'><strong>,</strong></span> <span class='ocrx_word' id='word_1_892' title='bbox 2692 5351 2763 5406; x_wconf 91' lang='lat' dir='ltr'><strong>ibi</strong></span> <span class='ocrx_word' id='word_1_893' title='bbox 2791 5362 2846 5407; x_wconf 90' lang='lat' dir='ltr'><strong>et</strong></span> <span class='ocrx_word' id='word_1_894' title='bbox 2870 5355 3242 5424; x_wconf 86' lang='lat' dir='ltr'><strong>multiplicatio</strong></span> <span class='ocrx_word' id='word_1_895' title='bbox 3263 5359 3299 5410; x_wconf 82' lang='lat'><strong>&#39;.</strong></span> <span class='ocrx_word' id='word_1_896' title='bbox 3335 5359 3410 5412; x_wconf 86' lang='lat' dir='ltr'><strong>Tu</strong></span> <span class='ocrx_word' id='word_1_897' title='bbox 3440 5376 3600 5426; x_wconf 84' lang='lat' dir='ltr'><strong>vero,</strong></span> 
     </span>
    </p>
   </div>
   <div class='ocr_carea' id='block_1_113' title="bbox 2017 5567 3610 5692">
    <p class='ocr_par' dir='ltr' id='par_1_113' title="bbox 2017 5567 3610 5692">
     <span class='ocr_line' id='line_1_113' title="bbox 2017 5567 3610 5679; baseline 0.005 -63"><span class='ocrx_word' id='word_1_898' title='bbox 2017 5628 2063 5676; x_wconf 58' lang='grc' dir='ltr'>ιο</span> <span class='ocrx_word' id='word_1_899' title='bbox 2079 5568 2394 5679; x_wconf 45' lang='grc' dir='ltr'><strong>ίηξθι·ὶι.ὧ;ψὶ</strong></span> <span class='ocrx_word' id='word_1_900' title='bbox 2417 5568 2690 5630; x_wconf 73' lang='lat' dir='ltr'><strong>negotiatio,</strong></span> <span class='ocrx_word' id='word_1_901' title='bbox 2717 5567 2788 5619; x_wconf 80' lang='lat' dir='ltr'><strong>ibi</strong></span> <span class='ocrx_word' id='word_1_902' title='bbox 2809 5575 2855 5620; x_wconf 87' lang='lat' dir='ltr'><strong>et</strong></span> <span class='ocrx_word' id='word_1_903' title='bbox 2878 5568 3192 5631; x_wconf 80' lang='lat' dir='ltr'><strong>abundantia,</strong></span> <span class='ocrx_word' id='word_1_904' title='bbox 3221 5573 3266 5621; x_wconf 88' lang='lat' dir='ltr'><strong>id</strong></span> <span class='ocrx_word' id='word_1_905' title='bbox 3282 5574 3409 5635; x_wconf 84' lang='lat' dir='ltr'><strong>quod</strong></span> <span class='ocrx_word' id='word_1_906' title='bbox 3435 5575 3484 5624; x_wconf 87' lang='lat' dir='ltr'><strong>in</strong></span> <span class='ocrx_word' id='word_1_907' title='bbox 3504 5569 3610 5624; x_wconf 80' lang='lat' dir='ltr'><strong>nul-</strong></span> 
     </span>
     <span class='ocr_line' id='line_1_114' title="bbox 2089 5645 2367 5692; baseline -0.004 -15"><span class='ocrx_word' id='word_1_908' title='bbox 2089 5661 2095 5677; x_wconf 77' lang='lat'><strong>.</strong></span> <span class='ocrx_word' id='word_1_909' title='bbox 2158 5645 2266 5692; x_wconf 67' lang='lat' dir='ltr'><strong>.rvt.</strong></span> <span class='ocrx_word' id='word_1_910' title='bbox 2301 5667 2304 5672; x_wconf 81' lang='lat'><strong>.</strong></span> <span class='ocrx_word' id='word_1_911' title='bbox 2335 5645 2367 5678; x_wconf 90' lang='grc' dir='ltr'><strong>ι.</strong></span> 
     </span>
    </p>
   </div>
  </div>
