4140 6298
638 361 698 417 ΕΙ
1329 361 1386 418 S.
1423 362 1705 419 JOANNIS
1740 355 2220 421 CHRYSOSTOMI
2259 359 2574 416 AliCl‘llEP.
2615 351 3157 411 CONSTARTINOP.
3779 349 3852 404 62

632 476 679 530 si
704 482 902 528 terram
925 472 1154 528 haberes
1177 472 1430 542 pinguem
1452 484 1508 529 et
1529 473 1784 540 fertilem,
1809 490 1929 545 qua:
1950 475 2182 544 plurima

631 573 818 633 posset
847 563 1096 632 excipere
1125 564 1352 626 semina,
1387 564 1532 617 illam
1561 565 1790 628 celeres,
1821 579 1884 617 ac
1908 579 2028 632 quae
2049 578 2182 630 sup-

631 646 880 721 peterent
897 667 1194 722 spargeres.
1218 661 1276 707 et
1293 653 1361 706 ab
1381 655 1500 707 aliis
1520 653 1862 707 commodato
1883 653 2179 721 acciperes,

631 741 1125 810 parcimoniamque
1164 757 1228 795 ea
1271 743 1325 795 in
1357 757 1414 796 re
1444 742 1830 796 detrimentum
1871 755 1991 796 esse
2020 752 2181 811 puta-

624 842 719 881 res
753 846 764 878 :
793 836 846 881 at
877 843 1000 882 cum
1032 831 1222 884 caelum
1251 832 1429 884 colere
1462 845 1599 898 opus
1626 839 1731 892 est,
1761 832 1896 885 nulli
1924 831 2066 886 aeris
2094 832 2182 884 in-
2236 899 2239 903 Α

629 921 908 987 temperiei
933 932 1250 982 onnoxmm,
1275 933 1368 973 seu
1394 933 1516 973 cum
1546 921 1753 976 faenore
1779 921 2016 975 maximo
2036 924 2180 991 iacta

627 1009 833 1062 semina
861 1009 1222 1070 redditurum,
1257 1009 1436 1077 segnis
1463 1024 1541 1072 es,
1573 1009 1794 1078 refugis,
1827 1024 2003 1078 neque
2031 1008 2177 1078 cogi-

626 1105 729 1159 tas,
776 1113 932 1166 parce
975 1107 1234 1168 agentem
1283 1101 1534 1168 perdere,
1584 1097 1787 1154 affatim
1838 1109 2176 1170 spargentem

625 1186 858 1240 multum
893 1188 1118 1241 lucrari.
1168 1188 1424 1257 Disperge
1473 1188 1676 1255 itaque,
1726 1203 1792 1242 ne
1832 1187 2060 1257 perdas;
2109 1203 2179 1242 ne

625 1276 819 1337 retine,
849 1284 907 1328 ut
934 1276 1202 1341 retineas;
1230 1278 1451 1346 projice,
1482 1286 1541 1329 ut
1564 1277 1872 1342 custodias;
1902 1277 2175 1346 impende,

626 1368 963 1429 uulnereris.
989 1367 1143 1432 Quod
1168 1368 1213 1421 si
1242 1382 1461 1421 servare
1489 1365 1578 1420 illa
1603 1376 1870 1435 oporteat,
1900 1383 1968 1420 ne
1992 1383 2178 1422 serves

623 1473 681 1517 tu
717 1481 730 1515 :
767 1478 891 1516 nam
922 1459 1269 1531 iliaprorsus
1293 1443 1606 1526 perditurus
1633 1472 1693 1510 es
1715 1473 1729 1521 ;
1753 1458 1847 1512 sed
1878 1457 1989 1512 Deo
2023 1473 2177 1512 com~

622 1553 807 1606 mittas
838 1568 851 1604 :
887 1552 1012 1606 inde
1047 1562 1301 1619 namque.
1319 1561 1480 1600 nemo
1505 1546 1759 1614 abripiet.
1792 1547 1869 1600 Ne
1913 1557 1972 1600 tu
2007 1562 2178 1617 nego-

621 1641 804 1705 tieris;
839 1643 1018 1694 nescis
1043 1641 1242 1708 quippe
1271 1636 1471 1692 lucrari
1502 1652 1514 1686 :
1544 1634 1644 1697 sed
1679 1637 1968 1694 maximam
2008 1636 2176 1702 tctius

618 1740 827 1800 partem
859 1730 1054 1784 femori
1086 1731 1214 1784 dato
1248 1729 1298 1782 ei
1332 1728 1423 1796 qui
1455 1741 1674 1782 usuram
1711 1725 1808 1781 tibi
1844 1726 2172 1794 praebiturus

618 1827 721 1874 est.
741 1819 818 1874 lbi
847 1820 1024 1875 {mnus
1046 1820 1270 1879 colloca,
1298 1817 1391 1872 ubi
1419 1820 1566 1882 nulla
1592 1817 1813 1880 invidia,
1835 1817 1982 1871 nulla
2007 1831 2170 1870 accu-

619 1908 776 1970 satio,
817 1909 978 1962 nullae
1007 1908 1234 1969 insidiae,
1276 1908 1440 1961 timor
1477 1907 1679 1960 nullus.
1722 1905 1937 1960 Foenori
1964 1907 2090 1960 dato
2119 1907 2170 1960 ei

619 2000 714 2068 qui
742 1998 891 2052 nullo
921 1998 1146 2067 indiget,
1176 2008 1232 2051 et
1260 2006 1484 2066 propter
1511 2006 1562 2051 te
1596 2009 1776 2051 tamen
1808 2012 1946 2065 opus
1970 1997 2167 2062 habet;

616 2087 668 2139 ei
701 2087 795 2154 qui
825 2084 1014 2140 omnes
1037 2087 1156 2147 alit,
1197 2097 1252 2139 et
1277 2087 1468 2149 esurit,
1506 2100 1574 2140 ne
1608 2095 1662 2139 tu
1697 2086 1838 2139 fame
1864 2086 2167 2154 premeris;

616 2174 666 2230 ei
689 2174 780 2242 qui
811 2187 1013 2243 pauper
1037 2173 1265 2229 eﬂectus
1290 2184 1394 2238 est,
1419 2183 1478 2228 ut
1500 2185 1558 2230 tu
1580 2173 1835 2240 ditescas.
1866 2174 2067 2229 Faenus
2091 2174 2166 2228 ibi

616 2264 869 2327 colloces,
915 2258 1055 2318 unde
1091 2279 1202 2318 non
1232 2273 1486 2331 mortem,
1521 2264 1617 2318 sed
1659 2265 1827 2318 vitam
1857 2277 1957 2333 pro
1993 2276 2168 2319 morte

617 2358 671 2410 in
717 2357 950 2411 fructum
1003 2357 1288 2426 percipies.
1344 2356 1468 2410 Haec
1518 2356 1722 2411 femora
1777 2370 2023 2424 regnum,
2075 2357 2167 2409 illa

615 2443 917 2512 gehennam
969 2446 1229 2513 pariunt:
1261 2445 1374 2498 haec
1428 2445 1575 2498 enim
1626 2445 1694 2497 ad
1736 2445 2039 2508 avaritiam,
2078 2444 2170 2500 illa

616 2532 684 2588 ad
748 2533 1145 2603 philosophiam
1200 2535 1526 2603 pertinent:
1586 2534 1678 2587 illa
1732 2533 2112 2588 crudelitatem
2148 2574 2163 2597 ,

616 2622 732 2675 haec
794 2622 1181 2678 humanitatem
1253 2631 1504 2688 arguunt.
1557 2621 1730 2687 Quam
1795 2622 2166 2678 defensionem

614 2712 953 2777 habebimus,
999 2714 1042 2766 si
1093 2729 1218 2768 cum
1266 2712 1540 2782 possimus
1589 2712 1741 2781 plura
1788 2712 2057 2781 accipere,
2101 2727 2167 2768 ac

614 2808 732 2853 tuto
761 2800 925 2868 inque
966 2809 1206 2870 tempore
1247 2808 1576 2870 opportuno,
1604 2813 1728 2854 cum
1766 2799 2020 2855 libertate
2048 2817 2158 2857 ma-

613 2901 756 2956 gna,
810 2889 912 2942 tuti
964 2889 1033 2942 ab
1085 2889 1422 2958 opprobriis,
1484 2889 1801 2951 timoribus,
1864 2890 2164 2957 periculis;

612 2972 718 3028 hoc
745 2974 967 3030 dimisso
997 2975 1182 3042 lucro,
1225 2977 1316 3031 illa
1347 2977 1702 3045 insequamur
1743 2976 1950 3045 turpia,
1992 2979 2129 3032 levia
2151 3018 2165 3041 ,

612 3062 843 3127 fallacia,
886 3063 1050 3130 ﬂuxa,
1078 3080 1200 3135 qua:
1239 3081 1340 3121 nos
1375 3066 1432 3120 in
1463 3065 1737 3120 fornacem
1763 3065 2039 3134 ingentem
2074 3067 2169 3120 de-

607 3150 799 3222 iiciant
819 3153 842 3205 2

680 3238 876 3297 Contra
908 3260 1144 3299 usuram.
1175 3275 1245 3286 --
1272 3245 1418 3300 Nihil
1455 3246 1622 3311 enim,
1658 3245 1793 3300 nihil
1840 3254 1986 3300 certe
2029 3261 2169 3315 prte-

2283 464 2425 527 senti
2449 485 2612 526 usura
2639 467 2876 536 turpius,
2895 466 3034 520 nihil
3054 463 3351 520 crudelius.
3370 461 3510 519 Nam
3533 457 3849 528 huiusmodi

2283 560 2579 614 fenerator
2624 557 2681 611 in
2726 556 2959 610 aliorum
3009 553 3376 606 calamitatem
3420 549 3750 618 negotiatur,
3789 557 3849 602 et

2281 658 2610 719 proventum
2637 647 2739 702 sibi
2779 652 2932 714 parat
2958 657 3024 696 ex
3053 641 3284 695 aliorum
3322 639 3664 704 infelicitate,
3697 653 3847 691 mer-

2282 739 2581 809 cedemque
2628 735 2984 791 humanitatis
3026 733 3194 801 exigit
3227 749 3251 787 :,
3273 747 3336 784 ac
3379 730 3548 783 veluti
3595 736 3848 783 metuens

2282 834 2350 882 he
2391 827 2778 882 immisericors
2818 831 3096 893 appareat,
3141 818 3500 888 benignitatis
3541 816 3723 884 specie
3766 816 3851 869 fo-

2281 934 2435 972 veam
2467 915 2874 988 profundiorem
2908 913 3062 976 fodit,
3091 912 3330 978 dumque
3359 907 3467 962 fert
3495 922 3676 976 opem,
3707 921 3846 974 pau-

2280 1024 2467 1079 perem
2505 1005 2787 1077 Opprimit,
2828 1004 2960 1057 dum
2994 1017 3217 1057 manum
3261 999 3512 1070 porrigit,
3545 997 3752 1066 deiicit,
3782 1011 3850 1050 ac

2280 1099 2409 1151 dum
2442 1096 2598 1166 quasi
2635 1096 2689 1147 in
2722 1101 2938 1162 portum
2968 1091 3239 1159 recipere;
3260 1083 3498 1149 videtur,
3531 1087 3588 1140 in
3617 1087 3845 1139 naufra-

2279 1187 2449 1256 gium,
2497 1184 2552 1236 in
2592 1183 2876 1251 sc0pulum
2905 1188 2960 1234 et
2988 1179 3044 1232 in
3086 1194 3214 1232 saxa
3242 1176 3466 1230 latentia
3500 1174 3706 1243 deiicit.
3734 1171 3844 1228 Sed

2277 1275 2409 1344 quid
2438 1274 2676 1343 quaeris?
2708 1272 2964 1342 inquies;
3001 1285 3067 1323 an
3103 1278 3167 1322 ut
3203 1268 3487 1321 collectam
3528 1265 3842 1334 pecuniam,

2278 1365 2412 1420 mihi
2455 1364 2664 1428 utilem,
2707 1362 2862 1417 alteri
2896 1361 2948 1414 in
2992 1374 3148 1414 usum
3184 1358 3329 1420 dem,
3375 1370 3476 1410 nec
3506 1355 3671 1408 ullam
3713 1354 3844 1408 inde

2278 1454 2582 1510 mercedem
2616 1452 2940 1521 reposcam?
2973 1450 3128 1504 Absit
3157 1467 3170 1501 :
3207 1463 3316 1501 non
3359 1447 3436 1499 ita
3461 1447 3660 1514 loquor
3686 1462 3701 1510 ;
3731 1445 3844 1498 imo
3872 1474 3880 1480 -

2277 1547 2438 1614 cupio
2478 1554 2530 1598 te
2570 1542 2702 1596 hinc
2741 1541 3047 1596 mercedem
3089 1539 3358 1607 accipere,
3399 1551 3509 1589 non
3548 1535 3712 1589 vilem
3747 1545 3844 1588 aut

2276 1635 2546 1704 exiguam,
2583 1633 2680 1687 sed
2713 1632 2884 1685 multo
2911 1628 3170 1698 maiorem
3201 1644 3215 1679 :
3248 1641 3348 1696 pro
3377 1640 3513 1680 auro
3549 1633 3604 1678 te
3645 1626 3839 1679 caelum

2279 1726 2335 1778 in
2369 1738 2592 1778 usuram
2620 1722 2868 1791 accipere
2898 1719 3042 1774 volo.
3069 1718 3181 1773 Cur
3208 1731 3339 1787 ergo
3370 1725 3422 1770 te
3461 1715 3517 1769 in
3544 1724 3842 1784 pauperta-

2281 1824 2387 1868 tem
2417 1812 2635 1882 redigis,
2683 1811 2814 1864 dum
2844 1810 2898 1863 in
2936 1819 3079 1863 terra
3111 1805 3392 1865 volutatis,
3431 1812 3487 1859 et
3536 1819 3701 1875 parva
3739 1817 3839 1870 pro

2277 1904 2488 1973 magnis
2528 1900 2733 1971 exigis?
2778 1898 2917 1952 [llud
2967 1897 3113 1952 enim
3163 1906 3250 1951 est
3289 1895 3422 1964 quid
3475 1895 3584 1947 sint
3629 1893 3840 1947 divitiae

2277 1995 2509 2049 nescire.
2539 1992 2676 2046 Cum
2716 1991 2858 2043 Deus
2885 2003 2985 2057 pro
3022 1987 3234 2055 exiguis
3265 1986 3373 2039 illis
3415 1984 3666 2053 pecuniis
3693 1983 3840 2037 bona

2279 2082 2374 2135 tibi
2403 2080 2636 2135 calestia
2650 2076 2939 2147 promittit,
2968 2086 3024 2128 tu
3048 2089 3178 2128 vero
3200 2073 3358 2133 dicis,
3378 2071 3461 2125 Ne
3484 2072 3621 2125 mihi
3643 2071 3838 2124 caelum

2273 2171 2511 2232 dederis,
2551 2168 2647 2222 sed
2673 2182 2772 2236 pro
2801 2167 2931 2221 caelo
2953 2179 3145 2218 aurum
3175 2162 3307 2216 illud
3343 2163 3647 2230 periturum
3675 2178 3688 2212 :
3726 2159 3833 2213 hoc

2273 2271 2357 2315 est
2381 2259 2517 2314 velle
2547 2259 2605 2313 in
2631 2257 2890 2328 pauperie
2919 2269 3161 2309 manere.
3202 2253 3280 2306 lta
3312 2253 3406 2320 qui
3430 2266 3588 2305 veras
3614 2250 3840 2304 divitias

2275 2350 2632 2418 concupiscit,
2675 2349 2722 2402 is
2750 2346 3025 2401 manentia
3063 2358 3163 2413 pro
3198 2342 3480 2411 perituris,
3513 2340 3839 2394 inexhausta

2277 2453 2377 2508 pro
2420 2436 2598 2500 ﬂuxis,
2642 2435 2812 2489 multa
2857 2449 2957 2501 pro
2993 2432 3202 2501 paucis,
3249 2428 3689 2498 incorruptibilia
3737 2443 3838 2497 pro

2275 2518 2720 2595 corruptibilihus
2765 2525 2927 2592 eliget
2957 2532 3051 2575 :et
3093 2523 3172 2576 sic
3202 2520 3290 2573 illa
3320 2521 3484 2574 etiam
3512 2529 3836 2587 sequentur.

2273 2619 2406 2673 Nam
2429 2618 2522 2686 qui
2545 2624 2745 2670 terram
2775 2621 2900 2667 ante
2929 2613 3118 2667 (malum
3139 2611 3352 2681 quaerit.
3380 2611 3449 2663 ah
3489 2611 3579 2664 illa
3610 2625 3840 2678 prorsus

2272 2705 2487 2760 excidet
2515 2721 2529 2757 :
2565 2701 2660 2772 qui
2702 2711 2884 2755 autem
2911 2700 3102 2753 caelum
3140 2708 3295 2752 terrae
3322 2695 3646 2765 praetulerit,
3678 2706 3833 2749 utro-

2271 2810 2377 2865 que
2407 2808 2572 2863 supra
2597 2791 2818 2847 modum
2843 2791 3075 2844 fruetur.
3113 2787 3268 2853 Quod
3311 2796 3370 2840 ut
3408 2800 3836 2854 consequamur,

2272 2889 2558 2956 praesentia
2580 2886 2763 2940 omnia
2784 2889 3218 2943 contemnentes,
3247 2879 3430 2933 futura
3458 2879 3598 2933 bona
3623 2877 3834 2948 deliga-

2273 2991 2415 3031 mus.
2444 2975 2521 3030 ita
2549 2975 2696 3029 enim
2729 2982 2784 3028 et
2816 2974 2903 3027 his
2932 2983 2989 3027 et
3015 2972 3121 3025 illis
3151 2971 3414 3034 fruemur,
3445 2970 3615 3039 gratia
3649 2977 3706 3022 et
3740 2968 3842 3022 be-

2272 3064 2536 3133 nignitate
2561 3063 2777 3117 Domini
2807 3061 2982 3114 nostri
3006 3061 3134 3114 Jesu
3159 3057 3362 3112 Christi
3400 3074 3413 3108 :
3448 3056 3534 3110 cui
3577 3054 3750 3126 gloria
3779 3067 3840 3110 et

2274 3154 2564 3209 imperium
2590 3152 2646 3206 in
2670 3151 2866 3206 saecula
2895 3149 3237 3204 saeculorum.
3265 3149 3461 3201 Amen.

1978 3873 2327 3935 HOMILIA
2369 3873 2472 3934 VI.

608 4164 733 4221 CAP.
769 4167 834 4220 ll.
865 4183 918 4221 v.
952 4168 1001 4220 l.
1046 4165 1179 4220 Cum
1219 4173 1372 4217 natus
1424 4171 1549 4214 esset
1587 4159 1736 4214 Iesus
1781 4163 1837 4214 in
1870 4159 2164 4215 Bethlehem

678 4255 875 4311 ludam:
899 4257 954 4307 in
973 4255 1150 4308 diebus
1167 4253 1386 4307 Herodis
1411 4253 1563 4320 regis,
1586 4266 1698 4302 ecce
1715 4253 1855 4320 magi
1887 4252 1950 4304 ab
1971 4253 2165 4304 oriente

677 4357 928 4402 uenerunt
970 4345 1374 4415 Jerosolymam,
1402 4343 1455 4396 2.
1497 4342 1721 4396 dii-entes
1755 4360 1771 4395 :
1815 4342 1909 4396 Ubi
1948 4354 2031 4396 est
2075 4345 2164 4413 qui

681 4446 835 4491 natus
865 4446 940 4491 est
971 4453 1064 4490 rex
1089 4436 1396 4490 Judworum
1426 4433 1451 4486 ?
1499 4433 1728 4486 Vidimus
1774 4435 1912 4486 enim
1954 4433 2164 4487 stellam

678 4527 791 4595 ejus
817 4525 871 4578 in
905 4525 1122 4587 oriente,
1149 4531 1198 4575 et
1225 4524 1457 4576 venimus
1491 4523 1716 4575 adorare
1744 4537 1879 4575 eum.

681 4697 1010 4768 Refelluntur
1030 4701 1069 4752 ii
1100 4698 1189 4768 qui
1225 4714 1287 4752 ea:
1316 4698 1474 4752 stella
1523 4713 1800 4762 magorum
1841 4702 2163 4754 occasionem

613 4792 937 4862 arripiebant
997 4790 1339 4859 astrologiam
1393 4789 1678 4841 asserendi.
1705 4819 1772 4828 -—
1797 4789 1964 4843 Multa
2004 4791 2163 4845 nobis

611 4896 749 4951 opus
773 4890 857 4935 est
885 4882 1181 4950 vigilantia.
1207 4880 1394 4934 multis
1422 4880 1694 4948 precibus,
1742 4891 1803 4932 ut
1835 4891 2157 4949 praesentem

612 4970 791 5026 locum
845 4971 1116 5039 explicare
1158 4969 1449 5039 possimus,
1501 4984 1566 5022 ac
1620 4971 1760 5025 scire
1801 4970 1897 5039 qui
1941 4974 2052 5026 sint
2101 4971 2158 5025 hi

611 5058 774 5130 magi,
805 5055 971 5120 unde,
1001 5057 1294 5127 quomodo,
1327 5066 1384 5111 et
1417 5073 1527 5126 quo
1555 5056 1832 5113 suadente
1856 5063 2104 5115 venerint
2141 5078 2156 5125 ;

611 5153 669 5201 et
695 5160 940 5215 quamam
969 5144 1060 5199 illa
1096 5145 1249 5200 stella
1273 5145 1458 5199 fuerit.
1491 5145 1603 5199 lmo
1648 5145 1812 5200 etiam
1837 5185 1852 5209 ,
1883 5147 1927 5200 si
1952 5148 2119 5201 vultis
2141 5187 2156 5212 ,

611 5249 677 5289 ea
706 5235 940 5304 primum
992 5236 1048 5288 in
1100 5235 1337 5288 medium
1383 5234 1754 5298 adducamus,
1802 5250 1925 5302 qua:
1965 5236 2158 5291 dicunt

611 5321 857 5376 veritatis
896 5322 1125 5376 inimici.
1159 5322 1371 5375 Etenim
1395 5337 1565 5389 usque
1591 5322 1728 5376 adeo
1756 5321 2004 5376 diabolus
2031 5324 2153 5377 illos

615 5412 835 5475 amavit,
869 5421 926 5466 ut
951 5413 1074 5467 inde
1104 5413 1226 5466 illos
1253 5428 1401 5466 arma
1442 5420 1629 5465 contra
1673 5413 1959 5466 veritatem
1996 5414 2159 5467 mini-

613 5514 786 5557 strare
822 5504 1128 5557 tentaverit.
1183 5503 1321 5566 Quid
1375 5504 1540 5566 igitur
1585 5504 1812 5558 dicunt?
1867 5505 2024 5570 Ecce,
2075 5506 2156 5559 in-

2262 4161 2477 4229 quiunt,
2506 4161 2726 4218 Christo
2770 4177 2901 4220 nato
2940 4168 3095 4222 stella
3145 4171 3439 4239 apparuit,
3493 4172 3641 4241 quod
3692 4188 3833 4230 sane

2263 4250 2475 4318 signum
2530 4263 2612 4306 est
2653 4257 3000 4326 astrologiam
3043 4273 3225 4312 veram
3275 4275 3395 4313 esse
3444 4260 3822 4331 disciplinam.

2260 4339 2541 4405 Quomodo
2584 4358 2713 4413 ergo
2751 4347 2797 4401 si
2843 4347 2937 4400 illo
2986 4349 3095 4402 ritu
3153 4358 3208 4403 et
3255 4351 3419 4404 modo
3482 4363 3648 4407 natus
3691 4363 3777 4408 est
3807 4394 3824 4419 ,

2261 4429 2604 4498 astrologiam
2644 4434 2822 4494 solvit.
2863 4435 3036 4490 fatum
3068 4438 3310 4502 sustulit,
3363 4439 3672 4494 daemonum
3719 4457 3821 4497 ora

2260 4516 2554 4583 obturavit,
2595 4535 2838 4576 errorem
2873 4526 3101 4592 expulit,
3129 4535 3183 4580 et
3205 4543 3399 4581 omnes
3427 4529 3810 4598 hujuscemodi

2261 4609 2560 4678 praestigias
2609 4611 2944 4666 eliminavit?
2989 4613 3276 4678 Quomodo
3319 4616 3489 4669 etiam
3528 4619 3668 4688 magi
3702 4633 3804 4687 per

2260 4696 2569 4765 huiusmodi
2602 4700 2810 4753 stellam
2840 4703 3092 4757 ediscunt
3127 4705 3306 4774 ipsum
3342 4720 3463 4760 esse
3502 4723 3684 4776 regem
3713 4710 3815 4764 Ju-

2259 4787 2546 4843 daeorum?
2596 4807 2720 4846 cum
2775 4806 2924 4849 certe
2975 4811 3084 4848 non
3145 4796 3461 4865 huiusmodi
3514 4801 3665 4868 regni
3719 4816 3818 4857 rex

2258 4891 2421 4944 esset,
2453 4889 2511 4934 ut
2545 4881 2659 4950 ipse
2701 4883 2874 4938 Pilato
2906 4886 3122 4941 dicebat
3153 4903 3166 4938 :
3197 4885 3434 4957 Regnum
3481 4905 3654 4943 meum
3711 4907 3818 4946 non

2259 4979 2333 5022 est
2361 4971 2423 5024 de
2449 4973 2544 5024 hoc
2570 4976 2760 5025 mundo
2788 4975 2966 5045 (Joan.
3005 4976 3090 5030 18.
3113 4976 3225 5042 56).
3270 4975 3418 5031 Nihil
3468 4979 3670 5048 quippe
3707 4981 3818 5038 talo

2257 5063 2581 5116 monstravit
2633 5080 2645 5115 :
2705 5079 2815 5118 non
2862 5065 3126 5132 hastatos,
3167 5082 3277 5122 non
3333 5069 3611 5138 clypeatos
3641 5110 3656 5134 ,
3701 5087 3818 5126 non

2257 5165 2448 5219 equos,
2478 5167 2588 5206 non
2623 5155 2897 5208 mulorum
2927 5156 3139 5226 iugum,
3190 5172 3370 5226 neque
3399 5158 3681 5228 quidpiam
3734 5162 3818 5216 si—

2258 5240 2384 5294 mile
2430 5241 2637 5295 circum
2687 5259 2745 5297 se
2795 5244 3027 5309 habuit;
3078 5245 3173 5300 sed
3217 5247 3382 5301 vilem
3430 5257 3485 5302 et
3517 5264 3817 5319 pauperem

2265 5329 2423 5385 vitam
2471 5332 2698 5400 agebat,
2751 5333 3041 5387 duodecim
3103 5344 3312 5388 tantum
3378 5337 3566 5402 viros,
3607 5354 3814 5409 eosque

2261 5417 2722 5495 despicatissimos
2778 5421 3219 5476 circumducens.
3282 5421 3387 5475 Sed
3450 5425 3684 5488 etiamsi;
3729 5426 3816 5497 ip-

2263 5521 2380 5560 sum
2443 5508 2649 5562 scirent
2720 5525 2840 5565 esse
2913 5527 3143 5580 regem,
3203 5525 3302 5565 cur
3365 5513 3584 5569 tandem
3655 5515 3813 5571 illum
