4140 6298
241 337 314 391 65
1421 341 1486 393 ΙΝ
1522 339 1824 393 MA'I'TIIA‘.‘

1925 343 1930 387 ι
1971 340 2198 392 llUMlL.
2246 342 2328 392 vi.
3461 340 3533 396 ﬁt

242 443 478 495 adeunt“!
502 442 687 513 Neque
708 445 849 497 cnim
876 445 1001 497 illud
1027 455 1406 501 astrouonuam
1434 460 1659 518 spectat,
1691 460 1747 504 ut
1772 469 1837 505 ex

240 530 416 584 stellis
440 540 833 601 cognoscantur
862 533 894 585 ii
922 534 1011 603 qui
1052 544 1341 590 nasctmtur
1365 553 1379 601 ;
1409 538 1504 591 scd
1530 547 1587 591 ut
1612 554 1673 592 ex
1705 540 1835 594 liora

238 633 349 685 qua
380 629 703 686 nascuntur,
738 622 1159 690 praenunticntur
1181 639 1246 679 ea
1272 639 1390 693 qua:
1431 625 1559 694 ipsis
1583 637 1836 682 eventum

237 717 391 773 sunt,
415 709 491 762 uti
520 710 736 778 quidem
765 723 1002 766 narrant.
1030 712 1093 767 lli
1125 728 1253 769 vero
1271 729 1444 784 neque
1467 716 1693 784 parieuti
1718 734 1834 773 tua-

238 800 313 851 tri
342 800 605 864 aderant,
634 815 805 870 neque
843 810 1053 872 tempus
1081 815 1342 860 noverant
1359 821 1509 881 ,quo
1534 816 1691 861 natus
1715 818 1798 863 est
1818 850 1831 872 ,

238 904 420 958 neque
446 890 570 945 inde
596 889 749 945 initio
771 892 951 960 ducto,
979 886 1043 950 es
1070 896 1342 951 Stellarum
1364 908 1511 954 motu
1532 914 1653 970 qua:
1671 916 1831 956 even-

237 987 357 1031 tura
378 988 536 1033 erant
558 981 923 1048 pra‘dixcruut
945 1001 959 1037 :
982 983 1077 1040 sed
1106 999 1138 1040 e
1163 988 1452 1051 contrario,
1474 1003 1598 1043 cuiu
1623 992 1831 1045 stellam

232 1066 409 1121 multo
445 1078 571 1123 ante
607 1080 846 1141 tempore
879 1074 931 1127 in
974 1076 1189 1144 regione
1222 1091 1318 1131 sua
1350 1077 1636 1149 fulgentem
1664 1081 1827 1134 vidis-

230 1170 356 1216 sent
376 1202 394 1227 ,
423 1172 605 1218 natum
645 1166 812 1222 visuri
848 1170 1109 1227 accedunt
1138 1192 1154 1229 ;
1184 1176 1331 1243 quod
1370 1166 1502 1233 sane
1537 1179 1830 1247 majoribus

227 1252 524 1307 obnoxium
551 1249 949 1315 difficultatibus
977 1271 1080 1325 est,
1109 1279 1270 1333 quam
1296 1265 1349 1320 id
1378 1268 1519 1337 quod
1556 1268 1827 1339 pmcedit.

227 1340 489 1405 Quantam
531 1343 652 1398 illos
697 1346 836 1400 ratio
880 1351 1095 1405 movit?
1136 1367 1243 1422 qua
1279 1367 1377 1423 spe
1415 1354 1528 1409 fulti
1571 1367 1826 1413 ex'tanto

228 1441 497 1487 terrarum
545 1436 720 1504 spatio
767 1438 1046 1495 adoratum
1085 1456 1270 1513 regem
1310 1447 1573 1500 veniunt?
1609 1447 1742 1502 Nam
1781 1450 1827 1504 si

225 1521 449 1590 quidem
479 1538 575 1578 rex
604 1524 841 1594 ipsorum
869 1528 1082 1585 futurus
1110 1541 1264 1599 erat,
1297 1549 1366 1589 ne
1394 1535 1473 1589 sic
1498 1536 1658 1590 etiam
1689 1551 1823 1591 con-

228 1620 516 1679 gruentem
544 1613 782 1671 habuere
810 1618 1091 1674 rationem.
1117 1620 1329 1678 Etenim
1357 1614 1403 1678 si
1430 1624 1484 1679 in
1513 1626 1673 1695 regiis
1697 1626 1827 1680 aedi-

226 1705 330 1758 bus
369 1712 529 1760 natus
571 1706 803 1777 fuisset,
846 1725 973 1782 rege
1013 1722 1168 1784 patre
1210 1711 1513 1786 priesente,
1552 1718 1674 1789 jure
1706 1721 1827 1789 quis

224 1792 450 1858 diceret,
486 1794 632 1863 ipsis
673 1807 728 1852 ut
760 1800 893 1867 patri
952 1804 1226 1871 placerent
1262 1815 1443 1861 natum
1474 1823 1699 1876 puerum
1730 1808 1827 1863 ad-

227 1885 495 1949 oraviSse,
531 1895 587 1940 ut
609 1886 710 1941 hoc
727 1890 1003 1958 prazmisso
1031 1894 1196 1958 cultu,
1227 1897 1369 1966 regis
1406 1899 1830 1954 benevolentiam

224 1973 331 2027 sibi
351 1975 725 2031 conciliarent.
746 1978 877 2033 Cum
900 1996 1028 2037 vero
1049 1985 1249 2039 scirent
1270 1987 1445 2054 ipsum
1468 2003 1648 2057 regem
1670 2003 1825 2044 suum

225 2077 340 2116 non
367 2078 492 2118 esse
530 2066 763 2120 futurum
783 2108 800 2132 ,
828 2069 922 2122 sed
952 2069 1143 2125 alienae
1170 2074 1345 2143 gentis
1365 2115 1382 2142 ,
1414 2090 1445 2129 a
1483 2077 1699 2147 regione
1726 2091 1823 2132 sua

226 2150 391 2221 longe
422 2164 666 2221 remoue,
699 2157 981 2228 ipsumque
1001 2160 1067 2214 ad
1088 2162 1187 2215 viri
1207 2172 1418 2218 aetatem
1444 2167 1680 2220 nondum
1704 2182 1827 2236 per-

224 2241 462 2306 venisse,
496 2259 594 2299 cur
621 2255 822 2300 tantam
864 2251 1698 2325 peregrinationemsuscipiunt,
1729 2272 1826 2312 cur

224 2334 367 2385 dona
398 2332 650 2400 afferunt,
682 2337 897 2403 quando
926 2342 1155 2395 maxime
1181 2356 1303 2396 cum
1335 2345 1576 2413 periculo
1605 2345 1720 2400 haec
1748 2347 1825 2399 fa-

223 2423 367 2476 cturi
408 2426 600 2478 erant?
638 2426 911 2496 Siquidem
955 2432 1055 2484 hoc
1092 2432 1273 2487 audito
1312 2433 1549 2490 Herodes
1581 2436 1824 2491 turbatus

224 2524 310 2568 est
334 2554 349 2577 ,
380 2515 625 2569 turbatus
665 2517 792 2572 item
834 2522 1059 2588 populus
1102 2532 1241 2578 totus
1266 2566 1280 2590 ,
1312 2539 1432 2579 cum
1475 2526 1591 2580 haec
1619 2542 1685 2581 ex
1722 2529 1824 2582 illis

224 2602 458 2657 audiret.
480 2605 569 2668 At,
600 2605 825 2674 inquies,
852 2609 965 2663 lta-c
991 2610 1065 2665 illi
1092 2626 1195 2666 non
1220 2615 1593 2683 prtesciebant.
1625 2617 1820 2671 Verum

224 2690 278 2745 id
304 2706 428 2745 cum
457 2696 661 2747 ratione
686 2705 902 2766 pugnat.
928 2698 1057 2752 Nam
1082 2702 1181 2755 etsi
1201 2703 1486 2758 admodum
1510 2706 1822 2774 insipientes

223 2780 494 2846 fuissent,
537 2785 784 2854 ignorare
826 2804 930 2841 non
976 2800 1252 2858 poterant,
1291 2808 1351 2848 se
1391 2795 1443 2860 in
1484 2797 1670 2851 urbem
1710 2797 1821 2867 regi

225 2871 496 2925 subditam
523 2874 816 2941 venientes,
846 2877 1076 2947 taliaque
1101 2883 1428 2947 nuntiantes,
1460 2883 1729 2954 aliumque
1753 2885 1822 2940 ab

224 2974 293 3014 co
312 2961 403 3030 qui
432 2972 542 3016 tum
567 2964 822 3032 regnabat
842 2982 1020 3036 regem
1047 2981 1167 3024 esse
1192 2982 1574 3039 monstrantes,
1596 2989 1820 3038 sexcen-

225 3048 295 3103 tis
324 3064 446 3104 sese
476 3053 665 3105 mortis
704 3054 953 3121 periculis
991 3057 1241 3127 obiicere.
1272 3060 1383 3115 Cur
1414 3070 1593 3117 autem
1632 3067 1821 3132 pannis

226 3139 525 3213 involutum
554 3140 885 3197 adorarunt?
912 3145 1042 3198 Nam
1072 3147 1115 3199 si
1149 3148 1232 3200 vir
1258 3151 1449 3203 saltem
1480 3151 1684 3216 fuisset,
1715 3152 1821 3205 dici

227 3231 490 3295 potuisset
523 3231 643 3286 illos
665 3272 681 3297 ,
711 3236 852 3300 quod
881 3250 1036 3303 apem
1076 3239 1193 3305 ejus
1232 3250 1608 3308 exspectarent
1628 3282 1644 3305 ,
1676 3258 1735 3297 se
1764 3241 1818 3296 iu

224 3328 472 3386 apertum
520 3322 813 3388 periculum
852 3324 1147 3393 conjeCIsse
1189 3344 1204 3378 :
1240 3328 1381 3396 quod
1423 3339 1600 3384 tamen
1646 3331 1820 3399 ipsum

223 3419 489 3465 extrema;
546 3412 843 3474 dementia:
902 3417 1118 3484 fuisset,
1177 3421 1436 3488 Persam,
1485 3425 1821 3493 barbarum,

223 3497 321 3564 qui
360 3499 505 3567 nihil
539 3517 832 3560 commune
864 3507 1096 3564 haberet
1123 3525 1250 3565 cum
1287 3511 1604 3567 Judatorum
1634 3522 1818 3584 gente,

222 3604 255 3642 a
287 3591 521 3659 propria
561 3600 711 3649 terra
742 3596 1032 3655 discedere
1081 3602 1242 3667 velle,
1298 3618 1364 3657 ac
1408 3603 1686 3674 patriam,
1726 3621 1823 3661 co-

221 3688 422 3747 gnatos
454 3691 511 3736 et
554 3684 780 3741 domum
822 3689 1176 3759 relinquere,
1225 3708 1395 3762 seque
1438 3694 1600 3750 alteri
1650 3711 1821 3767 regno

221 3770 527 3842 subjicere.
957 3841 965 3849 _
1022 3792 1029 3799 '

293 3979 351 4035 2.
408 3981 565 4047 Quod
613 3985 656 4037 si
710 3985 811 4042 hoc
856 3990 1079 4045 stultum
1123 3992 1344 4059 fuisset,
1392 3997 1536 4064 quod
1582 4001 1829 4069 sequitur

230 4067 391 4140 longe
433 4071 669 4139 stultius.
714 4075 979 4145 Quidnam
1018 4081 1149 4136 illud
1201 4084 1328 4137 est?
1366 4086 1517 4152 Quod
1546 4067 1825 4159 tam-longi

226 4160 464 4227 spatium
511 4162 718 4219 itineris
758 4170 993 4235 emensi,
1044 4158 1322 4242 postquam
1349 4176 1736 4246 adornaverant,
1772 4158 1827 4235 et

225 4258 439 4305 tantum
481 4250 622 4322 apud
669 4271 857 4312 omnes
900 4264 1183 4317 tumultum
1222 4268 1614 4337 excitaverant,
1643 4274 1824 4326 statim

222 4342 433 4397 reversi
479 4345 606 4400 sint.
656 4348 785 4414 Qua:
832 4353 1047 4407 tandem
1086 4354 1337 4412 viderent
1372 4360 1521 4428 regni
1562 4363 1825 4433 insignia?

221 4428 556 4501 Tugurium,
604 4451 875 4507 praesepe,
926 4445 1207 4511 puerulum
1253 4448 1306 4502 in
1352 4428 1690 4520 cunabulis;
1710 4470 1826 4509 ma-

221 4529 358 4575 trem
410 4537 724 4592 pauperem.
763 4529 987 4584 Cuiuam
1018 4548 1243 4591 munera
1272 4537 1613 4607 obtulerunt,
1641 4553 1695 4598 et
1720 4559 1823 4613 qua

220 4610 289 4667 de
322 4615 542 4669 causa?
584 4618 665 4672 An
707 4634 771 4673 ea
812 4621 897 4676 lex
921 4662 937 4685 ,
976 4625 1023 4677 is
1059 4640 1173 4681 mos
1198 4639 1347 4695 crat,
1376 4642 1431 4684 ut
1454 4632 1702 4689 omnibus
1729 4610 1824 4704 per

221 4705 415 4767 orbem
460 4714 807 4767 nascentibus
843 4716 1060 4785 regibus
1101 4717 1153 4773 id
1179 4721 1422 4791 obsequii
1451 4725 1821 4782 tribueretur?

225 4809 290 4848 an
312 4807 817 4864 semperterrarum
841 4805 1027 4861 orbem
1053 4808 1367 4879 circuibant,
1390 4826 1447 4867 ut
1468 4830 1606 4885 quos
1622 4817 1824 4873 scirent

223 4898 290 4938 ex
322 4885 537 4961 vilibus.
561 4899 619 4943 et
655 4894 977 4962 pauperibus
1012 4913 1169 4969 reges
1195 4900 1429 4970 futuros,
1457 4914 1742 4977 antequam
1768 4909 1821 4964 in

225 4977 439 5045 regium
485 4978 676 5035 solium
716 4987 1101 5056 ascenderem,
1144 4992 1471 5050 adorarent?
1498 4997 1666 5053 Nemo
1692 5014 1823 5057 sane

223 5063 347 5120 illud
397 5065 621 5125 dixerit.
660 5069 772 5126 Cur
814 5090 943 5145 ergo
988 5079 1137 5135 illum
1184 5082 1520 5141 adorarunt?
1559 5086 1613 5143 Si
1639 5104 1821 5145 rerum

223 5158 575 5221 praesentium
618 5174 809 5229 causa,
854 5168 980 5235 quid
1018 5184 1079 5225 se
1116 5187 1334 5241 sperare
1362 5186 1661 5245 poteranta
1692 5197 1823 5251 pue-

225 5244 341 5300 rulo
368 5258 434 5303 et
454 5250 616 5319 inope
636 5262 807 5308 matre
833 5267 1151 5327 accepturos
1168 5266 1196 5330 ζ
1214 5265 1260 5319 si
1286 5244 1586 5325 futurorum
1611 5244 1777 5341 gratia
1800 5316 1816 5332 .

227 5336 361 5390 unde
386 5339 531 5395 scire
553 5350 801 5410 poterant
830 5348 1110 5415 puerulum
1134 5354 1187 5407 in
1214 5358 1492 5413 cunabulis
1512 5336 1816 5429 adoratum,

222 5438 405 5480 eorum
432 5441 558 5498 quae
583 5440 695 5486 tum
723 5445 872 5503 gesta
898 5448 1027 5493 sunt
1049 5445 1450 5502 recordaturum
1479 5452 1643 5509 esse?
1663 5451 1816 5521 Quod

223 5515 265 5569 ti
311 5529 487 5575 mater
539 5522 689 5578 Ilium
741 5526 1076 5587 admonitura
1126 5546 1274 5599 erat,
1332 5542 1593 5610 supplicio
1641 5515 1818 5605 notius

224 5623 374 5676 quam
413 5612 645 5682 prmmio
666 5614 809 5687 digni
839 5635 1025 5689 erant,
1053 5626 1145 5694 qui
1171 5628 1222 5681 in
1248 5641 1490 5697 apertum
1523 5636 1813 5704 periculum

1938 468 2091 523 illum
2132 466 2509 537 conjecissent.
2560 462 2766 519 Exinde
2810 462 2953 517 enim
2983 460 3221 517 Herodes
3249 458 3491 512 turbatus
3515 501 3529 522 ,

1938 560 2217 630 quaerebat
2256 559 2403 613 illum
2425 598 2440 622 ,
2472 556 2843 621 scrutabatur,
2876 564 2931 610 et
2949 552 3253 609 interﬁcere
3274 550 3534 606 tentabat.

1940 651 2117 720 Atque
2145 650 2342 720 ubique
2367 658 2631 703 terrarum
2652 689 2666 713 ,
2696 648 2787 717 qui
2814 647 3047 715 aliquem
3074 647 3126 698 in
3160 642 3354 698 tenella
3380 650 3535 694 :ctatc

1942 744 2210 812 privatum
2232 784 2246 807 ,
2286 751 2630 811 regnaturum
2672 755 2793 795 esse
2829 740 3001 809 palam
3027 735 3372 807 prmdixerit,
3405 733 3535 787 nihil

1941 831 2083 885 aliud
2123 833 2263 897 agit,
2303 846 2461 901 quam
2491 830 2631 899 quod
2659 830 2829 899 ipsum
2862 829 2978 883 neci
3008 827 3212 889 tradat,
3241 826 3326 893 vel
3351 836 3535 878 contra

1930 932 2080 986 illum
2122 928 2258 983 bella
2287 926 2483 981 excitet
2506 921 3024 999 innumeraQIiden’
3048 933 3245 992 quanta
3277 922 3405 978 hinc
3429 924 3529 979 ab-

1929 1021 2091 1075 surda
2120 1026 2407 1074 nascantur
2427 1057 2442 1081 ,
2469 1015 2516 1071 si
2541 1020 2833 1070 secundum
2857 1028 3037 1068 rerum
3065 1012 3419 1067 humanarum
3446 1029 3535 1070 se-

1932 1112 2101 1172 riem,
2159 1098 2536 1177 vulgarcmque
2574 1120 2781 1159 morem
2824 1118 2912 1159 res
2958 1104 3308 1174 exploretur?
3348 1104 3533 1176 Neque

1931 1210 2112 1256 tamen
2159 1199 2274 1253 hzcc
2305 1207 2509 1251 tantum
2532 1238 2547 1260 ,
2576 1196 2672 1251 sed
2701 1196 2862 1250 etiam
2891 1195 3060 1249 multo
3092 1196 3241 1264 plura
3266 1196 3369 1257 dici
3404 1211 3531 1265 pus-

1933 1300 2055 1347 sent
2077 1333 2093 1358 ,
2118 1306 2237 1361 qua:
2269 1291 2501 1358 majores
2530 1288 2596 1343 iis
2614 1329 2629 1353 ,
2652 1301 2786 1357 quas
2806 1300 2972 1356 supra
2995 1286 3255 1351 diximus,
3285 1298 3532 1357 parerent

1933 1383 2276 1454 qua-stiones.

1998 1572 2162 1629 Stella
2179 1612 2195 1638 ,
2224 1588 2338 1643 qua:
2358 1574 2633 1643 apparuit,
2663 1590 2764 1627 non
2790 1589 2817 1626 ε
2844 1589 3055 1627 numero
3082 1585 3384 1629 ceterarum
3404 1576 3526 1631 stel-

1923 1664 2092 1719 larum
2135 1675 2263 1721 erat.
2299 1695 2369 1705 ——
2407 1664 2513 1721 Sed
2546 1680 2611 1719 ne
2636 1664 2977 1721 difficultates
2997 1664 3400 1723 difﬁcultatibus
3425 1686 3527 1724 nc-

1922 1768 2167 1825 ctentes,
2219 1758 2271 1813 in
2314 1758 2597 1827 caliginem
2638 1757 3127 1830 obscuritatemque
3167 1774 3264 1815 vos
3302 1760 3525 1830 dejicia-

1923 1866 2082 1915 mus;
2126 1864 2227 1920 age
2263 1848 2480 1905 demum
2508 1848 2576 1903 ad
2604 1840 2952 1919 quaesitorum
2976 1850 3296 1908 solutionem
3324 1868 3525 1921 propc-

1923 1956 2105 1996 remns
2121 1983 2134 2006 ,
2162 1951 2217 1996 et
2237 1957 2266 1995 a
2296 1941 2449 1996 stella
2472 1941 2731 1995 ducamus
2756 1941 2985 1996 initium.
3007 1941 3064 1997 Si
3089 1942 3233 1997 enim
3254 1942 3526 1998 discamus
3604 2006 3611 2010 ἢ

1922 2050 2043 2105 quae
2087 2034 2170 2089 vel
2215 2034 2391 2103 qualis
2438 2034 2527 2089 illa
2572 2033 2683 2099 sit,
2726 2049 2794 2087 an
2822 2050 2890 2089 ex
2921 2050 3146 2090 numero
3172 2036 3428 2102 aliarum,
3457 2050 3524 2089 an

1923 2126 2136 2180 diversa
2177 2125 2245 2180 ab
2292 2125 2432 2189 illis,
2480 2139 2548 2177 an
2600 2134 2790 2178 natura
2839 2138 2970 2189 sua,
3012 2139 3081 2178 an
3109 2126 3290 2194 specie
3320 2134 3524 2179 tantum

1924 2219 2077 2272 stella
2098 2257 2113 2281 ,
2167 2226 2293 2273 tunc
2324 2216 2478 2272 facile
2502 2225 2696 2272 caetera
2727 2217 2906 2271 omnia
2934 2217 3189 2272 sciemus.
3218 2216 3373 2273 Unde
3398 2234 3528 2288 ergo

1926 2309 2041 2363 haec
2081 2308 2515 2376 comperiamus?
2558 2306 2637 2363 Ex
2684 2308 2797 2375 ipsa
2835 2306 3131 2377 Scriptura.
3180 2308 3335 2375 Quod
3381 2310 3524 2365 enim

1926 2398 2043 2453 h:ec
2090 2398 2245 2453 stella
2290 2412 2396 2453 non
2442 2413 2510 2452 ex
2561 2413 2789 2453 numero
2824 2398 3085 2466 aliarum,
3128 2400 3239 2455 imo
3278 2415 3347 2455 ne
3370 2401 3525 2458 stella

1927 2490 2141 2559 quidem
2163 2497 2308 2543 esset
2328 2529 2343 2551 ,
2369 2497 2427 2542 ut
2457 2489 2584 2542 mihi
2610 2489 2825 2557 quidem
2847 2490 3093 2557 videtur,
3121 2492 3216 2546 sed
3245 2491 3526 2547 invisibilis

1925 2580 2171 2651 quaedam
2196 2582 2387 2646 virtus,
2415 2596 2534 2650 quae
2560 2582 2730 2635 stella:
2757 2581 2994 2649 speciem
3026 2582 3321 2652 pratici-ret,
3351 2583 3528 2654 primo

1926 2673 1993 2725 ab
2039 2672 2156 2739 ejus
2199 2672 2389 2725 itinere
2434 2671 2693 2740 arguitur.
2738 2670 2893 2745 Nulla
2939 2673 3123 2739 enim,
3170 2674 3314 2729 nulla
3345 2673 3530 2743 utique

1926 2763 2081 2831 stella
2127 2770 2211 2815 est
2256 2776 2373 2827 qua:
2418 2760 2508 2814 tali
2546 2764 2739 2831 pergat
2763 2761 2845 2814 via
2877 2778 2889 2813 :
2926 2777 3048 2815 nam
3078 2772 3135 2816 et
3161 2763 3333 2817 solem
3358 2773 3413 2817 et
3441 2765 3528 2818 lu-

1928 2828 2049 2904 nam
2074 2891 2086 2910 .
2137 2862 2193 2904 et
2231 2849 2364 2903 alias
2408 2828 2596 2905 omnes
2634 2849 2818 2904 stellas
2854 2850 2922 2905 ab
2954 2852 3162 2906 oriente
3191 2851 3434 2907 videmus
3459 2854 3529 2907 ad

1926 2941 2260 2996 occidentem
2305 2955 2530 3012 pergere
2578 2959 2592 2994 :
2625 2941 2739 2995 haec
2766 2956 2895 2996 vero
2922 2943 3076 2997 stella
3106 2957 3136 2996 a
3163 2940 3530 3011 septentrione

1927 3033 1994 3085 ad
2034 3032 2310 3085 meridiem
2360 3032 2629 3086 ferebatur
2676 3050 2689 3085 :
2737 3032 3032 3086 Palaestina:
3057 3034 3254 3102 quippe
3279 3035 3367 3089 hic
3392 3035 3531 3091 situs

1927 3124 2083 3175 estsi
2115 3121 2383 3183 Persidem
2412 3131 2645 3189 spectes.
2672 3119 2956 3187 Secundo,
2988 3123 3121 3177 illud
3149 3124 3310 3179 etiam
3333 3140 3364 3179 a
3390 3134 3530 3180 tem-

1931 3226 2059 3279 pore
2100 3212 2315 3280 probari
2347 3211 2758 3282 potest.‘Neque
2780 3214 2924 3267 enim
2950 3209 3110 3269 noctu
3142 3224 3399 3285 apparet,
3432 3216 3529 3271 scd

1929 3302 1984 3355 in
2012 3302 2236 3355 meridie
2255 3342 2269 3362 ,
2300 3302 2513 3356 lucente
2554 3303 2669 3356 sole
2692 3317 2708 3367 ;
2751 3318 2911 3371 quam
2939 3304 3044 3358 vim
3072 3320 3172 3360 nec
3193 3306 3349 3360 stella
3373 3348 3390 3373 ,
3421 3308 3529 3361 imo

1930 3407 1999 3446 ne
2041 3392 2164 3446 luna
2206 3392 2423 3462 quidem
2472 3392 2586 3459 ipsa
2630 3391 2830 3458 habet,
2874 3410 2994 3464 quae
3022 3395 3149 3450 licet
3173 3397 3352 3451 omnia
3380 3407 3527 3454 astra

1930 3492 2174 3547 superet,
2202 3492 2323 3536 orto
2353 3482 2482 3537 solis
2504 3482 2711 3551 fulgore
2739 3485 2921 3539 statim
2948 3486 3246 3542 occultatur
3268 3503 3366 3543 nec
3394 3503 3522 3545 con-

1926 3576 2167 3645 spicitur.
2212 3577 2339 3633 Haec
2364 3594 2491 3635 vero
2517 3580 2670 3637 stella
2698 3582 3001 3652 splendoris
3026 3584 3108 3640 sui
3140 3586 3189 3641 vi
3212 3586 3376 3640 etiam
3403 3585 3535 3641 solis

1925 3668 2105 3721 radios
2126 3667 2413 3735 splendore
2433 3672 2723 3740 superabat
2740 3712 2756 3736 ,
2781 3673 3119 3745 majoresque
3142 3676 3422 3733 emittebat
3441 3692 3533 3730 ra-

1926 3756 2065 3812 dios.
2099 3756 2286 3814 Tertio
2310 3800 2324 3824 ,
2351 3760 2608 3829 probatur
2626 3802 2641 3823 ,
2663 3763 2807 3831 quod
2828 3780 2890 3819 ea
2921 3765 3084 3821 modo
3108 3766 3283 3821 lucem
3311 3767 3526 3824 emitte-

1926 3856 2007 3901 ret
2025 3888 2039 3911 ,
2086 3849 2248 3903 modo
2293 3862 2553 3907 cessaret.
2579 3851 3074 3913 Nam'venientibus
3104 3858 3158 3913 in
3186 3858 3527 3915 Palaestinam

1923 3938 2058 3992 luxit
2103 3958 2116 3992 :
2166 3949 2450 4010 postquam
2495 3954 2675 3998 autem
2720 3947 3110 4019 Jerosolymam
3155 3950 3525 4014 advenerant,

1922 4042 2042 4083 sese
2080 4032 2367 4087 occultavit
2390 4033 2505 4103 (a);
2532 4035 2728 4092 deinde
2753 4037 2967 4095 Herode
2992 4041 3212 4107 relicto,
3245 4054 3525 4113 postquam

1924 4118 2071 4173 illum
2102 4120 2171 4176 de
2195 4138 2355 4177 causa
2384 4125 2591 4181 itineris
2614 4130 2899 4185 certiorem
2925 4132 3185 4200 fecerant,
3214 4136 3316 4191 iter
3340 4152 3524 4193 susce-

1924 4211 2092 4274 pturis
2110 4214 2356 4280 apparuit
2380 4231 2396 4267 :
2424 4217 2567 4286 quod
2591 4227 2739 4274 certe
2766 4235 2874 4275 non
2904 4225 3075 4278 stellae
3101 4228 3268 4281 motui
3297 4242 3523 4299 compe-

1922 4299 2022 4361 tit,
2075 4300 2169 4354 sed
2222 4302 2402 4357 virtuti
2450 4305 2801 4377 intelligentia
2851 4313 3109 4380 praedite.
3163 4315 3350 4387 Neque
3373 4320 3521 4375 enim

1922 4392 2192 4459 proprium
2233 4393 2334 4447 sibi
2376 4409 2595 4452 cursum
2638 4397 2896 4471 habebat,
2939 4405 3033 4459 sed
3072 4406 3161 4461 ubi
3192 4410 3522 4480 pergendum

1918 4490 2030 4534 erat
2050 4520 2068 4547 ,
2094 4482 2177 4537 illa
2208 4486 2499 4554 pergebat;
2528 4490 2614 4545 ubi
2641 4493 2890 4549 standum
2910 4538 2925 4562 ,
2960 4500 3168 4565 stabat,
3226 4504 3522 4563 secundum

1916 4576 2368 4640 Opportunitatem
2416 4582 2596 4635 omnia
2664 4583 3023 4655 dispensans;
3080 4592 3222 4649 sicut
3269 4597 3519 4654 columna

1917 4663 2004 4718 illa
2045 4664 2203 4720 nubis
2245 4683 2363 4735 qua:
2417 4668 2619 4726 ludatis
2663 4678 3033 4741 monstrabat.
3080 4686 3296 4750 quando
3340 4698 3521 4745 castra

1917 4769 2152 4821 movere,
2186 4760 2398 4826 quando
2421 4762 2611 4819 sistere
2632 4780 2907 4837 oporteret
2935 4756 3129 4842 (Exod.
3144 4777 3233 4832 l5.
3256 4777 3416 4834 Nam.
3438 4783 3516 4851 9).

1914 4844 2116 4913 Quarto
2137 4890 2155 4916 ,
2200 4850 2269 4904 ab
2307 4851 2423 4919 ipso
2449 4853 2661 4909 lucendi
2687 4859 2851 4913 modo
2875 4860 2927 4915 id
2954 4862 3099 4919 clare
3122 4866 3370 4927 discitur.
3399 4844 3518 4929 Non

1914 4937 2059 4990 enim
2102 4936 2311 4994 in.alto
2352 4942 2486 4996 cado
2522 4949 2810 5003 constituta
2834 4990 2851 5015 ,
2893 4967 3067 5023 neque
3093 4959 3237 5013 enim
3268 4974 3517 5029 poterant

1914 5024 2010 5081 illo
2045 5029 2207 5085 modo
2244 5031 2435 5103 dirigi,
2479 5038 2574 5090 sed
2605 5037 2813 5096 inferne
2852 5042 3122 5119 demissa,
3151 5024 3328 5108 locum
3360 5070 3517 5111 mou-

1978 5337 2218 5428 912
2470 5340 2868 5428 ξὴῄιζξήερξιρ-ιρξιξ,
2888 5348 3261 5428 ειθὲαιηιωειείε
3283 5372 3442 5424 usque
3464 5367 3515 5417 in

1916 5397 2213 5447 Palaestinam
2238 5400 2444 5460 luxisse,
2469 5411 2522 5453 et
2541 5397 2653 5454 cum
2669 5397 3016 5471 Jerosol'ymam
3039 5397 3515 5482 QEﬁé‘ééB’i‘fﬁ

1916 5458 2213 5525 occultasse,
2241 5474 2338 5525 non
2363 5461 2554 5513 videtur
2574 5479 2843 5517 consonare
2866 5484 2976 5519 cum
3000 5478 3264 5525 Evangelia
3287 5487 3508 5525 MalLILQ-

1914 5471 2213 5531 occultasse,
2241 5474 2338 5533 non
2363 5471 2554 5513 videtur
2574 5479 2843 5517 consonare
2866 5484 2976 5519 cum
3000 5478 3264 5538 Evangelio
3287 5471 3512 5546 milia}:

1916 5520 2368 5605 ἓ;.¹.ίῖιῖἷῖ⁵ιέξξ³ξὶἱ“¹“
2393 5529 2500 5605 ⁵.ἔὶ
2511 5528 2796 5605 Ξοῗέ,⁸¹9¹ἔίὲν
2817 5544 2971 5605 σαφ’ἓ.
2985 5533 3211 5605 “deum!
3229 5543 3284 5605 in
3305 5547 3508 5605 oriente.

1916 5580 2380 5671 ᾔηειίθὲἶξίξέἒὶἰθὲῖ·
2410 5584 2635 5671 ἴέίίεηκε
2666 5580 2841 5642 αυεεέτί
2863 5580 3494 5671 διέπάιῖρἀνὲὲέῖιῖιὲἰ

1916 5643 2007 5693 dio
2020 5655 2191 5707 magno
2213 5644 2372 5706 valde,
2409 5653 2505 5696 etc.
