4140 6298
590 300 659 356 65
1285 307 1342 362 S.
1380 305 1653 364 JOANNIS
1687 290 2153 363 Clll‘tYSOSTOMI
2191 302 2502 360 ARClﬂEP.
2542 295 3070 359 CONSTANTINOP.
3760 288 3839 349 86

593 420 815 478 strabat.
862 417 1041 475 Nostis
1085 416 1225 474 enim
1270 431 1376 472 non
1423 429 1581 485 posse
1626 414 1834 470 stellam
1880 413 2057 468 locum
2092 413 2163 468 ita

588 525 809 583 parvum
854 519 1187 575 monstrare,
1236 508 1324 578 qui
1369 507 1642 578 tugurium'
1672 505 2005 571 contineret;
2054 505 2165 560 imo

585 602 761 657 locum
796 601 886 670 qui
915 614 1109 668 corpus
1132 596 1372 652 infantnli
1400 611 1590 666 capere
1618 604 1797 665 posset
1821 612 1838 649 :
1868 593 1990 665 quia
2017 595 2162 650 enim

583 694 843 749 immensa
886 700 1003 746 erat
1040 689 1303 754 altitudo,
1351 704 1456 742 non
1503 696 1709 756 poterat
1750 686 1903 742 stella
1933 694 2039 740 tam
2060 700 2159 739 an-

583 794 796 852 gustum
851 781 1027 835 locum
1082 780 1315 834 indicare
1362 777 1661 831 volentibus
1715 775 1965 831 invisere.
2027 775 2160 830 Illud

588 888 714 926 vero
737 887 801 926 ex
836 872 945 940 ipsa
978 872 1097 924 luna
1125 867 1527 941 deprehendere
1549 878 1631 921 est
1655 886 1667 921 :
1691 882 1810 937 qua:
1835 882 1955 923 cum
1979 852 2163 921 stellas

583 975 769 1015 omnes
796 970 996 1014 tantum
1023 966 1258 1028 superet,
1288 957 1551 1013 universis
1580 957 1764 1011 orbem
1785 956 2159 1019 incolentibus,

583 1058 640 1102 et
674 1050 727 1103 in
758 1058 897 1125 tanta
929 1058 1082 1102 terra:
1108 1034 1385 1102 latitudine
1408 1047 1610 1101 diffusis
1629 1086 1648 1115 ,
1677 1046 1847 1101 vicina
1870 1060 1989 1101 esse
2020 1048 2162 1102 vide—

586 1149 689 1192 tur.
743 1137 1017 1203 Quomodo
1058 1137 1257 1206 igitur,
1300 1151 1516 1207 quteso,
1561 1136 1732 1191 locum
1777 1137 1849 1191 ita
1878 1146 2159 1206 angustum

585 1230 840 1298 presepis
868 1238 921 1283 et
949 1229 1141 1298 tugunii
1172 1229 1325 1283 stella
1354 1226 1677 1283 ostendisset
1703 1242 1717 1291 ;
1746 1227 1848 1282 nisi
1868 1227 2049 1282 relicta
2073 1228 2159 1281 illa

583 1322 899 1377 celsitudine
941 1320 1007 1374 ad
1036 1320 1281 1373 inferiora
1310 1318 1706 1383 descendisset,
1735 1327 1788 1372 et
1811 1331 1970 1385 supra
1995 1327 2155 1383 caput

584 1412 755 1480 ipsum
796 1411 941 1480 pueri
986 1408 1262 1464 stetisset?
1300 1394 1451 1475 Quod
1475 1408 1814 1462 subindicans
1836 1408 2158 1476 evangelista

582 1496 829 1556 dicebat:
862 1502 915 1556 9.
948 1500 1076 1563 Ecce
1097 1501 1242 1555 stella
1259 1501 1571 1553 antecedebat
1599 1516 1682 1553 eos
1700 1538 1715 1562 ,
1746 1515 1900 1567 usque
1923 1499 2042 1552 dum
2067 1514 2155 1553 vc-

584 1591 725 1645 m‘ens
752 1600 903 1644 staret
930 1606 1086 1660 supra
1106 1592 1186 1643 ubi
1208 1601 1314 1643 erat
1336 1606 1478 1659 puer.
1508 1588 1697 1643 Viden‘
1722 1598 1851 1659 quot
1871 1603 2159 1658 argumen-

586 1682 652 1735 tis
693 1681 944 1751 probatur
972 1683 1108 1736 banc
1135 1682 1338 1735 stellam
1364 1695 1467 1735 nou
1498 1680 1660 1736 fuisse
1686 1695 1752 1735 ex
1776 1694 2001 1735 numero
2018 1679 2160 1734 alia-

584 1788 699 1825 rum
742 1790 753 1821 :
797 1787 968 1842 neque
991 1776 1280 1827 secundum
1309 1772 1500 1826 seriem
1529 1779 1762 1826 externae
1785 1768 1927 1823 illius
1948 1770 2161 1840 genesis

583 1862 888 1931 apparuisse
906 1862 932 1915 ἲ

645 2006 698 2060 5.
726 2006 886 2059 Stella
907 2022 996 2059 cur
1015 2004 1269 2075 apparuit.
1288 2033 1358 2043 —
1376 2003 1484 2057 Cur
1508 2016 1636 2072 ergo
1656 2000 1942 2070 apparuit?
1969 1998 2036 2054 Ut
2058 1999 2152 2053 Ju-

574 2096 811 2149 dacorum
858 2094 1215 2161 stupiditatem
1258 2092 1581 2153 incesseret,
1608 2099 1766 2156 atque
1790 2089 2011 2156 ingratis
2039 2086 2153 2141 adi-

575 2193 746 2236 meret
790 2197 1003 2236 onmem
1045 2179 1367 2235 del‘ensionis
1412 2192 1615 2231 ansam.
1658 2177 1790 2242 Quia
1825 2176 1966 2230 enim
1994 2173 2152 2243 adve~

582 2276 736 2328 uiens
764 2273 852 2327 ille
880 2282 1028 2327 vetus
1058 2272 1354 2326 institutum
1384 2270 1748 2338 abrogaturus,
1774 2268 2062 2336 orbemque
2086 2265 2153 2321 ad

582 2381 745 2419 unum
790 2365 1141 2432 cumdemque
1186 2363 1388 2417 cultum
1434 2359 1793 2425 deducturus,
1835 2359 2055 2428 ipseque
2104 2356 2157 2413 in

586 2463 717 2516 mari
760 2471 809 2514 et
851 2469 986 2513 terra
1010 2458 1207 2527 ubique
1226 2453 1525 2509 adorandus
1552 2460 1695 2513 erat,
1728 2452 1795 2503 ab
1825 2451 1954 2520 ipsis
1982 2450 2159 2502 statim

586 2554 750 2606 initiis
788 2550 983 2604 ostium
1008 2547 1247 2617 gentibus
1270 2542 1437 2611 aperit
1460 2576 1477 2602 ρ
1508 2549 1563 2592 ut
1592 2540 1884 2591 alienorum
1913 2538 2179 2606 exemplo“

584 2657 710 2696 suos
730 2642 888 2695 etiam
932 2638 1183 2691 erudiret.
1222 2632 1356 2698 Quia
1400 2629 1540 2684 enim
1578 2642 1698 2683 cum
1734 2628 2020 2697 prophetas
2048 2625 2156 2680 fre-

588 2740 813 2800 quenter
847 2727 1091 2781 audirent
1132 2725 1200 2777 de
1240 2723 1403 2787 ipsius
1428 2718 1651 2773 adventu
1682 2733 1822 2785 saepe
1844 2717 2154 2785 loquentes,

583 2834 688 2873 non
733 2816 1015 2870 admodum
1061 2810 1435 2872 attendebant,
1482 2805 1656 2861 ell‘ecit
1712 2814 1768 2858 ut
1838 2805 2055 2858 barbari
2090 2804 2158 2857 de

586 2919 724 2964 terra
772 2907 1057 2975 longinqua
1096 2902 1376 2963 venirent,
1404 2897 1492 2967 qui
1520 2910 1697 2965 regem
1726 2893 1862 2962 apud
1892 2894 2034 2961 ipsos
2062 2908 2158 2945 na-

582 3010 693 3053 tum
734 2997 1102 3065 inquirerent;
1132 3002 1186 3045 et
1216 2989 1425 3043 Persica
1452 3001 1581 3040 voce
1610 2986 1832 3053 primum
1859 2999 1921 3038 ea
1952 2983 2159 3036 edisce-

584 3097 744 3153 rent,
776 3101 891 3155 qua:
917 3100 949 3138 a
972 3071 1242 3152 pr0pbctis
1271 3079 1476 3132 discere
1503 3078 1779 3131 noluerant
1809 3092 1821 3126 :
1853 3082 1907 3127 ut
1927 3074 1969 3126 si
1993 3074 2158 3141 probe

582 3196 641 3235 se
666 3185 945 3249 gererent,
979 3174 1258 3228 maximam
1285 3169 1581 3237 arriperent
1601 3164 1665 3219 ad
1687 3161 2155 3231 obtemperantium

582 3284 765 3324 ansam
791 3285 806 3329 ;
835 3268 917 3319 sin
944 3278 1069 3317 vero
1090 3259 1472 3314 contenderent
1494 3297 1505 3316 ,
1530 3254 1671 3307 omni
1694 3267 1911 3321 prorsus
1933 3264 2154 3303 excusa-

586 3363 730 3415 tione
765 3358 915 3411 vacui
960 3362 1158 3409 essent.
1203 3348 1337 3417 Quid
1366 3348 1505 3401 enim
1536 3347 1711 3399 dicere
1739 3344 1940 3413 possint
1972 3343 2042 3406 ii,
2072 3341 2158 3410 qui

582 3450 846 3505 Christum
862 3462 891 3499 a
911 3453 983 3498 tot
1002 3440 1268 3511 prOphetis
1288 3437 1648 3491 annuntiatum
1669 3450 1773 3487 non
1792 3439 2155 3499 susceperunt,

583 3556 702 3594 cum
734 3536 955 3591 viderint
988 3546 1168 3602 magos
1188 3546 1251 3583 ex
1279 3529 1431 3582 unius
1457 3527 1624 3581 stella:
1649 3528 1762 3579 visu
1792 3526 1961 3592 ipsum
1986 3522 2155 3577 susci-

582 3629 786 3698 pientes
814 3633 867 3679 et
907 3619 1231 3677 adorantes?
1258 3617 1407 3684 Quod
1440 3618 1595 3684 igitur
1624 3616 1762 3668 circa
1793 3614 2052 3667 Ninivitas
2078 3614 2158 3665 le-

582 3728 729 3772 cerat
763 3716 950 3769 Jonam
981 3711 1195 3765 mittens
1219 3747 1235 3772 ,
1265 3718 1319 3763 et
1344 3706 1482 3775 quod
1512 3706 1649 3757 circa
1688 3704 2074 3775 Samaritanam
2105 3710 2161 3754 et

582 3807 936 3860 Chananteam
957 3843 971 3865 ,
1002 3800 1228 3867 idipsum
1261 3798 1417 3850 etiam
1443 3808 1743 3862 penmagos
1765 3793 1909 3847 fecit.
1934 3791 2159 3859 Ideoque

584 3894 788 3951 dieebat
855 3912 868 3946 :
919 3892 1023 3945 Viri
1080 3888 1319 3942 Ninivitat
1370 3894 1592 3954 surgent,
1631 3895 1676 3936 et
1724 3884 2157 3943 condemnabam:

581 3996 667 4049 ct,
696 3985 886 4053 Regina
912 3982 1067 4034 austri
1098 3988 1291 4049 surget,
1336 3986 1379 4029 et
1402 3974 1746 4029 condemnabit
1792 3976 2154 4041 generationem

583 4077 710 4128 hanc
753 4074 773 4141 (
805 4072 987 4125 Matth.
1018 4069 1102 4124 19.
1134 4070 1220 4122 Η.
1254 4067 1322 4123 42
1348 4070 1365 4129 )
1396 4085 1408 4118 ι
1437 4067 1685 4131 quoniam
1736 4064 1809 4113 illi
1866 4064 2154 4115 minoribus

582 4163 921 4219 crediderunt
943 4202 955 4222 ,
996 4160 1049 4210 bi
1093 4172 1217 4210 vero
1243 4169 1413 4223 neque
1444 4152 1746 4220 majoribus.
1778 4152 1846 4203 At
1873 4165 1965 4205 cur
1996 4152 2114 4205 illos
2134 4191 2152 4217 ,

582 4256 805 4321 inquies,
837 4264 929 4316 per
956 4247 1110 4300 talem
1137 4246 1306 4298 visum
1334 4242 1583 4295 adduxit?
1614 4243 1679 4292 At
1704 4240 1973 4307 quomodo
1994 4254 2153 4307 Opor-

581 4343 717 4395 ιωιῖ
754 4356 818 4392 an
856 4338 1139 4406 prophetas
1174 4334 1383 4387 mittere
1405 4334 1426 4381 ’ἱ
1455 4330 1558 4384 Sed
1584 4331 1719 4397 magi
1750 4329 2019 4397 prophetis
2046 4345 2149 4384 non

579 4430 944 4485 credidissent.
973 4428 1053 4480 An
1076 4439 1259 4478 vocem
1278 4437 1502 4489 superne
1530 4418 1798 4486 proferre?
1831 4418 2017 4472 Verum
2041 4435 2147 4471 non

581 4520 945 4573 attendissent.
978 4519 1055 4569 An
1086 4515 1326 4584 angelum
1359 4512 1611 4565 mittere?
1645 4510 1747 4564 Sed
1778 4510 1915 4564 hunc
1942 4525 2148 4579 quoque

583 4614 800 4667 forsitan
832 4610 1226 4679 pt'mteriissent.
1254 4606 1581 4674 Quapropter
1604 4603 1704 4655 illis
1728 4602 1968 4655 omnibus
1989 4603 2149 4677 omis-

580 4705 652 4756 sis
701 4703 869 4762 Deus,
917 4714 1121 4752 summa
1172 4708 1321 4748 utens
1363 4694 1721 4762 indulgentia,
1769 4708 1860 4760 per
1898 4705 2147 4748 consueta

578 4802 729 4846 vocat
771 4792 883 4845 illos
906 4832 920 4855 ,
962 4787 1295 4854 ostenditque
1324 4784 1527 4838 stellam
1558 4797 1797 4850 magnam
1827 4784 1893 4836 ab
1922 4784 2037 4835 aliis
2069 4785 2145 4835 di-

574 4897 782 4937 versam
803 4920 818 4945 ,
864 4888 920 4931 ut
962 4880 1103 4947 ipsos
1132 4885 1184 4928 et
1210 4889 1273 4927 ex
1302 4870 1658 4941 magnitudine
1682 4880 1737 4925 et
1762 4885 1824 4923 ex
1857 4870 2149 4939 pulchritu-

575 4973 698 5025 dine
743 4967 1028 5037 spectaculi
1078 4964 1417 5031 percellcrct,
1448 4977 1654 5015 necnon
1684 4961 1841 5013 etiam
1871 4976 1933 5013 ex
1964 4975 2148 5014 cursus

578 5062 754 5113 modo.
789 5057 910 5110 limo
947 5064 1001 5109 et
1050 5052 1239 5106 Paulus
1280 5052 1542 5112 imitatus,
1583 5064 1648 5102 ex
1687 5064 1775 5102 ara
1805 5063 1921 5103 cum
1949 5048 2149 5103 Graecis

575 5150 869 5206 disserendi
909 5146 1241 5201 occasionem
1268 5143 1494 5209 accipit,
1522 5150 1579 5195 et
1607 5149 1876 5209 poetarum
1907 5142 2146 5194 testimo-

578 5243 662 5295 nia
694 5243 743 5294 in
771 5238 1001 5293 medium
1028 5234 1241 5290 adducit
1269 5252 1283 5290 :
1311 5232 1518 5288 Judmos
1544 5245 1673 5286 vero
1693 5231 2171 5287 circumcisionem.

581 5345 882 5387 memorans
926 5326 1241 5397 alloqiﬁtur,
1281 5333 1335 5380 ct
1371 5337 1462 5379 eos
1488 5323 1575 5392 qui
1604 5323 1703 5377 sub
1730 5321 1844 5392 lege
1867 5322 2105 5378 viverent
2130 5364 2144 5384 ,

636 5537 652 5566 ί
688 5534 865 5598 Aliqui,
890 5549 973 5598 per
996 5536 1198 5599 mtgelos.

2256 426 2287 465 a
2334 407 2612 464 sacriﬁciis
2645 420 2798 461 orsus
2822 444 2838 468 ,
2871 403 3115 459 doctrina
3150 397 3355 455 imbuit.
3386 394 3520 463 Quia
3543 394 3685 449 enim
3709 407 3844 449 eon-

2256 508 2465 556 suetum
2508 497 2607 552 sibi
2655 497 2879 565 quisque
2924 508 3128 548 merent
3180 490 3407 544 libenter
3452 486 3734 555 sequitur,
3783 494 3841 539 et

2260 591 2400 646 Deus
2435 596 2490 644 et
2523 588 2620 642 viri
2663 602 2694 641 a
2738 585 2849 640 Deo
2886 583 2953 638 ad
2999 584 3148 638 orbis
3188 581 3410 635 salutem
3442 577 3625 641 missi,
3650 576 3721 629 ita
3750 589 3842 630 res

2258 684 2502 733 tractant.
2546 675 2623 730 Ne
2670 675 2850 744 itaque
2888 671 3160 741 indignum
3200 669 3312 723 Deo
3350 678 3537 737 putes,
3573 665 3715 735 quod
3743 678 3843 734 per

2257 768 2462 824 stellam
2504 765 2648 833 ipsos
2691 755 3024 818 vocaverit:
3078 758 3159 813 sic
3204 757 3347 811 enim
3387 755 3605 812 Judaica
3628 767 3843 823 quoque

2256 858 2435 914 omnia
2479 853 2804 924 improbabis
2822 893 2838 919 ,
2864 849 3120 907 sacriﬁcia
3146 861 3337 915 nempe
3356 888 3372 912 ,
3403 845 3800 914 puriﬁcationes
3818 881 3838 908 ,

2257 946 2564 1002 neomenias
2585 983 2603 1010 ,
2631 956 2811 997 arcam
2830 982 2845 1006 ,
2871 940 3149 1010 ipsumque
3178 936 3452 1005 templum.
3482 934 3609 989 Haec
3636 933 3839 1002 quippe

2256 1035 2433 1091 omnia
2474 1049 2544 1088 ex
2577 1033 2812 1102 gentium
2838 1028 3188 1083 crassitudine
3216 1033 3394 1080 ortum
3422 1023 3707 1078 duxerunt.
3738 1024 3843 1075 At-

2258 1134 2435 1179 tamen
2478 1123 2619 1178 Deus
2657 1121 2725 1207 ad
2763 1119 3053 1175 errantium
3092 1115 3316 1170 salutem
3342 1113 3426 1167 bis
3453 1126 3513 1166 se
3542 1124 3730 1180 passus
3756 1118 3845 1165 est

2257 1213 2395 1294 coli,
2440 1211 2633 1282 quibus
2668 1198 2950 1262 daemonas
2973 1205 3201 1277 gentiles
3230 1203 3303 1256 illi
3329 1200 3608 1264 colebant,
3636 1198 3727 1253 illo
3754 1206 3841 1252 ta-

2254 1290 2379 1358 men
2416 1303 2561 1356 cultu
2592 1302 2848 1367 tantisper
2873 1304 3107 1359 mutato,
3139 1303 3196 1347 ut
3222 1292 3343 1347 illos
3373 1290 3623 1360 paulatim
3646 1304 3674 1342 a
3702 1302 3837 1342 cott-

2255 1392 2533 1447 suetudine
2558 1389 2850 1451 abductos,
2882 1385 2948 1439 ad
2976 1383 3257 1438 sublimem
3281 1382 3423 1435 illam
3446 1377 3841 1447 philosophiam

2256 1483 2565 1539 deduceret.
2598 1480 2654 1533 ld
2676 1477 2817 1549 quod
2843 1476 3000 1531 etiam
3022 1474 3164 1530 circa
3186 1486 3369 1540 magos
3390 1468 3601 1533 effecit,
3627 1484 3748 1522 cum
3776 1468 3844 1521 il—

2256 1574 2336 1627 los
2375 1586 2471 1641 per
2512 1569 2682 1625 stellae
2718 1568 2892 1621 visum
2918 1566 3160 1627 vocavit,
3192 1570 3252 1616 ut
3277 1559 3469 1616 deinde
3496 1558 3843 1612 sublimiores

2257 1661 2521 1717 redderet.
2554 1659 2839 1726 Postquam
2864 1655 3025 1723 igitur
3045 1653 3165 1706 illos
3188 1650 3254 1704 ad
3284 1662 3523 1720 praesepe
3548 1646 3698 1715 quasi
3722 1660 3845 1699 ma-

2258 1766 2332 1804 nu
2375 1738 2699 1809 deduxerat,
2740 1759 2845 1797 non
2885 1757 2981 1811 per
3000 1739 3208 1794 stellam
3230 1737 3424 1792 deinde
3444 1777 3462 1801 ,
3491 1738 3585 1791 sed
3616 1749 3710 1803 per
3739 1748 3842 1787 an-

2257 1837 2435 1906 gelum
2463 1837 2479 1865 ¹
2522 1835 2667 1903 ipsos
2701 1831 2993 1899 alloquitur
3037 1844 3050 1879 :
3096 1826 3173 1881 sic
3202 1825 3271 1878 illi
3298 1822 3557 1894 gradatim
3587 1821 3842 1877 meliores

2258 1926 2431 1981 effecti
2460 1931 2600 1977 sunt.
2632 1921 2743 1976 Hoc
2776 1920 2946 1988 ipsum
2976 1917 3098 1971 fecit
3122 1917 3259 1969 circa
3287 1913 3619 1969 Ascalonitas
3644 1920 3698 1966 et
3725 1909 3839 1967 Ga-

2256 2028 2417 2068 zzcos.
2455 2011 2586 2065 Nam
2627 2019 2903 2077 postquam
2933 2008 3166 2075 quinque
3193 2004 3294 2057 illa:
3317 2002 3556 2057 civitates
3576 2042 3590 2064 ,
3617 2015 3739 2055 arca
3766 2001 3839 2056 ad

2257 2117 2315 2157 se
2352 2100 2596 2155 veniente
2619 2138 2633 2162 ,
2663 2097 2803 2151 letali
2835 2094 2984 2165 plaga
3007 2106 3272 2162 percussae
3295 2098 3453 2155 sunt,
3481 2105 3603 2142 cum
3629 2089 3836 2142 nullum

2255 2192 2625 2263 ingruentibus
2652 2189 2807 2244 malis
2832 2188 3121 2241 remedium
3147 2183 3481 2243 invenirent,
3514 2180 3715 2234 vocatis
3746 2192 3849 2229 va-

2258 2284 2400 2337 tibus
2453 2289 2507 2335 et
2543 2285 2863 2349 congregato
2901 2264 3045 2331 emtu
3071 2271 3337 2342 quomodo
3362 2269 3620 2327 divinitus
3642 2266 3849 2321 immis-

2261 2387 2378 2427 sum
2406 2372 2603 2425 malum
2624 2364 3321 2424 amoverentconsultabant
3348 2364 3425 2431 (l.
3447 2362 3573 2431 Reg.
3598 2360 3678 2431 5).
3710 2358 3851 2413 lline

2256 2462 2465 2516 vatibus
2505 2460 2839 2523 dicentibus,
2890 2471 3075 2511 vaccas
3119 2454 3403 2509 indomitas
3451 2461 3503 2504 et
3531 2450 3852 2519 primiparas

2255 2564 2392 2602 arcas
2414 2548 2562 2618 jungi
2590 2556 2841 2615 oportere
2866 2586 2882 2611 ,
2915 2555 2972 2599 ut
2993 2544 3139 2598 nullo
3165 2542 3299 2596 duce
3330 2554 3436 2609 quo
3461 2540 3660 2593 vellent
3680 2539 3868 2603 irent;

2256 2638 2487 2708 hincque
2524 2638 2860 2706 exploratum
2909 2635 3022 2690 fore
3050 2648 3114 2687 an
3143 2633 3397 2687 divinitus
3417 2670 3433 2695 ,
3460 2646 3527 2683 an
3555 2644 3681 2684 casu
3707 2643 3850 2698 quo-

2258 2728 2399 2797 piam
2446 2728 2716 2781 immissus
2745 2725 2965 2780 morbus
2992 2734 3135 2779 esset
3164 2722 3323 2792 (Ibid.
3356 2721 3413 2791 6)
3442 2737 3457 2785 ;
3486 2736 3608 2774 nam
3638 2722 3705 2784 si,
3733 2720 3851 2774 aie-

2258 2818 2423 2881 bant,
2451 2817 2639 2886 iugum
2669 2832 2733 2871 ex
2763 2815 3026 2884 imperitia
3057 2815 3073 2844 ί
3105 2820 3382 2866 conteram
3403 2852 3419 2876 ,
3448 2812 3528 2865 vel
3556 2811 3600 2864 si
3630 2810 3696 2865 ad
3724 2826 3849 2864 mu-

2258 2906 2465 2975 gientcs
2509 2907 2701 2959 vitulos
2742 2913 3050 2965 vertantur,
3093 2901 3241 2969 plaga
3287 2916 3412 2954 casu
3438 2901 3730 2962 acciderit;
3762 2902 3849 2956 sin

2262 3002 2406 3049 recta
2422 2990 2666 3063 pergant,
2686 3006 2861 3061 neque
2878 2991 2993 3045 sive
3013 2996 3235 3058 pr0pter
3248 2988 3543 3042 vitulorum
3561 2987 3833 3056 mugitum

2263 3083 2376 3135 sive
2410 3090 2633 3150 propter
2670 3082 2770 3133 vite
2806 3078 3166 3147 ignorantiam
3185 3078 3462 3139 aberrent,
3483 3076 3845 3143 conspicuum

2262 3171 2363 3224 erit
2380 3169 2551 3237 ipsam
2566 3168 2657 3222 Dei
2677 3183 2895 3223 manum
2914 3168 3013 3222 bas
3026 3168 3190 3221 urbes
3208 3165 3567 3239 percussisse:
3583 3166 3712 3233 quia
3733 3167 3842 3236 igi-

2266 3269 2356 3314 tur
2371 3269 2553 3314 vatum
2575 3261 2735 3313 dictis
2753 3267 3047 3328 paruerunt
3072 3258 3281 3310 illarum
3302 3256 3584 3310 civitatum
3617 3256 3841 3319 incolae,

2262 3356 2401 3409 Deus
2436 3355 2595 3407 etiam
2615 3392 2633 3419 ,
2663 3352 2983 3421 indulgentia
3014 3363 3139 3403 usus
3159 3389 3175 3414 ,
3207 3358 3385 3402 vatum
3411 3350 3725 3403 sententiam
3752 3365 3849 3404 sc-

2257 3454 2452 3514 quntus
2491 3453 2602 3506 est,
2638 3457 2735 3497 nec
2766 3441 3042 3509 majeSIate
3070 3453 3164 3493 sua
3189 3438 3457 3507 indignum
3485 3443 3719 3507 putavit,
3751 3453 3852 3491 va-

2258 3545 2368 3589 tum
2412 3534 2807 3604 praedictionem
2847 3531 2911 3585 ad
2937 3524 3070 3600 opu's
3094 3528 3358 3583 deducere
3382 3570 3399 3594 ,
3425 3536 3479 3583 et
3505 3528 3664 3583 iidem
3688 3528 3855 3584 dictis

2260 3639 2444 3678 eorum
2490 3622 2797 3677 conciliare.
2842 3620 2919 3674 Eo
2962 3620 3133 3688 major
3160 3621 3304 3673 enim
3332 3632 3419 3673 res
3443 3626 3589 3688 gesta
3617 3618 3844 3673 videba-

2256 3722 2363 3779 tur,
2408 3712 2453 3767 si
2494 3712 2588 3765 Dei
2618 3711 2905 3779 potentiam
2942 3710 3038 3778 ipsi
3067 3711 3224 3765 ctiam
3254 3710 3451 3764 inimici
3484 3709 3843 3765 lestilicaren-

2257 3812 2371 3864 tur,
2420 3809 2475 3855 et
2521 3801 2564 3855 si
2614 3815 2798 3853 corum
2844 3799 3091 3853 doctores
3120 3798 3187 3853 de
3213 3799 3301 3852 illa
3326 3799 3586 3853 calculum
3615 3798 3839 3856 ferrent.

2253 3892 2413 3946 Multa
2434 3904 2643 3959 quoquc
2672 3888 2867 3943 similia
2897 3889 3062 3943 Deum
3082 3888 3479 3956 dispen‘santem
3501 3875 3842 3943 animadver-

2254 3982 2430 4035 timus.
2453 3979 2581 4034 Nam
2604 3995 2663 4033 ea
2685 3980 2843 4032 etiam
2866 3994 2982 4049 qua:
3001 3979 3067 4032 ad
3089 3978 3453 4048 pytlionissam
3478 3988 3720 4048 spectant
3744 3994 3842 4033 eo-

2254 4070 2378 4124 dem
2415 4070 2719 4137 dispensata
2760 4077 2886 4122 sunt
2930 4068 3127 4123 modo:
3159 4079 3215 4121 ut
3243 4084 3339 4122 vos
3366 4068 3619 4139 deinceps
3643 4085 3841 4125 secun-

2257 4159 2383 4213 dum
2421 4159 2530 4228 jam
2570 4159 2706 4213 dicta
2758 4160 2998 4229 poteritis
3036 4160 3301 4229 explicare
3352 4159 3510 4220 (Ibid.
3542 4160 3657 4231 28).
3707 4162 3839 4217 llmc

2255 4247 2325 4302 de
2361 4249 2513 4303 stella
2556 4264 2584 4302 a
2626 4250 2780 4303 nobis
2818 4249 2953 4303 dicta
3002 4259 3162 4310 sunt;
3193 4249 3283 4302 scd
3314 4250 3464 4316 plura
3496 4265 3524 4302 a
3553 4250 3701 4302 vobis
3728 4252 3836 4305 diri

2253 4347 2458 4417 possint
2481 4365 2494 4402 :
2517 4362 2637 4402 nam
2660 4346 2741 4400 Da
2770 4344 2983 4415 sapienti
3006 4344 3315 4397 occasionem
3339 4383 3353 4407 ,
3381 4352 3427 4395 et
3452 4341 3725 4411 sapientior
3743 4344 3841 4397 erit

2252 4436 2433 4506 (Prov.
2454 4438 2515 4493 ,9.
2541 4437 2616 4505 9).

2326 4607 2373 4658 4.
2399 4604 2565 4669 Quare
2584 4601 2847 4668 Scriptura
2870 4610 3059 4664 tempus
3081 4604 3122 4645 ct
3142 4594 3306 4645 locum
3324 4592 3619 4653 nntiritatis,
3646 4591 3840 4658 prind-

2254 4711 2461 4766 pemque
2483 4704 2594 4745 tunc
2621 4690 2851 4759 temporis
2873 4698 3162 4755 regnantem
3181 4693 3280 4734 tum
3304 4691 3540 4734 accnrate
3563 4680 3834 4733 describat.

2256 4786 2489 4839 Liberum
2529 4782 2806 4834 arbitrium.
2864 4775 3184 4843 Jerusolyma
3216 4788 3305 4827 cur
3340 4772 3538 4823 turbata
3572 4778 3678 4832 est,
3718 4774 3840 4822 cuin

2255 4876 2446 4930 audivit
2472 4874 2723 4928 Christum
2750 4880 2943 4923 natum.
2968 4894 3035 4903 -——-
3055 4864 3170 4918 Jam
3200 4864 3264 4917 ad
3296 4861 3612 4929 principium
3642 4874 3832 4911 eorum

2255 4982 2373 5037 qua:
2405 4966 2536 5019 lecta
2578 4972 2700 5015 sunt
2729 4955 3061 5015 redeundum
3086 4965 3187 5008 est.
3219 4951 3497 5017 Quodnam
3528 4958 3611 5004 est
3639 4948 3842 5017 princi-

2256 5058 2439 5129 pium?
2467 5055 2589 5107 Cum
2630 5062 2777 5105 natus
2800 5058 2928 5102 esset
2953 5046 3103 5099 Jews
3127 5044 3176 5097 in
3202 5042 3492 5095 Betltleltem
3520 5041 3716 5093 Iudices
3734 5080 3749 5105 ,
3782 5042 3840 5095 in

2258 5150 2429 5211 diebus
2454 5146 2673 5200 Herodis
2701 5143 2833 5212 regis
2849 5181 2862 5204 ,
2900 5155 3012 5193 ecce
3033 5136 3169 5207 magi
3189 5136 3249 5187 ab
3271 5136 3462 5187 oriente
3487 5142 3725 5187 venerunt
3744 5132 3841 5185 Je-

2258 5238 2583 5309 rosotymant.
2603 5234 2734 5303 Magi
2763 5230 2971 5287 stellam
2992 5227 3183 5283 ducem
3208 5224 3418 5294 sequuti
3440 5232 3596 5288 sunt;
3629 5222 3681 5277 lii
3708 5237 3841 5277 vero

2329 5501 2347 5530 ί
2384 5498 2439 5547 in
2462 5504 2641 5553 marco,
2665 5505 2732 5544 διεδ
2754 5509 2817 5551 τῆς
2838 5504 3015 5553 ἀπιιριις.
3035 5490 3251 5553 Anianus
3268 5494 3327 5533 an
3351 5491 3442 5550 ista
3461 5479 3669 5531 lectione
3690 5481 3844 5530 aber-

2262 5565 2355 5617 rat,
2379 5560 2427 5607 in
2448 5546 2844 5618 interpretatiotic
2862 5546 3069 5613 ponens,
3091 5546 3293 5612 superba
3316 5546 3515 5596 cervice.
