4140 6298
279 495 418 548 κατά
449 495 551 565 τὴν
577 497 904 570 οἰκουμένην
932 499 1140 555 οἰκοῦσι
1163 540 1178 565 ,
1213 502 1306 556 καὶ
1336 505 1419 566 εἰς
1440 505 1694 558 τοσοῦτον
1724 507 1860 563 πλά-

276 598 372 644 τος
410 587 513 654 γῆς
549 587 934 655 ἐκκεχυμένοις
961 589 1026 652 ³’,
1079 591 1282 644 ἅπασιν
1321 593 1488 660 ἐγγὺς
1521 589 1658 647 εἶναι
1689 595 1881 652 δοκεῖ.“

283 674 414 738 Πῶς
437 671 530 730 οὖν
555 679 585 728 ό
604 677 803 746 ἀστὴρ,
825 680 944 732 είπέ
968 697 1080 750 μοι,
1106 682 1267 735 τόπον
1285 681 1426 736 οὕτω
1445 685 1628 738 στενὸν
1653 688 1858 758 φάτνης

287 767 384 819 καὶ
429 766 673 836 καλύϐης
702 767 909 822 ἐδείκνυ
934 808 950 833 ,
985 774 1033 824 εἰ
1064 771 1138 841 μὴ
1168 771 1230 825 τὸ
1258 773 1461 845 ὑψηλὸν
1499 776 1676 828 ἐκεῖνο
1699 778 1858 846 ἀφεὶς

280 856 436 909 κάτω
469 855 699 925 κατέϐη,
729 859 822 911 καὶ
851 859 991 928 ὑπὲρ
1027 861 1197 931 αὐτῆς
1223 862 1352 934 ἔστη
1371 863 1472 934 τῆς
1497 866 1738 937 κεφαλῆς
1761 868 1854 921 τοῦ

276 943 525 1008 παιδίου;
564 945 738 1015 Ὅπερ
764 942 856 1000 οὖν
896 950 991 1001 καὶ
1016 948 1046 1000 ό
1069 949 1457 1024 εὐαγγελιστὴς
1490 955 1858 1026 αἰνιττόμενος

276 1031 465 1100 ἔλεγεν
485 1051 500 1064 ·
544 1034 699 1089 Ἰδοὺ
734 1041 770 1090 ὀ
797 1038 994 1105 ἀστὴρ
1028 1039 1295 1112 προῆγεν
1324 1045 1546 1112 αὐτοὺς
1565 1084 1582 1109 ,
1621 1047 1733 1113 ἕως
1757 1049 1856 1101 ἐλ-

275 1120 398 1175 θὼν
433 1123 584 1192 ἔστη
615 1125 816 1179 ἐπάνω
847 1123 918 1184 οὗ
953 1123 1031 1197 ἦν
1051 1129 1118 1182 τὸ
1147 1131 1408 1186 παιδίον.
1425 1132 1592 1204 Ὀρᾷς
1623 1135 1692 1188 δι’
1715 1138 1854 1191 ὅσων

271 1211 551 1266 δείκνυται
577 1215 635 1269 ού
666 1215 772 1269 τῶν
812 1217 1021 1270 πολλῶν
1054 1214 1135 1281 εἷς
1165 1219 1240 1274 ὢν
1271 1214 1487 1286 οὖτος⁹ό
1520 1225 1712 1298 ἀστὴρ,
1735 1227 1854 1280 οὐδέ

273 1303 418 1357 κατά
465 1306 566 1374 τὴν
597 1308 920 1363 ἀκολουθίαν
951 1311 1050 1382 τῆς
1104 1310 1209 1378 ἐξω
1320 1315 1588 1384 γενέσεως
1638 1317 1853 1384 δεικνὺς

273 1387 395 1464 [89]
425 1395 617 1450 ἐαυτόν
636 1412 651 1460 ;

343 1481 416 1550 γ’.
449 1485 562 1538 Καὶ
588 1486 733 1552 τίνος
760 1481 946 1543 ἕνεκεν
973 1493 1184 1563 ἐφάνης
1214 1494 1376 1549 Ὥστε
1404 1496 1723 1550 καθικέσθαι
1751 1498 1851 1568 τῆς

284 1571 558 1629 Ἰουδαίων
590 1578 967 1650 ἀναισθησίας,
999 1583 1297 1655 καὶπᾶσαν
1317 1587 1499 1649 αὐτοῖς
1532 1587 1850 1640 ἀποκλεῖσαι

270 1655 835 1734 ἀπλογίαςάφορμὴν
849 1666 892 1697 ³³
925 1663 1350 1733 ἀγνωμονοῦσιν.
1387 1667 1600 1737 Ἐπειδὴ
1661 1668 1772 1740 γὰρ
1821 1671 1850 1721 ό

272 1748 736 1818 παραγενόμενος,
777 1751 875 1821 τὴν
915 1752 1015 1822 μὲν
1060 1754 1292 1808 παλαιὰν
1330 1757 1626 1811 ἀναπαύειν
1659 1759 1850 1830 ἔμελλε

272 1837 569 1902 πολιτείαν,
599 1840 700 1909 τὴν
720 1840 777 1892 δε
802 1843 1124 1913 οἰκουμένην
1151 1847 1233 1909 εἰς
1261 1845 1359 1916 τὴν
1391 1847 1564 1902 αὑτοῦ.
1608 1850 1851 1921 προσκύ-

267 1954 425 2007 νησιν
453 1939 658 2006 καλεῖν,
685 1941 780 1995 καὶ
808 1943 866 1996 ἐν
894 1945 964 2015 τῇ
1005 1945 1098 1998 καὶ
1137 1947 1196 1997 ἐν
1237 1945 1472 2015 θαλάττῃ
1524 1946 1848 2015 προσκυνεῖ-

268 2026 395 2079 σθαι
434 2030 605 2100 πάσῃ,
629 2031 694 2084 ἐκ
719 2035 1019 2102 προοιμίων
1044 2035 1246 2099 εὐθέως
1276 2037 1385 2098 τοῖς
1410 2035 1617 2088 ἔθνεσιν
1645 2035 1850 2103 ἀνοίγει

268 2116 366 2187 τὴν
395 2118 587 2188 θύραν,
608 2120 698 2173 διὰ
732 2121 840 2174 τῶν
869 2123 1162 2194 ἀλλοτρίων
1193 2125 1322 2189 τοὺς
1361 2125 1593 2190 οἰκείους
1623 2125 1847 2179 παιδεῦ-

268 2221 361 2257 σαι
407 2207 598 2264 θέλων.
648 2211 864 2282 Ἐπειδὴ
924 2214 1033 2282 γάρ
1083 2214 1192 2267 τῶν
1247 2215 1544 2284 προφητῶν
1607 2214 1847 2285 συνεχῶς

264 2296 558 2360 ἀκούοντες
597 2298 864 2364 λεγόντων
918 2302 1048 2372 περὶ
1087 2302 1186 2372 τῆς
1230 2302 1393 2355 αὐτοῦ
1437 2305 1751 2372 παρουσίας.
1783 2304 1845 2356 ού

267 2385 474 2455 σφόδρα
501 2391 810 2458 προσεῖχον,
829 2390 1050 2462 ἐποίησε
1076 2392 1170 2445 καὶ
1201 2392 1508 2464 βαρϐάρους
1538 2394 1710 2448 ἐλθεῖν
1738 2395 1845 2448 ἀπὸ

264 2477 367 2545 τῆς
401 2479 641 2547 μακρᾶς,
675 2480 767 2532 τὸν
797 2483 926 2551 παρ’
953 2483 1135 2546 αὐτοῖς
1174 2483 1398 2552 βασιλέα
1428 2485 1838 2556 ἐπιζητοῦντας.

259 2565 357 2616 καὶ
406 2564 560 2636 παρά
603 2567 878 2637 Περσικῆς
921 2569 1145 2640 πρώτης
1181 2572 1364 2641 φωνῆς
1397 2574 1775 2641 μανθάνουσιν,
1803 2576 1842 2630 ἃ

266 2653 414 2721 παρά
450 2654 562 2705 τῶν
588 2658 883 2725 προφητῶν
926 2659 1116 2727 μαθεῖν
1143 2661 1244 2713 οὐκ
1279 2663 1569 2731 ἠνέσχοντο
1591 2681 1604 2694 ·
1637 2666 1742 2727 ἵνα,
1774 2665 1840 2719 ἂν

262 2739 361 2807 μὲν
418 2739 824 2810 εὐγνωμονῶσι,
892 2745 1153 2815 μεγίστην
1207 2746 1370 2816 ἔχωσι
1421 2750 1512 2801 τοῦ
1559 2752 1838 2806 πείθεσθαι

260 2827 533 2895 πρόφασιν
552 2844 566 2857 ·
589 2828 683 2881 ἐὰν
705 2829 762 2881 δὲ
785 2830 1148 2898 φιλονεικῶσι,
1179 2834 1357 2902 πάσης
1381 2827 1513 2888 ὦσιν
1542 2836 1841 2906 ἀπεστερη-

263 2915 412 2983 μένοι
433 2915 622 2970 λοιπὸν
647 2918 961 2988 ἀπολογίας.
992 2920 1056 2973 Τί
1094 2923 1202 2991 γάρ
1233 2923 1300 2975 ἂν
1328 2924 1499 2993 ἔχοιεν
1530 2913 1725 2989 εἰπεῖν,
1759 2927 1834 2997 μὴ

256 3003 545 3074 δεξάμενοι
574 3007 664 3059 τὸν
689 3008 923 3079 Χριστὸν
960 3011 1096 3080 μετὰ
1123 3013 1249 3076 τοὺς
1290 3013 1576 3076 τοσούτους
1625 3018 1836 3086 προφή-

254 3109 371 3157 τας,
412 3097 546 3149 ὃταν
570 3097 717 3151 τδωσι
743 3100 947 3168 μάγους
977 3101 1086 3154 ἀπὸ
1127 3102 1302 3171 ὅψεως
1339 3106 1454 3166 ἐνὸς
1480 3105 1679 3175 ἄστρου
1711 3106 1834 3158 τοῦ-

252 3197 362 3235 ἰτον⁷
388 3183 738 3253 δεξαμένους,
771 3188 862 3240 καὶ
909 3191 1392 3260 προσκυνήσαντας
1423 3192 1514 3244 τὸν
1555 3193 1830 3260 φανέντα;

255 3271 431 3344 Ὅπερ
460 3271 556 3328 οὖν
587 3277 680 3328 ἐπὶ
723 3277 833 3328 τῶν
882 3277 1179 3331 Νινευῖτῶν
1229 3281 1472 3350 ἐποίησε,
1499 3283 1719 3351 πέμψας
1741 3284 1832 3338 τὸν

264 3361 470 3428 Ἰωνᾶν,
509 3365 604 3417 καὶ
634 3367 770 3436 ὅπερ
798 3367 890 3419 ἐπὶ
918 3369 1015 3438 τῆς
1047 3369 1434 3440 Σαμαρείτιδος
1465 3370 1560 3423 καὶ
1583 3375 1681 3443 τῆς
1716 3373 1830 3425 Χα-

247 3453 500 3517 ναναίας.
534 3455 692 3507 τοῦτο
725 3458 820 3509 καὶ
869 3458 962 3510 ἐπὶ
1003 3459 1134 3511 τῶν·
1160 3459 1369 3528 μάγων.
1415 3461 1512 3514 Διά
1554 3462 1711 3515 τοῦτο
1737 3463 1831 3517 καὶ

246 3540 434 3608 ἐλεγεν
454 3559 470 3573 ·
536 3533 785 3612 ’Δγ-’δρες
840 3547 1138 3601 Νινευῗται
1192 3550 1662 3615 ἀναστήσονται,
1729 3554 1829 3608 καί

245 3634 678 3702 καταχρυσοῦσι
698 3652 711 3666 ⁸
743 3638 856 3699 καὶ,
887 3639 1234 3693 Βασίλισσα
1274 3643 1455 3695 νότου
1488 3643 1828 3708 ἀναστήσε-

250 3738 370 3784 ται.
395 3724 496 3777 καί
525 3727 872 3800 κατακρινεῖ
892 3728 1007 3796 τὴν
1035 3733 1250 3797 γενεὰν
1281 3733 1506 3799 ταύτην
1526 3747 1539 3762 ·
1576 3734 1656 3787 ὃτι
1683 3735 1829 3788 ἐκεῖ-

246 3825 327 3864 νοι
363 3810 466 3880 μὲν
493 3815 606 3876 τοῖς
638 3813 916 3870 ἐλάττοσιν
946 3817 1294 3881 ἐπίστευσαν,
1315 3816 1457 3873 οὗτοι
1484 3821 1540 3873 δέ
1561 3822 1680 3875 οὐδὲ
1712 3826 1826 3887 τοῖς

248 3899 482 3970 μείζοσι.
513 3903 622 3955 Καὶ
645 3903 788 3968 τίνος
807 3905 991 3960 ἐνεκεν
1013 3907 1101 3960 διὰ
1128 3910 1383 3979 τοιαύτης
1414 3912 1610 3975 αὐτοὺς
1639 3913 1823 3966 emtu-

245 4005 340 4044 σεν
388 3991 604 4059 Mem;
654 3995 838 4064 φησίν.
901 3996 1063 4050 Ἀλλά
1097 3998 1216 4061 πῶς
1267 4001 1470 4070 ἐχρῆνς
1527 4003 1819 4072 Προφήτας

241 4079 458 4149 σᾶμψαι
482 4097 498 4146 ;
543 4081 683 4134 Ἀλλ’
712 4084 811 4137 οὐκ
838 4083 904 4138 ἂν
929 4088 978 4138 οἰ
1005 4086 1168 4156 μάγοι
1197 4090 1488 4159 προφητῶν
1510 4093 1818 4163 ἠνέσχοντο.

255 4167 418 4223 Ἀλλά
446 4173 630 4244 φωνὴν
679 4174 886 4229 ἄνωθεν
915 4177 1168 4248 ἀφεῖναι;
1204 4179 1354 4233 Ἀλλ’
1386 4181 1488 4235 οὐκ
1531 4183 1597 4235 ἂν
1644 4200 1817 4254 προσ-

234 4270 414 4340 έσχον.
455 4270 593 4322 Ἀλλ’
628 4271 857 4339 ἄγγελον
895 4274 1243 4343 ἀποστεῖλαις
1280 4278 1442 4332 Ἀλλά
1486 4283 1580 4334 καὶ
1626 4284 1814 4336 τοῦτον

230 4358 298 4412 ἄν
328 4359 701 4430 παρέδραμον.
745 4363 844 4414 Διὰ
883 4362 948 4434 δὴ
974 4364 1132 4418 τοῦτο
1172 4368 1350 4422 πάντα
1380 4371 1562 4424 ἐκεῖνα
1591 4374 1748 4443 ἀφεὶς
1783 4379 1812 4430 ὁ

229 4447 386 4510 Θεὸς,
409 4447 499 4501 διὰ
529 4449 636 4501 τῶν
660 4450 908 4520 συνήθων
936 4452 1130 4518 αὐτοὺς
1153 4456 1332 4522 καλεῖ,
1370 4461 1576 4531 σφόδρα
1606 4480 1810 4532 συγκα-

226 4536 522 4604 ταϐαίνων,
545 4539 641 4591 καὶ
665 4539 781 4611 [90]
813 4539 1084 4595 δείκνυσιν
1117 4545 1315 4616 ἄστρον
1359 4549 1502 4618 μέγα
1529 4555 1621 4605 καὶ
1652 4555 1808 4624 ἐξηλ-

229 4625 524 4696 λαγμένον,
554 4629 694 4683 ὥστε
724 4632 819 4684 καὶ
865 4632 943 4702 τῷ
974 4633 1194 4703 μεγέθει
1230 4638 1324 4690 καὶ
1359 4640 1438 4707 τῷ
1478 4643 1666 4712 κάλλει
1705 4647 1806 4715 τῆς

227 4715 404 4784 ὅψεως
426 4720 623 4783 αὐτοὺς
653 4720 942 4791 ἐκπλῆξαι,
976 4725 1069 4777 καὶ
1096 4727 1175 4797 τῷ
1197 4729 1384 4799 τρόπῳ
1422 4730 1522 4800 τῆς
1557 4737 1800 4804 πορείας.

227 4807 414 4862 Ταῦτα
453 4813 546 4863 καὶ
589 4815 618 4866 ὁ
669 4813 883 4877 Παῦλος
933 4815 1268 4887 μιμούμενος
1317 4820 1425 4873 ἀπὸ
1466 4822 1650 4894 βωμοῦ
1690 4830 1803 4891 τοίς

229 4898 453 4970 Ἕλλησι
483 4901 789 4970 διαλέγεται
809 4947 824 4971 ,
870 4907 962 4960 καὶ
994 4907 1232 4978 ποιητῶν
1259 4911 1497 4980 παράγει
1518 4913 1564 4945 ³⁸
1597 4933 1803 4986 μαρτυς

228 4986 351 5056 ρίας
380 4989 460 5050 εἰς
496 4989 699 5056 μέσονο
733 4993 828 5044 καὶ
878 4993 1016 5063 μετά
1051 4997 1354 5066 περιτομῆς
1390 5002 1501 5063 τοῖς
1536 5003 1803 5070 Ἰουδαίοις

224 5076 543 5149 δημηγορεῖ,
574 5079 668 5132 καὶ
690 5081 798 5133 ἀπὸ
817 5081 1016 5136 θυσιῶν
1044 5086 1181 5156 πρὸς
1201 5088 1403 5149 τοὺςηέν
1424 5090 1572 5161 νόμῳ
1593 5091 1801 5158 ζῶντας

223 5165 322 5235 τὴν
366 5168 542 5240 ἀρχὴν
594 5174 829 5238 ποιεῖται
873 5174 974 5243 τῆς
1021 5175 1382 5241 διδασκαλίας.
1429 5181 1643 5255 Ἐπειδὴ
1691 5187 1801 5259 γὰρ

223 5256 435 5345 ἑκάστῳ
460 5260 529 5314 τά
565 5261 765 5333 συνήθη
805 5263 952 5331 φίλα,
999 5266 1093 5318 καὶ
1123 5269 1150 5320 ό
1182 5268 1313 5331 Θεὸς
1341 5271 1432 5322 καὶ
1460 5274 1509 5324 οί
1540 5276 1668 5345 παρ’
1699 5256 1797 5329 ab;

105 5375 112 5378 -
222 5342 315 5396 τοῦ
359 5349 698 5435 πεμφθέντες
738 5352 1014 5423 ἄνθρωποι
1055 5355 1191 5424 πρὸς
1213 5357 1312 5428 τὴν
1339 5358 1440 5428 τῆς
1476 5342 1797 5435 οἰκουμένης

223 5434 494 5503 σωτηρίαν
539 5437 684 5492 οὕτω
729 5441 798 5493 τά
847 5442 1147 5512 πράγματα
1202 5449 1657 5518 μεταχειρίζουσι.
1700 5434 1794 5525 Μὴ

221 5522 397 5577 τοίνυν
417 5524 638 5603 ἀνάξιον
665 5525 802 5584 εἶναι
828 5533 1056 5604 νομίσῃς
1084 5535 1270 5603 αὑτοῦ,
1287 5538 1347 5590 τὸ
1359 5539 1425 5591 δι’
1452 5542 1678 5612 ἀστέρος
1697 5522 1796 5598 ab;

221 5615 344 5678 τοὺς
393 5615 656 5671 καλέσαι·
705 5621 828 5674 ἐπεὶ
872 5622 1015 5676 οὕτω
1066 5627 1159 5679 καὶ
1203 5630 1273 5681 τά
1323 5628 1586 5684 Ἰουδαῖκά
1618 5634 1794 5689 πάντα

792 5822 857 5901 D:
990 5827 1332 5901 ἐκκεχυμένη
1371 5831 1431 5886 F.
1479 5833 1584 5889 An.
1616 5837 1821 5893 ἅπασιν
1846 5855 1958 5898 om.
1994 5842 2056 5898 Β.

1427 386 1494 442 ΙΝ
1533 383 1938 443 ΜΑΤΤΙῙΑΞΠΜ
1979 383 2208 442 ΠΟΜΙΙ..
2251 384 2342 443 Vl.

3499 381 3567 434 (ἷίἷ

1972 503 2269 566 διαϐαλείς,
2296 501 2390 556 καὶ
2422 498 2520 565 τάς
2545 500 2737 562 θυσίας
2754 539 2769 565 ,
2809 499 2905 553 καὶ
2938 500 3062 560 τοὺς
3087 497 3430 568 καθαρμοὺς,
3458 497 3554 550 καὶ

1972 595 2072 658 τάς
2091 593 2403 665 νεομηνίας,
2435 593 2530 646 καὶ
2563 592 2662 661 τὴν
2689 589 2921 642 κιϐωτὸν
2941 629 2957 654 ,
2984 589 3078 643 καὶ
3100 588 3191 642 τὸν
3213 588 3338 642 ναὸν
3363 589 3418 668 δὲ
3450 588 3552 642 αὺο

1968 686 2083 739 τόν.
2113 687 2223 740 Καὶ
2247 685 2356 756 γάρ
2401 683 2462 749 ἐξ
2499 681 2816 751 Ἑλληνικῆς
2847 681 3020 733 ταῦτα
3058 680 3368 750 παχύτητος
3391 679 3550 733 ἔλαϐε

1969 776 2070 847 τὴν
2102 776 2298 846 ἀρχήν.
2317 775 2458 828 Ἀλλ’
2481 775 2631 845 ὅμως
2661 774 2690 825 ὸ
2709 772 2839 835 Θεὸς
2863 771 2950 824 διὰ
2977 771 3076 842 τὴν
3104 771 3212 823 τῶν
3248 769 3550 840 πλανηθέν-

1969 882 2078 919 των
2103 865 2378 936 σωτηρίαν
2404 865 2662 935 ήνέσχετο
2681 863 2769 917 διά
2803 862 3006 916 τούτων
3036 860 3458 932 θεραπευθῆναι,
3483 859 3548 912 δι’

1967 948 2041 1010 ὧν
2072 957 2122 1009 οἰ
2159 954 2358 1020 ἔξωθεν
2384 954 2640 1025 δαίμονας
2665 953 3016 1022 ἐθεράπευον,
3046 950 3240 1020 μικρὸν
3273 949 3549 1020 παραλλά-

1966 1044 2065 1110 ξας
2101 1046 2242 1099 αὐτά
2266 1062 2279 1075 ·
2322 1046 2410 1100 ῖνα
2455 1046 2650 1107 αὐτοὺς
2682 1043 2822 1096 κατά
2875 1040 3070 1112 μικρὸν
3111 1041 3213 1111 τῆς
3258 1039 3547 1109 συνηθείας

1961 1135 2420 1198 ἀποσπάσαςδέπὶ
2448 1134 2546 1204 τὴν
2583 1132 2791 1203 ὑψηλὴν
2817 1133 2998 1203 ἀγάγῃ
3024 1132 3069 1164 ³⁸
3101 1131 3440 1200 φιλοσοφίαν.
3482 1131 3548 1182 Ὃ

1961 1225 2026 1295 δὴ
2058 1225 2153 1278 καὶ
2183 1225 2277 1278 ἐπὶ
2308 1224 2417 1278 τῶν
2448 1223 2638 1294 μάγων
2662 1222 2906 1292 ἐποίησε,
2928 1221 2997 1274 δι’
3019 1220 3196 1289 ὅψεως
3219 1220 3417 1290 ἄστρου
3451 1235 3547 1271 κα.

1959 1314 2115 1369 λέσαι
2151 1315 2349 1377 αὐτοὺς
2381 1313 2783 1383 ἀνασχόμενος,
2828 1313 2914 1364 ίνα
2946 1311 3132 1364 λοιπὸν
3182 1308 3545 1379 ὑψηλοτέρους

1957 1413 2275 1484 ἐργάσηται.
2314 1412 2467 1465 Ἐπεὶ
2504 1407 2597 1465 οὖν
2642 1413 2816 1486 ἤγαγε
2866 1412 2960 1465 καὶ
2989 1409 3417 1480 ἐχειραγώγησε,
3446 1410 3541 1461 καὶ

1956 1504 2094 1575 πρὸς
2122 1506 2220 1574 τὴν
2263 1505 2471 1574 φάτνην
2518 1503 2766 1574 ἔστησεν,
2802 1504 2985 1555 οὐκέτι
3026 1503 3093 1555 δι’
3139 1502 3364 1572 ἄστρου,
3402 1499 3540 1554 ἀλλά

1951 1593 2018 1646 δι’
2051 1593 2288 1662 ἀγγέλου
2342 1594 2527 1647 λοιπὸν
2575 1595 2763 1656 αὐτοῖς
2810 1590 3155 1660 διαλέγεται,
3213 1590 3358 1644 οὕτω
3395 1594 3538 1643 κατὰ

1953 1681 2150 1751 μικρὸν
2184 1682 2426 1752 βελτίους
2447 1681 2713 1749 ἐγένοντο.
2749 1682 2920 1735 Τοῦτο
2948 1682 3042 1736 καὶ
3077 1682 3170 1734 ἐπὶ
3198 1680 3307 1734 τῶν
3338 1683 3536 1733 Ἄσκα-

1949 1771 2188 1825 λωνιτῶν
2233 1774 2328 1825 καί
2360 1771 2611 1836 Γαζαίων
2655 1772 2901 1842 ἐποίησε.
2945 1772 3056 1825 Kal
3100 1771 3210 1844 γὰρ
3271 1772 3326 1825 αἱ
3371 1772 3534 1824 πέντε

1950 1861 2131 1923 πόλεις
2160 1863 2398 1925 ἐκεῖναι,
2439 1862 2631 1932 ἐπειδὴ,
2670 1861 2770 1931 τῆς
2803 1860 3039 1915 κιϐωτοῦ
3083 1860 3534 1930 παραγενομένης

1948 1950 2268 2018 ἐπλήγησαν
2314 1951 2535 2021 καιρίαν
2592 1950 2826 2022 πληγὴν,
2868 1950 2963 2003 καὶ
3009 1949 3329 2018 ἀπαλλαγὴν
3391 1948 3536 2002 ούδε-

1949 2039 2076 2106 μίαν
2103 2038 2355 2110 εῦρισκον
2385 2039 2494 2092 τῶν
2521 2040 2884 2109 ἐπικειμένων
2919 2038 3127 2100 κακῶν,
3153 2040 3281 2100 τοὺς
3305 2038 3530 2108 μάντεις

1943 2127 2292 2195 καλέσαντες,
2341 2131 2434 2183 καὶ
2473 2131 2768 2200 ἐκκλησίαν
2810 2130 3241 2199 συναγαγόντες,
3299 2129 3527 2200 ἐζήτουν

1941 2217 2094 2270 λύσιν
2117 2220 2298 2289 εὑρεῖν
2325 2220 2425 2289 τῆς
2455 2221 2717 2291 θεηλάτου
2749 2221 2964 2291 πληγῆς
2994 2220 3230 2292 ἐκείνης.
3257 2215 3389 2273 Εἶτα
3418 2220 3525 2273 τῶν

1943 2307 2191 2377 μάντεων
2217 2307 2330 2380 [91]
2362 2311 2647 2375 εἰπόντων,
2671 2312 2753 2364 ὅτι
2782 2311 3042 2380 δαμάλεις
3071 2311 3416 2378 ἀδαμάστους
3432 2312 3525 2364 καὶ
3565 2317 3567 2319 ’

1941 2401 2392 2469 πρωτοτοκούσας
2424 2399 2720 2465 ὑποζεῦξαι
2748 2402 2816 2470 τῇ
2855 2399 3070 2468 κιϐωτῷ
3109 2398 3235 2470 χρὴ.
3271 2399 3368 2452 καὶ
3390 2399 3523 2468 μηδ-

1939 2489 2058 2552 ενὸς
2107 2490 2574 2560 χειραγωγοῦντος
2634 2494 2852 2559 ἀφεῖναι
2916 2490 3179 2560 βαδίζειν·
3229 2488 3372 2542 οὕτω
3413 2489 3521 2560 γὰρ

1938 2579 2087 2634 ἔσται
2127 2583 2447 2652 κατάδηλον,
2486 2585 2595 2637 εἴτε
2644 2583 2901 2653 θεήλατος
2939 2577 3008 2652 ἦν
3027 2584 3071 2613 ³⁸
3101 2583 3134 2650 ή
3173 2581 3375 2652 πληγὴ,
3407 2581 3520 2634 εἴτε

1934 2670 1999 2722 ἐκ
2026 2673 2332 2741 περιφορᾶς
2370 2690 2516 2733 τινος
2561 2676 2594 2743 ή
2632 2673 2785 2736 νόσος
2820 2673 2917 2742 (ἂν
2946 2673 3044 2742 μὲν
3068 2671 3194 2742 γάρ,
3226 2671 3382 2739 φησι,
3422 2670 3518 2722 τὸν

1933 2759 2095 2827 ζυγὸν
2128 2761 2232 2813 ὑπὸ
2272 2761 2376 2831 τῆς
2411 2763 2670 2831 ἀπειρίας
2725 2763 3110 2833 συντρίψωσιν,
3134 2764 3168 2833 ἦ
3227 2762 3364 2832 πρὸς
3416 2763 3518 2826 τὰς

1929 2847 2190 2917 δαμάλεις
2220 2850 2549 2921 μυκωμένας
2578 2852 2978 2923 ἐπιστραφῶσι,
3019 2850 3278 2920 συντυχία
3324 2851 3385 2904 τὸ
3422 2868 3509 2919 γε·

1929 2950 2057 3005 γενη
2067 2935 2228 3006 μένον
2261 2939 2409 2992 ἐστίν
2427 2953 2440 2968 ⁸
2469 2939 2534 2992 ἂν
2562 2939 2618 2991 δὲ
2647 2938 2783 3009 ὀρθά
2811 2940 3087 3010 βαδίσωσι,
3117 2941 3212 2994 καὶ
3231 2939 3353 3016 οὔτε
3377 2940 3515 3010 πρὸς

1927 3025 2020 3078 τὸν
2061 3027 2349 3098 μυκηθμὸν
2394 3030 2502 3083 τῶν
2536 3029 2767 3084 παιδίων
2800 3031 3105 3102 πάσχουσαί
3134 3049 3207 3097 τι,
3255 3031 3380 3084 οὔτε
3409 3032 3515 3084 ὑπὸ

1927 3113 2025 3182 τῆς
2054 3115 2278 3182 ἀγνοίας
2304 3117 2404 3187 τῆς
2433 3116 2577 3170 κατά
2607 3119 2706 3187 τὴν
2732 3117 2871 3182 ὁδὸν,
2903 3116 3269 3190 πλανηθῶσιν,
3290 3119 3513 3191 εῦδηλον

1926 3205 2007 3255 ὅτι
2038 3205 2071 3274 ή
2101 3205 2196 3280 τοῦ
2249 3207 2388 3260 Θεοῦ
2418 3209 2539 3277 χείρ
2582 3210 2729 3260 ἐστιν
2781 3212 2812 3279 ή
2877 3209 3132 3280 ἁψαμένη
3164 3209 3274 3264 τῶν
3305 3212 3512 3267 πόλεων

1926 3277 2200 3364 τούτων)·
2237 3297 2360 3350 ἐπεὶ
2390 3296 2483 3368 οὖν
2535 3298 2708 3350 ταῦτα
2757 3298 2867 3351 τῶν
2929 3300 3177 3368 μάντεων
3229 3300 3510 3365 εἰπόντων,

1925 3383 2260 3454 ἐπείσθησαν
2308 3387 2356 3438 οί
2399 3367 2498 3450 τὰς
2559 3385 2746 3449 πόλεις
2795 3388 3071 3450 οἰκοῦντες
3129 3389 3367 3454 ὲκείνας,
3416 3393 3513 3444 καὶ

1925 3474 2189 3544 ἐποίησαν
2209 3475 2286 3538 ὡς
2320 3475 2720 3548 ἐκελεύσθησαν
2739 3517 2755 3541 ,
2789 3478 2882 3531 καὶ
2911 3480 2940 3532 ό
2975 3478 3106 3542 Θεὸς
3132 3482 3204 3550 τῇ
3235 3480 3345 3532 τῶν
3373 3483 3513 3551 μάν-

1922 3582 2060 3619 τεων
2090 3567 2424 3638 ἠκολούθησε
2457 3568 2671 3639 γνώμῃ,
2710 3569 3161 3637 συγκαταϐαίνων
3189 3572 3350 3625 πάλιν
3370 3610 3386 3635 ,
3417 3574 3512 3625 καὶ

1921 3655 2022 3708 οὐκ
2049 3656 2296 3726 ἐνόμισεν
2329 3658 2545 3724 ἀνάξιον
2575 3655 2714 3711 εἰναι
2746 3659 2913 3713 αὑτοῦ
2960 3661 3069 3714 τῶν
3117 3661 3362 3729 μάντεων
3410 3662 3511 3732 τὴν

1921 3745 2226 3816 πρόρρησιν
2255 3748 2335 3811 εἰς
2358 3747 2518 3822 ἔργον
2542 3749 2853 3818 ἐξαγαγεῖν,
2893 3751 2988 3804 καὶ
3018 3751 3243 3819 ποιῆσαι
3283 3756 3510 3818 πιστοὺς

1920 3831 2061 3888 εἶναι
2098 3836 2296 3902 δοκεῖν,
2338 3840 2395 3891 ἐν
2441 3834 2522 3903 οἷς
2557 3841 2680 3894 τότε
2710 3841 2986 3909 εἰρήκασι.
3029 3841 3138 3893 Kal
3172 3840 3281 3912 γὰρ
3319 3843 3511 3912 μεῖζον,

1918 3923 1980 3977 τὸ
2033 3926 2465 3997 κατορθούμενον
2511 3924 2598 3999 ἦν,
2627 3928 2707 3999 τῷ
2736 3929 2779 3960 ⁸⁷
2824 3931 2917 3982 καὶ
2947 3930 3148 3993 αὐτοὺς
3183 3932 3310 3995 τοὺς
3351 3932 3505 3986 ἐναν-

1919 4014 2067 4075 τίους
2101 4017 2448 4086 μαρτυρῆσαι
2474 4021 2540 4086 τῇ
2576 4018 2670 4070 τοῦ
2694 4019 2830 4071 Θεοῦ
2851 4021 3100 4089 δυνάμει,
3124 4026 3218 4076 καὶ
3252 4025 3351 4094 τὴν
3375 4027 3507 4095 περὶ

1917 4103 2085 4155 αὑτοῦ
2133 4104 2316 4172 ψῆφον
2373 4107 2499 4168 τοὺς
2535 4105 2721 4159 αὐτῶν
2776 4107 3131 4175 διδασκάλους
3179 4113 3504 4182 ἐξενεγκεῖν.

1920 4194 2030 4246 Καὶ
2061 4193 2222 4265 ἐτερα
2254 4194 2312 4248 δὲ
2341 4195 2511 4250 πολλὰ
2539 4197 2762 4252 τοιαῦτα
2781 4195 2894 4253 ίδοι
2922 4218 3006 4266 τις
3023 4202 3089 4257 διν
3116 4204 3505 4276 οίκονομοῦντα

1916 4283 2007 4338 τὸν
2034 4284 2188 4338 Θεόν.
2234 4286 2345 4339 Καὶ
2372 4286 2481 4359 γὰρ
2530 4290 2623 4342 καὶ
2661 4290 2721 4342 τὸ
2771 4291 2863 4343 ἐπὶ
2905 4291 3006 4361 τῆς
3057 4295 3502 4367 ἐγγαστριμύθου

1916 4375 2090 4448 τούτῳ
2143 4377 2431 4446 προσέοικε
2481 4380 2581 4449 τῆς
2631 4382 2942 4452 οἰκονομίας
2983 4383 3062 4454 τῷ
3088 4386 3305 4457 τρόπῳ,
3338 4387 3367 4439 ὃ
3407 4389 3501 4442 καὶ

1915 4468 2073 4532 ὑμεῖς
2098 4468 2281 4522 λοιπὸν
2309 4468 2418 4522 ἀπὸ
2447 4469 2558 4524 τῶν
2583 4472 2886 4544 εἰρημένων
2908 4474 3160 4530 ἐπιλῦσαι
3179 4476 3497 4550 δυνήσεσθε.

1911 4569 2017 4621 Τοῦ
2047 4569 2146 4639 μὲν
2196 4565 2289 4621 οὖν
2342 4570 2570 4640 ἀστέρος
2599 4571 2783 4624 ἕνεκεν
2826 4576 2976 4643 ποιρά
3013 4577 3109 4643 μὲν
3141 4579 3299 4648 ήμῶν
3325 4582 3498 4634 ταῦτα

1908 4659 2145 4729 εἴρηται,
2176 4659 2326 4729 παρά
2358 4660 2415 4712 δὲ
2437 4660 2590 4729 ὑμῶν
2620 4663 2712 4713 καὶ
2751 4662 2970 4717 πλείονα
3001 4665 3260 4736 λεχθῆναι
3294 4670 3497 4724 δύναιτ’

1907 4747 2006 4802 ἄν·
2042 4749 2218 4803 Δίδου
2251 4752 2381 4818 γὰρ,
2427 4751 2583 4821 φησὶ,
2612 4751 2786 4822 ’σοφῷ
2833 4755 3136 4825 ἀφορμὴν,
3173 4763 3273 4814 καὶ
3299 4767 3498 4832 σοφώο

1906 4857 2075 4908 τερος
2094 4841 2286 4895 ἔσται.

1977 4930 2040 4987 δ’.
2059 4934 2150 4984 Δεῖ
2163 4932 2221 4984 δὲ
2251 4933 2437 4986 λοιπὸν
2458 4934 2552 4985 ἐπὶ
2574 4934 2674 5002 τὴν
2704 4934 2880 5006 ἀρχὴν
2897 4937 3005 4989 τῶν
3036 4939 3495 5009 ἀναγνωσθέντων

1906 5021 2102 5075 ἐλθεῖν.
2136 5023 2233 5086 Τίς
2266 5023 2323 5077 δὲ
2349 5026 2382 5094 ἡ
2414 5025 2593 5094 ἀρχὴς
2621 5023 2737 5080 Τοῦ
2763 5025 2832 5078 δὲ
2871 5028 3074 5095 Ἰησοῦ
3097 5037 3495 5102 γεννηθέντος

1904 5113 1975 5165 ἐν
2003 5115 2277 5183 Βηθλεέμ
2322 5115 2436 5183 τῆς
2472 5116 2788 5182 Ἰουδαίας.
2830 5120 2900 5171 ἐν
2941 5120 3191 5189 ἡμέραις
3229 5124 3489 5192 Ἡρώδου

1904 5204 2013 5258 τοῦ
2035 5206 2360 5272 βασιλέως,
2393 5206 2523 5261 ἰδοὺ
2546 5208 2726 5277 μάγοι
2758 5209 2878 5263 ἀπὸ
2924 5211 3238 5266 ἀνατολῶν
3277 5217 3490 5286 ἔρχον-

1905 5311 1998 5347 ται
2021 5298 2109 5361 είς
2151 5296 2560 5366 Ἰεροσόλυμα.
2592 5299 2771 5366 Μάγοι
2804 5300 2904 5370 μὲν
2929 5302 3158 5372 ἀστέρος
3189 5307 3492 5377 κατάρχον-

1903 5401 1994 5446 τος
2010 5385 2402 5456 ἠκολούθησαν·
2423 5381 2568 5440 οὗτοι
2589 5387 2648 5440 δέ
2671 5389 2792 5441 οὐδὲ
2818 5392 3115 5462 προφητῶν
3154 5387 3490 5465 ἐνηχούντων

1903 5473 2250 5528 ἐπίστευσαν.
2282 5475 2438 5538 Τίνος
2462 5475 2518 5529 δὲ
2541 5477 2586 5508 ⁸⁸
2619 5477 2805 5530 ἕνεκεν
2848 5480 2980 5549 ἡμῖν
3029 5483 3123 5535 καὶ
3158 5484 3248 5536 τὸν
3299 5489 3488 5556 χρόνον

1903 5557 2073 5626 λέγει,
2125 5562 2219 5614 καὶ
2254 5562 2346 5616 τὸν
2373 5564 2558 5629 τόπον,
2595 5565 2697 5619 Ἐν
2724 5569 2995 5638 Βηθλεὲμ
3032 5572 3224 5637 εἰπὼν,
3256 5577 3347 5627 καὶ
3384 5578 3489 5629 Ἐν

1901 5647 2031 5711 ταῖς
2086 5651 2332 5720 ἡμέραις
2374 5652 2633 5720 Ἡρώδου
2684 5655 2792 5708 τοῦ
2845 5659 3188 5727 βασιλέως;
3243 5666 3382 5729 τίνος
3429 5668 3485 5722 δὲ

2163 5845 2221 5934 ’1
2237 5846 2598 5934 Vli‘d.':‘ldn(_)_t.-
2626 5855 2920 5934 ἀπολογίας
2944 5858 3084 5934 άφορ
3096 5859 3228 5934 μὴν]
3268 5865 3475 5921 dum)!»

292 5820 338 5850 "
378 5820 512 5896 ἐκκε
551 5822 657 5894 υμέ
729 5840 758 5887 ς
792 5822 857 5876 D.
894 5823 956 5880 E.
990 5827 1332 5901 ἐκκεχυμένη
1371 5831 1431 5886 F.
1479 5833 1584 5889 An.
1616 5837 1821 5893 ἅπασιν

221 5887 346 5967 τίαν
512 5841 559 5925 ἦ
586 5840 853 5964 ﬂagret]
883 5895 1006 5960 ἄγει
1036 5896 1170 5951 Mor.
1206 5899 1340 5956 Ben.
1379 5906 1542 5971 paulo
1576 5918 1696 5976 post
1732 5910 1821 5981 ἐδη

221 5972 348 6011 γοῦν
378 5958 437 6011 1⁸.
521 5961 567 5993 ³⁸
594 5957 662 6011 ἦν
691 5978 801 6011 om.
831 5965 894 6011 Α.
930 5963 988 6011 Β-
1017 5963 1077 6011 F-
1106 5967 1435 6011 πάσνῆιιηηιῖ
1470 5975 1717 6011 θρῖκνωη.
1755 5981 1791 6011 l.‘

1943 5883 1958 5898 .
1994 5842 2056 5898 Β.
2163 5845 2209 5878 ³⁸
2237 5846 2362 5903 Vid.
2394 5850 2580 5907 adnot.
2626 5855 2920 5925 ἀπολογίας
2944 5858 3228 5934 ἀφορμὴν]
3268 5865 3475 5921 dum)!»

1933 5913 2066 6011 £395?
2091 5915 2156 6011 ἐ·
2183 5914 2557 6011 Βιτοςέξηῗ
2575 5925 2843 6011 ἀιιαγέιγιι
2862 5929 2920 5982 υ·
2945 5933 3035 6011 .|:=-.
3050 5932 3206 6011 1M1“
3254 5937 3476 6011 ﬁliani-iu

217 5955 348 6025 γοῦν
378 5958 437 6014 F.
521 5961 567 5993 ³⁸
594 5955 801 6034 ἦνόιίι.
830 5955 894 6018 Ᾰ.
930 5955 988 6020 Β.
1017 5963 1077 6020 F.
1106 5955 1435 6046 πάσχουσοῖι]

1933 5955 2066 6038 ῡῖἕςῑὶ
2183 5955 2496 6062 ’Ἥέᾦῖτά
2527 5955 2863 6053 Λῗίἓῗίόἶῖἓ.

2944 6000 2987 6032 ιε
3011 6000 3093 6073 δὲ]
3121 5999 3215 6057 οὖν
3238 6007 3304 6059 Α.
3325 6006 3385 6060 Β.
3409 5999 3476 6065 c5
