4140 6298
303 292 376 347 δῖ
1484 299 1551 354 lN
1590 296 2002 371 MA'ITILEUM
2035 299 2266 355 llOMlL.
2305 299 2393 355 Vl.
3522 301 3592 352 (is

311 426 382 465 ne
411 407 691 480 prOphetis
712 406 926 477 quidem
949 403 1388 458 annuntiautibus
1409 402 1763 457 crediderunt.
1797 404 1904 456 Cur

308 510 491 555 autem
524 499 679 553 nobis
717 508 769 549 et
809 507 1016 563 tempus
1053 494 1182 547 dicit
1214 502 1268 547 et
1298 493 1506 556 locum,
1538 493 1665 547 dum
1694 493 1801 559 ait,
1836 492 1903 546 1η

310 589 608 645 Bethlehem
628 628 644 653 ,
675 596 729 640 et
749 627 763 647 ,
792 585 860 639 In
882 584 1058 637 diebus
1094 581 1310 636 Herodis
1340 569 1512 649 regis?
1545 598 1648 651 qua
1678 598 1808 636 vero
1837 582 1905 636 de

308 696 474 736 causa
510 679 821 747 dignitatem
868 676 1029 729 etiam
1071 660 1651 745 addiditYDignitatem
1682 669 1903 739 quidem

313 772 552 835 addidit,
580 767 839 837 quoniam
868 774 922 820 et
958 764 1092 817 alius
1122 762 1219 815 fuit
1255 761 1491 815 Herodes
1517 761 1605 829 qui
1645 760 1905 815 Joannem

312 859 549 921 occidit;
581 857 676 911 sed
707 856 795 910 hic
823 855 1089 911 tetrarcba
1108 894 1123 916 ,
1153 853 1245 907 ille
1272 867 1365 906 rex
1395 860 1529 906 erat.
1575 851 1775 906 Locum
1813 868 1906 905 au-

317 961 429 1006 tem
458 949 646 1005 scribit
669 958 724 1003 et
750 957 959 1016 tempus
997 946 1125 1000 dum
1162 943 1469 1014 prophetias
1508 943 1661 1005 nobis
1698 954 1908 999 veteres

312 1051 738 1106 commemorat,
786 1053 1009 1107 quarum
1051 1036 1275 1091 alteram
1317 1036 1563 1090 Micbaras
1609 1036 1787 1089 emisit
1826 1035 1909 1089 his

313 1132 497 1187 verbis
525 1149 539 1184 :
566 1130 633 1185 Et
659 1140 713 1183 tu
740 1129 1032 1183 Bethfeliem
1064 1136 1201 1181 terra
1238 1127 1381 1181 Juda
1399 1168 1417 1192 ,
1455 1144 1771 1197 nequaquam
1813 1128 1910 1180 mi.

316 1224 456 1275 nimo
483 1236 537 1275 es
560 1222 613 1274 in
652 1220 963 1290 principibus
984 1218 1124 1271 Iuda
1158 1218 1342 1290 (Mich.
1370 1217 1423 1273 5.
1448 1216 1536 1285 2);
1564 1218 1787 1271 alteram
1819 1232 1912 1287 pa-

317 1312 550 1367 triarcha
572 1311 738 1367 Jacob
758 1352 772 1374 ,
800 1311 889 1381 qui
918 1310 1070 1365 nobis
1096 1320 1302 1381 tempus
1325 1309 1606 1378 exprimit,
1633 1323 1912 1378 magnum-

212 1418 217 1423 '
318 1420 424 1474 que
470 1405 681 1474 signum
720 1403 980 1457 adventus
1016 1401 1134 1470 ejus
1180 1402 1431 1471 apponit;
1480 1416 1604 1455 nam
1643 1402 1757 1455 ait:
1790 1400 1913 1456 Non

315 1500 579 1565 auferetur
634 1496 867 1563 princeps
913 1494 975 1547 de
1020 1492 1193 1557 Iuda,
1234 1508 1325 1545 nec
1376 1491 1485 1547 dua:
1533 1492 1596 1545 de
1642 1492 1915 1562 femoribus

2010 415 2189 465 sarum
2219 404 2493 474 regionem
2523 402 2590 459 ad
2617 419 2677 459 se
2708 405 2959 461 traxisset
2978 446 2991 469 ,
3022 420 3086 461 ac
3106 409 3219 462 fore
3250 408 3523 464 videretur
3548 422 3606 465 ut

2008 508 2198 549 omnes
2236 494 2335 548 sibi
2379 493 2579 549 subditi
2621 504 2838 561 essent,
2885 495 3102 565 quando
3129 512 3217 552 res
3242 499 3321 553 sic
3346 514 3605 568 prospere

2008 584 2263 639 caderent
2291 594 2347 639 et
2372 586 2422 639 in
2450 587 2639 640 melius
2678 587 3030 656 proficerent,
3075 603 3137 642 ac
3177 589 3257 644 vel
3285 605 3313 642 a
3340 591 3605 661 principio

2009 675 2293 744 imperium
2342 676 2411 730 ita
2454 676 2793 744 splendidum
2841 687 2985 732 esset
3018 696 3032 731 :
3064 678 3136 733 illi
3189 690 3367 735 tamen
3416 698 3485 737 ne
3525 683 3604 737 sic

2012 764 2230 834 quidem
2276 765 2327 818 in
2370 766 2593 820 meliora
2624 777 2916 833 mutantur,
2954 770 3161 823 etiamsi
3192 785 3363 840 nuper
3395 770 3607 826 fuerant
3678 760 3683 764 ’

2014 868 2041 904 a
2070 854 2377 921 captivitate
2418 855 2627 913 Persica
2672 857 2901 912 liberati.
2940 860 3097 928 Atqui
3142 875 3237 928 par
3286 870 3399 915 erat
3444 862 3600 924 illos,

2005 944 2218 997 etiamsi
2262 959 2580 1000 arcanorum
2611 956 2666 1002 et
2695 948 3005 1004 sublimium
3048 952 3217 1021 ignari
3259 951 3521 1017 fuissent,
3549 962 3604 1009 et

2004 1048 2068 1086 ex
2112 1038 2475 1101 przcsentibus
2518 1047 2724 1092 tantum
2772 1040 3035 1094 calculum
3093 1043 3428 1110 posuissent,
3481 1045 3597 1098 lucc

2002 1123 2236 1191 cogitare
2263 1135 2440 1181 tamen
2466 1144 2479 1179 :
2521 1126 2575 1183 Si
2609 1138 2789 1183 natum
2821 1145 2999 1200 regem
3038 1144 3279 1187 nostrum
3308 1135 3382 1189 ita
3412 1134 3599 1190 formi-

2002 1214 2166 1281 dant,
2212 1219 2383 1272 multo
2412 1220 2580 1289 magis
2610 1236 2734 1275 cum
2772 1221 3072 1278 adoleverit
3118 1224 3295 1294 ipsum
3339 1228 3601 1297 pertime-

2001 1317 2191 1373 scent,
2240 1309 2450 1381 ipsique
2496 1314 2912 1383 obsequemur:
2958 1327 3250 1387 nostraque
3303 1318 3599 1374 barbaricis

2000 1400 2365 1470 splendidiora
2409 1404 2583 1457 intum
2616 1414 2761 1459 sunt.
2796 1406 2902 1461 Sed
2947 1407 3078 1461 nihil
3112 1409 3417 1477 hujusniodi
3454 1413 3601 1482 ipso-

1998 1506 2118 1545 rum
2160 1493 2368 1547 animos
2393 1495 2549 1563 erigit
2574 1513 2586 1547 :
2614 1504 2761 1550 tanta
2800 1498 3005 1553 scilicet
3029 1510 3145 1554 erat
3174 1500 3386 1555 illorum
3414 1518 3601 1558 socor-

319 1588 477 1655 ejus,,
533 1586 693 1640 donec
740 1586 907 1639 veniat
952 1584 1035 1637 cui
1080 1584 1358 1651 repositum
1404 1592 1481 1635 est
1518 1600 1536 1636 :
1580 1592 1624 1635 et
1676 1583 1785 1650 ipse
1828 1598 1914 1636 ex-
1992 1584 2086 1638 dia
2132 1599 2252 1639 cum
2301 1585 2474 1640 livore
2517 1589 2805 1657 conjuncta
2840 1608 2854 1621 °
2884 1592 3026 1660 quod
3078 1601 3365 1663 utrumque
3414 1597 3597 1651 vitium

322 1676 570 1746 spectatio
605 1676 827 1747 gentium
867 1673 1018 1744 (Gen.
1063 1672 1310 1739 49.10).
1356 1671 1460 1727 Sed
1510 1671 1637 1726 illud
1693 1686 1907 1742 quoque

322 1765 702 1836 inquirendum
742 1773 860 1830 est,
906 1779 1024 1833 quae
1066 1776 1227 1817 causa
1266 1762 1400 1837 ipsis
1445 1762 1603 1817 fuerit
1645 1762 1770 1817 talia
1811 1777 1908 1817 co-

320 1855 562 1927 gitandi,
613 1868 668 1913 et
716 1858 835 1929 quis
878 1859 999 1912 illos
1037 1858 1102 1912 ad
1146 1858 1267 1912 talia
1300 1856 1507 1927 agenda
1544 1857 1917 1911 concitaverit.

322 1946 511 2017 Neque
550 1947 697 2002 enim
737 1947 870 2025 mihi
912 1947 1127 2003 videtur
1166 1946 1281 2001 bare
1316 1961 1473 2015 posse
1499 1947 1566 2001 ad
1595 1946 1766 2001 solam
1793 1945 1919 1999 stel-

322 2039 432 2093 lam
462 2038 691 2104 referri;
724 2038 819 2095 sed
846 2038 912 2093 ad
944 2039 1111 2094 Deum
1140 2039 1228 2109 qui
1258 2052 1443 2093 eorum
1486 2037 1697 2091 animos
1738 2037 1919 2091 conci-

322 2130 493 2186 tavit:
518 2130 570 2184 id
597 2132 738 2202 quod
763 2132 921 2197 etiam
954 2130 1006 2184 in
1028 2130 1171 2201 Cyro
1202 2131 1359 2196 fecit,
1390 2145 1516 2184 eum
1537 2128 1655 2199 ejus
1680 2132 1917 2183 animum

320 2220 569 2287 induxit,
616 2230 675 2276 ut
702 2221 917 2276 Iudaeos
955 2222 1253 2277 dimitteret
1297 2219 1509 2291 (Paral.
1560 2221 1690 2289 56);
1744 2234 1920 2288 neque

325 2319 508 2365 tamen
555 2310 683 2366 illud
715 2312 786 2366 ita
830 2323 1087 2380 operatus
1127 2324 1228 2377 est,
1261 2320 1316 2366 ut
1346 2308 1573 2366 liberum
1616 2293 1733 2379 eji'is
1774 2310 1919 2364 arbi-

320 2402 485 2455 trium
507 2401 722 2457 tolleret
745 2419 759 2456 :
790 2401 1218 2472 quandoquidem
1244 2410 1299 2456 et
1324 2417 1446 2456 cum
1468 2401 1690 2456 Paulum
1719 2416 1783 2455 ex
1810 2400 1919 2456 alto

327 2491 543 2545 vocavit
561 2532 576 2556 ,
602 2500 654 2546 et
678 2492 906 2560 gratiam
934 2506 1086 2547 suam
1120 2500 1175 2547 et
1207 2493 1325 2561 ejus
1358 2492 1762 2561 obsequentiam
1792 2506 1922 2547 con-

320 2580 566 2650 spicuam
594 2580 774 2636 eﬂ‘ecit
799 2580 937 2655 (Act.
976 2582 1055 2653 9).
1106 2583 1174 2637 At
1200 2583 1408 2652 inquies
1428 2622 1443 2647 ,
1471 2581 1583 2637 Cur
1607 2596 1714 2637 non
1739 2584 1919 2638 omni-

322 2670 423 2726 bus
472 2673 648 2742 magis
698 2671 803 2727 hoc
850 2673 1024 2742 ipsum
1070 2673 1369 2728 revelavit?
1408 2674 1542 2740 Quia
1584 2689 1689 2729 non
1730 2690 1919 2731 omnes

320 2762 583 2818 credituri
607 2770 795 2829 erant,
827 2762 883 2817 hi
902 2778 1031 2820 vero
1057 2771 1213 2818 erant
1240 2763 1359 2818 aliis
1388 2765 1721 2834 paratiores:
1745 2764 1917 2835 siqui-

320 2851 445 2905 dem
484 2865 609 2905 cum
649 2852 944 2906 innumera:
984 2861 1176 2923 gentes
1216 2853 1488 2922 perirent,
1540 2853 1607 2907 ad
1656 2852 1918 2909 Ninivitas

319 2942 495 2995 solum
540 2941 797 3011 propheta
846 2942 1205 2996 missus-est:
1238 2942 1451 3012 duoque
1475 2951 1629 2997 erant
1666 2944 1717 2996 in
1758 2958 1921 2999 cruce

326 3029 605 3096 latrones,
632 3042 687 3084 et
709 3031 847 3086 alter
877 3041 1083 3085 tantum
1112 3032 1336 3087 salutem
1369 3041 1556 3087 nactus
1578 3042 1680 3088 est.
1714 3034 1918 3089 llnrum

323 3123 505 3193 itaque
551 3125 803 3179 virtutem
849 3124 1158 3194 perpende;
1201 3140 1310 3179 non
1335 3114 1475 3194 quod
1504 3128 1779 3189 venerint,
1822 3126 1917 3181 sed

319 3212 463 3281 quod
493 3227 619 3266 cum
662 3212 853 3267 fiducia
882 3222 937 3269 et
962 3213 1279 3283 simpliciter
1319 3215 1548 3284 egerint.
1594 3214 1808 3270 Etenim
1852 3232 1919 3269 ne

324 3304 554 3359 subdole
596 3305 745 3359 missi
793 3304 1108 3372 videantur,
1153 3314 1207 3360 et
1235 3321 1341 3376 quo
1370 3304 1507 3360 duce
1546 3307 1822 3372 venerint,
1865 3316 1920 3362 et

322 3395 420 3449 via:
460 3395 855 3465 longitudinem
883 3404 1147 3462 narrant,
1186 3406 1242 3451 et
1269 3397 1798 3466 loquendifiduciam
1827 3414 1921 3452 ex-

321 3484 549 3541 hibent:
578 3499 702 3539 nam
730 3486 901 3551 aiunt,
942 3484 1183 3539 Venimus
1212 3485 1427 3539 adorare
1448 3502 1599 3547 eum;
1622 3501 1796 3555 neque
1824 3502 1919 3555 po-

321 3576 427 3645 puli
455 3575 732 3642 furorem,
766 3592 941 3646 neque
969 3578 1109 3646 regis
1144 3576 1481 3646 tyrannidem
1522 3575 1913 3632 reformidant:

318 3676 649 3736 quapropter
672 3666 922 3721 videntur
950 3667 1079 3721 mihi
1103 3669 1264 3722 etiam
1292 3668 1669 3723 contribulium
1696 3684 1919 3724 suorum

317 3756 570 3811 doctores
595 3755 739 3811 domi
773 3757 957 3812 fuisse.
988 3756 1245 3827 Nam-qni
1284 3758 1405 3812 istic
1435 3758 1561 3812 illud
1593 3758 1775 3815 dicere
1809 3774 1915 3814 non

317 3847 668 3909 dubitarunt,
715 3848 885 3901 multo
920 3847 1089 3917 magis
1119 3848 1172 3901 in
1201 3848 1372 3917 patria
1411 3863 1506 3902 sua
1547 3863 1609 3902 ea
1638 3848 1707 3903 de
1738 3864 1797 3903 re
1833 3850 1916 3903 lo-

317 3937 472 4006 quuti
518 3937 687 3991 libere
731 3936 959 4002 fuerint,
1004 3938 1205 4007 quippe
1236 3939 1326 4007 qui
1358 3947 1413 3991 et
1438 3938 1715 3991 oraculum
1743 3940 1916 4007 angeli

324 4014 705 4094 accepissent,
736 4035 790 4080 et
834 4027 1111 4095 propheta:
1160 4028 1526 4082 testimonium
1573 4029 1811 4083 allatum.
1858 4029 1912 4082 5.

315 4114 546 4169 Audiens
574 4125 744 4169 autem
777 4115 1043 4184 Herodes,
1091 4120 1199 4183 ait,
1249 4118 1477 4170 turbatus
1519 4126 1619 4181 est,
1666 4128 1711 4171 et
1753 4122 1916 4172 omnis

313 4204 641 4276 Jerosolyma
680 4223 795 4259 cum
832 4208 943 4261 illo.
982 4207 1111 4263 lure
1148 4208 1360 4277 quidem
1397 4208 1669 4273 Herodes,
1701 4210 1789 4277 qui
1820 4225 1913 4264 rex

317 4304 470 4361 erat,
501 4296 603 4351 sibi
638 4296 868 4367 filiisque
897 4299 1157 4353 timebat:
1189 4299 1524 4368 Jerosolyma
1572 4316 1702 4354 vero
1749 4316 1916 4370 quare

313 4390 528 4445 turbata
558 4398 641 4444 est
661 4429 678 4451 ,
726 4390 1156 4459 quandoquidem
1184 4392 1359 4459 ipsum
1380 4399 1435 4445 et
1458 4400 1789 4447 servatorem
1808 4430 1827 4460 ,
1855 4405 1910 4449 et

312 4477 615 4533 beneﬁcum
640 4518 655 4543 ,
696 4487 749 4533 et
775 4477 1117 4533 liberatorem
1145 4479 1255 4547 jam
1298 4479 1426 4534 olim
1466 4482 1740 4551 prephetce
1765 4497 1906 4551 pra:-

314 4567 601 4622 dixerant?
626 4566 732 4631 C‘ur
760 4582 890 4638 ergo
917 4568 1111 4623 turbati
1139 4570 1305 4623 sunt?
1345 4569 1550 4624 Eodem
1590 4574 1772 4625 animo
1801 4587 1908 4641 quo

311 4659 445 4715 olim
493 4659 794 4715 beneficum
842 4662 1007 4717 Deum
1047 4664 1458 4728 aversabantur,
1488 4674 1542 4719 et
1566 4680 1758 4721 carnes
1788 4668 1905 4723 illas

310 4749 677 4819 Egyptiacas'
700 4754 1224 4818 commemorabant,
1269 4754 1395 4807 dum
1430 4765 1572 4809 tanta
1603 4758 1908 4814 fruerentur

312 4841 586 4897 libertate.
615 4842 694 4896 Tu
723 4858 849 4898 vero
883 4845 1010 4898 mihi
1040 4845 1312 4914 perpende
1341 4857 1590 4902 accurata
1621 4850 1903 4918 prepbeta-

310 4948 433 4988 rum
475 4934 634 4987 dicta.
682 4932 814 4985 Nam
857 4935 983 4988 illud
1026 4936 1197 5003 ipsum
1231 4937 1337 5004 jam
1374 4938 1501 4991 olim
1532 4942 1905 5009 praenuntiavit

313 5025 578 5093 propheta
617 5023 700 5078 his
741 5023 955 5091 verbis:
986 5025 1197 5096 Cupicnt
1229 5028 1271 5079 si
1306 5029 1427 5097 facti
1460 5040 1575 5082 sunt
1620 5032 1735 5101 igne
1770 5049 1906 5085 com-

313 5114 449 5169 busti
471 5130 492 5169 :
514 5116 633 5183 quia
656 5130 782 5184 puer
815 5126 965 5168 natus
989 5127 1061 5169 est
1083 5119 1223 5171 nobis
1241 5159 1256 5182 ,
1293 5128 1340 5170 et
1361 5119 1496 5185 ﬁlius
1531 5121 1680 5175 datus
1709 5136 1781 5175 est
1809 5140 1873 5175 no
1891 5154 1904 5164 -

313 5206 394 5262 bis
423 5206 580 5277 (lsai.
616 5206 670 5262 9.
714 5206 765 5260 5.
810 5205 886 5276 6).
938 5209 1184 5261 Attamen
1217 5209 1543 5279 perturbati,
1574 5228 1680 5265 non
1711 5224 1903 5268 curant

311 5297 499 5352 videre
525 5296 668 5366 quod
700 5306 906 5365 gestum
936 5306 1051 5363 est,
1096 5312 1199 5351 non
1228 5314 1413 5368 magos
1443 5312 1761 5368 sequuntur,
1800 5318 1905 5359 non

312 5389 693 5450 sciscitantur;
730 5388 800 5442 ita
826 5389 1079 5442 nimirum
1108 5392 1429 5445 contentiosi
1458 5401 1512 5446 et
1536 5393 1693 5447 simul
1722 5410 1906 5449 socor-

313 5479 409 5535 des
453 5494 567 5547 prae
614 5479 864 5532 omnibus
902 5488 1088 5542 erant;
1133 5495 1254 5536 cum
1293 5498 1388 5552 par
1413 5482 1601 5540 fuisset
1627 5487 1769 5541 enim
1795 5489 1908 5557 glo.

313 5567 470 5635 riari,
503 5571 648 5640 quod
689 5583 781 5623 rex
809 5569 901 5625 ille
929 5569 1070 5642 apud
1096 5586 1155 5628 se
1190 5581 1347 5629 natus
1374 5583 1551 5640 esset,
1595 5577 1734 5640 qitod
1771 5578 1902 5633 Pcr-

2001 1700 2104 1741 nos
2141 1693 2361 1755 Oportet
2390 1685 2687 1757 diligenter
2719 1703 2933 1754 arcere,
2966 1706 3228 1760 eumque,
3263 1694 3360 1761 qui
3400 1694 3604 1750 adver-

2006 1790 2102 1831 sus
2154 1776 2260 1833 ista
2305 1778 2487 1832 aciem
2534 1778 2775 1833 instruet
2821 1782 2947 1850 igne
3003 1781 3407 1841 ferventiorem
3457 1802 3601 1842 esse.

2002 1868 2374 1935 Quamobrem
2428 1869 2650 1926 dicebat
2696 1870 3001 1927 Christus:
3060 1872 3240 1935 Ignem
3300 1878 3419 1931 veni
3480 1880 3604 1931 mit-

2005 1969 2116 2014 tere
2170 1962 2228 2015 in
2284 1970 2533 2027 terram;
2582 1971 2631 2015 et
2685 1963 2812 2032 quid
2863 1964 3000 2028 volo,
3055 1967 3156 2019 nisi
3221 1976 3279 2020 ut
3341 1971 3603 2024 accenda-

2007 2059 2096 2104 tur
2133 2050 2297 2121 (Luc.
2340 2052 2427 2107 12.
2469 2052 2608 2123 49)?
2642 2054 2883 2123 Ideoque
2933 2053 3177 2124 Spiritus
3224 2058 3367 2128 ignis
3418 2060 3605 2130 specie

2007 2148 2289 2213 apparuit.

2084 2312 2139 2369 5.
2182 2311 2456 2366 Fervorem
2502 2311 2819 2366 audientium
2866 2310 3048 2365 excitat
3092 2306 3321 2380 exscripta
3371 2304 3532 2360 Pauli
3571 2316 3617 2360 et

2019 2405 2296 2459 primorum
2337 2404 2583 2472 ﬁdelium.
2630 2403 2777 2474 Ignis
2815 2402 3098 2470 spirituafis
3139 2416 3338 2454 omnem
3365 2399 3620 2467 cupidita-

2018 2504 2114 2547 tem
2153 2494 2427 2548 consumit.
2459 2522 2531 2534 —
2558 2493 2755 2547 Verum
2797 2506 2897 2546 nos
2946 2493 3131 2546 cinere
3185 2490 3521 2557 frigidiores,
3565 2496 3621 2542 et

2022 2589 2249 2639 mortuis
2273 2585 2599 2654 stnpidiores
2625 2584 2750 2637 facti
2780 2596 2967 2636 sumus
2987 2622 3002 2647 ,
3037 2582 3163 2635 licet
3195 2580 3415 2635 Paulum
3447 2578 3622 2632 vidca-

2012 2685 2135 2730 iuus
2160 2691 2324 2745 super
2353 2676 2545 2730 caelum
2569 2685 2623 2730 et
2648 2675 2843 2729 caelum
2880 2674 2996 2728 οωιί
3050 2673 3347 2737 volantem,
3375 2680 3429 2725 et
3460 2671 3622 2725 vehe-

2015 2766 2246 2821 mentius
2275 2781 2436 2837 quam
2477 2766 2591 2834 ipsa
2632 2764 2849 2818 flamma
2885 2766 3068 2818 omnia
3107 2763 3412 2817 vincentem
3445 2772 3501 2815 et
3529 2775 3621 2814 su-

2016 2866 2292 2925 perantem
2315 2899 2329 2922 ,
2362 2872 2593 2925 superna
2617 2896 2633 2922 ,
2671 2856 2915 2919 inferna;
2950 2855 3237 2925 praesentia
3261 2895 3277 2921 ,
3311 2854 3521 2916 futura,
3555 2867 3619 2906 ea

2013 2962 2133 3013 quae
2160 2956 2284 3000 sunt
2311 2957 2367 2999 et
2387 2962 2447 2999 ea
2470 2962 2591 3014 qua:
2618 2952 2725 2999 no'n
2753 2956 2899 3000 sunt.
2930 2945 3081 3009 Quod
3109 2944 3153 2997 si
3185 2944 3287 2997 hoc
3311 2942 3619 3010 exemplum

2019 3050 2181 3103 supra
2215 3046 2266 3090 Ie
2306 3046 2422 3099 est,
2467 3036 2579 3103 jam
2622 3035 2854 3104 lorporis
2896 3043 2979 3088 est
3020 3033 3123 3087 iste
3163 3033 3437 3086 obtentus.
3481 3032 3621 3098 Quid

2017 3126 2160 3177 enim
2190 3126 2307 3192 plus
2332 3140 2491 3191 quam
2524 3132 2577 3177 tu
2604 3124 2790 3177 habuit
2815 3123 3033 3187 Paulus,
3062 3134 3119 3175 ut
3143 3123 3293 3175 dicas
3319 3138 3427 3175 non
3458 3136 3623 3191 posse

2024 3222 2077 3266 te
2105 3213 2255 3267 illum
2282 3215 2513 3267 imitari?
2545 3214 2742 3271 Verum
2770 3229 2840 3267 ne
2866 3214 2991 3282 quid
3022 3213 3411 3267 contentiosius
3439 3212 3621 3267 dicere

2016 3304 2324 3368 videamur,
2360 3306 2525 3359 Paulo
2566 3305 2795 3359 dimisso
2842 3304 3046 3374 primos
3092 3302 3282 3358 fideles
3310 3302 3622 3357 considere-

2016 3410 2173 3449 mus:
2200 3397 2289 3465 qui
2316 3406 2371 3451 et
2402 3396 2659 3465 pecunias
2698 3405 2753 3450 et
2784 3396 3192 3465 possessiones,
3240 3404 3295 3451 et
3336 3412 3519 3450 curaui
3566 3406 3622 3452 et

2020 3487 2402 3553 occupationes
2427 3501 2618 3543 omnes
2642 3487 2927 3541 saeculares
2954 3485 3338 3553 repudiarunt,
3373 3494 3621 3553 totosque

2017 3590 2077 3631 se
2125 3577 2708 3642 Deocon‘secrarunt,
2761 3585 2919 3631 nocte
2962 3574 3160 3645 dieque
3209 3589 3427 3643 semper
3466 3574 3619 3629 verbi

2015 3668 2276 3722 doctrina:
2302 3673 2661 3723 attendentes.
2704 3667 2831 3721 Hcce
2859 3675 2943 3721 est
2968 3666 3111 3721 enim
3144 3665 3440 3734 spiritualis
3480 3665 3618 3734 ignis

2018 3764 2232 3823 natura,
2262 3766 2320 3810 ut
2349 3757 2549 3810 nullam
2574 3771 2754 3811 rerum
2786 3756 3125 3810 szecularium
3157 3754 3506 3823 cupiditatem
3533 3770 3619 3809 re-
3676 3760 3679 3765 ’

2019 3848 2258 3917 linquat,
2289 3847 2381 3902 sed
2406 3850 2458 3900 in
2487 3849 2649 3901 alium
2675 3846 2965 3902 transferat
2986 3861 3249 3900 amorem.
3275 3847 3621 3915 Quapropter

2018 3940 2203 3992 talium
2258 3954 2437 3993 rerum
2482 3939 2743 4007 cupidus,
2794 3940 3004 3992 etiamsi
3045 3941 3223 3993 omnia
3256 3937 3616 4007 profundere,

2016 4028 2225 4083 etiamsi
2271 4030 2600 4097 voluptatem
2650 4036 2707 4082 et
2748 4029 2976 4098 gloriam
3029 4028 3288 4090 irridere,
3335 4027 3615 4098 ipsamque

2006 4129 2240 4183 animam
2281 4126 2493 4182 tradere
2523 4133 2802 4195 oporteat,
2835 4138 2955 4176 cum
2980 4136 3171 4189 magna
3214 4121 3469 4175 facilitate
3501 4121 3619 4176 bzec

2009 4218 2189 4272 omnia
2218 4218 2449 4287 perficit.
2480 4215 2610 4270 Nam
2642 4215 2784 4268 illius
2818 4213 2955 4280 ignis
2994 4212 3157 4266 ardor
3186 4211 3238 4265 in
3270 4211 3505 4264 animam
3538 4211 3618 4263 iu-

2009 4323 2259 4379 gressus,
2293 4316 2568 4377 torporem
2600 4318 2817 4358 omnem
2849 4302 3068 4371 abjicit,
3119 4310 3174 4356 et
3223 4312 3403 4371 penna
3446 4302 3619 4354 levio-

2012 4413 2125 4452 rem
2157 4396 2323 4450 efficit
2352 4411 2475 4449 eum
2501 4407 2662 4463 quem
2692 4390 2895 4446 invadit
2915 4431 2929 4452 ,
2963 4392 3033 4444 ita
3065 4398 3123 4445 ut
3149 4392 3328 4443 omnia
3362 4406 3483 4459 qua:
3511 4390 3613 4443 sub

2011 4494 2285 4555 aspectum
2307 4485 2507 4539 cadunt
2529 4524 2544 4548 ,
2578 4481 2860 4552 despiciat.
2891 4481 2991 4547 Qui
3024 4483 3143 4535 talis
3172 4492 3256 4536 est
3277 4522 3292 4547 ,
3326 4482 3377 4533 in
3414 4496 3613 4551 perpe-

2014 4586 2102 4630 tua
2146 4576 2558 4643 compunctione
2597 4572 2793 4626 deinde
2831 4580 3174 4642 perseverat,
3224 4573 3399 4626 fontes
3440 4574 3617 4642 lacry-

2014 4682 2217 4721 uiarum
2260 4666 2568 4735 frequenter
2615 4662 2933 4728 effundens,
2981 4654 3310 4731 multamque
3351 4663 3477 4716 inde
3517 4678 3614 4717 vo-

2014 4761 2273 4824 luptatem
2338 4772 2655 4826 excerpens.
2714 4755 2857 4810 Nihil
2922 4756 3122 4824 quippe
3186 4755 3295 4809 Deo
3349 4756 3419 4809 ita
3473 4769 3611 4809 cou-

2014 4849 2242 4918 glutinat
2273 4855 2328 4901 et
2370 4846 2682 4914 conjungit,
2734 4854 2791 4898 ut
2835 4845 3085 4915 lacrymm
3138 4845 3468 4914 hujusmodi.
3521 4844 3615 4899 Vir

2017 4939 2139 4992 talis
2164 4938 2263 4992 etsi
2294 4939 2346 4991 iu
2378 4937 2568 4991 mediis
2599 4937 2823 4990 urbibus
2846 4935 3067 5000 habitet,
3100 4936 3252 5004 quasi
3286 4937 3337 4989 in
3365 4935 3607 5000 deserto,

2017 5028 2071 5082 in
2098 5026 2367 5081 montibus
2392 5035 2446 5080 et
2467 5025 2739 5093 speluncis
2766 5035 3031 5090 versatur,
3066 5024 3227 5077 rebus
3258 5025 3615 5092 prtesentibus

2017 5135 2123 5174 non
2152 5118 2409 5179 attendit,
2441 5131 2613 5186 neque
2643 5115 2949 5184 hujusmodi
2992 5116 3207 5169 ﬂetibus
3239 5130 3493 5185 umquam
3530 5131 3618 5171 sa-

2017 5211 2197 5275 tiatur,
2224 5210 2339 5264 sive
2367 5223 2465 5278 pro
2496 5221 2586 5273 se,
2620 5208 2734 5261 sive
2774 5222 2871 5275 pro
2900 5206 3129 5262 aliorum
3164 5210 3400 5278 peccatis
3442 5210 3617 5279 lacry-

2016 5318 2131 5357 mas
2180 5302 2443 5356 effundat.
2500 5300 2732 5369 Ideoque
2786 5298 3033 5352 Christus
3064 5299 3080 5330 ¹
3113 5298 3277 5353 hosce
3323 5314 3433 5368 pra:
3483 5300 3605 5354 aliis

2018 5393 2204 5446 beatos
2225 5390 2481 5461 prmdicat
2507 5389 2712 5451 dicens,
2729 5386 2877 5441 Beati
2897 5388 2984 5457 qui
3010 5386 3179 5458 lugent
3200 5387 3412 5459 (Matth.
3436 5390 3491 5443 ὅ.
3508 5390 3609 5459 5.).

2018 5484 2127 5538 Cur
2162 5497 2291 5537 vero
2335 5481 2535 5537 Paulus
2571 5479 2699 5534 dicit
2734 5497 2747 5532 :
2786 5477 3015 5533 Gaudete
3063 5479 3117 5533 in
3160 5478 3383 5533 Domino
3420 5496 3617 5549 sempe'

2023 5573 2281 5643 (Philipp.
2315 5573 2365 5627 4.
2404 5572 2483 5642 4.)
2504 5566 2527 5625 ?
2552 5571 2620 5627 Ut
2660 5571 3017 5641 lacrymarum
3044 5569 3347 5640 bujusmodi
3378 5571 3614 5641 volupta-
