4140 6298
566 277 636 335 69

563 396 667 438 tem
699 383 958 438 declaret.
1006 381 1463 448 Quemadmodum
1492 383 1635 457 enim
1665 380 1843 434 mundi
1881 380 2128 449 gaudium

560 487 844 527 niterorem
875 457 1033 525 habet
1077 471 1457 537 conjunctum,
1501 471 1587 524 sic
1637 478 1691 524 et
1729 469 1980 538 lacryma:
2019 469 2129 531 illae

559 561 847 617 secundum
882 561 1042 614 [leum
1088 559 1326 613 laetitiam
1366 561 1577 628 pariunt
1617 570 1904 626 perennem
1931 565 1986 611 et
2011 572 2129 627 qua?
2157 592 2169 604 ι

557 663 844 719 numquam
880 646 1115 700 deﬁciat.
1163 647 1252 702 Sic
1292 646 1544 700 meretrix
1583 645 1669 699 illa
1700 645 1991 714 virginibus
2018 645 2129 700 cla.

1267 279 1324 337 S.
1363 277 1648 334 JOANNIS
1681 274 2158 335 CHRYSOSTOMI
2198 271 2512 328 ARCHIEP.
2553 272 3096 332 CONS’I‘ANTINOP.

3741 278 3808 335 70

2240 376 2316 422 tot
2345 369 2633 424 reddendis
2677 370 2937 426 obnoxius
2966 373 3280 438 rationibus,
3313 374 3399 443 qui
3433 377 3718 433 tremendo
3747 380 3822 435 illi

2238 462 2482 516 tribunali
2522 465 2789 518 sistendus
2811 481 2892 531 es,
2919 467 2986 520 de
3032 469 3134 522 tuis
3180 469 3423 522 omnibus
3467 470 3520 522 in
3553 471 3662 526 hac
3709 472 3820 528 vita

2233 552 2396 616 gestis
2439 553 2702 606 rationem
2742 565 2990 608 accurate
3030 555 3369 610 redditurus?
3394 558 3603 612 Etenim
3634 559 3702 614 de
3730 560 3816 625 iis,

2227 650 2347 704 qua:
2377 639 2456 693 veI
2488 650 2675 708 sponte
2698 683 2713 708 ,
2741 644 2828 698 vel
2873 645 3020 700 invlti
3051 646 3294 711 fecimus,
3326 653 3588 706 rationem
3616 655 3816 711 redde-

558 742 668 793 ’,ἱοτ
694 738 882 793 enecta
904 747 992 792 cs,
1013 779 1029 802 υ
1055 738 1155 791 hoc
1180 738 1300 805 igne
1321 750 1600 790 succensa.
1627 735 1759 801 Quia
1789 736 1931 789 enim
1961 737 2131 805 ρωπί-
2228 741 2348 780 mus
2377 745 2388 779 :
2423 728 2524 793 Qui
2548 731 2678 783 enim
2698 772 2713 794 ,
2763 731 2974 801 inquit,
3007 740 3255 806 negaverit
3283 757 3361 793 me
3385 757 3554 795 coram
3592 745 3813 798 homini-

558 839 737 881 teuttaa
780 827 995 881 fervore
1033 834 1277 893 correpta
1314 832 1434 887 est,
1480 823 1675 878 Christi
1720 839 1904 878 amore
1947 834 2127 893 postea

555 919 782 980 exarsit,
814 931 932 986 cum
960 915 1150 969 solutis
1178 913 1382 982 capillis
1410 926 1591 966 sacros
1617 912 1735 966 illos
1763 912 1928 981 pedes
1957 915 2125 985 lacry-

561 1011 666 1064 mis
708 1007 927 1078 rigavit,
967 1019 1117 1060 coma
1147 1019 1240 1060 sua
1268 1004 1553 1069 abstersit,
1608 1015 1765 1072 atque
1799 1015 2125 1075 unguentum

557 1100 761 1155 eﬂ’udit.
793 1096 858 1152 Et
897 1095 1013 1150 haec
1054 1095 1271 1165 quidem
1312 1095 1643 1151 extrinsecus
1669 1107 1817 1165 gesta
1847 1107 2003 1151 sunt:
2037 1097 2125 1154 illa

554 1205 703 1249 vero,
731 1203 850 1257 quae
876 1187 928 1241 in
960 1187 1138 1240 animo
1158 1185 1467 1254 agebantur,
1497 1184 1582 1238 his
1625 1186 1779 1253 longe
1819 1188 2123 1240 ardentiora

553 1289 725 1344 erant,
757 1294 877 1349 quae
903 1291 1041 1332 unus
1071 1276 1324 1330 cernebat
1353 1273 1512 1331 Deus.
1543 1277 1874 1345 Quapropter
1901 1279 2123 1347 quisque

552 1379 792 1421 nostrtun
817 1367 934 1421 haec
956 1366 1175 1420 audiens
1195 1406 1210 1429 ,
1240 1364 1637 1435 congratulatur
1667 1365 1800 1433 ipsi,
1829 1382 1894 1420 ac
1917 1367 1984 1421 de
2004 1367 2120 1434 ejus

553 1467 696 1511 recte
733 1457 884 1511 factis
920 1457 1158 1519 laetatur,
1199 1454 1448 1525 omnique
1475 1456 1698 1510 crimine
1724 1455 1943 1510 liberam
1971 1455 2116 1511 illam

552 1556 718 1612 putat.

612 1704 872 1774 Lach
896 1705 1038 1757 bona:
1061 1711 1108 1756 et
1135 1703 1280 1756 utiles
1307 1717 1436 1768 (μηδ’.
1481 1702 1631 1756 Risus
1667 1701 1943 1756 dissolutus.
1986 1715 2109 1769 pro-

539 1793 1012 1861 hibeam—Quod
1049 1795 1094 1848 si
1135 1809 1248 1856 nos,
1273 1795 1361 1863 qui
1415 1795 1537 1846 mali
1581 1790 1785 1856 sumus,
1811 1793 1950 1847 hunc
1992 1793 2112 1846 cal-

536 1874 711 1938 culum
755 1883 990 1948 ferimus,
1019 1885 1189 1952 cogita
1216 1893 1466 1952 quantam
1490 1883 1752 1951 acceperit
1780 1884 2033 1951 gratiam,
2057 1890 2112 1936 et

534 1984 728 2042 quanta
758 1989 821 2028 ex
852 1974 1160 2042 poenitentia
1184 2014 1198 2034 ,
1231 1975 1391 2026 etiam
1435 1982 1719 2042 antequam
1766 1989 1983 2027 munera
2021 1973 2106 2027 illa

531 2064 816 2130 acciperet,
840 2077 869 2115 a
896 2063 1007 2117 Deo
1032 2050 1351 2130 consequuta
1381 2064 1450 2116 sit
1474 2063 1631 2116 bona.
1657 2064 1801 2118 Sicut
1822 2064 1961 2116 enim
1986 2072 2105 2131 post

529 2154 870 2207 vehementes
899 2153 1096 2207 imbres
1123 2168 1216 2206 aer
1239 2168 1404 2223 purus
1427 2148 1676 2219 efficitur,
1704 2155 1782 2208 sic
1808 2165 1929 2224 post
1958 2154 2102 2210 fusas

530 2243 789 2311 lacrymas
811 2243 1049 2311 sequitur
1073 2242 1427 2311 tranquillitas
1455 2252 1509 2297 et
1543 2246 1822 2309 serenitas,
1856 2256 2101 2310 peccato-

527 2346 746 2401 rumque
767 2333 996 2394 tenebrae
1016 2332 1280 2400 fugantur.
1306 2332 1368 2386 Et
1397 2334 1533 2388 sicut
1557 2349 1622 2388 ex
1642 2349 1774 2403 aqua
1799 2343 1855 2389 et
1879 2335 2097 2403 Spiritu,

523 2421 601 2474 sic
629 2436 696 2475 ex
729 2422 978 2492 lacrymis
1018 2430 1073 2476 et
1103 2423 1435 2478 confessione
1473 2440 1775 2493 purgamur,
1805 2429 1963 2481 modo
1991 2444 2096 2482 non

521 2509 588 2562 ad
631 2512 1038 2565 ostentationem
1068 2521 1123 2564 et
1150 2511 1356 2565 laudem
1395 2513 1708 2581 captandam
1737 2515 1788 2568 id
1820 2515 2094 2572 faciamus.

521 2598 650 2652 Nam
689 2614 809 2668 qua:
848 2601 946 2652 hac
978 2598 1046 2653 de
1087 2614 1245 2655 causa
1274 2601 1613 2671 Iacrymatur,
1641 2605 1809 2674 magis
1836 2607 2094 2674 culpanda

518 2698 619 2753 est,
641 2704 796 2758 quam
827 2705 889 2742 ea
919 2705 1036 2758 qua:
1064 2689 1183 2744 fuco
1210 2702 1263 2745 et
1290 2691 1570 2760 pigmentis
1597 2708 1718 2748 sese
1741 2695 1948 2776 oblinit.
1973 2697 2094 2752 Illas

513 2780 654 2832 cnim
685 2780 896 2848 requiro
927 2781 1209 2855 Iacrymas,
1257 2797 1376 2848 quas
1403 2797 1508 2837 non
1551 2785 1615 2836 ad
1659 2789 2091 2854 ostentationem,

512 2867 606 2923 sed
644 2867 709 2921 ad
749 2870 1209 2938 compunctionem
1259 2869 1566 2936 funduntur,
1617 2889 1736 2941 quae
1783 2877 1990 2930 occulte
2034 2879 2087 2932 in

509 2956 762 3012 cubiculis
785 2959 932 3011 nullo
957 2968 1110 3023 teste,
1128 2974 1246 3028 quae
1267 2960 1445 3028 quiete
1465 2962 1583 3016 sine
1601 2965 1824 3032 strepitu
1848 2979 2082 3032 manant,

507 3063 628 3116 qua:
663 3063 727 3102 ex
773 3049 962 3103 intimo
1005 3050 1199 3114 cordis,
1231 3065 1297 3104 ex
1339 3051 1623 3108 afflictione
1649 3066 1702 3109 et
1732 3055 1936 3120 dolore,
1967 3074 2084 3124 qua:

503 3145 722 3206 propter
753 3130 917 3191 Deum
943 3138 1256 3193 emittuntur
1280 3157 1292 3192 :
1325 3142 1507 3209 quales
1533 3155 1686 3198 erant
1715 3149 1883 3200 Anna:
1911 3147 2082 3220 lacry-

507 3241 607 3278 tua:
633 3243 644 3278 :
673 3226 798 3295 Ejus
826 3227 966 3279 enim
1011 3227 1144 3281 labia
1165 3267 1180 3292 ,
1206 3231 1378 3296 inquit
1394 3232 1691 3300 Scriptura,
1715 3239 2037 3291 mouebantur
2062 3279 2079 3304 ,

501 3323 547 3366 et
572 3329 668 3368 uox
691 3332 791 3369 non
810 3318 1108 3372 audiebatur
1126 3319 1147 3392 (
1165 3322 1215 3374 1.
1241 3320 1368 3392 Reg.
1394 3327 1444 3377 1.
1469 3326 1535 3378 15
1553 3326 1594 3394 ).
1619 3326 1816 3382 Verum
1839 3331 2086 3400 lacryma

501 3402 632 3454 solae
671 3402 794 3456 tuba
825 3404 1104 3460 clariorem
1131 3408 1444 3463 emittebant
1471 3426 1676 3466 vocem.
1709 3415 1937 3485 Ideoque
1961 3420 2080 3473 vul-

500 3505 619 3544 vam
663 3497 780 3560 ejus
825 3494 1033 3562 aperuit
1071 3496 1233 3563 Deus,
1261 3507 1316 3554 et
1344 3500 1535 3556 durum
1588 3518 1774 3560 saxum
1807 3509 1860 3563 in
1890 3524 2076 3580 agrum

495 3576 724 3633 fertilem
767 3584 944 3635 vertit.
1030 3595 1032 3599 '

565 3667 621 3721 6.
649 3669 704 3722 Si
737 3678 791 3724 tu
818 3686 1029 3740 quoque
1057 3674 1133 3729 sic
1162 3675 1492 3754 lacrymcris,
1521 3680 1728 3737 Domini
1752 3686 1823 3739 tui
1847 3687 2082 3746 imitator

498 3756 719 3813 eﬂ‘ectus
748 3775 826 3815 es.
852 3760 983 3815 Nam
1007 3773 1059 3818 et
1091 3765 1204 3832 ipse
1231 3767 1551 3838 lacryma'tus
1577 3782 1659 3826 est
1686 3783 1740 3828 et
1762 3774 1831 3830 de
1854 3777 2072 3845 Lazaro,

491 3855 545 3898 et
567 3845 636 3901 de
663 3847 872 3902 civitate
899 3849 1090 3919 (Joan.
1124 3855 1208 3932 11.
1241 3855 1330 3909 55.
1377 3857 1504 3912 Luc.
1537 3860 1621 3914 19.
1652 3863 1712 3914 41
1743 3861 1762 3932 )
1788 3903 1804 3925 ,
1852 3874 1906 3919 et
1932 3867 2071 3922 circa

490 3933 674 3990 ludant
719 3937 959 3992 turbatus
999 3930 1386 4011 e‘st..'Idipsum
1417 3961 1576 4013 porro
1599 3930 1778 4005 videre
1806 3963 1888 4007 est
1928 3969 2071 4029 saepe

493 4022 800 4090 facientem,
829 4026 1088 4082 ridentem
1113 4043 1243 4084 vero
1268 4046 1549 4100 nusquam,
1575 4037 1679 4089 imo
1701 4054 1768 4092 ne
1786 4022 2068 4098 subriden-

488 4121 609 4167 tem.
636 4113 852 4182 quidem
883 4131 897 4167 :
930 4117 1102 4169 nullus
1126 4121 1273 4172 certe
1299 4118 1400 4181 hoc
1436 4125 1758 4192 evangelista
1808 4133 2062 4185 narravit.

487 4199 717 4270 Ideoque
743 4211 799 4256 et
824 4202 1048 4258 Paulum
1075 4205 1305 4270 ﬂevisse,
1343 4222 1407 4261 ac
1448 4223 1543 4277 per
1579 4214 1862 4270 triennium
1913 4230 2066 4275 nocte

483 4301 535 4342 et
562 4290 651 4345 die
671 4291 895 4360 idipsum
925 4293 1132 4358 fecisse,
1159 4304 1212 4350 et
1242 4296 1354 4364 ipse
1382 4306 1437 4352 et
1460 4299 1546 4353 alii
1573 4301 1641 4355 de
1662 4304 1777 4372 ipso
1798 4319 2015 4363 narrant
2047 4328 2061 4363 :

481 4381 623 4448 quod
648 4391 825 4435 autem
855 4383 1034 4437 riserit
1073 4398 1170 4438 nec
1195 4386 1327 4454 ipse,
1357 4403 1456 4443 nec
1494 4393 1627 4446 alius
1659 4407 1967 4453 sanctorum
1993 4402 2063 4457 de

482 4469 796 4538 ipso-dixit,
827 4473 934 4525 imo
980 4487 1081 4527 nec
1117 4472 1186 4528 de
1217 4475 1336 4528 aliis
1378 4478 1478 4546 ipsi
1505 4479 1763 4538 similibus
1795 4503 1807 4538 :
1839 4487 1907 4542 de
1930 4489 2059 4546 Sara

432 4577 434 4579 ‘
480 4571 681 4614 tantum
713 4560 765 4614 id
797 4573 1058 4627 narratur.
1080 4566 1290 4632 quando
1327 4579 1568 4639 correpta
1606 4571 1820 4640 fuit;'et
1858 4578 1926 4634 de
1951 4581 2059 4638 filio

479 4647 624 4710 Note,
650 4651 863 4718 quando
883 4668 949 4706 ex
970 4652 1138 4708 libero
1159 4670 1348 4711 servus
1369 4658 1587 4717 effectus
1606 4673 1709 4719 est.
1737 4665 1861 4723 Ilaec
1879 4680 2056 4728 autem

479 4738 623 4804 dico,
657 4755 761 4793 non
792 4750 848 4794 ut
872 4742 1038 4796 risum
1063 4759 1281 4811 prorsus
1303 4749 1590 4817 elimincm,
1622 4756 1714 4810 sed
1744 4767 1799 4811 ut
1825 4759 2054 4816 dissolu-

475 4831 675 4886 tionem
702 4834 934 4889 auferam
955 4837 1050 4908 (a).
1068 4838 1198 4905 Cur,
1223 4856 1422 4910 quaeso,
1452 4845 1521 4899 ita
1552 4849 1749 4916 gaudes
1775 4861 1830 4906 et
1852 4854 2052 4912 dimuis

551 5071 569 5104 I
603 5072 676 5120 sic
691 5076 798 5128 uss.
822 5077 878 5122 et
894 5073 958 5122 ita
980 5074 1103 5138 legit
1122 5077 1354 5130 Anianus.
1378 5082 1443 5134 At
1463 5085 1604 5135 Savil.
1630 5096 1683 5138 et
1709 5095 1894 5160 March,
1917 5107 2060 5155 Deus.

525 5172 622 5281 33'
641 5172 810 5246 Itaque
833 5177 1061 5250 prohibet
1081 5177 1445 5256 Chrysostomus
1465 5199 1562 5238 non
1585 5191 1753 5252 risum,
1778 5196 1865 5245 sed
1889 5197 2045 5272 disso-

473 5230 525 5324 ξε
553 5305 569 5324 ,
615 5240 1488 5324 9'2:E‘f..?ﬁli“‘».£°f“'l;.£'ﬁ_9°t'99
1509 5256 1566 5322 .et
1587 5253 1744 5320 ξεῖιιεν
1770 5256 1834 5304 de
1857 5256 2048 5324 1mm

472 5304 629 5383 :gcns
651 5296 952 5383 inutieubus,
965 5296 1075 5362 quae
1086 5302 1135 5349 in
1158 5303 1362 5383 theatris
1383 5296 2046 5383 ωειτίόοῑεαᾘέξετδθῖέδζ

469 5360 831 5491 ,n',
849 5360 1008 5487 δάκνω
1010 5375 1262 5491 ἕπεσθαεκειε.
1256 5380 1581 5491 (ama

470 5447 563 5460 ..νυ
585 5447 679 5483 πε,
714 5447 951 5487 ...ψη-ο
973 5447 1219 5473 υωουκαιυ
1256 5447 1408 5497 tutam:
1454 5447 1581 5500 enim
1607 5447 1839 5501 .Israsmus
1874 5447 2040 5504 vertit,

470 5473 725 5538 confusae),
749 5475 860 5528 huic
881 5493 981 5543 ipse
1003 5481 1134 5534 locus
1154 5485 1219 5534 ad
1243 5485 1489 5540 lasciuum
1507 5500 1738 5553 mutans.

2227 815 2339 880 bus,
2373 827 2418 871 et
2445 835 2535 887 ego
2561 822 2748 890 negabo
2776 841 2887 876 eum
2913 841 3080 880 coram
3128 827 3287 882 Patre
3310 847 3419 884 meo
3444 872 3458 897 ,
3486 835 3569 902 qui
3596 837 3649 888 in
3674 837 3815 891 aclis

2224 915 2295 958 est
2327 907 2345 974 (
2372 905 2561 961 Matth.
2597 910 2685 962 10.
2719 913 2787 966 35
2811 914 2850 980 ).
2880 916 3039 982 Atqui
3097 917 3182 971 illa
3233 922 3443 987 negatio
3481 921 3811 998 [aliquando]

2225 1008 2331 1046 non
2360 996 2656 1050 voluntaria
2683 1009 2785 1063 est,
2817 1010 2872 1053 et
2903 1011 3079 1059 tamen
3108 1007 3423 1076 supplicium
3455 1027 3561 1067 non
3603 996 3808 1089 effugit,

2228 1082 2451 1153 ejusque
2493 1085 2738 1144 dabimus
2767 1105 2972 1158 ptenas,
3003 1102 3058 1148 et
3088 1104 3193 1148 tam
3222 1113 3408 1153 eorum
3439 1116 3557 1170 quae
3585 1082 3808 1171 scim-us,

2221 1188 2376 1239 quam
2403 1189 2591 1229 eorum
2617 1193 2733 1244 qua:
2768 1183 3033 1235 nescimus
3065 1201 3077 1236 :
3105 1183 3254 1240 Nihil
3276 1190 3406 1241 enim
3429 1192 3552 1244 mihi
3581 1194 3811 1249 conscius

2217 1277 2346 1324 sum,
2380 1261 2570 1332 inquit,
2599 1269 2689 1318 sed
2715 1284 2816 1321 non
2840 1270 2891 1322 in
2921 1271 3014 1324 hoc
3045 1274 3361 1342 justiﬁcatus
3407 1295 3518 1332 sum
3541 1281 3632 1350 (1.
3683 1284 3803 1337 Cor.

2219 1352 2270 1404 4.
2300 1345 2404 1424 4);
2431 1357 2543 1410 sive
2567 1356 2871 1434 ignorantes
2903 1363 3014 1418 sive
3037 1365 3266 1421 scientes
3295 1345 3574 1438 peccemus
3598 1387 3614 1427 :
3639 1372 3804 1428 Testi-

2219 1442 2441 1495 monium
2466 1444 2599 1497 enim
2622 1446 2723 1500 illis
2765 1450 3019 1518 perhibeo,
3054 1454 3256 1521 inquit,
3286 1459 3404 1527 quia
3432 1462 3804 1517 tensulationem

2217 1529 2308 1583 Dei
2331 1533 2531 1600 habent,
2551 1537 2640 1589 sed
2660 1553 2761 1592 non
2781 1541 3052 1594 secundum
3073 1546 3332 1600 scientiam
3355 1549 3374 1616 (
3396 1548 3551 1604 Rom.
3585 1553 3673 1608 10.
3699 1553 3736 1607 2
3756 1555 3799 1625 ).
3841 1597 3849 1603 .

2217 1620 2408 1676 Verum
2442 1624 2493 1678 id
2536 1625 2638 1680 illis
2665 1628 2730 1681 ad
2761 1632 3130 1698 purgationem
3179 1650 3283 1689 non
3329 1637 3548 1694 sufficit.
3604 1620 3809 1697 omni-

2217 1712 2340 1764 tltiis
2384 1723 2560 1766 autem
2610 1716 2850 1772 scribens
2895 1720 3067 1775 aiebat
3100 1740 3112 1774 :
3151 1722 3322 1779 Timeo
3351 1744 3413 1780 ne
3435 1731 3562 1784 sicut
3589 1749 3807 1802 serpens

2212 1802 2374 1856 Evam
2419 1807 2616 1860 seduxit
2667 1812 2853 1864 astutia
2900 1828 3015 1875 sua,
3062 1815 3133 1867 sic
3181 1831 3571 1888 corrumpantur
3621 1840 3798 1879 sensus

2207 1895 2376 1958 vestri,
2407 1904 2456 1949 et
2477 1897 2708 1950 excidant
2732 1915 2763 1952 a
2792 1901 3113 1969 simplicitate
3137 1922 3250 1973 qua!
3285 1918 3359 1960 est
3396 1910 3448 1962 in
3476 1911 3673 1966 Christo
3696 1915 3794 1983 (ἓ.

2204 1985 2322 2042 Cor.
2369 1987 2575 2057 11-3).
2611 1989 2710 2043 Tot
2759 2000 3132 2063 tantorumque
3183 1998 3475 2059 facinorum
3528 2005 3791 2061 rationem

2203 2076 2526 2140 redditurus,
2560 2080 2714 2135 sedes
2744 2083 2943 2148 ridens,
2977 2087 3203 2142 urbanas
3235 2089 3451 2148 facetias
3478 2095 3788 2163 proferens,

2205 2176 2258 2219 et
2283 2168 2538 2238 voluptati
2571 2170 2886 2241 indulgens?
2915 2174 3019 2228 Sed
3047 2177 3089 2230 si
3124 2177 3174 2230 id
3200 2193 3302 2232 non
3328 2181 3526 2245 fecero,
3558 2185 3788 2255 inquies,

2209 2259 2252 2310 si
2295 2258 2506 2326 luxere,
2537 2277 2656 2328 qum
2709 2265 2838 2318 mihi
2892 2265 3034 2338 hinc,~
3064 2270 3298 2323 utilitas?
3328 2271 3488 2328 Multa
3533 2290 3680 2342 sane,
3731 2290 3792 2334 et

2200 2358 2343 2404 tanta
2370 2362 2619 2420 quautam
2650 2356 2915 2422 explicare
2943 2373 3047 2412 non
3089 2362 3307 2426 possim.
3354 2362 3410 2418 In
3438 2367 3786 2425 saecularibus

2197 2439 2337 2492 enim
2363 2440 2596 2507 judiciis,
2625 2447 2961 2512 quantumvis
2990 2449 3190 2516 plores,
3225 2465 3331 2506 non
3385 2453 3611 2536 effugies
3639 2473 3786 2529 sup-

2197 2528 2412 2596 plicium
2440 2542 2557 2600 post
2581 2536 2739 2587 latam
2766 2538 3118 2602 sententiam;
3159 2539 3248 2594 hic
3289 2557 3440 2607 vero,
3458 2528 3531 2600 "si
3558 2528 3786 2616 ingemi-

2193 2631 2312 2672 scas
2362 2627 2590 2686 tantum,
2622 2616 2939 2679 sententiam
2981 2628 3220 2694 solvisti,
3253 2641 3306 2685 et
3347 2635 3555 2689 veniam
3585 2651 3784 2694 conse-

2194 2711 2393 2778 queris.
2425 2711 2652 2780 Ideoque
2671 2714 2738 2768 de
2767 2717 2909 2770 luctu
2936 2732 3076 2786 saepe
3102 2717 3348 2776 Christus
3377 2740 3472 2779 nos
3501 2727 3778 2795 admonet,

2193 2808 2243 2852 et
2262 2814 2355 2855 eos
2376 2802 2464 2870 qui
2483 2803 2660 2871 lugent
2683 2804 2864 2859 beatos
2883 2807 3159 2876 przedicat,
3184 2810 3302 2865 illos
3322 2827 3450 2867 vero
3466 2819 3553 2886 qui
3579 2819 3774 2886 rident,

2195 2889 2419 2944 miseros
2447 2891 2703 2945 declarat.
2759 2894 2871 2949 Hoc
2915 2898 3112 2967 quippe
3157 2901 3418 2957 theatrum
3468 2923 3573 2960 non
3607 2912 3776 2967 risum

2190 2977 2417 3032 admittit
2440 2998 2455 3034 :
2481 2997 2653 3051 neque
2679 2986 2800 3041 ideo
2822 2995 3189 3061 convenimus,
3211 3010 3265 3052 ut
3290 3002 3579 3060 cachinnos
3599 3009 3772 3064 effun-

2187 3064 2396 3167 damps,
2429 3071 2520 3124 sed
2552 3082 2608 3125 ut
2633 3089 2931 3142 gemamus,
2964 3092 3122 3153 atque
3146 3102 3212 3142 ex
3238 3092 3539 3158 hujusmodi
3569 3103 3770 3167 gemitu

2186 3157 2330 3224 regni
2387 3159 2734 3218 hereditatem
2784 3172 3170 3232 nanciscamur.
3217 3157 3464 3237 Tuvern
3502 3188 3546 3241 si
3570 3157 3767 3247 “coram

2187 3240 2509 3338 Imperatore
2558 3256 2790 3320 steteris,
2837 3274 2906 3314 ne
2947 3262 3224 3322 subridere
3250 3240 3764 3338 quidem

2183 3341 2237 3385 et
2263 3334 2432 3402 ipsum
2459 3341 2770 3408 angelorum
2797 3347 3076 3406 Dominum
3107 3355 3248 3411 domi
3280 3359 3481 3420 habens
3510 3381 3614 3422 non
3651 3380 3764 3427 stas

2183 3430 2417 3478 tremens
2445 3443 2565 3482 cum
2607 3434 2864 3489 modestia
2905 3439 3136 3510 decenti,
3166 3448 3258 3501 sed
3289 3451 3434 3508 rides
3479 3456 3570 3510 illo
3598 3462 3759 3516 etiam

2179 3525 2322 3582 saepe
2350 3516 2524 3572 irato?
2551 3537 2649 3575 nec
2677 3527 2878 3606 cogitas
2911 3539 2962 3585 te
2986 3531 3133 3588 illum
3165 3540 3331 3609 magis
3356 3543 3422 3598 ad
3469 3545 3602 3602 iram
3628 3563 3759 3606 con-

2178 3602 2344 3696 citare
2371 3606 2495 3660 dum
2537 3609 2651 3666 hac
2695 3616 2809 3683 agis
2831 3656 2845 3679 ,
2864 3603 3033 3687 quam
3065 3623 3189 3679 dum
3220 3602 3452 3696 peccas?
3476 3634 3591 3692 Non

2178 3692 2249 3746 ita
2275 3709 2583 3763 peccatores
2610 3716 2894 3783 aversatur.
2916 3709 3078 3779 Deus,
3110 3725 3168 3770 ut
3189 3692 3398 3790 eos'qui
3427 3736 3545 3793 post

2177 3791 2288 3839 tum
2317 3801 2420 3841 non
2445 3804 2564 3846 sese
2583 3793 2854 3851 cohibent.
2875 3799 3120 3858 Attamen
3144 3807 3212 3861 ita
3235 3821 3357 3864 sunt
3377 3791 3589 3882 quidam
3611 3824 3759 3879 omni

2173 3887 2331 3931 sensu
2362 3881 2534 3946 vacui,
2565 3891 2621 3937 ut
2647 3897 2765 3952 post
2789 3887 2904 3944 iure
2928 3894 3108 3949 audita
3135 3899 3295 3954 verba
3325 3881 3506 3961 dicant
3536 3927 3549 3963 :
3580 3912 3756 3980 Absit,

2173 3975 2233 4060 ut
2261 3982 2510 4037 umquam
2549 3973 2812 4045 lacrymas
2841 3979 3077 4050 fundam,
3103 3988 3230 4044 mihi
3258 4007 3386 4048 vero
3414 3997 3464 4051 id
3494 3973 3758 4060 concedai

2174 4053 2314 4153 Deus
2335 4094 2350 4119 ,
2369 4065 2454 4156 .ut
2479 4073 2691 4156 semper
2728 4066 2930 4121 rideam
2961 4083 3016 4126 et
3045 4075 3241 4132 Iudam.
3290 4081 3424 4148 Quid
3453 4053 3755 4156 huiusmodi

2171 4143 2488 4210 Cogitatione
2511 4149 2802 4206 infantius?
2837 4156 2953 4211 Non
2974 4163 3114 4216 enim
3141 4167 3279 4223 Deus
3300 4143 3356 4224 id
3384 4175 3476 4228 dat
3501 4143 3558 4232 tit
3599 4143 3752 4236 Iuda:

2170 4243 2319 4338 plus,
2339 4233 2432 4286 sed
2461 4235 2724 4338 diabolus.
2778 4243 2914 4298 Audi
2944 4247 3099 4316 igitur
3135 4256 3261 4322 quid
3294 4263 3432 4324 passi
3463 4265 3571 4318 sint
3599 4233 3752 4338 iiqiti

2170 4317 2418 4385 ludebant
2449 4340 2463 4377 :
2496 4324 2659 4390 Sedit,
2693 4331 2882 4400 inquit,
2914 4340 3132 4405 populus
3155 4317 3466 4406 manducare
3490 4317 3753 4423 et

2164 4415 2563 4501 et‘surreaerunt
2589 4417 2761 4472 ludere
2782 4420 2801 4492 (
2820 4421 2985 4478 Exod.
3010 4427 3099 4481 52.
3123 4432 3214 4499 6).
3239 4433 3396 4492 Tales
3415 4448 3565 4497 erant

2163 4495 2328 4564 mitaa,
2361 4499 2491 4556 tales
2517 4506 2675 4559 etiam
2715 4507 2790 4562 illi
2841 4520 3082 4582 tempore
3132 4495 3338 4576 diluvii.
3383 4495 3752 4592 Namdeil—lis

2163 4585 2378 4655 dicitur,
2407 4590 2474 4645 In
2511 4598 2774 4665 superbia,
2806 4601 2861 4654 in
2903 4609 3260 4676 prosperitate,
3293 4626 3341 4668 et
3392 4619 3444 4672 in
3485 4627 3758 4699 saturitate

2163 4694 2353 4778 panum
2403 4682 2592 4740 deliciis
2641 4691 2905 4760 amuebant
2932 4694 2952 4766 (
2977 4696 3162 4753 Ezech.
3195 4703 3281 4758 16.
3315 4707 3441 4778 49).
3486 4682 3601 4768 Illi‘
3609 4733 3743 4775 vero

2160 4769 2246 4836 qui
2277 4779 2514 4840 tempore
2540 4775 2666 4832 Noae
2695 4792 2848 4835 erant
2869 4824 2883 4845 ,
2911 4799 3034 4840 cum
3065 4803 3157 4856 per
3189 4803 3263 4846 tot
3290 4809 3460 4854 annos
3503 4789 3745 4865 conatrui

2162 4872 2338 4915 arcam
2367 4863 2626 4933 viderent,
2655 4872 2775 4927 sine
2818 4874 2920 4928 ulla
2947 4891 3073 4932 cura
3105 4883 3187 4938 vel
3214 4899 3374 4942 sensu
3405 4891 3740 4966 laztabantur,

2159 4949 2289 5005 nihil
2334 4952 2402 5054 de
2447 4954 2635 5012 futuris
2688 4963 2849 5016 rebus
2900 4970 3320 5038 prospicientes;
3352 4949 3743 5054 ideoquemut—ii:

2159 5054 2340 5095 versos
2369 5042 2622 5100 diluvittm
2650 5051 2958 5121 submersit;
2981 5067 3035 5114 et
3059 5074 3344 5124 commune
3358 5042 3508 5128 orbis
3527 5079 3741 5136 naufra-

2157 5131 2311 5199 giuur
2333 5143 2458 5186 tunc
2487 5134 2680 5191 effecit.

2221 5334 2269 5386 7.
2317 5335 2464 5390 Dona
2490 5336 2584 5392 Dei
2616 5355 2730 5410 qui:
2754 5343 2872 5397 sint.
2905 5344 3181 5416 Vigilantia
3207 5368 3356 5422 quam
3385 5360 3553 5426 utilis;
3581 5381 3730 5433 quam

2152 5433 2301 5485 noxia
2349 5434 2533 5489 theatri
2579 5445 3082 5508 spectacula.—Ne
3139 5452 3315 5521 itaque
3365 5458 3449 5515 illa
3503 5475 3651 5532 petas
3701 5485 3732 5522 ει

2152 5522 2285 5587 Deo,
2318 5540 2437 5591 qua:
2481 5542 2509 5580 a
2555 5527 2765 5586 diabolo
2793 5535 3010 5606 accipis.
3039 5539 3171 5598 Nam
3199 5544 3292 5601 Dei
3319 5560 3433 5616 est,
3478 5522 3607 5611 dare
3635 5574 3730 5614 cor
