4140 6298
356 318 414 373 7t
1547 310 1609 364 IN
1649 301 2053 363 nuntiavit
2092 301 2321 387 uouit.
2362 302 2449 361 v1.
3544 291 3615 348 τι

346 428 635 485 contritum
685 438 739 482 et
791 426 1160 489 humiliatum,
1210 424 1445 481 animum
1494 424 1743 493 vigilem,
1803 432 1939 477 tem-

350 528 628 585 perantem
650 557 666 582 ,
699 519 1059 579 continentem
1077 556 1094 583 ,
1124 516 1470 585 pteniteutem
1492 555 1506 577 ,
1532 521 1932 582 compunctum.

346 607 471 663 “me
517 609 663 663 illius
696 608 835 662 dona
882 616 1034 672 sunt,
1077 608 1196 675 quia
1254 606 1360 661 illis
1404 606 1739 676 potissimum
1796 603 1939 657 indi-

345 711 555 766 gemus.
610 696 892 751 Certamen
940 697 1081 751 enim
1121 695 1362 749 imminet
1409 708 1605 764 grave,
1651 701 1706 748 et
1749 692 1938 745 adver-

346 802 437 842 sus
483 787 781 842 invisibiles
828 794 1116 857 potestates
1145 786 1285 840 lucta
1322 784 1477 840 nobis
1518 793 1635 848 est,
1680 781 1937 836 adversus

332 873 643 944 ’spiritualia
688 876 939 943 nequitia:
968 888 1174 943 pugna,
1224 872 1478 928 adversus
1516 872 1841 941 principatus
1884 880 1938 924 et

347 974 639 1036 potestates
666 965 865 1020 bellum
905 966 925 1033 (
943 964 1132 1032 Ephes.
1164 963 1216 1018 6.
1249 961 1353 1031 {2)
1385 980 1399 1016 :
1429 972 1587 1031 atque
1626 961 1826 1014 utinam
1859 959 1959 1014 iii--

346 1056 573 1125 ligenter
617 1064 866 1124 agentes,
910 1055 1097 1123 vigiles
1124 1060 1180 1106 et
1216 1052 1498 1119 concitati,
1541 1052 1806 1120 possimus
1837 1050 1939 1104 hoc

347 1144 517 1199 ferum
547 1159 736 1214 agmen
762 1143 1047 1199 sustinere.
1070 1143 1129 1197 Si
1154 1156 1282 1196 vero
1308 1127 1573 1195 rideamus
1592 1150 1645 1194 et
1670 1140 1934 1205 ludamus,

345 1248 406 1288 ac
425 1248 645 1304 semper
666 1232 920 1287 socordes
950 1232 1116 1286 simus
1136 1271 1152 1297 ,
1182 1232 1339 1285 etiam
1369 1240 1494 1283 ante
1529 1228 1833 1283 conflictum
1871 1244 1938 1282 ex

348 1323 563 1392 prepria
592 1322 818 1392 segnitie
844 1320 1208 1375 concidemus.
1241 1319 1357 1374 Non
1382 1328 1627 1373 nostrum
1653 1319 1829 1389 itaque
1858 1326 1940 1373 est

349 1421 606 1481 perpetuo
626 1412 822 1477 ridere,
845 1409 1082 1465 deliciari
1109 1420 1163 1463 et
1181 1408 1451 1465 convivari
1474 1426 1488 1474 ;
1518 1407 1611 1461 sed
1640 1423 1824 1463 eorum
1846 1409 1938 1477 qui

347 1503 399 1558 in
428 1516 588 1558 scena
627 1502 845 1569 ludunt,
893 1501 1233 1555 meretricum
1256 1541 1269 1561 ,
1307 1502 1542 1553 virorum
1585 1504 1673 1569 qui
1720 1499 1785 1552 ad
1818 1498 1940 1551 talia

344 1599 470 1646 sunt
516 1590 771 1659 depilati,
801 1590 1153 1658 parasitorum
1174 1629 1190 1650 ,
1222 1588 1556 1642 adulatorum
1583 1605 1597 1641 :
1628 1603 1731 1641 non
1760 1598 1940 1641 autem

295 1698 312 1707 ·
347 1694 532 1733 eorum
571 1678 661 1747 qui
687 1677 754 1732 ad
782 1677 973 1732 caelum
1002 1678 1170 1731 vocati
1200 1686 1359 1743 sunt,
1401 1692 1506 1731 non
1535 1691 1719 1732 eorum
1756 1677 1844 1746 qui
1887 1677 1938 1729 in

348 1782 579 1836 superna
609 1768 823 1823 civitate
851 1775 974 1821 sunt
1001 1765 1288 1835 descripti,
1318 1782 1421 1821 non
1452 1781 1637 1821 eorum
1662 1767 1750 1835 qui
1777 1766 1942 1821 armis

347 1859 717 1929 spiritualibus
759 1867 883 1913 sunt
920 1858 1195 1923 instructi,
1239 1858 1332 1913 sed
1372 1872 1555 1912 eorum
1597 1858 1687 1927 qui
1728 1857 1941 1913 diabolo

347 1959 471 2004 sunt
497 1948 711 2003 initiati.
740 1946 834 2003 Ille
862 1963 1091 2018 namque
1120 1957 1229 2012 est,
1274 1948 1364 2002 ille
1394 1948 1485 2016 qui
1515 1947 1614 2002 hac
1640 1957 1785 2012 arte,
1838 1947 1941 2001 hoc

347 2054 510 2109 opere
540 2049 767 2093 conatur
794 2038 992 2093 Christi
1037 2038 1231 2092 milites
1267 2036 1581 2101 debilitare,
1623 2039 1965 2108 illorumque

345 2130 508 2184 animi
538 2129 815 2184 molliores
846 2143 1041 2183 nervos
1071 2128 1302 2183 efficere.
1336 2128 1457 2182 Ideo
1486 2129 1692 2183 theatra
1722 2130 1774 2182 in
1800 2130 1944 2183 urbi-

347 2220 446 2274 bus
484 2220 708 2279 struxit,
740 2228 794 2273 et
830 2220 1025 2274 mimos
1064 2219 1185 2273 illos
1211 2233 1501 2282 exercens.
1539 2220 1751 2273 illorum
1778 2235 1941 2290 opera

346 2318 533 2363 contra
570 2318 736 2363 totam
776 2308 1043 2363 civitatem
1078 2306 1217 2363 hanc
1255 2318 1458 2379 pestem
1499 2311 1696 2363 excitat
1736 2329 1750 2364 :
1783 2325 1941 2379 quam

347 2399 531 2469 fugere
586 2398 782 2453 Paulus
831 2398 987 2467 jussit
1030 2397 1258 2468 (Ephes.
1297 2397 1350 2452 5.
1390 2398 1497 2467 4),
1552 2398 1942 2468 stultiloquium

348 2503 543 2557 nempe
577 2497 633 2543 et
655 2488 1066 2548 scurrilitatem;
1110 2503 1228 2557 qua:
1271 2496 1447 2541 autem
1487 2488 1677 2542 horum
1703 2488 1943 2543 omnium

347 2578 661 2648 gravissima
687 2578 827 2631 risus
856 2576 997 2631 illius
1032 2570 1382 2632 occasio'est.
1411 2577 1634 2639 Ouando
1666 2578 1942 2647 quidpiam

349 2684 441 2729 aut
464 2674 835 2743 blasphemum
852 2682 943 2729 aut
962 2681 1116 2743 turpe
1137 2683 1275 2727 mter
1292 2671 1511 2728 ridicula
1529 2675 1675 2736 mimi
1696 2673 1944 2735 dixerint,

352 2772 479 2817 tunc
506 2777 574 2817 ex
612 2762 1070 2832 insipientioribus
1099 2764 1313 2832 quidam
1354 2763 1533 2819 rident
1568 2773 1623 2818 et
1662 2765 1947 2827 laatantur;

351 2868 475 2908 cum
507 2854 772 2923 lapidibus
798 2854 942 2923 ipsos
972 2855 1229 2923 impetere
1257 2862 1565 2923 oporteret,
1591 2855 1849 2925 plaudunt
1874 2853 1949 2907 illi

353 2961 519 3017 super
560 2946 679 3012 his,
720 2954 778 3001 et
819 2962 915 3015 per
957 2946 1095 2999 hanc
1132 2945 1458 3013 voluptatem
1499 2945 1766 2999 caminum
1802 2944 1950 3012 ignis

248 3028 257 3035 ’
353 3045 541 3091 contra
570 3045 733 3107 caput
758 3051 913 3090 suum
953 3037 1246 3090 attrahunt.
1273 3034 1406 3107 Nam
1438 3036 1527 3103 qui
1562 3035 1682 3091 talia
1713 3033 1952 3086 dicentes

357 3124 605 3190 laudant,
638 3125 673 3180 ii
699 3134 824 3178 sunt
845 3124 936 3194 qui
965 3123 1198 3177 maxime
1225 3122 1275 3177 id
1301 3106 1484 3177 dicere
1510 3121 1737 3175 suadent
1767 3138 1779 3173 :
1805 3121 1950 3173 ideo-

352 3230 459 3286 que
487 3217 752 3287 supplicio
776 3216 900 3270 huic
934 3215 1156 3271 facinori
1186 3214 1372 3269 debito
1402 3214 1700 3282 iustissime
1731 3212 1951 3266 obnoxii

354 3316 535 3362 erunt.
568 3307 781 3363 Etenim
806 3308 853 3362 si
881 3307 1071 3362 nullus
1085 3316 1227 3362 esset
1266 3294 1555 3374 Spectator,
1600 3306 1777 3359 nullus
1824 3320 1951 3374 pro-

357 3396 501 3452 diret
541 3396 731 3452 histrio
771 3411 791 3463 ξ
827 3411 948 3451 eum
986 3408 1163 3450 autem
1200 3410 1298 3450 vos
1327 3395 1508 3449 vident
1535 3403 1587 3450 et
1630 3394 1872 3449 officinas
1902 3402 1957 3449 et

357 3498 538 3554 artes,
591 3497 648 3544 et
694 3497 953 3557 quaestum
999 3487 1124 3541 hinc
1166 3487 1600 3555 provenientem,
1645 3496 1804 3556 atque
1849 3500 1956 3539 uno

358 3578 527 3634 verbo
556 3578 736 3632 omnia
765 3577 1066 3646 relinquere
1085 3615 1100 3639 ,
1130 3584 1189 3629 ut
1212 3575 1278 3630 ad
1305 3574 1421 3629 haec
1442 3575 1745 3644 Spectacula
1772 3589 1957 3629 accur-

358 3668 490 3722 ratis
510 3708 527 3735 ,
559 3666 749 3736 majori
778 3666 1054 3721 alacritate
1096 3674 1255 3735 atque
1295 3663 1471 3718 studio
1501 3662 1584 3717 his
1609 3678 1826 3732 operam
1855 3662 1954 3716 ad-

359 3757 565 3813 hibent.
599 3757 711 3812 Hoc
739 3765 915 3812 autem
943 3757 1064 3811 dico
1087 3796 1102 3819 ,
1142 3770 1248 3809 non
1275 3765 1335 3809 ut
1374 3756 1497 3810 illos
1521 3770 1551 3809 a
1578 3755 1805 3809 crimine
1833 3755 1953 3808 vin-

360 3849 538 3905 dicem
556 3866 572 3916 ;
601 3850 695 3904 sed
715 3857 772 3903 ut
787 3848 1004 3903 discatis
1024 3862 1120 3903 vos
1145 3861 1263 3901 esse
1281 3847 1370 3917 qui
1389 3846 1689 3916 huiusmodi
1709 3846 1958 3914 nequitias

362 3938 685 4009 principium
705 3948 760 3993 et
779 3937 1011 3993 radicem
1033 3937 1449 3992 subministratis
1465 3978 1479 4003 ,
1510 3938 1597 4006 qui
1622 3945 1785 3991 totam
1814 3936 1956 3991 diem

368 4030 454 4085 his
482 4031 537 4085 in
566 4029 728 4085 rebus
755 4030 1043 4095 insumitis,
1073 4028 1354 4083 honestum
1383 4027 1613 4098 ceuiugii
1636 4036 1829 4081 statum
1855 4036 1958 4080 tra-

365 4120 661 4184 ducentes,
718 4116 787 4172 ὀι
840 4118 1151 4188 mysterium
1215 4132 1467 4187 magnum
1521 4118 1953 4171 dehonestantes.

364 4208 553 4279 Neque
580 4209 721 4263 enim
752 4209 940 4263 histrio
968 4209 1060 4263 ille
1089 4210 1160 4262 ita
1185 4207 1474 4276 delinquit,
1502 4217 1561 4260 ut
1600 4217 1685 4271 tu,
1727 4208 1815 4276 qui
1848 4209 1959 4263 hate

363 4300 480 4356 fieri
517 4299 710 4368 iubes;
750 4299 858 4352 imo
888 4313 988 4353 nec
1020 4299 1181 4367 iubes
1210 4299 1407 4366 modo,
1449 4296 1545 4353 sed
1588 4297 1747 4351 etiam
1778 4310 1959 4353 curam

363 4388 621 4454 adhibes,
652 4388 882 4455 laetaris,
911 4389 1056 4443 rides
1075 4429 1090 4452 ,
1134 4390 1425 4456 laudasque
1455 4387 1761 4455 huiusmodi
1802 4403 1959 4455 spec-

368 4481 541 4537 tacula
562 4523 579 4544 ,
626 4481 879 4549 omnique
908 4479 1068 4535 modo
1094 4480 1231 4536 hanc
1268 4480 1417 4534 foves
1444 4479 1747 4533 dwmonum
1786 4478 1960 4531 offici-

370 4586 521 4627 nam.
549 4570 878 4638 Quibusnam
898 4610 913 4637 ,
944 4586 1127 4640 quaso
1146 4612 1161 4635 ,
1200 4570 1367 4625 oculis
1394 4585 1615 4624 uxorem
1644 4578 1786 4623 tuam
1818 4568 1961 4621 domi

368 4670 558 4733 postea
583 4660 820 4727 videbis,
847 4676 1005 4731 quam
1029 4660 1100 4715 ibi
1127 4660 1301 4715 vidisti
1332 4658 1653 4714 contumelia
1680 4657 1963 4735 affectam?

371 4751 644 4823 quomodo
666 4765 771 4806 non
800 4730 1073 4807 erubescis
1099 4751 1225 4807 dum
1250 4750 1489 4819 conjugis
1510 4758 1615 4804 tum
1640 4730 1964 4815 recordaris,

367 4858 491 4899 cum
523 4843 593 4897 ibi
622 4856 813 4898 sexum
842 4843 958 4911 ejus
981 4841 1321 4897 dehonestari
1350 4840 1587 4895 videris?

442 4933 497 4987 8.
536 4930 616 4987 Ne
640 4932 768 4986 mihi
795 4931 1015 4995 dixeris,
1041 4948 1155 4988 rem
1184 4932 1487 4987 simulatam
1515 4940 1569 4986 et
1595 4931 1959 4986 histrionicam

369 5021 487 5078 hate
512 5038 636 5079 esse
667 5039 681 5075 :
714 5023 832 5079 haec
858 5020 1001 5084 enim
1031 5023 1339 5079 histrionica
1372 5022 1567 5079 multos
1604 5022 1779 5078 effecit
1809 5022 1961 5076 adul-

2044 423 2226 476 teros,
2267 411 2567 479 multasque
2607 407 2835 463 familias
2872 406 3084 463 evertit.
3124 405 3355 473 Ideoque
3396 404 3631 458 maxime

2041 519 2217 573 gemo,
2246 503 2387 572 quod
2419 502 2549 556 illud
2576 517 2643 556 ne
2665 502 2860 555 malum
2887 500 3104 570 quidem
3134 499 3286 553 vobis
3310 512 3431 551 esse
3452 497 3635 555 viden-

2042 602 2147 658 tur,
2178 594 2273 647 sed
2317 594 2568 661 plausus,
2610 592 2832 655 clamor,
2874 594 3015 646 risus
3054 591 3254 645 multus
3289 589 3629 651 adhibeatur,

2038 684 2167 736 dum
2198 682 2446 737 adulterii
2473 682 2774 751 huiusmodi
2799 682 3159 751 spectaculum
3190 679 3383 734 offerre
3408 678 3627 732 audent.

2038 776 2176 841 Quid
2206 778 2343 832 dicis
2369 792 2431 831 ea
2465 792 2586 831 esse
2628 777 2990 830 histrionicam
3030 768 3466 829 simulationem?
3506 772 3631 825 Ideo

2038 868 2113 922 illi
2143 869 2411 923 sexcentis
2438 868 2711 937 suppliciis
2740 867 2883 936 digni
2925 875 3084 929 sunt,
3125 863 3377 934 quoniam
3418 877 3479 916 ea
3510 877 3631 929 quae

2040 956 2186 1025 leges
2224 972 2410 1011 omnes
2448 960 2617 1012 vitare
2652 957 2875 1023 iubent.
2921 956 3107 1009 eadem
3148 956 3247 1023 ipsi
3278 954 3472 1007 imitari
3512 961 3630 1005 stn-

2039 1046 2189 1100 dent.
2220 1046 2351 1100 Nam
2374 1048 2416 1099 si
2446 1046 2640 1099 malum
2661 1056 2744 1099 est
2762 1044 2913 1111 illud,
2939 1046 3056 1112 eius
3082 1053 3163 1098 est
3189 1058 3398 1111 quoque
3427 1056 3630 1109 reprae-

2038 1137 2267 1190 sentatio
2297 1138 2458 1189 mala.
2492 1136 2733 1190 Nondum
2763 1136 2905 1201 dico,
2937 1143 3068 1203 quot
3097 1135 3368 1187 adulteros
3394 1133 3631 1187 efficiant

2039 1226 2346 1280 histrionica
2374 1226 2676 1295 huiusmodi
2704 1224 2953 1293 adulterii
2981 1223 3282 1294 spectacula
3305 1263 3318 1289 ,
3345 1238 3503 1291 quam
3533 1236 3629 1290 pe—

2038 1315 2270 1370 tulantes
2316 1317 2758 1387 impudentesque
2800 1315 3035 1371 efficiant
3080 1324 3441 1383 spectatores;
3501 1313 3629 1366 nihil

2037 1407 2178 1461 enim
2225 1408 2505 1470 lascivius,
2554 1406 2685 1461 nihil
2726 1407 3052 1475 petulantius
3087 1405 3275 1470 oculo,
3316 1405 3404 1473 qui
3447 1403 3632 1473 huius-

2038 1496 2185 1551 modi
2229 1496 2530 1566 spectacula
2563 1497 2705 1551 ferre
2735 1498 2921 1567 possit.
2969 1496 3047 1549 Tu
3090 1511 3223 1550 vero
3263 1496 3313 1548 in
3356 1494 3470 1547 foro
3511 1494 3633 1562 qui-

2038 1587 2158 1642 dem
2179 1587 2374 1641 nudam
2389 1588 2664 1641 mulierem
2683 1587 2926 1655 aspicere
2947 1586 3116 1648 nolis;
3136 1586 3244 1638 imo
3263 1601 3433 1650 neque
3445 1584 3591 1638 domi
3614 1605 3627 1637 :

2038 1692 2150 1732 rem
2172 1679 2313 1732 enim
2335 1676 2637 1746 huiusmodi
2664 1672 3038 1732 contumeliam
3063 1689 3222 1728 vocas
3247 1692 3259 1726 :
3290 1674 3339 1727 in
3365 1673 3629 1728 theatrum

2039 1780 2214 1824 tamen
2244 1770 2524 1831 ascendis,
2564 1778 2620 1823 ut
2656 1783 2941 1826 commune
2966 1783 3133 1837 genus
3173 1768 3407 1820 virorum
3444 1765 3632 1819 mulie-

2037 1874 2263 1927 rumque
2285 1861 2606 1915 contumelia
2633 1860 2860 1924 afficias,
2887 1859 3175 1927 oculosque
3199 1866 3316 1911 tuos
3342 1854 3631 1923 deturpes?

2038 1951 2115 2006 Ne
2144 1952 2273 2006 mihi
2304 1952 2504 2006 dixeris
2534 1951 2812 2006 mulierem
2845 1950 2986 2004 illam
3025 1950 3222 2003 nudam
3243 1990 3260 2015 ,
3296 1963 3415 2003 esse
3454 1962 3630 2001 mere-

2040 2044 2257 2110 tricem;
2289 2047 2470 2114 utique
2501 2044 2639 2098 idem
2673 2044 2788 2113 ipse
2816 2057 2995 2106 sexus,
3027 2041 3165 2095 idem
3193 2055 3390 2109 corpus
3414 2050 3495 2094 est
3520 2055 3631 2093 me-

2034 2134 2247 2189 retricis
2284 2144 2340 2189 et
2369 2135 2570 2189 liberte.
2594 2133 2648 2189 Si
2679 2134 2823 2189 enim
2844 2132 3085 2187 obscoeni
3113 2131 3245 2185 nihil
3268 2146 3331 2185 ea
3364 2130 3415 2183 in
3444 2145 3501 2183 re
3525 2138 3629 2190 est,

2038 2239 2136 2279 cur
2161 2234 2283 2277 cum
2316 2225 2366 2277 in
2398 2222 2516 2277 foro
2536 2224 2725 2278 eadem
2752 2224 2866 2292 ipsa
2886 2222 3087 2277 videris
3106 2263 3120 2285 ,
3144 2222 3322 2274 statim
3352 2220 3547 2283 resilis,
3577 2229 3634 2274 et

2040 2313 2454 2368 inverecundam
2490 2313 2757 2383 depellis?
2790 2327 2860 2367 an
2888 2328 3009 2366 eum
3040 2311 3290 2380 disiuncti
3320 2325 3537 2375 sumus,
3578 2308 3631 2364 id

2038 2406 2351 2461 obscaenum
2381 2413 2496 2469 est;
2524 2419 2645 2460 cum
2674 2413 2855 2458 autem
2880 2404 3187 2474 congregati
3215 2417 3316 2456 una
3343 2401 3592 2456 sedemus
3611 2440 3630 2465 ,

2038 2509 2144 2549 non
2174 2493 2395 2564 perinde
2420 2504 2574 2563 turpe
2604 2494 2727 2549 est?
2759 2493 2956 2547 Verum
2989 2492 3093 2546 hoc
3130 2490 3412 2547 ridiculum
3448 2503 3513 2542 ac
3540 2488 3634 2542 de-

2036 2586 2201 2641 decus
2225 2594 2341 2651 est,
2370 2593 2424 2641 et
2450 2584 2566 2639 htrc
2595 2583 2755 2639 verba
2783 2593 3077 2638 extremam
3108 2598 3219 2653 pra:
3247 2597 3307 2636 se
3334 2581 3514 2636 ferunt
3538 2580 3633 2633 dco

2038 2676 2291 2732 mentiam
2334 2693 2350 2729 :
2391 2675 2690 2743 meliusque
2732 2682 2877 2729 esset
2914 2688 3074 2728 coeno
3102 2684 3260 2743 atque
3299 2673 3414 2727 luto
3446 2671 3631 2725 oculos

2034 2772 2307 2837 oblinere,
2337 2786 2494 2840 quam
2526 2771 2596 2824 ita
2626 2769 2822 2825 foedam
2850 2779 2904 2823 et
2934 2768 3171 2837 iniquam
3201 2782 3315 2821 rem
3357 2774 3625 2835 spectare.

2035 2861 2219 2938 Neque
2246 2862 2389 2917 enim
2419 2868 2622 2915 tantum
2649 2859 2830 2913 damni
2857 2858 3014 2913 oculo
3041 2856 3203 2910 infert
3226 2855 3393 2908 lutum
3410 2894 3428 2919 ,
3454 2868 3629 2923 quan-

2038 2961 2148 3003 tum
2177 2951 2405 3004 lascivus
2432 2958 2681 3019 aspectus
2706 2958 2763 3003 et
2786 2948 2943 3001 nuda:
2975 2946 3216 2999 mulieris
3240 2944 3626 3013 spectaculum.

2036 3040 2176 3093 Audi
2209 3041 2369 3109 igitur
2396 3040 2523 3108 quid
2552 3038 2846 3092 nuditatem
2875 3037 2945 3091 ab
2973 3036 3128 3089 initio
3153 3034 3357 3097 fecerit,
3388 3044 3439 3088 et
3471 3042 3632 3089 tantm

2038 3130 2381 3199 turpitudinis
2406 3130 2665 3183 rationem
2688 3135 2889 3181 metue.
2917 3124 3054 3192 Quid
3086 3140 3215 3193 ergo
3238 3124 3531 3177 nuditatem
3555 3123 3631 3176 ef-

2040 3220 2199 3275 fecit?
2231 3220 2591 3274 luobedientia
2625 3227 2681 3272 et
2710 3217 2906 3271 diaboli
2948 3216 3176 3270 insidiae.
3222 3215 3311 3271 Sic
3348 3215 3459 3282 iam
3503 3215 3630 3267 olim

2040 3324 2094 3366 et
2120 3312 2189 3366 ab
2216 3312 2365 3366 initio
2392 3310 2493 3365 hoc
2522 3310 2637 3379 eius
2662 3308 2757 3363 fuit
2783 3306 3039 3362 studium.
3072 3306 3265 3361 Verum
3297 3306 3415 3359 illos
3439 3305 3632 3361 saltem

2042 3401 2275 3472 pudebat
2298 3400 2441 3469 quod
2466 3397 2591 3453 nudi
2621 3405 2803 3453 essent
2830 3414 2844 3454 :
2879 3412 2974 3451 vos
3002 3404 3179 3450 autem
3204 3394 3254 3450 id
3276 3394 3456 3449 decori
3484 3393 3634 3447 vobis

2042 3507 2161 3548 esse
2178 3492 2393 3561 putatis,
2413 3490 2703 3545 secundum
2716 3488 2841 3543 illud
2856 3484 3335 3557 apostoli,Gloriam
3351 3484 3403 3537 in
3422 3483 3633 3557 turpitu-

2042 3583 2161 3636 dine
2188 3581 2421 3636 habentes
2449 3578 2722 3650 (Philipp.
2755 3579 2809 3633 '5.
2842 3574 2965 3648 l9).
2996 3575 3201 3643 Quibus
3225 3589 3355 3643 ergo
3382 3585 3434 3627 te
3466 3572 3637 3626 oculis

2043 3688 2179 3727 uxor
2216 3672 2469 3741 aspiciet,
2505 3687 2534 3723 a
2566 3680 2673 3723 tam
2713 3670 2895 3737 iniquo
2934 3667 3241 3737 spectaculo
3288 3664 3637 3721 redeuntem?

2043 3762 2315 3833 quomodo
2339 3772 2390 3817 te
2409 3759 2670 3830 recipiet?
2696 3759 2888 3829 quibus
2909 3767 2961 3812 te
2978 3757 3158 3812 verbis
3186 3756 3506 3833 alloquetur,
3546 3770 3637 3823 qui

2044 3853 2361 3908 muliebrem
2390 3866 2576 3905 sexum
2600 3858 2767 3903 totum
2797 3851 2868 3902 ita
2893 3847 3352 3908 dehonestaveris,
3379 3856 3432 3900 et
3454 3861 3521 3900 ex
3549 3846 3639 3899 tali

2045 3944 2351 4015 spectaculo
2375 3942 2622 4012 captivus
2649 3948 2704 3994 et
2742 3954 2928 3993 servus
2952 3938 3253 3992 meretricis
3277 3935 3500 3991 effectus
3525 3936 3640 3990 sis?

2046 4037 2104 4094 Si
2133 4037 2251 4092 hare
2272 4034 2552 4089 audientes
2579 4029 2806 4099 doletis,
2837 4030 3061 4099 gratiam
3090 4027 3241 4082 vobis
3271 4026 3444 4081 habeo
3473 4026 3643 4080 maxi-

2047 4145 2210 4187 mam.
2260 4128 2388 4195 Quis
2434 4126 2567 4179 enim
2612 4132 2684 4177 ut
2734 4121 2820 4192 qui
2853 4120 3192 4187 metato/feet,
3235 4118 3333 4171 nisi
3372 4119 3416 4169 is
3466 4117 3554 4187 qui
3580 4117 3643 4170 ob

2048 4222 2186 4275 dicta
2214 4236 2325 4273 utea
2351 4214 2685 4285 tristaturﬁ.
2716 4214 2842 4267 Cor.
2873 4211 2928 4265 2.
2956 4210 3069 4279 2)?
3110 4209 3189 4264 Ne
3226 4208 3450 4263 cessetis
3484 4208 3646 4277 igitur

2048 4312 2117 4367 de
2145 4311 2229 4366 his
2257 4311 2531 4380 ingemere
2549 4314 2605 4360 et
2623 4303 2855 4359 morderi
2891 4319 2905 4356 :
2932 4314 3054 4356 nam
3082 4300 3236 4353 dolor
3261 4298 3329 4353 de
3358 4297 3521 4352 rebus
3547 4296 3646 4350 hu-

2045 4402 2279 4475 iusmodi
2299 4400 2616 4471 principium
2634 4396 2786 4449 vobis
2803 4393 2905 4448 erit
2920 4390 3291 4447 conversionis
3310 4389 3375 4442 ad
3400 4388 3644 4443 meliora.

2059 4495 2288 4562 Ideoque
2315 4485 2705 4559 vehementiori
2732 4497 2983 4539 sermone
3007 4496 3125 4535 sum
3152 4494 3298 4542 usus,
3321 4489 3381 4533 ut
3402 4492 3495 4545 per
3522 4491 3645 4546 pro-

2052 4585 2349 4642 fundiorem
2386 4581 2700 4637 incisionem
2734 4592 2763 4630 a
2790 4570 3080 4644 putredine
3111 4571 3197 4624 illa
3236 4570 3649 4624 temulentorum

2052 4678 2327 4733 hominum
2354 4687 2449 4726 vos
2480 4672 2786 4731 liberarem,
2813 4674 2865 4720 et
2884 4662 2950 4717 ad
2970 4676 3154 4733 puram
3173 4659 3339 4715 animi
3360 4658 3645 4712 sanitatem

2053 4768 2365 4824 reducerem
2405 4781 2419 4818 :
2460 4774 2562 4831 qua
2594 4758 2795 4814 utinam
2828 4741 2924 4809 nos
2952 4766 3142 4808 omnes
3173 4766 3267 4820 per
3296 4749 3476 4803 omnia
3505 4746 3648 4801 frua-

2053 4876 2194 4925 mur,
2221 4867 2275 4911 et
2304 4854 2521 4927 praemia
2552 4851 2707 4905 bonis
2733 4848 2941 4903 actibus
2968 4844 3198 4913 reposita
3229 4853 3645 4908 consequamur,

2055 4952 2224 5021 gratia
2250 4957 2304 5003 et
2333 4942 2700 5000 misericordia
2731 4937 2937 4993 Domini
2964 4934 3131 4989 nostri
3159 4932 3286 4987 Jesu
3312 4928 3535 4992 Christi,
3556 4927 3646 4980 cui

2060 5041 2231 5112 gloria
2259 5047 2314 5096 et
2341 5037 2624 5108 imperium
2657 5038 2711 5088 in
2741 5030 2935 5088 saecula
2966 5026 3307 5083 saeculorum.
3341 5025 3532 5079 Amen.
