4140 6298
563 324 633 380 73
1274 335 1332 391 S.
1370 334 1644 391 JOANNIS
1665 285 2149 390 [CHRYSOSTOMI
2187 332 2505 390 AllClllEP.
2537 333 3071 391 CONSTANTlNOP.
3723 327 3800 384 τι

567 515 958 532 —_-..—

1905 883 2246 945 HOMILIA
2292 885 2420 949 Vll.

540 1236 662 1294 CAP.
691 1237 756 1293 ll.
782 1253 835 1291 v.
870 1240 922 1293 4.
957 1237 1022 1293 Et
1060 1257 1368 1310 congregans
1394 1257 1563 1296 omnes
1589 1239 1836 1309 principes
1870 1240 2105 1294 sacerdo-

612 1341 717 1383 tum
746 1340 792 1384 et
829 1333 1015 1385 scribas
1042 1335 1247 1402 pepuli,
1279 1335 1620 1392 sciscitabatur
1648 1333 1710 1385 ab
1737 1333 1806 1385 eis
1845 1333 1928 1384 ubi
1952 1331 2105 1385 Citri-

609 1428 718 1473 stus
745 1431 1048 1474 nasceretur.
1078 1421 1132 1476 5.
1156 1421 1220 1474 At
1253 1421 1330 1474 illi
1353 1422 1585 1474 dixerunt
1611 1422 1656 1472 ei
1683 1436 1702 1473 :
1737 1420 1788 1473 in
1814 1419 2105 1474 Betltleltem

605 1506 636 1560 Ι
645 1509 821 1562 udae.
1897 1501 1899 1504 i

607 1600 661 1651 ί.
709 1598 946 1653 Vidistin‘
993 1599 1168 1652 omnia
1213 1599 1279 1653 ad
1330 1598 1635 1654 Iudaeorum
1682 1599 2099 1656 confutationem

536 1687 830 1743 accidisse?
854 1689 1113 1755 Quamdiu
1136 1690 1274 1744 enim
1315 1705 1419 1744 non
1449 1690 1694 1746 videbant
1720 1705 1860 1758 eum,
1895 1707 1992 1747 nec
2020 1694 2100 1747 in-

538 1779 676 1833 vidia
706 1781 1142 1848 corripiebantur,
1171 1782 1470 1836 testimonia
1496 1777 1622 1838 vere
1647 1791 1702 1838 et
1730 1793 1786 1837 ut
1809 1792 1961 1838 erant
1987 1798 2106 1851 pro-

539 1865 778 1922 ferebant
810 1884 822 1920 :
854 1869 939 1922 ubi
982 1878 1158 1924 autem
1203 1868 1448 1924 viderunt
1493 1871 1713 1941 gloriam
1743 1887 1806 1926 ex
1840 1873 2105 1927 miraculis

537 1966 738 2024 partam
759 1998 774 2020 ,
808 1958 999 2011 invidia
1030 1960 1240 2013 demum
1271 1961 1531 2029 correpti,
1564 1963 1836 2016 veritatem
1860 1963 2108 2031 prodide-

536 2054 676 2098 runt.
700 2045 803 2100 Sed
837 2047 1034 2101 veritas
1056 2049 1105 2101 in
1127 2050 1372 2102 omnibus
1392 2050 1676 2114 eminebat,
1708 2061 1760 2105 et
1784 2052 1851 2104 ab
1878 2053 2104 2108 inimicis

534 2135 701 2205 magis
736 2136 1004 2205 magisque
1029 2138 1475 2207 promulgabatur.
1521 2139 1617 2193 Hie
1647 2139 1771 2193 mihi
1800 2141 1920 2196 vide
1944 2158 2100 2212 quam

533 2226 687 2290 mira,
717 2241 871 2295 quam
902 2228 1159 2296 stupenda
1183 2230 1576 2296 provideautur.
1596 2231 1926 2287 Mutuas-sibi
1952 2248 2101 2288 com-

533 2314 748 2369 modant
777 2317 990 2371 notitias
1031 2317 1240 2371 barbari
1285 2326 1340 2374 et
1377 2319 1580 2378 Judmi.
1625 2321 1695 2376 ita
1729 2331 1785 2376 ut
1816 2323 2010 2393 singuli
2036 2323 2104 2378 ab

530 2405 651 2459 aliis
688 2406 1117 2475 quidpiamnovi
1148 2409 1405 2464 ediscant.
1434 2410 1601 2466 Judaei
1632 2429 1859 2482 namque
1882 2429 1909 2466 a
1938 2413 2103 2482 magis

527 2493 894 2562 edidicerunt,
926 2498 1065 2568 quod
1093 2499 1243 2553 stella
1291 2501 1471 2567 ipsum.
1494 2503 1544 2555 in
1577 2502 1854 2568 Persarum
1885 2505 2102 2572 regione

531 2582 893 2649 prtcdieaverit
913 2603 926 2637 :
950 2587 1084 2654 magi
1112 2601 1141 2637 a
1164 2585 1362 2641 ludatis
1385 2599 1720 2657 acceperunt,
1751 2605 1873 2645 eum
1902 2593 2095 2660 ipsum,

529 2684 688 2738 quem
719 2672 868 2726 stella
897 2674 1294 2742 prtedicaverat,
1318 2661 1434 2744 iam,
1454 2691 1482 2730 a
1513 2678 1690 2731 multis
1718 2689 1862 2732 retro
1891 2690 2098 2748 tempo-

527 2758 676 2813 ribus
705 2775 798 2828 per
826 2761 1110 2831 prophetas
1153 2765 1558 2831 praenuntiatum
1604 2765 1766 2821 fuisse
1792 2785 1806 2820 :
1828 2776 1985 2837 atque
2015 2771 2098 2822 in-

525 2852 894 2919 terrogationis
912 2853 1119 2906 occasio
1142 2854 1382 2909 clarioris
1404 2865 1456 2908 et
1477 2858 1819 2911 accuratioris
1843 2857 2115 2914 doctrinae

523 2935 904 2993 demonstratio
955 2942 1192 3009 utrisque
1242 2943 1338 2995 fuit
1370 2960 1382 2994 :
1414 2955 1558 2998 certe
1607 2946 1845 3001 veritatis
1898 2948 2098 3002 inimici

527 3025 721 3092 scripta
753 3028 988 3082 veritatis
1014 3030 1308 3083 testimonia
1336 3033 1416 3086 vel
1445 3032 1591 3087 inviti
1618 3034 1790 3103 legere
1815 3045 2095 3105 coguntur,

519 3123 572 3166 et
601 3114 930 3182 praphetiam
971 3117 1301 3185 interpretari
1327 3160 1342 3181 ,
1371 3121 1577 3174 etiamsi
1610 3136 1712 3175 non
1743 3131 1903 3177 totam
1940 3139 2094 3180 :cum

519 3202 662 3255 enim
695 3201 998 3258 Bethlebem
1029 3205 1316 3271 dixissent,
1340 3216 1390 3260 et
1432 3208 1553 3263 inde
1609 3211 1936 3266 exoriturum
1975 3229 2095 3270 esse

516 3303 640 3344 cum
666 3290 755 3360 qui
802 3303 1005 3360 regeret
1053 3293 1298 3347 Israelem
1319 3335 1335 3360 ,
1369 3310 1471 3347 non
1515 3297 1833 3353 addiderunt
1866 3300 1919 3353 id
1955 3303 2096 3370 quod

518 3378 858 3446 sequebatur,
882 3388 938 3432 ut
959 3382 1065 3449 regi
1087 3381 1448 3436 adularentur.
1471 3383 1603 3450 Quid
1625 3398 1797 3440 autem
1820 3398 1903 3442 est
1926 3389 2053 3444 illud
2071 3391 2106 3430 ν’

520 3463 587 3517 Et
612 3482 836 3537 egressus
859 3469 967 3537 ejus
991 3469 1052 3522 ab
1070 3471 1207 3523 initio
1235 3487 1298 3525 ea:
1321 3471 1494 3527 diebus
1513 3475 1684 3528 διεσαιὶ
1710 3476 1895 3543 (ΜὶεΙι.
1925 3478 1978 3534 5.
2007 3477 2089 3547 2).

515 3560 584 3614 Et
611 3577 711 3628 qua
738 3565 803 3617 de
831 3579 988 3620 causa
1009 3608 1023 3630 ,
1056 3568 1260 3637 inquies
1281 3609 1294 3631 ,
1326 3571 1371 3625 si
1398 3571 1519 3626 inde
1542 3573 1773 3628 oriturus
1799 3586 1932 3641 erat,
1961 3586 2084 3647 post

511 3661 718 3720 partum
744 3655 795 3708 in
824 3656 1045 3712 Nazaret
1075 3661 1283 3724 mansit,
1313 3671 1367 3715 et
1392 3663 1721 3730 prophetiam
1748 3665 2083 3721 obscuravitl

510 3738 619 3796 Imo
649 3757 751 3796 non
780 3745 1098 3810 obscuravit,
1131 3748 1222 3802 sed
1242 3741 1531 3805 'clariorem
1562 3752 1755 3806 elleeit.
1787 3743 2080 3825 Nam

509 3837 677 3882 mater
703 3831 838 3896 ejus,
865 3848 982 3901 qua:
1013 3835 1123 3890 illic
1152 3835 1438 3902 habitabat,
1471 3838 1570 3902 hoc
1593 3840 1643 3893 in
1663 3841 1781 3894 loco
1796 3846 2082 3910 pepererit.

507 3915 560 3969 id
589 3926 734 3972 certe
757 3920 987 3974 ostendit
1007 3938 1116 3976 rem
1146 3939 1240 3991 per
1260 3925 1644 3990 providentiam
1675 3929 1862 3985 factam
1894 3931 2072 3993 fuisse.

505 4004 838 4076 Quapropter
879 4025 983 4062 non
1027 4012 1205 4066 statim
1238 4022 1396 4081 atque
1431 4012 1584 4069 natus
1610 4025 1725 4080 est,
1758 4018 1883 4074 hinc
1919 4023 2073 4088 exiit,

504 4097 598 4148 sed
625 4095 695 4149 ibi
728 4100 916 4151 mansit
947 4115 1038 4166 per
1062 4101 1174 4153 dies
1198 4101 1540 4169 quadraginta
1560 4143 1575 4168 ,
1620 4104 1792 4158 locum
1820 4106 1950 4161 dans
1978 4111 2078 4164 illis

503 4187 595 4253 qni
625 4187 816 4242 vellent
845 4189 1106 4245 curiosius
1136 4191 1421 4260 inquirere,
1456 4204 1507 4246 ut
1541 4207 1786 4253 accurate
1813 4202 2078 4255 examina-

501 4284 620 4330 rcnt
644 4277 841 4332 omnia.
871 4278 1027 4332 Multa
1057 4281 1249 4359 quippe
1274 4292 1427 4338 erant
1454 4299 1571 4352 quae
1597 4287 1662 4340 ad
1696 4287 1829 4344 hanc
1861 4294 2073 4361 perqui-

499 4369 742 4424 sitionem
774 4382 1067 4434 moverent,
1094 4374 1138 4428 si
1165 4373 1375 4442 quidem
1405 4377 1680 4433 attendere
1707 4365 1924 4436 vellent.
1951 4384 2072 4441 Ete-

499 4457 606 4510 nim
638 4459 968 4514 venientibus
999 4463 1182 4530 magis,
1203 4464 1463 4518 concitata
1490 4477 1574 4520 est
1603 4468 1846 4525 universa
1867 4472 2069 4541 civitas,

499 4558 549 4599 et
579 4561 701 4601 cum
728 4550 940 4606 civitate
967 4567 1058 4605 rex
1087 4552 1199 4618 ipse
1223 4570 1237 4605 :
1259 4554 1514 4622 preplteta
1547 4557 1595 4610 in
1639 4560 1872 4616 medium
1901 4563 2069 4619 addu-

495 4645 613 4691 ctus
653 4649 768 4703 est,
816 4639 984 4694 {ortum
1025 4641 1277 4710 judiciale
1328 4661 1576 4715 magnum
1629 4649 1906 4707 collectum
1952 4665 2064 4718 est;

495 4726 703 4794 aliaque
733 4729 893 4782 multa
940 4730 1133 4786 ibidem
1164 4741 1310 4802 gesta
1340 4744 1497 4802 sunt,
1543 4753 1662 4806 qua:
1691 4744 1862 4796 omnia
1893 4757 2064 4799 narrat

493 4826 738 4871 accurate
769 4818 969 4884 Lucas;
1001 4822 1142 4876 verbi
1164 4825 1326 4891 gratia
1354 4841 1470 4892 quae
1491 4828 1554 4880 ad
1575 4832 1778 4884 Annam
1802 4847 2061 4902 spectant,

491 4920 611 4973 quze
638 4906 703 4960 ad
745 4907 1042 4963 Simeonem
1065 4951 1080 4976 ,
1129 4912 1195 4964 ad
1237 4912 1540 4971 Zachariam
1565 4959 1581 4983 ,
1627 4921 1693 4974 ad
1724 4925 1971 4993 angelos,
2001 4929 2063 4982 ad

493 5003 767 5062 pastores,
809 5012 926 5065 quae
961 5001 1136 5053 omnia
1186 5013 1427 5069 poterant
1468 5007 1531 5060 iis
1571 5008 1662 5075 qui
1706 5012 1937 5067 animum
1967 5015 2062 5069 ad-

492 5081 677 5138 hibere
703 5085 899 5139 vellent
925 5090 1258 5145 occasionem
1286 5092 1440 5158 dare,
1482 5105 1536 5149 ut
1563 5097 1702 5164 quod
1731 5098 1923 5156 factum
1953 5117 2062 5159 erat

486 5169 967 5238 deprehenderent.
1013 5176 1143 5232 Nam
1186 5181 1230 5234 si
1275 5185 1408 5251 magi
1452 5199 1515 5238 ex
1549 5185 1765 5242 Perside
1796 5194 2064 5251 venientes

489 5261 661 5314 locum
708 5278 811 5318 non
857 5266 1260 5334 ignoraverunt,
1294 5273 1460 5329 multo
1499 5278 1666 5347 magis
1711 5281 1784 5346 ii,
1833 5285 1920 5352 qui
1950 5285 2064 5340 istic

489 5351 853 5413 versabantur,
879 5358 989 5409 bare
1013 5368 1252 5425 poterant
1279 5362 1533 5418 ediscere.
1554 5366 1685 5424 Sese
1706 5351 1862 5440 igitur
1881 5383 2062 5429 osten-

485 5438 562 5490 tlit
601 5440 668 5494 ab
696 5440 843 5496 initio
873 5459 967 5513 per
1005 5450 1167 5501 multa
1208 5451 1459 5506 miracula
1490 5460 1643 5523 :quia
1674 5438 1849 5516 autem
1883 5462 2062 5521 videre

485 5529 773 5586 uoluerunt
793 5574 806 5598 ,
839 5549 933 5604 per
960 5538 1285 5609 aliquantum
1315 5549 1566 5616 temporis
1593 5563 1712 5606 sese
1754 5555 2057 5627 occultans,

2216 1223 2404 1278 iterum
2432 1239 2491 1280 se
2517 1226 2622 1282 alio
2647 1227 2803 1299 longe
2822 1229 3051 1289 clariore
3066 1235 3299 1291 ostendit
3321 1237 3498 1294 modo.
3518 1239 3631 1296 Non
3651 1241 3800 1298 enim

2212 1315 2352 1382 magi
2380 1314 2632 1386 deinceps
2651 1359 2666 1383 ,
2695 1335 2800 1373 non
2829 1321 2978 1376 stella
2999 1364 3013 1388 ,
3043 1325 3138 1379 sed
3167 1325 3323 1381 Pater
3346 1343 3576 1396 superne
3602 1331 3795 1400 pm'di-

2211 1404 2351 1457 cavit
2393 1403 2446 1458 in
2489 1403 2736 1461 Iordanis
2781 1407 3025 1477 ﬂuentis,
3074 1421 3130 1468 et
3176 1414 3404 1482 Spiritus
3448 1421 3792 1488 supervenit,

2184 1515 2390 1559 ovocem
2422 1503 2566 1559 illam
2608 1506 2661 1560 in
2703 1508 2951 1580 baptizati
2993 1523 3153 1583 caput
3182 1514 3529 1572 aﬂ‘erenszet
3554 1515 3797 1573 Joannes

2206 1606 2328 1649 cum
2357 1593 2600 1650 libertate
2624 1599 2769 1652 omni
2808 1615 2903 1669 per
2927 1610 3090 1657 totam
3114 1603 3351 1658 Judaeum
3383 1605 3664 1671 clamabat,
3698 1605 3796 1661 ha-

2203 1681 2476 1738 bitabilem
2502 1724 2517 1747 ,
2569 1685 2913 1744 inhabitatam
2962 1699 3160 1747 terram
3201 1694 3505 1762 huiusmodi
3549 1696 3791 1752 doctrina

2201 1771 2416 1838 replens
2447 1789 2462 1825 :
2491 1773 2867 1832 miraculorum
2915 1795 3126 1851 quoque
3169 1783 3560 1849 testimonium,
3607 1793 3786 1853 terra,

2203 1873 2352 1914 mare
2381 1862 2732 1934 universaque
2755 1877 2998 1923 creatura
3024 1871 3355 1939 splendidam
3384 1873 3482 1927 hac
3511 1873 3578 1929 de
3606 1891 3665 1930 re
3691 1890 3790 1929 vo-

2197 1963 2312 2003 cem
2341 1951 2632 2007 emittebat.
2663 1955 2782 2024 lpso
2800 1958 2957 2012 etiam
2981 1972 3160 2028 partus
3176 1971 3418 2033 tempore
3441 1973 3520 2019 tot
3538 1965 3786 2022 accidere

2196 2037 2375 2106 signa,
2403 2055 2520 2109 quae
2550 2055 2765 2111 possent
2796 2046 3029 2105 indicare
3058 2051 3230 2120 ipsum
3259 2053 3559 2110 advenisse.
3592 2055 3670 2112 Ne
3697 2057 3785 2111 di-

2194 2137 2376 2183 cerent
2401 2130 2544 2185 enim
2571 2131 2738 2188 Judwi
2769 2136 3081 2194 :Nescimus
3107 2142 3193 2195 ubi
3221 2143 3301 2197 vel
3333 2158 3440 2213 quo
3477 2145 3598 2200 loco
3625 2156 3784 2202 natus

2196 2218 2298 2284 sit,
2327 2218 2412 2272 illa
2438 2236 2558 2290 quae
2583 2238 2766 2294 magos
2791 2237 3031 2296 spectant
3070 2233 3279 2300 provisa
3321 2234 3500 2300 fuere,
3546 2237 3788 2306 itemque

2195 2308 2296 2363 alia
2326 2325 2443 2378 qua:
2469 2311 2720 2381 diximus,
2750 2317 2819 2370 ita
2849 2328 2905 2371 ut
2935 2319 3134 2373 nullam
3163 2325 3557 2380 excusationem
3585 2326 3780 2381 afferre

2201 2401 2435 2467 possint,
2468 2403 2615 2472 quod
2653 2404 2709 2460 id
2746 2407 2894 2477 quod
2926 2418 3141 2480 gestum
3183 2421 3304 2464 erat
3348 2428 3458 2466 non
3500 2415 3784 2484 perquisi-

2201 2490 2410 2548 verint.
3597 2521 3605 2533 ·

2269 2584 2323 2638 2.
2359 2585 2637 2655 Perpende
2670 2601 2846 2647 autem
2887 2595 3178 2666 prophetia:
3217 2602 3629 2656 accurationem.
3665 2602 3786 2660 Non

2195 2675 2335 2764 enim
2367 2673 2524 2741 dixit,
2553 2678 2606 2732 ln
2630 2680 2938 2738 Bethlehem
2964 2683 3218 2750 manebit.
3241 2690 3353 2754 sed,
3379 2690 3570 2745 Exibit.
3602 2694 3786 2764 Itaque

2195 2760 2245 2814 id
2277 2770 2476 2819 tantum
2509 2771 2782 2839 prophetia
2811 2777 3180 2845 exprimebat,
3211 2780 3352 2850 quod
3380 2781 3450 2835 ibi
3479 2760 3782 2840 nasciturus

2195 2863 2355 2908 esset.
2385 2857 2607 2924 Quidam
2636 2874 2815 2920 autem
2842 2883 3025 2922 eorum
3057 2869 3391 2940 impudenter
3413 2873 3629 2939 dicunt,
3664 2876 3781 2932 hinc

2194 2941 2260 2998 de
2289 2945 2616 3006 Zorobabele
2655 2959 3002 3022 praenuntiata
3053 2959 3213 3016 fuisse
3245 2980 3258 3016 :
3285 2963 3377 3027 sed
3404 2965 3675 3033 quomodo
3700 2967 3782 3023 sic

2196 3042 2416 3099 possunt
2441 3038 2772 3110 intelligere?
2795 3045 2907 3099 Non
2938 3049 3078 3102 enim
3117 3051 3365 3119 Egressus
3394 3056 3501 3125 ejus
3535 3055 3597 3107 ab
3632 3056 3779 3111 initio

2186 3137 2248 3174 ea:
2275 3125 2447 3180 diebus
2473 3132 2644 3184 siccati
2685 3133 2869 3202 (uicit.
2901 3138 2952 3191 5.
2981 3137 3058 3206 2).
3105 3140 3383 3208 Quomodo
3411 3152 3588 3198 autem
3634 3145 3767 3201 illud

2181 3215 2327 3281 quod
2367 3218 2519 3275 initio
2547 3223 2758 3290 dicitur,
2792 3225 2875 3280 Ea:
2917 3240 2964 3282 te
3001 3231 3180 3297 exibit,
3225 3234 3279 3287 in
3307 3233 3453 3288 illum
3481 3237 3776 3304 convenire

2189 3304 2388 3368 possit?
2416 3307 2530 3362 Non
2559 3313 2698 3366 enim
2731 3314 2783 3368 in
2828 3316 3010 3374 Judtea
3030 3359 3044 3383 ,
3089 3322 3181 3376 sed
3231 3325 3283 3378 in
3313 3324 3584 3396 Babylone
3615 3337 3774 3382 natus

2185 3404 2309 3448 est:
2340 3399 2479 3487 unde
2518 3403 2676 3457 etiam
2709 3405 3002 3465 Zorobabel
3032 3415 3328 3481 appellatus
3363 3417 3460 3472 fuit
3480 3459 3493 3480 ,
3525 3419 3647 3487 quia
3691 3419 3765 3473 ibi

2179 3493 2352 3538 ortum
2379 3486 2547 3542 duxit.
2581 3492 2849 3566 Quotqu_ot
2888 3496 3142 3569 Syrorum
3187 3503 3418 3574 linguam
3458 3486 3665 3572 sciunt,
3707 3509 3764 3564 id

2178 3574 2318 3640 quod
2367 3576 2607 3656 dicimus.
2638 3599 2741 3638 non
2796 3586 3056 3656 ignorant.
3104 3591 3307 3649 Praeter
3347 3611 3411 3650 ea
3461 3612 3591 3653 vero
3641 3614 3764 3669 quas

2175 3663 2442 3732 diximus,
2471 3680 2676 3741 tempus
2704 3685 2869 3732 totum
2898 3681 3228 3753 subsequens
3261 3685 3360 3741 hoc
3391 3689 3754 3745 testimonium

2174 3757 2492 3813 conﬁrmare
2537 3761 2699 3816 valet.
2746 3763 2882 3827 Quid
2933 3764 3076 3818 enim
3112 3765 3277 3820 dicit?
3320 3765 3374 3820 6.
3421 3765 3754 3837 Nequaquam

2173 3849 2383 3901 minima
2409 3865 2460 3903 es
2487 3851 2539 3902 in
2569 3851 2878 3919 principibus
2905 3853 3048 3907 Iuda
3067 3895 3082 3917 ,
3109 3864 3162 3908 et
3189 3854 3514 3910 celebritatis
3538 3869 3751 3910 causam

2171 3937 2350 4007 adjicit
2396 3937 2476 3992 his
2508 3939 2720 4004 verbis,
2757 3942 2892 4008 Quia
2935 3960 2997 3997 cx
3041 3953 3087 3998 te
3127 3945 3297 3999 eaibit.
3342 3944 3532 3999 Nullus
3571 3955 3756 4002 autem

2171 4029 2306 4082 alius
2333 4029 2473 4083 hunc
2514 4030 2688 4085 locum
2716 4031 2918 4088 clarum
2965 4037 3416 4105 conspicuumque
3448 4036 3603 4100 fecit,
3648 4037 3752 4092 nisi

2171 4115 2286 4184 ipse
2313 4117 2476 4170 solus.
2514 4117 2639 4172 Post
2660 4131 2866 4189 partum
2898 4122 3093 4191 quippe
3121 4123 3266 4178 illum
3289 4141 3355 4178 ex
3384 4124 3576 4180 ﬁnibus
3603 4126 3749 4187 orbis

2171 4207 2392 4261 veniunt
2420 4209 2684 4263 visitatum
2718 4227 2957 4282 prmsepe
2985 4225 3037 4268 et
3065 4216 3253 4285 tugurii
3280 4217 3452 4270 locum
3484 4235 3497 4269 :
3527 4218 3576 4272 id
3604 4219 3745 4288 quod

2166 4296 2276 4366 jam
2305 4298 2429 4352 olim
2475 4300 2730 4368 propheta
2757 4307 3136 4372 praenuntiavit
3171 4307 3391 4364 dicens:
3417 4308 3749 4380 Nequaquam

2169 4389 2378 4441 minima
2419 4405 2469 4442 es
2508 4391 2559 4443 in
2590 4393 2901 4460 principibus
2925 4393 3066 4449 Iuda
3096 4395 3287 4462 (illic/1.
3315 4400 3370 4453 5.
3406 4397 3499 4467 2);
3545 4400 3595 4453 id
3623 4411 3705 4456 est
3728 4443 3746 4468 ,
3807 4410 3811 4415 '

2170 4478 2310 4533 inter
2337 4480 2562 4535 tribuum
2591 4485 2878 4552 principes.
2909 4486 3110 4552 Quibus
3139 4487 3319 4544 verbis
3343 4490 3504 4544 etiam
3531 4490 3749 4544 Jeroso-

2168 4568 2368 4638 lymam
2398 4572 2784 4639 complectitur.
2811 4574 2916 4628 Sed
2946 4589 3010 4628 ne
3039 4576 3115 4629 sic
3140 4576 3354 4644 quidem
3384 4577 3620 4632 animum
3647 4578 3746 4634 ad-

2169 4661 2453 4716 hibuerunt
2477 4703 2490 4724 ,
2520 4665 2725 4718 etiamsi
2757 4665 2955 4718 utilitas
2995 4665 3062 4720 ad
3102 4668 3246 4735 ipsos
3272 4667 3586 4724 dimanaret.
3620 4669 3747 4724 Ideo

2162 4754 2306 4806 enim
2335 4769 2590 4822 nusquam
2615 4755 2888 4825 prephetz
2908 4757 2976 4811 de
2993 4757 3247 4827 dignitate
3268 4761 3382 4828 ejus
3403 4761 3456 4814 in
3478 4762 3741 4831 principio

2164 4850 2366 4896 tantum
2414 4847 2695 4913 loquuntur
2718 4887 2733 4912 ,
2783 4856 3033 4916 quantum
3064 4850 3131 4903 de
3159 4850 3418 4906 beneﬂcio
3443 4852 3583 4922 quod
3612 4851 3745 4922 ipsis

2162 4935 2428 5002 praestitit.
2471 4935 2675 4990 Etenim
2719 4950 2838 4991 cum
2881 4936 3111 5008 Virginis
3150 4951 3329 5009 partus
3359 4942 3578 4996 instaret
3620 4944 3740 5006 ait,

2172 5022 2382 5077 Vocabis
2405 5041 2584 5079 nomen
2609 5028 2718 5096 ejus
2745 5026 2958 5091 Iesum;
2989 5038 3042 5082 et
3068 5028 3247 5097 adjicit
3271 5048 3285 5085 :
3308 5029 3430 5100 Ipse
3471 5033 3602 5086 enim
3634 5032 3739 5086 sal-

2160 5131 2275 5168 vum
2303 5117 2453 5186 faciet
2478 5118 2721 5186 populum
2747 5135 2893 5172 suum
2923 5135 2952 5170 a
2982 5121 3194 5188 peccatis
3222 5137 3415 5175 eorum.
3446 5121 3580 5192 Magi
3611 5138 3738 5180 vero

2164 5220 2266 5257 non
2297 5204 2562 5270 dicebant,
2606 5205 2704 5260 Ubi
2752 5215 2836 5260 est
2876 5206 3039 5261 Filius
3075 5208 3190 5274 Dei,
3222 5209 3336 5276 sed,
3372 5210 3467 5275 Qui
3495 5221 3640 5264 natus
3665 5223 3738 5266 est

2160 5311 2250 5347 rea:
2272 5293 2592 5348 Judazorum.
2622 5294 2718 5349 llic
2743 5311 2952 5366 quoque
2996 5313 3102 5352 non
3145 5298 3307 5363 dixit,
3341 5299 3420 5354 Ex
3472 5309 3524 5354 te
3566 5301 3734 5356 exibit

2160 5384 2324 5438 Filius
2356 5385 2481 5446 Dei;
2511 5385 2627 5449 sed,
2657 5385 2792 5451 Dux,
2817 5386 2902 5453 qui
2921 5396 3061 5457 regat
3081 5389 3326 5458 poculum
3347 5405 3512 5443 meum
3543 5388 3730 5445 IsracL

2159 5468 2451 5543 Oportebat
2473 5475 2670 5544 quippe
2691 5476 2840 5530 initio
2864 5476 3145 5533 humiliore
3173 5478 3422 5548 loquendi
3447 5479 3606 5535 modo
3633 5482 3730 5543 uti.

2132 5581 2226 5626 _ne
2253 5564 2367 5618 haec
2396 5564 2523 5640 ipsis
2550 5555 2868 5621 oﬂ‘endiculo
2893 5576 3073 5623 essent
3091 5609 3106 5636 ,
3147 5577 3201 5623 et
3227 5583 3288 5624 ea
3317 5569 3495 5627 dicere
3519 5585 3636 5642 qua:
3663 5572 3738 5628 ait
