4140 6298
291 363 366 422 π,
1454 345 1527 402 IN
1565 339 1974 401 MATTILEUM
2005 338 2233 396 llOMlL.
2279 339 2387 395 VII.
3497 340 3568 396 76

283 467 507 515 salutem
541 461 782 531 ipsorum
811 458 1126 528 spectabant
1145 500 1160 523 ,
1204 465 1259 511 ut
1286 457 1364 511 sic
1393 456 1600 511 facilius
1629 458 1864 511 attrahe-

281 561 488 604 reutnr.
523 553 801 618 Quotquot
830 549 1008 616 itaque
1040 547 1206 617 prima
1235 544 1613 615 proferuntur,
1644 559 1868 613 quorum

277 649 491 708 tempus
519 649 696 694 ortum
726 639 842 706 ejus
861 647 1086 706 spectat,
1115 637 1245 691 nihil
1268 651 1515 706 magnum
1535 636 1619 691 vel
1644 634 1870 688 sublimo

271 731 338 784 de
366 730 461 785 illo
488 732 702 794 dicunt,
733 747 831 786 nec
859 732 1078 801 perinde
1123 740 1282 800 atque
1305 747 1368 786 ea
1395 746 1512 799 qua:
1538 730 1606 785 ad
1631 731 1779 799 signa
1810 737 1866 783 et

273 824 531 876 miracula
558 823 700 876 edita
730 831 976 890 spectant
1002 840 1014 875 :
1040 820 1126 876 illa
1157 823 1353 890 quippe
1382 823 1578 877 clarius
1603 822 1669 875 de
1700 823 1866 891 ipsius

274 911 534 979 dignitate
561 912 868 981 loquuntur.
889 912 1040 979 Quod
1068 913 1249 981 itaque
1274 921 1394 980 post
1419 911 1581 965 multa
1607 911 1862 964 miracula

277 1002 507 1069 hymnos
540 1003 591 1054 in
620 1002 766 1054 illum
796 1003 944 1069 pueri
975 1009 1249 1064 canerent,
1285 1000 1403 1054 audi
1433 1000 1703 1069 quomodo
1723 1000 1868 1054 dicat

270 1093 530 1158 propheta
553 1106 566 1142 :
591 1091 671 1143 Ea:
690 1107 776 1143 ore
799 1092 1074 1159 infantium
1094 1101 1138 1143 et
1160 1091 1450 1143 lactentium
1471 1090 1724 1159 perfecisti
1750 1092 1863 1144 latio

276 1182 388 1234 dem
415 1180 590 1249 (Psal.
624 1182 676 1235 8.
709 1183 796 1248 5);
831 1197 894 1235 ac
936 1197 1148 1235 rursum
1175 1199 1189 1234 :
1215 1182 1468 1248 Quoniam
1509 1183 1684 1236 videbo
1715 1185 1865 1236 caelos

269 1279 379 1320 tuos
404 1285 560 1337 opera
582 1270 853 1338 digitorum
875 1279 1073 1322 tuorum
1096 1268 1256 1340 (Ibid.
1280 1286 1327 1321 υ.
1354 1270 1430 1339 4),
1458 1270 1507 1322 id
1526 1271 1666 1339 quod
1693 1272 1863 1338 ipsum

275 1358 508 1410 universi
540 1357 849 1411 Creatorem
875 1358 1130 1416 declarat.
1161 1359 1289 1410 illud
1316 1374 1444 1410 vero
1474 1361 1861 1424 testimonium,

268 1448 408 1517 quod
441 1456 710 1516 peractam
733 1448 1152 1516 assumptionetn
1172 1448 1406 1516 respicit,
1426 1450 1542 1516 ejits
1560 1465 1682 1502 cum
1709 1450 1866 1504 Patre

280 1538 646 1605 aequalitatem
674 1537 906 1590 ostendit
936 1537 1019 1590 his
1043 1536 1220 1592 verbis
1245 1555 1258 1590 :
1285 1537 1423 1589 Dixit
1467 1539 1714 1592 Dominus
1758 1539 1866 1592 Do-

273 1627 408 1679 mino
439 1643 549 1679 meo
576 1666 591 1690 ,
626 1626 760 1678 Sede
788 1642 819 1677 a
860 1627 1049 1679 dextris
1082 1628 1203 1678 meis
1235 1625 1404 1696 (Psal.
1442 1626 1560 1680 109.
1597 1627 1672 1685 1).
1703 1626 1866 1680 Isaias

272 1732 396 1771 vero
421 1718 515 1779 ait,
539 1716 638 1781 Qui
663 1716 918 1785 consurgit
943 1717 1192 1784 imperare
1212 1716 1463 1784 gentibus,
1486 1717 1540 1768 in
1560 1717 1669 1786 ipso
1695 1727 1865 1786 gentes

267 1808 543 1874 sperabunt
566 1805 718 1876 (lsui.
754 1807 842 1860 tl.
877 1806 991 1876 l0).
1021 1807 1129 1861 Cur
1153 1817 1332 1860 autem
1367 1808 1441 1860 ait
1469 1807 1781 1862 Bethlehem
1810 1808 1864 1862 in

271 1899 602 1967 principibus
627 1898 762 1952 Juda
792 1913 896 1952 non
923 1912 1044 1953 esse
1073 1899 1349 1951 minimam
1372 1898 1395 1949 ?
1419 1898 1604 1967 Neque
1633 1899 1775 1952 enim
1810 1900 1864 1953 in

270 1988 549 2042 Palaestina
597 1997 828 2052 tantum,
873 1988 968 2042 sed
1018 1989 1177 2042 etiam
1221 1990 1271 2041 in
1315 1998 1425 2042 toto
1469 1989 1599 2042 orbe
1641 1990 1865 2044 illustris

266 2079 417 2133 vicus
445 2079 668 2133 eﬁ‘eetus
692 2089 796 2134 est.
823 2079 929 2133 Sed
951 2079 1015 2132 ad
1037 2079 1251 2133 Judazos
1271 2093 1415 2134 nunc
1434 2094 1612 2133 sermo
1634 2089 1860 2148 spectat,

266 2167 495 2237 ideoque
523 2168 817 2236 subjunxit,
841 2166 1001 2236 Roget
1021 2167 1266 2238 papulum
1292 2183 1458 2219 meum
1488 2167 1654 2221 Israel
1675 2183 1691 2220 :
1717 2169 1862 2236 atqui

269 2258 457 2312 orbem
487 2259 647 2311 etiam
680 2259 836 2311 rexit.
869 2260 936 2310 At
957 2298 969 2318 ,
1001 2268 1059 2310 ut
1084 2257 1189 2310 dixi
1213 2296 1229 2320 ,
1259 2271 1364 2310 non
1398 2257 1511 2309 vult
1537 2257 1862 2311 ollendiculo

266 2361 422 2413 esse,
467 2347 695 2416 ideoque
725 2346 791 2400 de
829 2348 1076 2416 gentibus
1110 2347 1268 2400 verba
1315 2361 1421 2400 non
1453 2344 1598 2398 facit.
1627 2346 1692 2398 Et
1722 2361 1854 2414 quo-

266 2437 460 2499 modo,
507 2437 749 2507 inquies,
795 2454 898 2491 non
933 2437 1072 2490 rexit
1100 2437 1350 2506 populum
1383 2437 1701 2490 Judaicum?
1751 2439 1861 2490 Imo

265 2527 393 2583 illud
424 2544 638 2598 quoque
669 2517 863 2582 [actutm
895 2537 974 2582 est
1002 2545 1015 2591 ;
1063 2543 1184 2580 eum
1223 2528 1367 2581 enim
1408 2526 1655 2582 lsraelem
1687 2529 1857 2592 dicit,

264 2617 483 2672 Judzeos
509 2618 597 2685 qui
632 2622 682 2670 in
716 2619 885 2686 ipsum
922 2617 1266 2670 crediderunt
1303 2615 1624 2670 subindicat.
1660 2616 1726 2670 Et
1757 2616 1859 2672 hoc

267 2709 628 2778 interpretans
671 2708 866 2760 Paulus
907 2709 1022 2760 ait:
1060 2705 1181 2759 Non
1223 2707 1359 2759 enim
1406 2723 1612 2771 omnes,
1664 2708 1749 2774 qui
1792 2719 1856 2759 ex

266 2797 433 2852 Israel
455 2840 469 2860 ,
510 2807 628 2851 sunt
661 2795 939 2860 [πωπω
969 2796 1057 2849 sed
1086 2797 1382 2864 quicumque
1409 2811 1498 2862 per
1522 2796 1674 2862 [idem
1700 2805 1745 2848 et
1773 2813 1855 2847 re-

264 2889 648 2954 promissionem
671 2888 777 2938 nati
796 2885 1101 2951 summam.
1126 2884 1178 2937 9.
1205 2883 1282 2951 6).
1302 2884 1451 2950 Quod
1475 2885 1516 2935 si
1542 2885 1648 2936 non
1669 2900 1856 2938 omnes

267 2978 422 3039 rexit,
455 2975 504 3028 id
534 2985 844 3028 vocatorum
870 2975 1073 3026 crimen
1097 2982 1149 3026 et
1169 2974 1321 3037 culpa
1352 2983 1454 3022 cst.
1482 2972 1613 3024 Cum
1643 2971 1855 3026 debuis-

260 3072 382 3116 sent
403 3063 547 3116 enim
576 3063 695 3117 illos
714 3067 940 3118 adorare
959 3079 1078 3118 cum
1107 3065 1294 3134 magis,
1318 3075 1372 3120 et
1393 3066 1501 3120 Deo
1520 3067 1741 3136 gloriam
1765 3083 1853 3122 re-

261 3150 421 3214 ferre,
447 3151 588 3220 quod
621 3162 830 3221 tempus
856 3153 1156 3208 advenisset
1189 3154 1242 3206 in
1264 3169 1369 3222 quo
1394 3157 1572 3208 omnia
1619 3158 1852 3224 ipsorum

259 3249 482 3307 peccata
509 3241 846 3296 solverentur
885 3242 1039 3314 (nihil
1059 3244 1201 3297 enim
1227 3243 1294 3296 de
1315 3243 1564 3297 tribunali
1590 3256 1644 3298 et
1671 3246 1738 3300 de
1766 3263 1843 3312 re.

262 3328 506 3395 petendis
529 3330 704 3398 pinnis
729 3329 1044 3393 audierant,
1095 3329 1190 3385 sed
1237 3330 1306 3384 de
1343 3333 1536 3385 mittet
1578 3345 1853 3388 mansueto

259 3415 522 3485 pastore),
547 3417 621 3470 illi
652 3427 836 3470 contra
866 3415 1145 3473 turbantur
1173 3427 1226 3473 et
1256 3419 1490 3484 turbant,
1522 3431 1576 3474 et
1604 3422 1848 3477 innume-

260 3519 348 3558 ras
394 3514 578 3571 postea
624 3516 836 3560 struunt
882 3507 1118 3562 insidias.
1169 3510 1222 3562 7.
1267 3507 1411 3562 Tunc
1453 3509 1684 3565 Herodes
1723 3514 1854 3566 clam

260 3596 450 3647 uocatis
489 3596 683 3664 magis,
732 3597 999 3666 diligenter
1039 3599 1216 3651 didicit
1252 3599 1315 3651 ab
1358 3599 1428 3652 eis
1474 3611 1669 3671 tempus
1697 3605 1856 3656 stella

259 3701 371 3752 qua:
397 3689 634 3756 apparuit
675 3689 746 3741 eis
769 3705 788 3741 :
813 3705 1032 3758 puerum
1083 3691 1388 3745 interﬁcere
1431 3694 1652 3760 cupiens
1677 3712 1689 3744 :
1713 3696 1853 3760 quod

261 3789 366 3828 non
395 3776 591 3829 furoris
613 3786 838 3841 tantum,
862 3779 955 3832 sed
973 3782 1133 3833 etiam
1151 3792 1404 3834 extremae
1425 3781 1710 3837 dementiae
1733 3783 1851 3837 fuit.

261 3865 474 3920 Etenim
507 3879 584 3920 ea
630 3884 749 3937 qua:
786 3868 925 3922 dicta
969 3881 1022 3923 et
1051 3880 1199 3937 gesta
1233 3869 1438 3924 fuerant
1478 3887 1504 3923 a
1540 3873 1628 3926 tali
1659 3885 1852 3926 conatu

261 3954 411 4007 illum
445 3955 718 4010 deterrere
749 3967 1013 4026 poterant.
1043 3959 1224 4028 Neque
1260 3963 1400 4014 enim
1443 3961 1671 4015 humana
1703 3974 1854 4016 erant

258 4059 320 4099 ea
347 4061 468 4113 qua:
497 4047 824 4102 acciderant.
863 4048 998 4102 Nam
1029 4049 1169 4118 quod
1201 4065 1386 4120 magos
1423 4052 1576 4106 stella
1621 4067 1856 4121 superne

258 4145 525 4199 vocasset,
548 4137 797 4207 quodque
819 4138 1030 4192 barbari
1052 4148 1248 4192 tantam
1265 4143 1600 4209 susciperent
1617 4144 1855 4211 pcregri-

260 4224 565 4290 nationem,
597 4233 672 4278 ~ut
710 4226 761 4278 in
807 4226 1087 4280 cunabulis
1132 4236 1186 4281 et
1231 4228 1280 4281 in
1327 4229 1553 4296 praesepi
1588 4230 1852 4298 jacentem

260 4312 571 4379 adorarent,
602 4314 745 4383 quod
775 4315 1046 4387 prophetae
1071 4317 1179 4385 jam
1210 4317 1336 4372 olim
1368 4317 1482 4372 luet:
1511 4321 1689 4375 omnia
1718 4335 1854 4388 prte-

255 4401 534 4466 dicerent,
575 4402 785 4472 aliaque
828 4405 1005 4458 omnia
1046 4405 1248 4474 majora
1299 4416 1488 4474 erant,
1533 4425 1694 4478 quam
1737 4426 1855 4479 qua!

260 4491 532 4545 hominem
560 4503 860 4561 spectarent
885 4512 899 4549 :
923 4505 1156 4550 attamen
1181 4497 1314 4552 nihil
1341 4513 1526 4553 eorum
1555 4500 1731 4570 ipsum
1755 4518 1852 4558 co-

261 4581 456 4636 hibnit.

325 4810 384 4864 ‘5.
425 4805 737 4874 Hujusmodi
765 4818 996 4873 namque
1024 4813 1108 4858 est
1132 4803 1454 4872 malignitas,
1489 4805 1541 4856 in
1574 4819 1695 4858 sese
1737 4805 1853 4876 ipsa

257 4900 524 4970 impingit,
555 4906 610 4950 et
633 4912 722 4952 res
735 4911 855 4966 quae
873 4896 1052 4964 perlici
1077 4908 1344 4963 nequeunt
1363 4910 1577 4963 semper
1603 4897 1853 4965 aggredi;

259 5005 370 5047 tur.
395 4987 674 5059 Perpende
687 4988 984 5042 stultitiam.
1008 4985 1063 5040 Si
1091 4985 1382 5056 prophetiae
1398 4988 1669 5053 credebat,
1694 4989 1856 5042 illam-

259 5097 368 5154 que
395 5080 1010 5148 immotamlirmamque
1037 5079 1276 5148 putabat,
1307 5079 1476 5148 palam
1503 5092 1585 5135 est
1612 5097 1733 5134 eum
1767 5082 1857 5133 im-

260 5172 538 5244 possibilia
564 5180 813 5225 conatum
844 5185 963 5224 esse
988 5184 1006 5234 ;
1051 5170 1193 5238 quod
1219 5171 1265 5224 si
1309 5186 1411 5225 non
1442 5171 1713 5236 credebat,
1758 5187 1857 5226 nec

263 5263 486 5332 putabat
526 5276 590 5316 ea
615 5276 735 5327 qua:
771 5259 1104 5324 dicebantur,
1155 5270 1406 5315 eventura
1452 5276 1592 5327 esse,
1621 5271 1860 5317 metuere

264 5355 349 5408 vel
383 5353 572 5406 timere
603 5366 711 5404 non
738 5350 997 5419 oportuit,
1027 5364 1126 5404 nec
1149 5365 1212 5403 ea
1241 5349 1308 5404 de
1344 5365 1502 5403 causa
1536 5367 1700 5420 puero
1729 5353 1858 5405 insi-

268 5444 399 5498 diari
436 5458 451 5496 :
480 5458 548 5496 ex
581 5449 802 5510 utraque
829 5441 989 5508 igitur
1020 5447 1166 5508 parte
1194 5439 1496 5507 superﬂuus
1532 5449 1649 5494 erat
1682 5441 1858 5495 dolus.

267 5541 396 5597 illud
427 5557 642 5612 quoque
683 5553 938 5598 extrema:
958 5545 1239 5600 dementia:
1258 5558 1390 5612 erat,
1417 5550 1556 5619 quod
1589 5556 1852 5619 putaverit

267 5649 448 5691 mziaos
476 5636 651 5699 ipsum
671 5634 998 5690 antelaturos
1025 5651 1142 5691 esse
1179 5653 1365 5709 puero,
1392 5657 1486 5710 pro
1514 5657 1617 5711 quo
1649 5651 1849 5699 tantam

1989 465 2335 526 susceperant
2362 453 2864 524 peregrinationem.
2914 453 3044 508 Nam
3092 456 3136 509 si
3171 454 3253 509 vel
3295 464 3583 526 antequam

1987 550 2135 602 illum
2168 549 2445 614 vidissent,
2477 549 2545 600 ita
2575 547 2834 600 ardebant
2864 546 3133 600 desiderio
3164 566 3176 598 :
3207 557 3484 616 postquam
3504 550 3584 603 vi-

1984 640 2170 694 derant
2200 650 2254 694 et
2275 654 2371 708 per
2391 639 2726 708 prephetiam
2741 638 3038 692 conﬁrmati
3062 637 3289 703 fuerant,
3309 640 3582 708 quomodo

1983 732 2234 800 sperabat
2253 747 2311 786 se
2335 731 2564 785 suadere
2584 730 2688 783 illis
2707 744 2893 797 posse,
2924 741 2979 782 ut
3009 745 3226 798 puerum
3253 731 3351 784 sibi
3382 733 3580 800 prode-

1983 824 2410 878 rent?Attamen
2443 821 2585 890 quod
2617 830 2692 875 tot
2736 832 2988 891 tantaque
3018 832 3202 874 essent
3253 837 3372 890 qua:
3402 823 3576 891 ipsum

1979 929 2010 968 ιι
2057 914 2330 982 proposito
2351 913 2698 977 abducerent,
2728 912 2782 966 id
2807 922 3028 966 conatus
3049 920 3150 972 est.
3182 921 3235 965 et
3260 913 3396 965 clam
3418 928 3580 966 voca-

1980 1004 2048 1056 tis
2070 1003 2257 1072 magis,
2289 1002 2660 1057 sciscitabatur
2683 1003 2748 1056 ab
2775 1003 2852 1055 eis
2882 1020 2894 1054 :
2928 1000 3147 1070 putabat
3184 1003 3325 1056 enim
3361 992 3575 1055 Judaeos

1977 1095 2044 1148 de
2071 1093 2217 1162 pueri
2265 1093 2434 1146 saltue
2465 1093 2721 1146 sollicitos
2748 1107 2903 1146 esse:
2939 1107 3113 1160 neque
3155 1091 3411 1146 credebat
3455 1092 3574 1146 illos

1977 1184 2027 1236 in
2048 1193 2251 1235 tantum
2272 1183 2490 1236 insania:
2509 1180 2810 1241 devenisse,
2840 1190 2897 1233 ut
2927 1181 3047 1234 ideo
3064 1180 3265 1234 vellent
3292 1191 3572 1249 patronum

1975 1282 2028 1326 et
2055 1271 2394 1326 Servatorem
2414 1312 2428 1334 ,
2459 1271 2549 1340 qui
2577 1270 2643 1323 ad
2679 1270 2978 1323 libertatem
3004 1271 3149 1338 genti
3179 1265 3571 1337 prosurandatn

1975 1373 2213 1427 venerat,
2238 1362 2467 1416 inimicis
2491 1361 2736 1429 prodere.
2768 1359 2892 1414 Ideo
2913 1361 3048 1414 clam
3080 1368 3252 1425 vocat,
3283 1370 3334 1413 et
3361 1370 3571 1428 tempus

1973 1455 2225 1523 inquirit,
2257 1468 2362 1509 non
2386 1455 2555 1523 pueri,
2585 1453 2677 1507 sed
2704 1453 2894 1516 stellae,
2920 1461 3166 1506 venatum
3196 1454 3342 1506 illum
3376 1469 3567 1520 magna

1971 1561 2090 1600 cum
2133 1546 2400 1615 diligentia
2448 1554 2685 1613 captans.
2722 1543 2854 1597 Nam
2898 1543 3109 1597 videtur
3135 1543 3263 1596 mihi
3294 1545 3449 1597 stella
3475 1545 3568 1598 ditt

1970 1646 2092 1691 ante
2120 1635 2451 1704 apparuisse.
2487 1635 2620 1702 Quia
2665 1636 2809 1690 enim
2859 1634 3088 1688 multum
3121 1635 3378 1702 temporis
3405 1636 3456 1687 in
3482 1636 3570 1687 iti-

1971 1744 2098 1783 nere
2120 1729 2436 1797 insumpturi
2466 1738 2621 1782 erant
2646 1728 2806 1797 magi,
2862 1736 2917 1780 ut
2950 1735 3074 1780 nato
3110 1727 3290 1779 statim
3315 1728 3567 1782 adessent

1968 1818 1987 1882 (
2003 1818 2282 1887 oportebat
2302 1820 2501 1888 quippe
2530 1817 2882 1873 incunabulis
2908 1818 3080 1885 ipsum
3107 1817 3351 1881 adorare,
3381 1827 3437 1871 ut
3466 1818 3566 1871 mi-

1966 1909 2182 1962 rabilior
2224 1919 2312 1965 res
2338 1905 2692 1980 appareret);
2737 1909 2895 1977 stella
2945 1910 3168 1962 multum
3223 1916 3380 1961 antea
3441 1922 3563 1962 sese

1964 1999 2218 2052 ostendit.
2244 1998 2374 2052 Nam
2405 2002 2450 2052 si
2501 2015 2566 2054 eo
2617 1999 2733 2066 ipso
2765 2009 3005 2067 tempore
3044 2014 3152 2067 quo
3178 2009 3333 2054 natus
3378 2009 3458 2052 est
3506 1998 3561 2053 in

1966 2089 2285 2154 Palaestina,
2317 2091 2468 2144 stella
2522 2090 2855 2158 apparuisset
2899 2090 3002 2144 illis
3051 2091 3103 2144 in
3152 2093 3378 2154 oriente,
3438 2101 3560 2160 post

1962 2184 2186 2236 multum
2216 2183 2542 2251 insumptum
2568 2184 2619 2236 in
2652 2184 2845 2238 itinere
2887 2193 3114 2250 tempus,
3157 2199 3266 2237 non
3299 2183 3559 2238 vidissent

1960 2289 2082 2326 eum
2120 2275 2171 2326 in
2197 2275 2494 2328 cunabulis.
2528 2276 2678 2340 Quod
2710 2285 2889 2328 autem
2920 2289 2950 2328 a
2981 2275 3179 2328 bimatu
3209 2282 3263 2328 et
3296 2275 3427 2328 intra
3459 2290 3554 2328 oc-

1957 2362 2166 2429 ciderit,
2197 2380 2265 2419 ne
2291 2365 2576 2430 miremur;
2607 2365 2754 2419 furor
2777 2365 2919 2418 enim
2938 2374 2992 2418 et
3012 2366 3170 2418 timor
3199 2365 3263 2418 ad
3297 2366 3554 2433 majorem

1956 2454 2295 2508 securitatem
2318 2455 2434 2521 plus
2457 2457 2712 2524 temporis
2738 2455 2953 2524 adjecit,
2987 2465 3044 2508 ut
3069 2455 3248 2509 nullus
3277 2456 3558 2523 effugeret.

1956 2548 2170 2603 Vocatis
2199 2549 2499 2620 igiturillis,
2526 2551 2600 2604 ait
2629 2565 2644 2604 :
2669 2549 2722 2605 8.
2750 2549 2943 2605 Euntes
2963 2550 3266 2615 interrogate
3286 2534 3553 2616 diligenter

1953 2639 2017 2690 de
2035 2655 2212 2708 puero,
2258 2651 2305 2692 et
2347 2657 2461 2693 cum
2487 2642 2773 2693 inveneritis
2810 2641 3095 2692 renuntiate
3121 2638 3265 2699 mihi,
3291 2647 3348 2690 ut
3375 2648 3421 2689 et
3459 2654 3552 2706 ego

1954 2731 2152 2782 veniens
2176 2729 2383 2781 adorem
2422 2746 2555 2782 eum.
2607 2729 2850 2782 Vidistin’
2890 2727 3289 2796 insipientiam?
3321 2727 3376 2781 Si
3403 2729 3552 2781 enim

1953 2835 2017 2874 ex
2046 2821 2284 2873 veritatis
2313 2823 2502 2874 allecto
2535 2820 2791 2889 loqueris,
2813 2835 2913 2873 cur
2941 2821 3076 2873 clam
3106 2819 3439 2888 interrogas?
3463 2818 3552 2872 sin

1954 2909 2172 2964 insidias
2205 2924 2377 2977 paras,
2410 2925 2505 2963 cur
2532 2926 2636 2963 non
2659 2912 2881 2978 cogitas,
2905 2925 3088 2977 magos
3109 2924 3228 2961 cum
3255 2907 3552 2962 te'videant

1951 3001 2088 3052 clam
2119 3000 2476 3068 interrogare,
2516 3000 2696 3054 dolum
2727 3001 3093 3068 suspicaturos
3117 3001 3272 3053 esse?
3317 2999 3445 3063 Sed,
3493 3009 3551 3051 ut

1952 3089 2082 3152 dixi,
2110 3091 2287 3143 anima
2309 3091 2476 3145 semel
2506 3091 2835 3159 malignitate
2862 3099 3131 3158 correpta,
3158 3090 3394 3142 omnium
3423 3090 3553 3143 insi-

1955 3181 2284 3248 pientissima
2310 3181 2510 3234 evadit.
2542 3181 2657 3233 Non
2687 3181 2844 3245 dixit,
2897 3181 3100 3234 Euntes
3132 3181 3456 3250 interrogate
3482 3181 3552 3236 de

1953 3285 2096 3336 rege,
2139 3269 2257 3334 sed,
2297 3269 2372 3321 De
2413 3286 2567 3338 puero
2597 3286 2616 3323 ε
2649 3285 2754 3323 non
2781 3269 2924 3324 enim
2961 3269 3171 3338 imperii
3199 3285 3392 3323 nomen
3421 3285 3549 3338 pro-

1954 3361 2095 3415 ferre
2123 3360 2394 3414 sustinuit.
2425 3359 2560 3430 Magi
2592 3375 2741 3424 vero,
2772 3359 2860 3428 qui
2893 3374 3001 3428 pra:
3033 3361 3197 3414 multa
3243 3362 3439 3430 pietate
3471 3363 3550 3413 ni-

1954 3453 2026 3507 hil
2057 3453 2245 3506 horum
2275 3461 2535 3508 noverant
2581 3453 2796 3521 (neque
2822 3455 2964 3506 enim
2995 3454 3254 3520 putabant
3292 3453 3438 3505 illum
3495 3453 3550 3508 in

1953 3540 2436 3613 tantumnequitia:
2466 3542 2792 3612 prompisse,
2824 3553 2880 3596 ut
2912 3553 3020 3597 tam
3070 3543 3296 3597 mirabili
3331 3557 3551 3597 (Econo-

1953 3637 2072 3689 mia:
2102 3635 2339 3688 insidiari
2371 3635 2680 3704 tentaret),
2712 3634 2844 3688 nihil
2877 3633 3182 3703 hujusmodi
3213 3634 3548 3703 suspicantes

1951 3727 2170 3792 abeunt,
2194 3727 2289 3782 sed
2314 3743 2380 3780 ex
2409 3727 2602 3781 aﬂ’ectu
2643 3740 2742 3781 suo
2770 3727 2904 3780 alios
2945 3727 3234 3780 aestimant.
3265 3725 3318 3782 9.
3345 3723 3412 3778 Et
3437 3742 3548 3778 ecce

1948 3819 2096 3871 stella
2115 3859 2128 3879 ,
2165 3833 2318 3886 quam
2344 3817 2576 3870 viderant
2613 3817 2667 3870 in
2692 3817 2904 3881 oriente,
2932 3816 3256 3870 antecedebat
3284 3833 3387 3869 eos.
3425 3816 3549 3871 Ideo

1948 3909 2092 3963 enim
2122 3908 2380 3964 occultata
2404 3908 2598 3974 fuerat,
2620 3919 2686 3961 'ut
2710 3908 2910 3962 amisso
2940 3907 3096 3971 duce,
3127 3904 3342 3962 Judzeo's
3375 3908 3549 3960 inter-

1950 4014 2140 4068 rogare
2189 4009 2542 4068 cogerentur,
2574 4008 2626 4052 et
2656 4000 2732 4051 sic
2763 4014 2847 4050 res
2876 4001 3126 4052 omnibus
3158 4001 3328 4066 palam
3374 3999 3546 4054 ﬁeret.

1949 4089 2239 4157 Postquam
2265 4091 2408 4143 enim
2441 4089 2900 4159 interrogaveram
2923 4130 2937 4155 ,
2964 4099 3015 4142 ct
3056 4089 3270 4143 Judzros
3298 4091 3551 4152 doctores

1950 4179 2264 4245 habuerant,
2297 4196 2508 4234 rursum
2559 4180 2663 4233 illis
2693 4189 2934 4247 apparet.
2963 4180 3030 4233 Et
3051 4183 3361 4235 consideres
3387 4183 3547 4239 velim

1948 4275 2206 4343 optimum
2237 4289 2414 4328 rerum
2439 4275 2704 4328 ordinem.
2733 4273 2863 4328 Post
2882 4274 3089 4328 stellam
3117 4276 3314 4343 excipit
3333 4289 3428 4329 eos
3451 4274 3547 4329 Ju.

1948 4367 2133 4420 daicus
2159 4367 2406 4435 populus,
2449 4381 2650 4436 rexque
2673 4367 2807 4434 ipse,
2833 4365 3255 4435 prephetamque
3291 4367 3543 4422 inducunt

1947 4458 2398 4527 pra'nuutiantem
2442 4456 2494 4510 id
2525 4457 2666 4526 quod
2694 4466 3048 4526 apparuerat.-
3071 4456 3197 4512 Post
3226 4459 3543 4527 prophetam

1949 4568 2174 4607 rursum
2224 4554 2455 4623 angelus
2505 4552 2655 4622 ipsos
2698 4554 2937 4623 excipit,
2989 4556 3288 4625 omniaque
3333 4555 3549 4614 docet:

1952 4643 2178 4699 interim
2226 4658 2364 4698 vero
2411 4643 2774 4715 Jerosoly’mis
2825 4645 2882 4698 in
2930 4646 3258 4702 Bethlebem
3309 4631 3340 4702 a
3392 4651 3554 4708 stella

1950 4736 2275 4790 ducuntur:
2313 4737 2470 4790 stella
2500 4734 2648 4789 enim
2685 4735 2755 4790 ab
2802 4736 2972 4793 istinc
3014 4736 3123 4793 via:
3154 4738 3267 4794 dux
3307 4740 3408 4795 fuit
3439 4761 3452 4795 :
3491 4751 3556 4798 ut

1953 4829 2087 4882 hinc
2126 4841 2347 4896 quoque
2391 4827 2594 4892 discas,
2630 4814 2741 4882 non
2776 4827 2949 4884 fuisse
2994 4829 3148 4884 illam
3193 4847 3261 4884 ex
3314 4847 3553 4887 numero

1954 4927 2282 4975 ceterarum
2336 4919 2672 4975 stellarum:
2709 4921 2862 4976 nulla
2921 4923 3128 4993 quippe
3190 4925 3352 4979 stella
3408 4926 3555 4983 hanc

1958 5012 2130 5066 habet
2153 5021 2430 5065 naturam.
2468 5010 2661 5081 Neque
2687 5013 2867 5067 solum
2899 5013 3035 5080 ibat,
3071 5014 3168 5071 sed
3197 5016 3364 5072 etiam
3394 5027 3555 5072 ante.

1959 5101 2194 5156 cedebat
2221 5101 2433 5157 ducens
2459 5112 2515 5156 et
2545 5103 2702 5172 quasi
2734 5119 2900 5158 manu
2936 5105 3164 5162 trahens
3197 5107 3324 5162 illos
3348 5107 3404 5161 in
3435 5123 3555 5163 me-

1959 5192 2053 5246 dio
2086 5193 2196 5247 die.

2029 5447 2084 5504 ὅ.
2118 5447 2186 5503 Et
2204 5446 2330 5518 quid
2352 5461 2486 5518 opus
2512 5458 2626 5504 erat
2655 5448 2828 5512 stella,
2863 5447 3092 5524 inquies,
3123 5462 3243 5499 eum
3272 5445 3380 5514 jam
3407 5455 3564 5499 notus

1959 5541 2112 5593 locus
2137 5540 2322 5594 esset?
2353 5539 2421 5595 Ut
2453 5555 2586 5610 puer
2613 5540 2781 5594 videri
2810 5550 3010 5609 posset.
3046 5538 3190 5594 Nihil
3213 5539 3412 5608 quippe
3447 5548 3563 5593 erat

1961 5630 2104 5701 quod
2133 5631 2303 5700 ipsum
2333 5631 2662 5686 ostenderet.
2704 5631 2834 5685 Nam
2867 5646 3038 5700 neque
3069 5630 3259 5684 domus
3284 5639 3390 5685 erat
3428 5644 3562 5682 con-
