4140 6298
572 268 641 325 τι

560 380 763 448 spicus,
790 392 965 449 neque
1010 386 1181 435 mater
1225 377 1341 448 ejus
1379 377 1637 432 illustrem
1679 376 1962 445 quamdam
2003 384 2129 441 spe.

555 470 693 524 ciem
710 484 832 539 pm
857 484 917 525 se
944 468 1165 525 ferebat.
1201 468 1349 537 Opus
1367 469 1545 536 itaque
1566 474 1680 522 erat
1707 465 1859 521 stella
1885 477 2005 533 qua:
2026 475 2125 517 eos

560 558 614 613 in
641 558 760 628 ipso
799 559 918 614 loco
949 559 1185 614 sisteret.
1225 558 1583 628 Quamobrem
1619 556 1948 625 ierosolth
1977 565 2133 621 egre-

554 645 824 705 dientibus
860 657 1112 717 apparet,
1161 663 1263 703 nec
1309 655 1414 704 stat
1440 647 1585 715 prius
1609 658 1765 714 quam
1794 642 1859 711 ad
1887 653 2129 711 ρτωεθρθ

558 738 883 807 pervenerit,
928 746 985 792 et
1025 736 1337 795 miraculum
1386 734 1642 793 miraculo
1669 731 1972 788 addiderit:
2004 744 2127 784 nam

556 834 839 894 utrumque
863 826 1107 881 mirabile
1142 836 1277 889 erat,
1319 831 1374 880 et
1399 823 1541 893 quod
1568 822 1706 892 magi
1734 821 2045 883 adorarent,
2074 824 2131 873 et

556 914 701 983 quod
737 915 889 970 stella
918 915 1061 983 ipsos
1085 915 1300 969 sisteret
1329 932 1345 967 :
1375 929 1496 981 qua
1525 927 1655 969 sane
1700 920 1918 982 possent
1941 909 2026 966 vel
2053 908 2130 964 ls-

556 1002 742 1073 pideos
768 1004 973 1058 animos
1000 1000 1288 1057 attrahere.
1319 1002 1375 1056 Si
1400 1003 1544 1057 enim
1573 1001 1831 1059 dixissent
1862 1013 2000 1070 magi
2022 1039 2038 1065 ,
2065 1012 2127 1053 se

557 1093 844 1162 prophetas
870 1093 1136 1148 audivisse
1162 1092 1278 1147 haec
1313 1090 1575 1155 dicentes,
1605 1091 1689 1145 vel
1718 1088 1832 1145 huic
1867 1088 1970 1144 sibi
2018 1088 2129 1156 pri-

557 1184 723 1237 vatim
748 1183 815 1237 ab
834 1184 1034 1251 angelis
1058 1183 1199 1237 dicta
1220 1183 1404 1246 fuisse,
1420 1182 1554 1237 ﬁdes
1574 1181 1679 1236 illis
1695 1197 1799 1236 non
1828 1180 2012 1235 fuisset
2030 1179 2129 1234 ha-

557 1272 665 1326 bita
696 1288 710 1325 :
738 1273 848 1341 jam
874 1288 1000 1327 vero
1028 1274 1176 1327 stella
1224 1289 1454 1341 superne
1482 1273 1712 1337 lucente,
1746 1271 1829 1326 vel
1856 1271 2132 1340 impuden-

559 1365 689 1418 tium
714 1379 805 1418 ora
828 1364 1255 1419 obstruebantur.
1276 1364 1476 1418 Deinde
1502 1379 1621 1417 cum
1642 1378 1805 1431 puero
1825 1362 2128 1416 immineret

559 1452 735 1516 stella,
763 1454 909 1514 stetit
946 1470 959 1505 :
989 1452 1041 1506 id
1065 1451 1205 1522 quod
1248 1452 1465 1520 majoris
1486 1461 1601 1506 erat
1627 1451 1922 1520 potestatis,
1971 1464 2131 1518 quam

560 1549 620 1593 ut
664 1541 832 1594 stella:
857 1548 1143 1605 competat,
1174 1540 1312 1610 quod
1358 1541 1562 1595 scilicet
1606 1540 1768 1595 modo
1805 1539 2130 1603 occultetur,

558 1628 720 1683 modo
744 1638 1018 1698 appareat,
1040 1639 1231 1685 etcum
1258 1637 1496 1699 apparet,
1524 1644 1741 1685 cursum
1776 1628 1949 1683 sistat.
1999 1626 2135 1682 Hinc

558 1719 639 1772 illi
665 1720 1047 1773 incrementum
1092 1718 1211 1772 ﬁdei
1254 1727 1511 1788 ceperunt
1541 1734 1556 1771 :
1585 1718 1706 1774 ideo
1753 1717 1916 1772 lentati
1964 1725 2131 1781 sunt,

562 1808 685 1875 quia
709 1807 849 1875 quod
873 1809 1179 1877 quaerebant
1202 1809 1539 1874 invenerunt,
1561 1810 1679 1878 quia
1704 1809 1873 1863 nuntii
1894 1807 2136 1862 veritatis

500 1927 509 1931 υ
557 1897 729 1951 effecti
758 1901 901 1958 sunt,
924 1894 1043 1962 quia
1065 1906 1168 1945 non
1188 1891 1379 1943 frustra
1398 1898 1599 1942 tantum
1628 1898 1975 1956 susceperunt
1995 1888 2127 1944 iter:

557 1987 635 2037 sic
659 1983 864 2037 ardenti
886 1981 1079 2045 Christi
1101 1978 1365 2033 desiderio
1381 1977 1691 2046 flagrabant.
1714 1976 1847 2030 Nam
1870 1978 2132 2032 accedens

557 2072 731 2137 stella,
762 2086 923 2137 super
966 2070 1138 2137 ipsum
1170 2066 1317 2134 pueri
1345 2074 1504 2134 caput
1529 2066 1698 2129 stetit,
1729 2065 2018 2119 ostendens
2050 2065 2133 2120 di—

560 2160 735 2214 vinam
760 2173 879 2213 esse
903 2158 1102 2224 prolem
1129 2172 1141 2207 :
1170 2168 1396 2222 cumque
1418 2154 1674 2217 stetisset,
1704 2152 1769 2206 ad
1798 2150 2127 2206 adorandmn

560 2248 796 2312 adducit,
828 2260 931 2300 non
961 2244 1272 2313 simpliciter
1297 2244 1574 2311 barbaros,
1600 2242 1693 2296 sed
1718 2243 1807 2312 qui
1846 2243 1987 2296 inter
2014 2242 2133 2297 illos

559 2339 935 2408 sapientissimi
966 2345 1138 2390 erant.
1172 2335 1336 2389 Vides
1370 2333 1507 2387 hanc
1535 2334 1743 2388 stellam
1778 2332 1898 2402 jure
1945 2332 2136 2387 merito

560 2429 909 2499 apparuisse?
938 2427 1209 2495 Siquidem
1231 2434 1287 2479 et
1308 2433 1427 2493 post
1452 2423 1804 2494 prophetiam,
1833 2431 1889 2478 et
1914 2433 2033 2491 post
2054 2438 2138 2477 sa-

561 2521 838 2593 cerdotum
868 2519 1269 2586 scribarumque
1293 2515 1804 2585 interpretationem,
1838 2514 2012 2569 adhuc
2046 2514 2135 2569 illa

560 2594 848 2665 utebantur
869 2609 1023 2663 duce.

628 2750 853 2805 itan-ian
878 2765 925 2805 et
950 2753 1149 2806 Paulus
1176 2754 1534 2811 Samosatenus
1553 2773 1615 2810 ea:
1632 2759 1778 2813 stella
1792 2759 2130 2828 confutati—

551 2841 844 2897 Erubescat
873 2843 1102 2897 Marcion
1128 2885 1143 2907 ,
1171 2844 1454 2900 erubescat
1493 2846 1687 2901 Paulus
1728 2848 2126 2919 Samosatenus,

550 2934 637 3003 qui
670 2934 948 2986 noluerunt
978 2948 1041 2987 ea
1068 2932 1269 2994 videre.
1302 2951 1421 3003 quas
1470 2938 1605 3006 magi
1632 2940 1898 3007 viderunt,
1931 2941 2126 2998 Eccle-

550 3024 646 3077 siae
672 3022 1034 3091 progenitores
1060 3024 1137 3095 (α)
1164 3040 1178 3076 :
1211 3038 1383 3090 neque
1412 3028 1552 3079 enim
1581 3030 1741 3095 pudet
1776 3045 1861 3084 me
1898 3032 1976 3086 sic
2005 3028 2125 3087 illos

548 3128 757 3167 vocare.
802 3112 1088 3168 Erubescat
1132 3114 1385 3179 Marcion,
1438 3117 1603 3171 Deum
1647 3119 1831 3174 videns
1880 3122 1932 3174 in
1960 3137 2125 3178 carne

547 3204 843 3257 adoratum.
875 3203 1165 3257 Erubescat
1191 3204 1406 3266 Paulus,
1457 3206 1642 3261 videns
1669 3210 1815 3263 illum
1860 3227 1963 3265 non
1992 3215 2121 3266 sim-

549 3294 757 3362 pliciter
777 3304 832 3346 ul
865 3293 1132 3347 hominem
1160 3294 1391 3347 adorari.
1421 3294 1549 3348 Nam
1572 3298 1710 3365 quod
1738 3299 1790 3351 in
1811 3314 1971 3355 carne
1989 3302 2125 3356 ado-

548 3394 697 3439 ratus
724 3385 812 3449 sit,
845 3384 897 3437 id
919 3392 972 3437 et
996 3384 1153 3453 panni
1170 3385 1453 3438 ostendunt
1480 3396 1534 3440 et
1559 3402 1797 3455 prmsepe
1823 3404 1837 3439 :
1865 3390 2003 3458 quod
2030 3404 2124 3449 au,-

548 3484 656 3529 tem
678 3489 780 3529 non
806 3473 952 3544 quasi
972 3474 1238 3527 hominem
1259 3489 1445 3541 purttm
1475 3475 1830 3543 adoraverint,
1849 3478 2121 3536 declarant

548 3564 673 3617 dum
706 3564 1005 3618 immatura:
1047 3562 1188 3616 ait'ati
1218 3563 1337 3617 talia
1383 3563 1655 3633 proferunt
1676 3565 1836 3629 dona,
1863 3583 1981 3637 qua:
2011 3568 2119 3622 Deo

547 3653 727 3708 offerri
756 3668 849 3721 par
876 3661 1012 3707 erat.
1040 3652 1371 3707 Erubescant
1398 3669 1517 3707 cum
1542 3654 1643 3708 illis
1671 3666 1725 3709 et
1773 3656 1965 3722 Judaei,
1992 3658 2119 3711 dum

548 3749 800 3801 barbaros
824 3756 876 3799 et
902 3761 1083 3815 magos
1104 3745 1306 3810 vident,
1336 3746 1424 3814 qui
1450 3746 1595 3815 ipsos
1615 3746 1964 3813 praeveniunt,
2019 3760 2120 3802 nec

547 3843 666 3903 post
693 3834 811 3888 illos
836 3835 1090 3890 accedere
1120 3835 1320 3888 volunt.
1350 3834 1481 3889 Nam
1507 3832 1625 3903 imre
1654 3844 1762 3888 tum
1791 3836 1925 3888 facta
1954 3846 2115 3900 sunt,

545 3924 839 3977 futurorum
860 3934 1014 3977 erant
1044 3923 1208 3993 ﬁgura
1244 3941 1256 3976 :
1285 3932 1444 3991 atque
1472 3925 1523 3976 in
1550 3922 1770 3977 exordio
1796 3923 1909 3991 ipso
1932 3922 2114 3977 deela-

542 4027 715 4068 ratum
746 4026 858 4079 cst,
887 4025 1071 4083 gentes
1112 4014 1365 4084 populum
1394 4014 1539 4067 illum
1578 4025 1936 4081 praeventurus
1971 4030 2110 4069 esse.

546 4104 610 4157 Et
647 4120 743 4159 cur
769 4144 783 4165 ,
819 4105 1046 4177 inquies,
1079 4119 1183 4156 non
1223 4105 1290 4156 ab
1334 4104 1518 4165 initio,
1553 4102 1647 4156 sed
1676 4114 1854 4171 postea
1880 4104 2112 4167 dicebat,

544 4196 735 4249 Euntes
754 4197 925 4249 docete
944 4211 1115 4248 omnes
1135 4204 1304 4264 gentes
1332 4194 1350 4261 (
1360 4194 1545 4247 Matth.
1578 4193 1666 4249 28.
1696 4194 1821 4263 l9)?
1848 4195 1978 4259 Quia
1995 4236 2011 4260 ,
2058 4205 2116 4249 ut

540 4288 643 4357 iam
666 4288 772 4341 dixi
792 4328 808 4351 ,
840 4287 978 4351 quod
1011 4296 1135 4339 tunc
1163 4286 1355 4339 factum
1383 4296 1482 4349 est,
1514 4286 1804 4340 futurorum
1846 4288 2031 4357 ﬁgura,
2061 4298 2113 4342 et

539 4379 688 4445 quasi
713 4378 986 4444 prmdictio
1016 4386 1153 4443 erat.
1181 4377 1607 4431 Consentaneum
1636 4376 1833 4445 quippe
1858 4386 2005 4441 erat,
2054 4388 2113 4432 ut

539 4468 706 4523 Judaﬁ
730 4477 949 4523 cit-teres
977 4468 1335 4535 prarcedenent
1359 4483 1373 4529 ;
1404 4467 1525 4535 quia
1550 4481 1672 4520 vero
1700 4468 2109 4535 prtestitumsibi

540 4559 855 4615 beneficium
885 4569 1073 4627 sponte
1115 4561 1445 4626 reSpuerunt,
1491 4573 1577 4610 res
1612 4568 1931 4625 praepostere
1957 4573 2107 4613 versa

540 4658 619 4701 est
652 4667 667 4703 :
696 4648 955 4717 siquidem
984 4663 1153 4716 neque
1197 4648 1281 4701 hic
1304 4662 1398 4717 par
1424 4656 1558 4713 erat,
1596 4655 1652 4701 ut
1696 4648 1829 4718 magi
1869 4657 1989 4702 ante
2017 4649 2108 4703 ,ἵησι

538 4741 683 4791 deos
730 4739 1000 4799 venirent;
1051 4754 1222 4808 neque
1268 4748 1322 4793 ut
1361 4739 1393 4791 ii
1436 4741 1524 4807 qui
1564 4746 1709 4792 tanto
1738 4742 1906 4807 spatio
1934 4742 2101 4795 dista-

539 4830 697 4889 bant,
729 4842 820 4881 eos
848 4830 935 4897 qui
967 4829 1104 4882 circa
1154 4828 1337 4880 urbem
1391 4828 1559 4897 ipsam
1606 4828 1914 4883 habitabant
1949 4840 2106 4886 ante-

540 4922 792 4972 cetteicnt
818 4958 831 4981 ,
872 4932 1039 4987 neque
1070 4930 1123 4971 ut
1152 4918 1207 4982 ii,
1242 4919 1328 4987 qui
1369 4917 1622 4973 nihildum
1668 4919 1939 4974 audierant
1969 4936 2060 4975 eos
2084 4961 2101 4986 ,

536 5025 626 5075 qui
671 5010 809 5062 inter
834 5018 909 5061 tot
937 5009 1246 5078 prophetias
1292 5008 1528 5064 innutriti
1576 5009 1814 5075 fuerant,
1848 5013 2103 5080 prmveni-

534 5106 686 5162 runt;
719 5112 901 5153 verum
930 5100 1054 5169 quia
1083 5100 1135 5153 in
1164 5114 1368 5153 summa
1415 5099 1670 5157 bonorum
1702 5115 1917 5155 suorum
1948 5103 2102 5170 igno-

600 5366 675 5443 is).
701 5366 793 5443 ἓῖίίὶ
806 5366 940 5443 Elis}
960 5365 1182 5443 ρίφηιξπ
1214 5367 1435 5443 “sie-viae.
1473 5376 1828 5443 ιντοεοηίιρςεξι
1861 5379 1975 5439 quia
2000 5380 2104 5443 ipsi

538 5431 679 5493 primi
703 5431 750 5473 in
772 5431 977 5493 regione
994 5440 1096 5483 sua,
1124 5431 1218 5477 imo
1243 5433 1389 5479 etiam
1422 5431 1669 5493 ln’tudasa,
1696 5431 1931 5487 CltriStu'm
1952 5431 2100 5490 urive;

538 5488 679 5553 pisse
696 5488 1021 5553 uindicarunt.
1038 5496 1133 5544 Qua
1150 5493 1335 5542 ratione
1358 5499 1579 5545 auctores
1600 5488 1949 5552 et'fundalores
1969 5488 2100 5553 Chri-

543 5548 776 5601 stianiSnii
798 5548 891 5597 dici
912 5557 1128 5611 possunt.

1296 269 1357 327 S.
1388 267 1672 329 JOANNIS
1705 267 2187 331 CHRYSOSTOIII
2225 262 2541 339 ARCHIEP.
2589 258 3131 319 CONSTANTINOP.

3703 255 3780 313 78

2237 373 2404 429 rantia
2428 372 2806 435 versabantur,
2833 371 2923 441 qui
2966 370 3021 426 in
3045 370 3285 436 Perside,
3331 383 3427 425 eos
3467 370 3560 440 qui
3598 370 3820 427 ieroso-

2236 464 2390 535 lymis
2415 473 2541 519 sunt
2587 470 2951 533 prmvertuut;
2980 463 3031 517 id
3068 462 3211 531 quod
3236 461 3396 517 etiam
3418 461 3547 517 dicit
3575 462 3773 517 Paulus
3798 481 3814 515 .-

2243 552 2397 609 νοω.
2441 552 2697 624 oportebat
2740 553 3045 607 animation
3109 554 3331 619 primum
3397 569 3610 623 regnum
3660 552 3758 607 Dei
3792 569 3815 609 :

2234 646 2322 701 sed
2364 646 2483 716 quia
2528 661 2615 700 vos
2664 638 2896 715 indignos
2946 642 3218 713 judtcastis
3234 683 3251 709 ,
3300 658 3414 698 ecce
3477 644 3818 697 convertimur

2233 738 2301 791 ad
2329 747 2500 808 gentes
2529 736 2665 804 (ut.
2684 738 2772 792 l5.
2791 735 2906 806 66).
2934 735 3155 790 Etiamsi
3182 734 3324 790 enim
3358 745 3515 792 antea
3555 736 3819 792 increduli

2232 835 2407 893 erant,
2433 840 2465 881 a
2489 825 2656 895 magis
2681 825 2869 879 saltem
2888 824 3167 879 audientes
3188 837 3471 879 accurrere
3499 826 3816 895 oportebat;

2231 915 2325 970 sed
2347 915 2632 971 noluerunt
2659 930 2674 968 :
2700 913 2946 984 ideoque,
2978 913 3085 971 illis
3120 912 3542 980 dormientibus,
3574 912 3627 969 hi
3670 928 3817 984 prc-

2230 1013 2472 1059 currunt.

2291 1224 2345 1279 5.
2387 1222 2686 1277 Exhortatio
2706 1223 2932 1277 moralis.
2965 1221 3066 1289 Qui
3090 1221 3298 1294 indigne
3319 1225 3553 1293 mysteria
3577 1236 3804 1293 summ,

2226 1313 2417 1367 Herodi
2434 1315 2641 1368 similes.
2672 1313 3005 1368 Theatron
3032 1314 3345 1368 obscenitas.
3385 1344 3456 1354 -—
3502 1316 3679 1386 Magos
3704 1317 3809 1372 ita-

2221 1418 2323 1472 que
2347 1418 2653 1473 sequamur,
2680 1414 2735 1457 et
2757 1418 2784 1455 a
2812 1401 3157 1457 barbarorum
3178 1405 3615 1460 tamenrmoribus
3636 1407 3805 1463 multa

2220 1494 2611 1563 intercapedine
2646 1508 3147 1563 nos_removeamus
3171 1533 3186 1559 ,
3224 1504 3279 1548 ut
3315 1494 3581 1550 Christum
3621 1498 3803 1553 videa-

2218 1599 2336 1639 mus
2366 1600 2380 1636 :
2409 1583 2834 1653 quandoquidem
2861 1593 2912 1637 et
2940 1583 3039 1652 ipsi
3066 1584 3167 1639 nisi
3197 1585 3381 1653 procul
3405 1602 3433 1639 a
3456 1601 3554 1641 sua
3578 1588 3800 1656 regione

2212 1678 2597 1745 recessissent,
2636 1694 2744 1732 non
2788 1679 2933 1732 illum
2976 1679 3142 1734 visuri
3188 1686 3364 1734 erant.
3409 1678 3739 1735 Recedamus
3766 1696 3799 1737 a

2210 1767 2440 1822 terrenis
2464 1768 2707 1837 negotiis.
2756 1767 2964 1821 Etenim
2993 1768 3131 1838 magi
3157 1806 3175 1833 ,
3206 1766 3335 1821 dum
3376 1767 3427 1820 in
3458 1768 3679 1825 Perside
3707 1784 3795 1825 es-

2211 1865 2348 1922 sent,
2370 1856 2575 1911 stellam
2601 1857 2849 1913 videbant
2873 1874 2886 1910 :
2908 1873 3028 1912 cum
3055 1868 3231 1912 autem
3257 1874 3287 1911 a
3316 1858 3535 1913 Perside
3560 1876 3800 1916 recesseo

2212 1957 2371 2011 runt,
2414 1947 2592 2002 Solem
2630 1948 2874 2017 jttstitiae,
2892 1962 3259 2018 conspexere;
3310 1950 3418 2004 imo
3456 1965 3556 2004 nec
3584 1952 3795 2005 stellam

2211 2034 2347 2088 ultra
2379 2035 2539 2089 visuri
2575 2044 2763 2101 erant,
2795 2036 2897 2091 nisi
2937 2046 3186 2105 prompto
3214 2039 3393 2092 animo
3422 2037 3545 2093 inde
3571 2038 3797 2107 profecti

2208 2133 2407 2178 essent.
2472 2123 2763 2194 Surgamus
2825 2124 2983 2195 igitur
3039 2134 3094 2181 et
3152 2141 3291 2192 nos;
3352 2128 3560 2183 etiamsi
3612 2143 3801 2184 omnes

2211 2215 2605 2282 perturbentur,
2638 2215 2705 2269 ad
2729 2215 2945 2271 domum
2976 2217 3126 2284 pueri
3155 2231 3431 2271 curramus
3455 2235 3469 2272 :
3492 2222 3591 2272 etsi
3617 2232 3795 2289 reges,

2212 2303 2312 2357 etsi
2344 2305 2555 2373 populi,
2587 2306 2686 2359 etsi
2730 2307 2943 2375 tyranni
2972 2306 3108 2361 hanc
3135 2307 3273 2360 viam
3304 2307 3621 2375 intercipere
3655 2318 3799 2364 sata-

2210 2402 2338 2460 gant
2361 2402 2393 2455 ,'
2408 2408 2475 2448 ne
2515 2395 2834 2448 desiderium
2874 2395 3163 2450 solvamus.
3207 2395 3296 2450 Sic
3329 2398 3469 2450 enim
3500 2400 3678 2451 omnia
3708 2399 3795 2451 in.

2207 2482 2451 2549 gruentia
2492 2484 2627 2535 mala
2667 2484 3014 2552 depellemus.
3061 2484 3334 2553 Siquidem
3374 2494 3429 2539 et
3464 2484 3516 2538 hl
3543 2502 3797 2557 quoque,

2208 2572 2309 2626 nisi
2351 2587 2571 2641 puerum
2599 2573 2858 2628 vidissent
2882 2615 2895 2639 ,
2934 2574 3227 2643 periculum
3252 2615 3269 2640 ,
3301 2576 3442 2645 quod
3471 2592 3502 2630 a
3529 2594 3653 2648 rege
3683 2594 3800 2634 me-

2209 2664 2466 2728 tuebant,
2512 2680 2615 2718 non
2659 2663 2987 2734 effugissent.
3038 2668 3336 2735 Antequam
3381 2681 3607 2734 puerum
3652 2669 3799 2724 vide-

2208 2763 2352 2818 rent,
2381 2753 2621 2819 timores,
2650 2754 2904 2822 pericula,
2932 2754 3353 2823 perturbationes
3368 2756 3603 2822 undique
3629 2756 3798 2812 insta-

2208 2843 2375 2910 bant;
2433 2852 2555 2914 post
2604 2844 2967 2898 adorationem
3009 2858 3175 2909 vero,
3227 2845 3592 2915 tranquillitas
3636 2856 3801 2916 atque

2207 2936 2497 2999 securitas;
2546 2949 2717 3002 neque
2760 2934 2982 2988 ulterius
3026 2934 3176 2989 stella
3200 2976 3216 2999 ,
3254 2934 3348 2990 sed
3388 2938 3613 3007 angelus
3649 2937 3797 3003 ipsos

2207 3025 2400 3093 excipit
2424 3064 2440 3089 ,
2480 3024 2548 3078 ab
2591 3024 2901 3077 adoratione
2942 3024 3249 3096 sacerdotes
3294 3025 3512 3081 eﬂ'ectos
3546 3048 3559 3083 :
3591 3029 3791 3083 ctenim

2207 3129 2425 3169 munera
2454 3114 2775 3168 obtulerunt.
2826 3113 3068 3169 Dimissis
3101 3115 3277 3182 itaque
3305 3114 3529 3171 Judaico
3560 3118 3753 3186 populo
3777 3158 3793 3180 ,

2208 3206 2513 3274 perturbata
2553 3204 2803 3267 civitate,
2853 3204 3193 3272 sanguinario
3239 3214 3503 3275 tyranno,
3550 3210 3795 3264 saeculari

2208 3308 2433 3363 pompa,
2468 3294 2520 3346 in
2561 3292 2869 3347 Bethlehem
2909 3294 3017 3347 cito
3057 3309 3251 3362 perge,
3280 3296 3370 3348 ubi
3413 3296 3604 3350 domus
3644 3300 3797 3366 panis

2207 3382 2518 3451 Spiritualis.
2550 3381 2662 3435 Etsi
2686 3382 2826 3435 enim
2857 3392 3035 3449 pastor
3060 3381 3241 3446 fueris,
3273 3396 3445 3451 eoque
3470 3385 3753 3440 adveneris
3773 3428 3790 3453 ,

2208 3487 2427 3541 puerum
2473 3472 2525 3524 in
2570 3471 2863 3526 diversorio
2905 3471 3127 3526 videbis.
3174 3470 3395 3525 Etiamsi
3437 3488 3531 3527 rex
3587 3473 3750 3530 fueris
3776 3516 3793 3542 ,

2208 3578 2305 3616 nec
2351 3572 2525 3616 tamen
2570 3561 2888 3625 adveneris,
2929 3560 3061 3615 nihil
3102 3561 3195 3615 tibi
3238 3575 3469 3631 purpura
3515 3563 3789 3631 proderit;

2208 3649 2624 3720 etiamsi‘magus
2650 3652 2832 3715 fueris,
2862 3652 2992 3705 nihil
3019 3659 3071 3705 te
3100 3652 3202 3705 hoc
3226 3652 3513 3719 impediet,
3546 3654 3590 3707 si
3621 3655 3786 3709 modo

2210 3743 2563 3798 honoraturus
2593 3741 3010 3811 adoratumsque
3032 3743 3324 3798 accesseris
3343 3782 3355 3804 ,
3386 3758 3485 3797 nec
3511 3746 3793 3799 conculca-

2210 3843 2357 3888 turus
2383 3834 2575 3887 Filium
2614 3832 2709 3887 Dei
2740 3849 2756 3885 :
2785 3832 2833 3886 si
2870 3845 2991 3886 cum
3037 3840 3273 3887 tremore
3312 3834 3471 3887 simul
3510 3844 3565 3888 et
3599 3835 3797 3904 gaudio

2210 3924 2311 3980 hoc
2338 3924 2544 3994 egeris;
2578 3925 2689 3978 haec
2712 3926 2856 3979 enim
2888 3926 3046 3978 ambo
3070 3935 3293 3993 possunt
3317 3941 3656 3982 concurrere.
3684 3926 3793 3983 Sed

2208 4029 2337 4069 cave
2362 4029 2432 4068 ne
2459 4014 2652 4068 Herodi
2680 4015 2867 4069 similis
2895 4015 2967 4068 sis
2996 4022 3051 4069 et
3070 4014 3235 4079 dicas,
3270 4014 3337 4070 Ut
3362 4019 3559 4072 veniens
3583 4018 3793 4071 adorent

2210 4119 2322 4156 eum
2347 4104 2711 4167 ,veniensque
2758 4104 3000 4157 occidere
3042 4113 3235 4158 tentes.
3286 4104 3362 4159 llli
3404 4108 3544 4161 enim
3589 4108 3795 4162 similes

2212 4202 2369 4257 sunt,
2394 4190 2485 4261 qui
2516 4191 2726 4260 indigne
2752 4196 3129 4263 mysteriorum
3159 4196 3442 4266 participes
3472 4208 3614 4251 sunt.
3656 4198 3791 4252 Nam

2211 4286 2301 4355 qui
2325 4284 2619 4355 huiusmodi
2645 4298 2746 4353 est,
2779 4287 2909 4341 Reus
2923 4290 3037 4354 erit,
3061 4291 3249 4359 inquit,
3276 4293 3499 4359 corporis
3521 4302 3567 4346 et
3588 4292 3795 4360 sangui-

2213 4379 2291 4430 nis
2318 4375 2518 4431 Domini
2545 4380 2621 4449 (ί.
2645 4377 2762 4431 Cor.
2789 4380 2873 4433 ll.
2897 4379 3009 4449 27).
3042 4379 3173 4434 Nam
3201 4382 3290 4449 qui
3317 4381 3618 4449 hujusmodi
3646 4390 3797 4447 sunt,

2215 4466 2411 4522 habent
2458 4468 2511 4521 in
2556 4482 2613 4521 se
2658 4479 2937 4538 tyrannum
2984 4470 3306 4525 invidentem
3351 4486 3515 4539 regno
3552 4470 3794 4533 Christi,

2216 4573 2513 4612 mamonam
2542 4576 2727 4623 nenipe
2757 4559 2965 4613 lierode
2991 4560 3324 4627 Iniquiorem.
3355 4559 3453 4614 ilic
3476 4561 3671 4627 quippe
3696 4562 3793 4614 im.

2214 4662 2403 4717 persto
2443 4647 2591 4712 vult,
2631 4650 2891 4717 mittitque
2932 4648 3165 4703 cultores
3208 4662 3333 4702 suos
3359 4691 3371 4711 ,
3414 4652 3501 4719 qui
3546 4651 3797 4707 simulate

2213 4737 2427 4806 quidem
2461 4738 2711 4801 adorent,
2742 4742 2834 4793 sed
2866 4737 3136 4791 adcrando
3173 4737 3435 4807 jugulent.
3483 4739 3795 4795 Timeamus

2211 4827 2421 4897 itaque,
2451 4842 2519 4881 ne
2541 4828 2771 4895 speciem
2802 4827 3097 4896 supplicum
3144 4839 3197 4881 et
3224 4828 3559 4883 adoratorum
3592 4829 3794 4884 habea-

2211 4931 2330 4970 mus
2358 4957 2371 4979 ,
2418 4931 2578 4985 opere
2620 4926 2793 4971 autem
2837 4918 3101 4971 contraria
3131 4917 3494 4972 exhibeamus.
3545 4918 3794 4975 Omniae

2210 5008 2450 5062 manibus
2475 5008 2808 5076 projiciamus
2836 5008 3125 5062 adoraturi.
3159 5008 3212 5064 Si
3237 5024 3427 5064 aurum
3459 5010 3749 5065 habeamus
3772 5051 3790 5078 ,

2210 5098 2382 5164 ipsum
2420 5097 2702 5152 offeramus
2725 5141 2740 5163 ,
2774 5113 2872 5152 nec
2915 5095 3264 5153 defodiamus.
3308 5098 3362 5154 Si
3393 5100 3535 5154 enim
3579 5100 3793 5155 barbari

2208 5186 2281 5241 illi
2308 5188 2385 5239 ad.
2402 5188 2654 5241 honorem
2681 5202 2900 5244 munera
2932 5197 3057 5245 tunc
3082 5189 3410 5252 obtulerunt,
3454 5190 3574 5258 quis
3600 5200 3654 5243 tu
3684 5192 3792 5247 eris

2208 5277 2307 5332 nisi
2352 5277 2551 5331 tribuas
2578 5278 2863 5348 indigenti?
2890 5280 2934 5335 si
2965 5280 3037 5333 illi
3070 5289 3267 5334 tantam
3300 5296 3583 5349 suscepere
3605 5283 3745 5336 viam
3770 5323 3788 5348 ,

2208 5375 2266 5450 ut
2304 5377 2484 5420 natum
2514 5366 2788 5432 viderent,
2818 5385 2971 5437 quam
3008 5371 3405 5425 excusationem
3445 5370 3663 5428 habebis
3691 5384 3745 5427 tu
3770 5414 3789 5441 ,

2208 5458 2295 5527 qui
2322 5473 2389 5512 ne
2411 5459 2479 5513 ad
2508 5459 2675 5514 vicum
2696 5459 2913 5529 quidem
2933 5476 3095 5516 unum
3120 5476 3391 5530 properas,
3417 5470 3471 5516 ut
3498 5462 3787 5527 inﬁrmum,

2207 5555 2262 5602 et
2288 5547 2342 5602 in
2363 5546 2583 5603 vinculis
2604 5548 2875 5605 detentum
2897 5550 3118 5605 visites?
3146 5551 3303 5621 Atqui
3327 5566 3425 5608 nos
3448 5562 3502 5607 et
3524 5552 3789 5620 infirmos,
