4140 6298
220 343 298 397 ηε
1449 346 1517 402 ΙΝ
1557 347 1816 404 ΜΑΊΊΙΑΞ

1967 344 2198 403 ιιοιιιι..
2243 347 2356 402 Vll.
3469 379 3539 436 8°

225 478 278 522 et
306 468 517 523 vinctos
539 507 558 534 ,
591 467 698 521 imo
725 472 782 520 et
827 461 1072 518 inimicos
1115 460 1472 524 miseramur;
1514 469 1570 513 tu
1603 472 1730 514 vero
1761 472 1827 513 ne

225 554 527 615 beneficum
577 556 791 628 quidem
839 565 892 610 et
939 553 1222 609 Dominum
1270 551 1460 606 tuum?
1509 549 1588 604 illi
1636 565 1823 604 aurum

221 650 571 715 obtulerunt;
603 660 657 704 tu
687 665 878 719 panem
911 648 994 701 vix
1021 645 1279 701 dederis?
1323 645 1398 698 illi
1431 643 1641 698 stellam
1671 642 1822 699 vide-

223 749 341 797 runt
367 781 382 807 ,
425 751 478 795 et
502 740 669 812 gavisi
699 747 859 805 sunt;
892 750 944 792 tu
975 752 1106 812 vero
1131 736 1405 790 Christum
1431 735 1616 790 videns
1641 735 1825 806 hospi-

224 839 330 889 tem
363 840 419 887 ct
445 831 648 886 malum
672 872 685 892 ,
720 846 825 884 non
856 828 1084 884 flecteris
1103 828 1145 880 ?~
1161 827 1292 893 Quis
1317 827 1460 881 enim
1496 834 1730 879 vestrum
1761 841 1824 879 ex

223 924 288 980 iis
313 924 407 994 qui
438 924 586 978 mille
615 923 871 977 beneficia
899 927 1242 989 acceperunt,
1270 928 1468 972 tantam
1497 933 1593 987 pro
1616 917 1828 971 Christo

223 1015 462 1082 suscepit
491 1015 976 1086 peregrinationem
1000 1054 1014 1076 ,
1048 1020 1299 1081 quantum
1331 1010 1403 1064 illi
1437 1009 1686 1075 barbari,
1720 1009 1826 1063 imo

224 1105 292 1159 illi
342 1105 680 1175 philosOphis
726 1104 1117 1172 sapientiores?
1169 1103 1229 1158 Et
1283 1103 1408 1173 quid
1454 1102 1575 1157 dico
1625 1110 1825 1156 tantam

225 1197 413 1252 viam?
463 1198 636 1252 Multa:
666 1197 804 1266 apud
837 1212 936 1250 nos
965 1195 1217 1250 mulieres
1255 1195 1325 1249 ita
1357 1194 1549 1249 molles
1575 1203 1736 1258 sunt,
1774 1202 1827 1246 ut

222 1302 290 1344 ne
331 1289 510 1341 vicum
559 1304 722 1341 unum
774 1299 1104 1342 transmeare
1147 1287 1350 1352 velint,
1390 1285 1528 1340 utin
1560 1283 1822 1356 spirituali

222 1386 489 1456 praesepio
534 1385 705 1455 ipsum
749 1383 1003 1449 videant,
1059 1384 1157 1438 nisi
1197 1383 1352 1438 mulis
1393 1381 1675 1438 vehantur.
1720 1381 1822 1436 Alii

214 1477 417 1548 quibus
450 1478 590 1530 inest
622 1475 929 1530 ambulandi
958 1474 1181 1529 facultas
1205 1515 1220 1539 ,
1250 1475 1332 1528 vel
1360 1473 1695 1529 saecularium
1725 1488 1822 1528 ne-

224 1566 490 1636 gotiorum
533 1566 743 1621 turbam
771 1607 786 1630 ,
835 1565 917 1620 vel
969 1564 1295 1619 theatrorum
1341 1563 1824 1634 frequentationem

220 1655 349 1712 huic
386 1658 548 1713 cmtui
580 1666 932 1726 anteponunt.
986 1657 1050 1710 Et
1083 1656 1290 1712 barbari
1320 1656 1537 1727 quidem
1570 1656 1642 1711 illi
1669 1666 1825 1710 ante-

217 1763 383 1818 quam
411 1749 558 1802 illum
589 1747 849 1815 viderent,
880 1756 1082 1802 tantum
1105 1746 1318 1803 itineris
1345 1749 1550 1804 emensi
1579 1759 1740 1814 sunt,
1771 1758 1824 1802 tu

216 1854 350 1895 vero
387 1854 489 1894 nec
529 1849 809 1909 postquam
850 1840 1025 1894 vidisti
1070 1839 1295 1894 imitaris
1338 1839 1488 1906 illos;
1534 1839 1629 1895 sed
1669 1849 1818 1910 post.

221 1945 384 1996 quam
414 1929 589 1984 vidisti
617 1972 632 1994 ,
665 1930 754 1984 illo
779 1929 1000 1984 dimisso
1023 1970 1038 1992 ,
1067 1929 1133 1983 ad
1168 1930 1388 1984 mimum
1417 1929 1705 1985 videndum
1732 1943 1824 1984 ac.

221 2022 447 2094 eurris(
478 2021 669 2077 iisdem
687 2022 842 2078 enim
883 2021 1124 2077 insistam
1155 2021 1348 2092 quibus
1379 2037 1548 2093 nuper
1575 2022 1592 2092 )
1623 2038 1637 2075 :
1666 2022 1825 2078 Chri-

212 2121 365 2168 stum
394 2113 446 2168 in
485 2113 747 2183 prmscpio
779 2112 1048 2182 iacentem
1080 2113 1336 2183 relinquis
1357 2156 1373 2182 ,
1403 2123 1461 2170 ut
1485 2114 1736 2170 mulieres
1769 2114 1818 2171 in

216 2217 385 2259 scena
423 2203 624 2260 videas.
670 2203 873 2272 Quibus
911 2204 1028 2259 bare
1052 2203 1360 2260 fulminibus
1384 2205 1541 2276 digna
1571 2221 1676 2260 non
1709 2204 1822 2260 fue-

220 2295 329 2349 rint
347 2295 372 2349 Ἰ

281 2463 336 2518 6.
369 2462 425 2519 Si
454 2463 596 2534 quis,
624 2476 828 2534 quaeso,
857 2462 1222 2532 polliceretur,
1255 2472 1307 2518 te
1332 2463 1390 2518 in
1419 2463 1616 2534 regiam
1647 2462 1810 2518 intro-

202 2551 432 2618 ducere.
463 2555 954 2626 imperatoremque
979 2556 1255 2612 sedentem
1284 2557 1373 2612 tibi
1401 2562 1710 2622 ostendere,
1743 2572 1809 2611 an

213 2645 520 2718 huiusmodi
541 2650 844 2718 spectaculo
867 2648 1132 2705 theatrum
1159 2651 1478 2715 antelerres,
1503 2650 1708 2705 etiamsi
1736 2651 1813 2703 ni--

213 2738 283 2795 hil
317 2743 445 2796 hinc
478 2742 609 2795 lucri
639 2740 840 2796 referre
866 2744 1090 2811 posses?
1117 2743 1212 2797 Hic
1240 2757 1366 2797 vero
1397 2741 1515 2796 fons
1542 2741 1678 2813 ignis
1703 2743 1807 2810 Spi-

215 2831 424 2886 ritualis
450 2847 515 2886 ex
545 2832 644 2886 hac
670 2846 854 2887 mensa
880 2833 1098 2887 scaturit
1126 2850 1137 2885 :
1166 2841 1218 2886 tu
1249 2847 1378 2886 vero
1408 2833 1504 2885 hac
1535 2831 1719 2886 relicta
1747 2831 1810 2883 ad

216 2922 480 2978 theatrum
511 2923 747 2978 aceurris
776 2931 1023 2978 natantes
1052 2923 1309 2984 mulieres
1339 2933 1673 2993 spectaturus
1697 2965 1711 2989 ,
1752 2939 1814 2978 ac

215 3028 402 3070 sexum
455 3014 604 3069 illum
654 3014 1097 3079 deboncstatum,
1137 3014 1514 3085 Christumque
1559 3016 1813 3085 relinquis

217 3104 343 3161 fonti
375 3104 748 3161 assidentem?
777 3105 989 3160 Etenim
1020 3121 1162 3159 nunc
1190 3121 1404 3175 quoque
1428 3105 1577 3174 iuxta
1609 3105 1810 3158 fontem

217 3199 361 3253 sedet
385 3240 401 3263 ,
431 3195 951 3252 nonSamaritanam
976 3195 1285 3264 alloquens,
1313 3195 1406 3250 sed
1440 3203 1602 3250 totam
1628 3196 1815 3250 civita-

218 3299 317 3344 tem
358 3307 371 3343 :
403 3287 632 3343 fortasse
658 3302 786 3342 vero
817 3302 956 3341 nunc
985 3301 1194 3356 quoque
1219 3287 1610 3341 Samaritanam
1640 3285 1810 3340 solam

215 3379 531 3450 alloquitur.
575 3377 745 3432 Nemo
775 3379 917 3432 enim
949 3377 1046 3447 ipsi
1077 3391 1217 3435 nunc
1246 3377 1397 3432 adest
1425 3418 1438 3442 ,
1469 3376 1570 3432 nisi
1597 3376 1813 3447 quidam

214 3485 444 3542 corpore
471 3479 694 3534 tantum,
726 3469 812 3522 alii
842 3477 1021 3522 autem
1051 3483 1117 3522 ne
1143 3482 1370 3538 corpore
1393 3468 1633 3538 quidem.
1664 3469 1815 3522 Atta-

217 3577 337 3616 men
371 3562 488 3630 ipse
517 3575 625 3614 non
658 3559 897 3623 recedit;
926 3557 1020 3613 sed
1063 3569 1243 3613 manet
1271 3567 1451 3627 potum
1478 3572 1508 3610 a
1539 3557 1694 3612 nobis
1723 3573 1817 3626 po-

217 3653 444 3716 stulans,
478 3667 584 3705 non
615 3666 839 3719 aquam,
869 3650 964 3704 sed
995 3649 1376 3704 sanctitatem:
1411 3657 1594 3704 saneta
1622 3650 1816 3718 quippe

214 3742 418 3797 sanctis
446 3744 647 3797 tribuit.
681 3743 862 3814 Neque
887 3743 1029 3798 enim
1048 3758 1248 3812 aquam
1276 3757 1341 3796 ex
1371 3741 1473 3795 hoc
1499 3740 1647 3795 fonte
1677 3756 1817 3810 pra:-

214 3832 324 3898 bet,
345 3833 442 3889 sed
468 3835 780 3905 sanguinem
803 3836 1090 3897 viventem,
1114 3837 1202 3905 qui
1230 3833 1532 3904 symbolum
1555 3842 1637 3888 est
1664 3847 1812 3887 mor-

215 3928 302 3989 tis,
334 3927 430 3981 sed
451 3930 573 3982 vitae
595 3943 755 3983 causa
781 3936 883 3984 est.
908 3927 988 3982 Tu
1012 3939 1186 3982 autem
1216 3926 1401 3981 relicto
1421 3924 1568 3980 fonte
1594 3925 1813 3994 sangui-

211 4019 318 4085 nis,
327 4018 532 4092 poculo
547 4019 638 4073 illo
659 4019 955 4085 tremendo,
973 4018 1038 4072 ad
1057 4017 1257 4072 fontem
1277 4017 1453 4087 pergis
1468 4015 1810 4081 diabolicum,

209 4118 272 4163 ut
319 4120 593 4166 natantem
642 4113 975 4166 meretricem
1019 4111 1348 4180 conspicias,
1392 4115 1447 4162 et
1481 4106 1812 4176 naufragium

209 4203 408 4258 animae
436 4203 675 4272 patiaris.
706 4206 854 4273 Aqua
885 4204 1026 4258 enim
1055 4203 1144 4256 illa
1173 4201 1392 4271 pelagus
1421 4209 1503 4253 est
1532 4199 1768 4254 libidinis
1793 4240 1809 4264 ,

212 4309 320 4348 non
361 4309 590 4363 corpora
635 4293 1019 4364 sulnnergcns,
1065 4291 1160 4346 sed
1200 4292 1497 4345 animarum
1539 4287 1812 4357 naufragia

215 4386 448 4453 pariens.
490 4384 594 4440 Sed
642 4385 728 4439 illa
760 4393 906 4438 natat
936 4384 1074 4438 nuda
1101 4425 1115 4449 ,
1152 4392 1204 4437 tu
1232 4397 1362 4437 vero
1387 4382 1573 4436 videns
1600 4381 1815 4436 demer-

211 4477 354 4546 geris
384 4479 438 4532 in
471 4476 795 4546 profundum
827 4476 1076 4530 libidinis.
1111 4475 1254 4530 Talis
1282 4474 1476 4544 quippe
1505 4482 1587 4529 εει
1614 4474 1809 4528 diaboli

207 4583 411 4639 sagena
446 4587 457 4622 :
493 4584 598 4622 non
630 4583 724 4623 eos
748 4568 838 4638 qui
872 4568 921 4621 in
950 4581 1142 4636 aquam
1170 4565 1538 4630 descendunt,
1567 4566 1658 4620 sed
1693 4567 1812 4619 illus

209 4665 390 4734 potius
420 4665 508 4733 qui
541 4678 750 4718 sursum
779 4661 1006 4723 sedent,
1039 4677 1198 4731 quam
1229 4675 1324 4715 eos
1352 4659 1444 4730 qui
1474 4660 1524 4713 in
1554 4674 1688 4728 aqua
1721 4674 1814 4712 ve-

209 4756 455 4810 lntantnr
476 4795 490 4817 ,
520 4756 866 4826 submergere
895 4754 1064 4820 solet,
1096 4753 1395 4821 saeviusque
1426 4750 1648 4805 suﬂoeat
1673 4765 1766 4805 eos
1790 4791 1808 4818 ,

206 4861 370 4917 quam
418 4845 751 4902 Pharaonem
779 4887 793 4913 ,
835 4846 924 4915 qui
965 4861 1087 4898 cum
1130 4846 1282 4914 equis
1316 4853 1369 4898 et
1412 4843 1656 4916 curribus
1688 4853 1812 4898 tunc

205 4938 495 4994 demersus
521 4946 624 4992 est.
659 4936 729 4991 Et
753 4937 796 4990 si
825 4936 1037 5005 quidem
1065 4936 1270 4990 animas
1299 4935 1480 4990 videre
1507 4949 1808 5004 possemus,

209 5029 477 5098 plurimas
505 5027 658 5082 vobis
687 5027 1024 5083 ostenderem
1059 5027 1140 5081 his
1169 5028 1322 5098 aquis
1360 5036 1766 5097 supernatantes
1794 5069 1806 5089 ,

207 5122 350 5177 sicut
396 5130 525 5175 tunc
567 5119 940 5191 Egyptiorum
979 5135 1223 5190 corpora.
1274 5120 1380 5176 Sed
1418 5121 1561 5192 quod
1598 5122 1810 5192 gravius

207 5222 326 5277 est,
361 5211 521 5267 talem
549 5211 836 5282 perniciem
868 5211 1192 5280 voluptatem
1222 5213 1525 5284 appellant,
1552 5223 1608 5268 et
1637 5215 1812 5285 pcrdi-

210 5305 374 5360 tionis
424 5304 646 5373 pelagus
690 5303 1058 5358 delectationis
1101 5306 1342 5373 euripum
1385 5316 1594 5362 vocant.
1651 5309 1808 5377 Atqui

209 5395 416 5450 facilius
443 5404 525 5448 est
551 5393 794 5463 Egmum
823 5405 878 5448 et
907 5393 1292 5464 Tyrrhenicum
1324 5413 1492 5463 mare,
1523 5413 1680 5466 quam
1715 5399 1812 5451 hu-

211 5485 440 5555 iusmodi
483 5484 849 5554 spectaculum
889 5492 1002 5538 tuto
1045 5485 1312 5555 trajicere.
1355 5487 1485 5541 Nam
1516 5489 1687 5557 primo
1717 5506 1812 5560 per

212 5584 372 5630 totam
435 5585 652 5631 noctem
713 5574 954 5630 diabolus
1015 5577 1091 5630 rei
1153 5579 1552 5648 exspectatione
1605 5581 1812 5636 animos

212 5676 550 5740 pmewpat
575 5682 590 5722 :
612 5666 808 5724 deinde
839 5675 1117 5738 postquam
1147 5667 1200 5725 id
1225 5669 1368 5741 quod
1402 5672 1812 5741 exspectabatur

1950 458 2200 528 ostendit,
2221 465 2401 517 statim
2421 461 2602 534 alligat
2624 470 2676 518 et
2697 463 2937 533 capti-vos
2956 462 3139 519 efficit.
3162 464 3239 521 Ne
3263 465 3405 521 enim
3427 481 3551 538 quia

1945 569 2064 610 eum
2094 555 2378 613 meretrice
2405 570 2510 610 non
2538 553 2769 619 eoivisti,
2795 563 2847 608 te
2876 564 3029 624 putes
3053 570 3080 607 a
3107 565 3330 626 peccato
3356 558 3548 613 immu-

1943 663 2064 702 nem
2091 662 2212 703 esse
2238 666 2251 703 :
2275 663 2338 702 ex
2372 646 2804 716 concupiscentia
2835 647 3032 719 quippe
3058 657 3226 704 totum
3250 648 3543 718 perfecisti.

1941 737 2072 793 Nam
2111 740 2155 792 si
2191 737 2622 806 concupiscentia
2663 735 2940 804 detineris,
2979 737 3238 808 majorem
3270 737 3542 795 flammam

1934 830 2225 888 accendisti
2249 848 2263 898 ;
2297 831 2379 887 sin
2408 839 2586 885 autem
2618 829 2731 884 hazc
2756 827 3065 901 aspiciendo
3095 825 3227 881 nihil
3257 822 3490 880 moveris
3510 862 3528 888 ,

1933 925 2121 994 majori
2151 924 2325 995 culpa:
2363 923 2627 978 obnoxius
2650 936 2710 976 es
2736 963 2749 986 ,
2794 919 2937 992 quod
2968 919 3175 974 cancris
3210 914 3534 971 offendicula

1931 1017 2006 1070 sis
2037 1057 2052 1083 ,
2085 1024 2139 1070 et
2182 1013 2327 1085 quod
2374 1012 2695 1085 spectaculis
2738 1011 2950 1066 illectus
2971 1051 2985 1076 ,
3015 1019 3073 1065 et
3116 1006 3303 1064 oculos
3335 1015 3454 1061 tuos
3479 1014 3533 1060 et

1929 1121 2052 1160 cum
2084 1105 2256 1160 oculis
2289 1105 2456 1175 ipsam
2485 1104 2717 1162 animam
2746 1103 3020 1170 detnrpes.
3051 1098 3247 1153 Verum
3272 1111 3338 1152 ne
3365 1097 3533 1151 simus

1937 1198 2297 1268 :nerepatione
2341 1197 2456 1252 sola
2496 1195 2774 1259 contenti,
2838 1208 2936 1264 age
2980 1192 3090 1262 iam
3139 1187 3532 1245 emendationis

1931 1291 2150 1345 modum
2183 1291 2573 1362 perquiramus.
2617 1289 2747 1358 Quis
2777 1303 2905 1361 ergo
2936 1286 3125 1341 modus
3154 1283 3296 1339 erit?
3331 1281 3531 1339 Uxori-

1933 1383 2032 1436 bus
2058 1386 2250 1438 vestris
2279 1399 2371 1438 vos
2414 1384 2626 1440 tradere
2657 1381 2777 1437 volo
2802 1423 2816 1447 ,
2851 1391 2905 1435 ut
2949 1382 3079 1452 ipsa:
3123 1393 3217 1434 vos
3262 1377 3528 1433 erudiant.

1929 1473 2223 1543 Oportebat
2261 1474 2475 1545 quidem
2498 1517 2513 1539 ,
2546 1473 2841 1530 secundum
2885 1472 3033 1526 Pauli
3063 1471 3233 1540 legem
3261 1513 3276 1536 ,
3308 1484 3406 1524 vos
3431 1468 3532 1523 do-

1929 1577 2107 1622 ctores
2148 1582 2269 1622 esse
2293 1584 2307 1624 :
2334 1568 2456 1638 quia
2497 1582 2627 1623 vero
2666 1582 2764 1638 per
2801 1575 3077 1635 peccatum
3120 1566 3364 1618 inversus
3399 1561 3534 1615 ordo

1930 1657 2049 1726 fuit,
2081 1667 2136 1714 et
2161 1674 2358 1730 corpus
2387 1660 2633 1730 superius
2652 1701 2666 1725 ,
2699 1667 2857 1728 caput
2886 1671 3015 1712 vero
3047 1655 3271 1711 inferius
3297 1653 3530 1726 positum

1929 1740 2032 1818 est,
2049 1753 2197 1810 hanc
2217 1754 2404 1809 saltem
2429 1754 2567 1809 viam
2590 1752 2910 1823 deligamus.
2928 1749 3080 1816 Quod
3103 1749 3146 1802 si
3170 1744 3531 1818 magisterium

1931 1846 2172 1902 mulieris
2202 1847 2478 1903 erubescis
2503 1888 2516 1911 ,
2546 1847 2670 1917 fuge
2695 1853 2972 1916 peccatum
2992 1886 3007 1909 ,
3037 1854 3092 1899 et
3118 1842 3223 1897 cito
3250 1841 3452 1912 poteris
3479 1840 3532 1895 iu

1891 1939 1894 1942 ’
1928 1938 2125 1993 solium
2166 1953 2196 1994 a
2241 1940 2349 1995 Deo
2389 1940 2481 2013 tibi
2519 1939 2702 1994 datum
2737 1935 3047 1992 ascendere.
3087 1933 3349 2001 Quamdiu
3387 1941 3533 1988 certe

1930 2031 2257 2099 peccaveris,
2279 2047 2383 2084 non
2407 2030 2470 2085 ad
2495 2031 2748 2085 mulieres
2775 2039 2998 2093 tantum,
3019 2025 3111 2082 sed
3135 2026 3296 2082 etiam
3313 2025 3379 2078 ad
3403 2025 3531 2079 hruo

1924 2131 2104 2178 torum
2130 2125 2438 2182 animalium
2460 2124 2716 2178 vilissima
2748 2130 2801 2177 te
2827 2121 2990 2175 mittit
3017 2119 3292 2189 Scriptura
3319 2136 3332 2172 :
3357 2131 3530 2189 neque

1927 2217 2196 2272 erubescit
2237 2216 2444 2278 ratione
2480 2214 2760 2284 prmditttm
2792 2213 2859 2268 ad
2897 2212 3173 2268 formicam
3209 2211 3529 2281 discipulum

1918 2309 2166 2365 mittere.
2185 2307 2369 2379 Neque
2389 2307 2530 2362 enim
2551 2306 2601 2362 id
2623 2305 2912 2376 Scripturte
2929 2304 3084 2374 culpa
3103 2312 3204 2369 est,
3228 2301 3323 2358 sed
3344 2317 3530 2358 eorum

1927 2401 2019 2470 qui
2067 2401 2147 2456 sic
2189 2399 2521 2454 nobilitatem
2563 2397 2849 2468 prodidere
2888 2411 3064 2452 suam.
3116 2395 3227 2450 ΙΙοε
3256 2405 3402 2452 certe
3437 2409 3531 2451 nos

1927 2509 2144 2564 quoque
2182 2493 2439 2548 faciemus
2472 2511 2485 2546 :
2513 2506 2578 2546 ac
2607 2506 2748 2546 nunc
2774 2489 2990 2561 quidem
3023 2498 3075 2546 te
3100 2489 3309 2543 mulieri
3354 2485 3530 2543 trade-

1921 2586 2153 2644 muszsi
2195 2595 2373 2643 autem
2408 2583 2547 2638 hanc
2593 2583 2937 2654 despexeris,
2981 2580 3053 2636 ad
3085 2580 3526 2637 irrationabilinm

1929 2688 1982 2733 te
2008 2675 2370 2746 magisterium
2400 2676 2676 2730 mittemus
2699 2717 2713 2741 ,
2744 2684 2796 2729 et
2831 2672 3180 2733 ostendemus
3210 2681 3340 2743 quot
3368 2687 3496 2727 aves
3517 2715 3529 2738 ,

1927 2777 2058 2838 quot
2088 2767 2280 2836 pisces,
2309 2775 2442 2836 quot
2469 2765 2868 2836 quadrupedes,
2892 2773 3021 2836 quot
3052 2764 3259 2834 reptilia
3287 2765 3531 2819 animalia

1931 2870 1981 2914 te
2014 2858 2320 2913 honestiora
2350 2865 2403 2911 ει
2432 2857 2847 2926 temperantiam
2885 2854 3185 2915 videantur.
3214 2854 3366 2924 Quod
3395 2855 3440 2908 si
3466 2852 3533 2908 du

1922 2949 2329 3019 comparatione
2358 2948 2648 3004 erubescas
2669 2989 2683 3014 ,
2712 2947 2943 3002 ascende
2973 2947 3037 3000 ad
3071 2948 3347 3016 pristinam
3382 2947 3531 3002 nubi-

1914 3055 2151 3113 litatem,
2177 3062 2241 3101 ac
2254 3045 2516 3117 gehenna
2530 3042 2756 3113 pelagus
2772 3038 3105 3108 fluviumque
3127 3037 3346 3109 igneum
3379 3036 3527 3106 fuge,

1929 3141 2078 3196 illam
2109 3139 2234 3193 dico
2263 3136 2531 3206 piscinam
2562 3133 2906 3188 theatralem.
2950 3129 3075 3185 Haec
3119 3130 3264 3185 enim
3317 3129 3530 3199 piscina

1933 3233 2161 3300 pelagus
2193 3226 2326 3281 illud
2367 3225 2466 3278 tibi
2501 3222 2780 3280 conciliat.
2815 3228 2870 3274 et
2903 3220 3052 3274 illam
3080 3219 3314 3273 ﬂammae
3359 3219 3526 3286 abys-

1932 3335 2053 3375 sum
2092 3314 2400 3373 succendit.

1993 3507 2053 3560 '7.
2077 3504 2210 3560 Nam
2254 3505 2327 3569 si,
2355 3505 2456 3574 Qui
2493 3506 2700 3577 respicit
2748 3505 3009 3558 mulierem
3059 3503 3128 3556 ad
3167 3502 3532 3571 concupiscen-

1928 3600 2073 3664 dum,
2110 3600 2227 3669 jam
2270 3600 2546 3652 moechatus
2572 3608 2644 3652 est
2681 3599 2699 3666 (
2724 3597 2910 3651 Matth.
2934 3597 2989 3654 ‘5.
3019 3596 3091 3652 28
3116 3597 3170 3667 ):
3217 3596 3305 3666 qui
3337 3596 3533 3649 nudam

1925 3689 2150 3746 omnino
2178 3690 2449 3759 respicere
2474 3704 2578 3743 non
2611 3688 2837 3751 dubitat,
2869 3685 3138 3757 quomodo
3164 3701 3271 3740 non
3299 3700 3534 3741 sexcen-

1929 3781 2030 3836 ties
2071 3780 2312 3850 captivus
2357 3778 2651 3834 efficietur?
2699 3777 2815 3832 Non
2867 3778 2936 3831 ita
2983 3777 3245 3832 diluvium
3294 3786 3536 3846 tempore

1927 3870 2056 3926 Noze
2087 3871 2366 3925 hominum
2413 3885 2585 3941 genus
2633 3869 2883 3938 perdidit,
2920 3879 2974 3923 ut
3009 3869 3110 3923 illrc
3145 3877 3386 3922 natantes
3412 3883 3534 3922 eum

1928 3963 2092 4016 multa
2143 3961 2473 4030 turpitudine
2522 3969 2851 4029 Spectatores
2881 3973 3070 4013 omnes
3110 3960 3394 4013 suli‘ocant.
3443 3958 3533 4012 illa

1926 4055 2121 4123 quippe
2143 4052 2328 4121 pluvia
2361 4052 2570 4106 etiamsi
2602 4060 2828 4104 mortem
2857 4065 3143 4120 corporum
3166 4048 3409 4115 inferret,
3442 4065 3533 4105 ne-

1926 4144 2147 4213 quitiam
2194 4152 2369 4197 tamen
2413 4142 2606 4195 animae
2651 4139 2966 4195 auferebat:
2998 4140 3111 4195 haec
3159 4151 3368 4205 contra,
3417 4156 3534 4194 ma-

1930 4246 2092 4292 nente
2131 4251 2357 4305 corpore
2402 4237 2635 4289 animam
2683 4234 2959 4289 interimit.
2995 4234 3102 4288 Vos
3140 4244 3286 4289 certe
3316 4249 3437 4289 cum
3469 4235 3532 4290 de

1936 4329 2107 4397 primo
2154 4343 2411 4382 consessu
2457 4327 2653 4397 agitur,
2685 4340 2782 4380 vos
2815 4334 2983 4379 totum
3013 4325 3198 4380 orbem
3231 4326 3532 4394 prmeedere

1927 4419 2268 4486 contenditis,
2304 4418 2557 4488 quoniam
2589 4417 2777 4472 civitas
2804 4427 2981 4472 vestra
3011 4417 3181 4486 prima
3201 4414 3526 4470 Christiano-

1930 4527 2044 4565 rum
2073 4526 2265 4566 nomen
2305 4510 2544 4566 adhibuit
2564 4509 2638 4582 (a)
2661 4511 2794 4578 (Act.
2830 4511 2913 4564 ll.
2942 4509 3072 4578 26);
3105 4524 3226 4563 cum
3253 4517 3429 4563 autem
3467 4508 3533 4563 de

1928 4604 2174 4659 castitate
2202 4607 2394 4674 agitur,
2448 4617 2516 4656 ne
2558 4602 2626 4653 ab
2667 4601 3048 4670 agrestioribus
3087 4600 3300 4670 quidem
3347 4600 3528 4654 civita-

1931 4697 2070 4751 tibus
2098 4697 2340 4766 superari
2371 4695 2705 4750 erubescitis.
2738 4694 2896 4748 Certe
2928 4693 3135 4763 inquies
3169 4712 3180 4745 :
3213 4692 3338 4760 quid
3377 4692 3533 4762 igitur

1929 4804 2024 4843 nos
2051 4788 2206 4858 iubes
2231 4786 2447 4842 facere?
2475 4801 2540 4840 an
2571 4794 2782 4841 montes
2812 4784 3127 4847 ascendere,
3158 4793 3217 4838 et
3243 4783 3533 4839 monachos

1928 4881 2084 4934 esse?
2112 4878 2313 4935 Idcirco
2340 4880 2572 4949 ingenio,
2601 4877 2744 4948 quod
2774 4877 2877 4931 illis
2906 4885 3106 4930 tantum
3137 4875 3452 4930 modestiam
3479 4889 3535 4934 et

1927 4973 2224 5026 castitatem
2263 4979 2574 5042 competere
2611 4969 2831 5040 putetis,
2862 4968 2986 5022 licet
3012 4967 3260 5022 Christus
3284 4982 3530 5022 commu-

1927 5079 2023 5118 nes
2051 5064 2195 5133 Ieges
2225 5064 2482 5135 posuerit.
2514 5062 2645 5116 Nam
2673 5077 2792 5115 eum
2826 5060 2974 5124 dicit,
3013 5060 3071 5113 Si
3099 5060 3213 5130 quis
3256 5063 3532 5129 respexerit

1928 5159 2188 5213 mulierem
2231 5158 2299 5209 ad
2341 5153 2795 5224 conatpisceudum
2822 5168 2931 5205 eam
2963 5151 2981 5222 (
3010 5151 3194 5204 Manli.
3225 5152 3278 5206 5.
3311 5151 3382 5206 28
3403 5153 3444 5222 ),
3474 5150 3528 5206 id

1928 5266 2034 5305 non
2076 5248 2339 5303 monacho
2368 5247 2516 5310 dicit,
2566 5244 2661 5300 sed
2703 5243 2986 5314 coniugata
3020 5262 3032 5294 :
3078 5259 3201 5298 nam
3243 5259 3398 5298 mons
3443 5243 3528 5298 ille

1929 5350 2055 5396 tunc
2112 5339 2416 5409 huiusmodi
2467 5337 2596 5392 viris
2648 5336 2883 5406 repletus
2934 5344 3070 5391 erat.
3122 5333 3308 5404 Cogita
3352 5335 3529 5407 itaque

1921 5619 2358 5745 smgqiaﬁgtlimliiiw
2376 5628 2581 5690 primum
2617 5634 2662 5680 in
2696 5631 2936 5684 Christum
2962 5638 3233 5691 credentes
3257 5641 3518 5702 Christiani
