  <div class='ocr_page' id='page_1' title='image "/cluster/home/n/w/nwhite01/storage/ocr_20150623/57/pst.000005712564/095.png"; bbox 0 0 4140 6298; ppageno 0'>
   <div class='ocr_carea' id='block_1_1' title="bbox 653 323 3891 406">
    <p class='ocr_par' dir='ltr' id='par_1_1' title="bbox 653 323 3891 406">
     <span class='ocr_line' id='line_1_1' title="bbox 653 323 3891 406; baseline 0.01 -35"><span class='ocrx_word' id='word_1_1' title='bbox 653 337 707 392; x_wconf 65' lang='grc' dir='ltr'><strong>ει</strong></span> <span class='ocrx_word' id='word_1_2' title='bbox 1365 325 1413 379; x_wconf 88' lang='lat' dir='ltr'><strong>S.</strong></span> <span class='ocrx_word' id='word_1_3' title='bbox 1449 323 1736 383; x_wconf 76' lang='lat' dir='ltr'><strong>JOANNIS</strong></span> <span class='ocrx_word' id='word_1_4' title='bbox 1771 328 2259 388; x_wconf 73' lang='lat' dir='ltr'><strong>CHRYSOS&#39;I&#39;OMI</strong></span> <span class='ocrx_word' id='word_1_5' title='bbox 2295 331 2618 389; x_wconf 62' lang='lat' dir='ltr'><strong>AIKCIIIEP.</strong></span> <span class='ocrx_word' id='word_1_6' title='bbox 2665 335 3214 396; x_wconf 74' lang='lat' dir='ltr'><strong>CONSTANTINOI’.</strong></span> <span class='ocrx_word' id='word_1_7' title='bbox 3821 347 3891 406; x_wconf 64' lang='lat' dir='ltr'><strong>Si</strong></span> 
     </span>
    </p>
   </div>
   <div class='ocr_carea' id='block_1_2' title="bbox 653 451 2204 517">
    <p class='ocr_par' dir='ltr' id='par_1_2' title="bbox 653 451 2204 517">
     <span class='ocr_line' id='line_1_2' title="bbox 653 451 2204 517; baseline 0.004 -13"><span class='ocrx_word' id='word_1_8' title='bbox 653 451 926 505; x_wconf 83' lang='lat' dir='ltr'><strong>theatrum</strong></span> <span class='ocrx_word' id='word_1_9' title='bbox 963 453 1118 517; x_wconf 88' lang='lat' dir='ltr'><strong>illud,</strong></span> <span class='ocrx_word' id='word_1_10' title='bbox 1146 462 1199 506; x_wconf 90' lang='lat' dir='ltr'><strong>ct</strong></span> <span class='ocrx_word' id='word_1_11' title='bbox 1226 454 1330 509; x_wconf 89' lang='lat' dir='ltr'><strong>hoc</strong></span> <span class='ocrx_word' id='word_1_12' title='bbox 1356 456 1686 514; x_wconf 88' lang='lat' dir='ltr'><strong>diabolicum</strong></span> <span class='ocrx_word' id='word_1_13' title='bbox 1729 460 2003 513; x_wconf 75' lang='lat' dir='ltr'><strong>theatrum</strong></span> <span class='ocrx_word' id='word_1_14' title='bbox 2045 473 2204 511; x_wconf 88' lang='lat' dir='ltr'><strong>aver-</strong></span> 
     </span>
    </p>
   </div>
   <div class='ocr_carea' id='block_1_3' title="bbox 655 556 2201 633">
    <p class='ocr_par' dir='ltr' id='par_1_3' title="bbox 655 556 2201 633">
     <span class='ocr_line' id='line_1_3' title="bbox 655 556 2201 633; baseline 0.007 -28"><span class='ocrx_word' id='word_1_15' title='bbox 655 567 794 616; x_wconf 83' lang='lat' dir='ltr'><strong>sare,</strong></span> <span class='ocrx_word' id='word_1_16' title='bbox 825 570 887 608; x_wconf 89' lang='lat' dir='ltr'><strong>ac</strong></span> <span class='ocrx_word' id='word_1_17' title='bbox 913 556 1022 609; x_wconf 92' lang='lat' dir='ltr'><strong>noli</strong></span> <span class='ocrx_word' id='word_1_18' title='bbox 1069 560 1222 627; x_wconf 89' lang='lat' dir='ltr'><strong>quasi</strong></span> <span class='ocrx_word' id='word_1_19' title='bbox 1259 576 1558 617; x_wconf 89' lang='lat' dir='ltr'><strong>onerosum</strong></span> <span class='ocrx_word' id='word_1_20' title='bbox 1598 565 1821 633; x_wconf 83' lang='lat' dir='ltr'><strong>culpare</strong></span> <span class='ocrx_word' id='word_1_21' title='bbox 1872 579 2201 618; x_wconf 81' lang='lat' dir='ltr'><strong>sermonem.</strong></span> 
     </span>
    </p>
   </div>
   <div class='ocr_carea' id='block_1_4' title="bbox 655 655 2205 736">
    <p class='ocr_par' dir='ltr' id='par_1_4' title="bbox 655 655 2205 736">
     <span class='ocr_line' id='line_1_4' title="bbox 655 655 2205 736; baseline 0.004 -25"><span class='ocrx_word' id='word_1_22' title='bbox 655 655 838 725; x_wconf 80' lang='lat' dir='ltr'><strong>Neque</strong></span> <span class='ocrx_word' id='word_1_23' title='bbox 887 660 1034 712; x_wconf 86' lang='lat' dir='ltr'><strong>enim</strong></span> <span class='ocrx_word' id='word_1_24' title='bbox 1085 665 1354 731; x_wconf 88' lang='lat' dir='ltr'><strong>prohibeo</strong></span> <span class='ocrx_word' id='word_1_25' title='bbox 1408 667 1658 734; x_wconf 75' lang='lat' dir='ltr'><strong>nuptias,</strong></span> <span class='ocrx_word' id='word_1_26' title='bbox 1713 683 1816 722; x_wconf 90' lang='lat' dir='ltr'><strong>nec</strong></span> <span class='ocrx_word' id='word_1_27' title='bbox 1868 667 2205 736; x_wconf 84' lang='lat' dir='ltr'><strong>voluptatem</strong></span> 
     </span>
    </p>
   </div>
   <div class='ocr_carea' id='block_1_5' title="bbox 652 765 2205 841">
    <p class='ocr_par' dir='ltr' id='par_1_5' title="bbox 652 765 2205 841">
     <span class='ocr_line' id='line_1_5' title="bbox 652 765 2205 841; baseline 0.006 -28"><span class='ocrx_word' id='word_1_28' title='bbox 652 774 875 826; x_wconf 84' lang='lat' dir='ltr'><strong>prorsus</strong></span> <span class='ocrx_word' id='word_1_29' title='bbox 907 765 1209 832; x_wconf 72' lang='lat' dir='ltr'><strong>interdico;</strong></span> <span class='ocrx_word' id='word_1_30' title='bbox 1263 771 1354 824; x_wconf 86' lang='lat' dir='ltr'><strong>sed</strong></span> <span class='ocrx_word' id='word_1_31' title='bbox 1381 785 1503 824; x_wconf 91' lang='lat' dir='ltr'><strong>cum</strong></span> <span class='ocrx_word' id='word_1_32' title='bbox 1541 772 1793 828; x_wconf 84' lang='lat' dir='ltr'><strong>castitate</strong></span> <span class='ocrx_word' id='word_1_33' title='bbox 1829 773 1882 826; x_wconf 91' lang='lat' dir='ltr'><strong>id</strong></span> <span class='ocrx_word' id='word_1_34' title='bbox 1928 773 2046 828; x_wconf 88' lang='lat' dir='ltr'><strong>fieri</strong></span> <span class='ocrx_word' id='word_1_35' title='bbox 2079 788 2205 841; x_wconf 83' lang='lat' dir='ltr'><strong>per-</strong></span> 
     </span>
    </p>
   </div>
   <div class='ocr_carea' id='block_1_6' title="bbox 651 877 2203 948">
    <p class='ocr_par' dir='ltr' id='par_1_6' title="bbox 651 877 2203 948">
     <span class='ocr_line' id='line_1_6' title="bbox 651 877 2203 948; baseline 0.003 -20"><span class='ocrx_word' id='word_1_36' title='bbox 651 879 800 938; x_wconf 84' lang='lat' dir='ltr'><strong>Opto,</strong></span> <span class='ocrx_word' id='word_1_37' title='bbox 835 886 943 925; x_wconf 87' lang='lat' dir='ltr'><strong>non</strong></span> <span class='ocrx_word' id='word_1_38' title='bbox 973 889 1095 927; x_wconf 92' lang='lat' dir='ltr'><strong>cum</strong></span> <span class='ocrx_word' id='word_1_39' title='bbox 1126 877 1350 943; x_wconf 90' lang='lat' dir='ltr'><strong>probro,</strong></span> <span class='ocrx_word' id='word_1_40' title='bbox 1371 877 1529 948; x_wconf 84' lang='lat' dir='ltr'><strong>culpa</strong></span> <span class='ocrx_word' id='word_1_41' title='bbox 1559 887 1615 934; x_wconf 90' lang='lat' dir='ltr'><strong>et</strong></span> <span class='ocrx_word' id='word_1_42' title='bbox 1639 883 1911 936; x_wconf 78' lang='lat' dir='ltr'><strong>sexcentis</strong></span> <span class='ocrx_word' id='word_1_43' title='bbox 1941 881 2203 934; x_wconf 89' lang='lat' dir='ltr'><strong>reatibus.</strong></span> 
     </span>
    </p>
   </div>
   <div class='ocr_carea' id='block_1_7' title="bbox 656 972 2209 1051">
    <p class='ocr_par' dir='ltr' id='par_1_7' title="bbox 656 972 2209 1051">
     <span class='ocr_line' id='line_1_7' title="bbox 656 972 2209 1051; baseline 0.01 -24"><span class='ocrx_word' id='word_1_44' title='bbox 656 972 1056 1046; x_wconf 79' lang='lat' dir='ltr'><strong>Non,pr:eoipio</strong></span> <span class='ocrx_word' id='word_1_45' title='bbox 1083 992 1297 1037; x_wconf 88' lang='lat' dir='ltr'><strong>montes</strong></span> <span class='ocrx_word' id='word_1_46' title='bbox 1326 994 1381 1039; x_wconf 85' lang='lat' dir='ltr'><strong>et</strong></span> <span class='ocrx_word' id='word_1_47' title='bbox 1415 987 1744 1042; x_wconf 88' lang='lat' dir='ltr'><strong>solitudines</strong></span> <span class='ocrx_word' id='word_1_48' title='bbox 1775 987 1928 1042; x_wconf 90' lang='lat' dir='ltr'><strong>adire</strong></span> <span class='ocrx_word' id='word_1_49' title='bbox 1950 1028 1964 1051; x_wconf 93' lang='lat'><strong>,</strong></span> <span class='ocrx_word' id='word_1_50' title='bbox 1988 987 2083 1042; x_wconf 86' lang='lat' dir='ltr'><strong>sed</strong></span> <span class='ocrx_word' id='word_1_51' title='bbox 2114 987 2209 1041; x_wconf 91' lang='lat' dir='ltr'><strong>be-</strong></span> 
     </span>
    </p>
   </div>
   <div class='ocr_carea' id='block_1_8' title="bbox 639 1079 2206 1164">
    <p class='ocr_par' dir='ltr' id='par_1_8' title="bbox 639 1079 2206 1164">
     <span class='ocr_line' id='line_1_8' title="bbox 639 1079 2206 1164; baseline 0.011 -34"><span class='ocrx_word' id='word_1_52' title='bbox 639 1079 876 1148; x_wconf 76' lang='lat' dir='ltr'><strong>nignum</strong></span> <span class='ocrx_word' id='word_1_53' title='bbox 904 1097 1046 1148; x_wconf 88' lang='lat' dir='ltr'><strong>esse,</strong></span> <span class='ocrx_word' id='word_1_54' title='bbox 1078 1089 1385 1143; x_wconf 86' lang='lat' dir='ltr'><strong>modestum</strong></span> <span class='ocrx_word' id='word_1_55' title='bbox 1415 1102 1471 1146; x_wconf 88' lang='lat' dir='ltr'><strong>et</strong></span> <span class='ocrx_word' id='word_1_56' title='bbox 1494 1105 1705 1147; x_wconf 91' lang='lat' dir='ltr'><strong>castum</strong></span> <span class='ocrx_word' id='word_1_57' title='bbox 1731 1108 1883 1160; x_wconf 89' lang='lat' dir='ltr'><strong>eum,</strong></span> <span class='ocrx_word' id='word_1_58' title='bbox 1907 1094 2003 1164; x_wconf 86' lang='lat' dir='ltr'><strong>qui</strong></span> <span class='ocrx_word' id='word_1_59' title='bbox 2028 1095 2206 1149; x_wconf 92' lang='lat' dir='ltr'><strong>media</strong></span> 
     </span>
    </p>
   </div>
   <div class='ocr_carea' id='block_1_9' title="bbox 644 1185 2222 1268">
    <p class='ocr_par' dir='ltr' id='par_1_9' title="bbox 644 1185 2222 1268">
     <span class='ocr_line' id='line_1_9' title="bbox 644 1185 2222 1268; baseline 0.013 -35"><span class='ocrx_word' id='word_1_60' title='bbox 644 1197 704 1235; x_wconf 68' lang='grc' dir='ltr'><strong>τη</strong></span> <span class='ocrx_word' id='word_1_61' title='bbox 752 1185 892 1239; x_wconf 84' lang='lat' dir='ltr'><strong>urbe</strong></span> <span class='ocrx_word' id='word_1_62' title='bbox 931 1186 1162 1245; x_wconf 76' lang='lat' dir='ltr'><strong>habitat.</strong></span> <span class='ocrx_word' id='word_1_63' title='bbox 1197 1192 1404 1249; x_wconf 79' lang='lat' dir='ltr'><strong>Omnes</strong></span> <span class='ocrx_word' id='word_1_64' title='bbox 1451 1196 1652 1266; x_wconf 80' lang='lat' dir='ltr'><strong>quippe</strong></span> <span class='ocrx_word' id='word_1_65' title='bbox 1693 1198 1844 1268; x_wconf 84' lang='lat' dir='ltr'><strong>leges</strong></span> <span class='ocrx_word' id='word_1_66' title='bbox 1889 1203 2222 1254; x_wconf 78' lang='lat' dir='ltr'><strong>communes’</strong></span> 
     </span>
    </p>
   </div>
   <div class='ocr_carea' id='block_1_10' title="bbox 653 1292 2204 1375">
    <p class='ocr_par' dir='ltr' id='par_1_10' title="bbox 653 1292 2204 1375">
     <span class='ocr_line' id='line_1_10' title="bbox 653 1292 2204 1375; baseline 0.012 -35"><span class='ocrx_word' id='word_1_67' title='bbox 653 1298 779 1342; x_wconf 77' lang='lat' dir='ltr'><strong>sunt</strong></span> <span class='ocrx_word' id='word_1_68' title='bbox 805 1292 963 1347; x_wconf 90' lang='lat' dir='ltr'><strong>nobis</strong></span> <span class='ocrx_word' id='word_1_69' title='bbox 991 1310 1114 1349; x_wconf 91' lang='lat' dir='ltr'><strong>cum</strong></span> <span class='ocrx_word' id='word_1_70' title='bbox 1155 1300 1456 1365; x_wconf 84' lang='lat' dir='ltr'><strong>monachis,</strong></span> <span class='ocrx_word' id='word_1_71' title='bbox 1505 1318 1616 1357; x_wconf 91' lang='lat' dir='ltr'><strong>uno</strong></span> <span class='ocrx_word' id='word_1_72' title='bbox 1657 1314 1885 1372; x_wconf 83' lang='lat' dir='ltr'><strong>excepto</strong></span> <span class='ocrx_word' id='word_1_73' title='bbox 1911 1305 2204 1375; x_wconf 83' lang='lat' dir='ltr'><strong>conjugio;</strong></span> 
     </span>
    </p>
   </div>
   <div class='ocr_carea' id='block_1_11' title="bbox 655 1395 2207 1476">
    <p class='ocr_par' dir='ltr' id='par_1_11' title="bbox 655 1395 2207 1476">
     <span class='ocr_line' id='line_1_11' title="bbox 655 1395 2207 1476; baseline 0.012 -31"><span class='ocrx_word' id='word_1_74' title='bbox 655 1407 763 1446; x_wconf 80' lang='lat' dir='ltr'><strong>uno</strong></span> <span class='ocrx_word' id='word_1_75' title='bbox 799 1395 963 1450; x_wconf 90' lang='lat' dir='ltr'><strong>etiam</strong></span> <span class='ocrx_word' id='word_1_76' title='bbox 1010 1397 1113 1453; x_wconf 88' lang='lat' dir='ltr'><strong>hac</strong></span> <span class='ocrx_word' id='word_1_77' title='bbox 1144 1400 1199 1453; x_wconf 91' lang='lat' dir='ltr'><strong>in</strong></span> <span class='ocrx_word' id='word_1_78' title='bbox 1235 1418 1292 1456; x_wconf 88' lang='lat' dir='ltr'><strong>re</strong></span> <span class='ocrx_word' id='word_1_79' title='bbox 1338 1407 1658 1476; x_wconf 86' lang='lat' dir='ltr'><strong>conjugatos</strong></span> <span class='ocrx_word' id='word_1_80' title='bbox 1694 1407 1801 1461; x_wconf 90' lang='lat' dir='ltr'><strong>illis</strong></span> <span class='ocrx_word' id='word_1_81' title='bbox 1831 1408 2040 1462; x_wconf 88' lang='lat' dir='ltr'><strong>similes</strong></span> <span class='ocrx_word' id='word_1_82' title='bbox 2087 1422 2207 1463; x_wconf 87' lang='lat' dir='ltr'><strong>esse</strong></span> 
     </span>
    </p>
   </div>
   <div class='ocr_carea' id='block_1_12' title="bbox 653 1496 2205 1581">
    <p class='ocr_par' dir='ltr' id='par_1_12' title="bbox 653 1496 2205 1581">
     <span class='ocr_line' id='line_1_12' title="bbox 653 1496 2205 1581; baseline 0.013 -33"><span class='ocrx_word' id='word_1_83' title='bbox 653 1496 800 1556; x_wconf 68' lang='lat' dir='ltr'><strong>subet</strong></span> <span class='ocrx_word' id='word_1_84' title='bbox 826 1499 1025 1556; x_wconf 84' lang='lat' dir='ltr'><strong>Paulus</strong></span> <span class='ocrx_word' id='word_1_85' title='bbox 1066 1521 1079 1556; x_wconf 91' lang='lat'><strong>:</strong></span> <span class='ocrx_word' id='word_1_86' title='bbox 1124 1503 1370 1561; x_wconf 66' lang='lat' dir='ltr'><strong>Pra’terit</strong></span> <span class='ocrx_word' id='word_1_87' title='bbox 1405 1511 1544 1564; x_wconf 83' lang='lat' dir='ltr'><strong>enim</strong></span> <span class='ocrx_word' id='word_1_88' title='bbox 1565 1510 1740 1581; x_wconf 82' lang='lat' dir='ltr'><strong>ﬁgura</strong></span> <span class='ocrx_word' id='word_1_89' title='bbox 1793 1514 1952 1581; x_wconf 85' lang='lat' dir='ltr'><strong>hujus</strong></span> <span class='ocrx_word' id='word_1_90' title='bbox 2001 1517 2205 1580; x_wconf 83' lang='lat' dir='ltr'><strong>mundi,</strong></span> 
     </span>
    </p>
   </div>
   <div class='ocr_carea' id='block_1_13' title="bbox 653 1607 2206 1685">
    <p class='ocr_par' dir='ltr' id='par_1_13' title="bbox 653 1607 2206 1685">
     <span class='ocr_line' id='line_1_13' title="bbox 653 1607 2206 1685; baseline 0.016 -36"><span class='ocrx_word' id='word_1_91' title='bbox 653 1608 706 1651; x_wconf 82' lang='lat' dir='ltr'><strong>at</strong></span> <span class='ocrx_word' id='word_1_92' title='bbox 763 1611 811 1654; x_wconf 86' lang='lat' dir='ltr'><strong>et</strong></span> <span class='ocrx_word' id='word_1_93' title='bbox 867 1607 955 1672; x_wconf 86' lang='lat' dir='ltr'><strong>qui</strong></span> <span class='ocrx_word' id='word_1_94' title='bbox 1007 1608 1198 1664; x_wconf 82' lang='lat' dir='ltr'><strong>habent</strong></span> <span class='ocrx_word' id='word_1_95' title='bbox 1256 1628 1443 1667; x_wconf 76' lang='lat' dir='ltr'><strong>uxores</strong></span> <span class='ocrx_word' id='word_1_96' title='bbox 1496 1623 1752 1685; x_wconf 79' lang='lat' dir='ltr'><strong>tanquam</strong></span> <span class='ocrx_word' id='word_1_97' title='bbox 1813 1635 1915 1670; x_wconf 84' lang='lat' dir='ltr'><strong>non</strong></span> <span class='ocrx_word' id='word_1_98' title='bbox 1959 1621 2206 1674; x_wconf 74' lang='lat' dir='ltr'><strong>habentes</strong></span> 
     </span>
    </p>
   </div>
   <div class='ocr_carea' id='block_1_14' title="bbox 654 1707 2211 1794">
    <p class='ocr_par' dir='ltr' id='par_1_14' title="bbox 654 1707 2211 1794">
     <span class='ocr_line' id='line_1_14' title="bbox 654 1707 2211 1794; baseline 0.015 -38"><span class='ocrx_word' id='word_1_99' title='bbox 654 1707 758 1759; x_wconf 77' lang='lat' dir='ltr'><strong>sint</strong></span> <span class='ocrx_word' id='word_1_100' title='bbox 789 1710 806 1777; x_wconf 96' lang='lat'>(</span> <span class='ocrx_word' id='word_1_101' title='bbox 841 1710 862 1761; x_wconf 86' lang='lat' dir='ltr'><strong>l</strong></span> <span class='ocrx_word' id='word_1_102' title='bbox 902 1709 1021 1766; x_wconf 86' lang='lat' dir='ltr'><strong>Cor.</strong></span> <span class='ocrx_word' id='word_1_103' title='bbox 1072 1715 1122 1768; x_wconf 88' lang='lat'><strong>7.</strong></span> <span class='ocrx_word' id='word_1_104' title='bbox 1156 1717 1269 1787; x_wconf 70' lang='lat'><strong>29).</strong></span> <span class='ocrx_word' id='word_1_105' title='bbox 1303 1718 1490 1789; x_wconf 91' lang='lat' dir='ltr'><strong>Itaque</strong></span> <span class='ocrx_word' id='word_1_106' title='bbox 1523 1761 1539 1785; x_wconf 94' lang='lat'><strong>,</strong></span> <span class='ocrx_word' id='word_1_107' title='bbox 1573 1723 1670 1788; x_wconf 87' lang='lat' dir='ltr'><strong>ait,</strong></span> <span class='ocrx_word' id='word_1_108' title='bbox 1725 1739 1833 1778; x_wconf 92' lang='lat' dir='ltr'><strong>non</strong></span> <span class='ocrx_word' id='word_1_109' title='bbox 1885 1725 2058 1794; x_wconf 87' lang='lat' dir='ltr'><strong>jubeo</strong></span> <span class='ocrx_word' id='word_1_110' title='bbox 2114 1740 2211 1779; x_wconf 81' lang='lat' dir='ltr'><strong>vos</strong></span> 
     </span>
    </p>
   </div>
   <div class='ocr_carea' id='block_1_15' title="bbox 654 1812 2210 1899">
    <p class='ocr_par' dir='ltr' id='par_1_15' title="bbox 654 1812 2210 1899">
     <span class='ocr_line' id='line_1_15' title="bbox 654 1812 2210 1899; baseline 0.015 -39"><span class='ocrx_word' id='word_1_111' title='bbox 654 1812 918 1866; x_wconf 91' lang='lat' dir='ltr'><strong>montium</strong></span> <span class='ocrx_word' id='word_1_112' title='bbox 952 1819 1235 1874; x_wconf 88' lang='lat' dir='ltr'><strong>cacumina</strong></span> <span class='ocrx_word' id='word_1_113' title='bbox 1268 1836 1540 1894; x_wconf 85' lang='lat' dir='ltr'><strong>occupare</strong></span> <span class='ocrx_word' id='word_1_114' title='bbox 1577 1847 1588 1882; x_wconf 73' lang='grc' dir='ltr'><strong>ε</strong></span> <span class='ocrx_word' id='word_1_115' title='bbox 1620 1827 1675 1881; x_wconf 87' lang='lat' dir='ltr'><strong>id</strong></span> <span class='ocrx_word' id='word_1_116' title='bbox 1723 1830 1923 1883; x_wconf 86' lang='lat' dir='ltr'><strong>vellem</strong></span> <span class='ocrx_word' id='word_1_117' title='bbox 1961 1829 2210 1899; x_wconf 72' lang='lat' dir='ltr'><strong>quidem,</strong></span> 
     </span>
    </p>
   </div>
   <div class='ocr_carea' id='block_1_16' title="bbox 658 1912 2214 2002">
    <p class='ocr_par' dir='ltr' id='par_1_16' title="bbox 658 1912 2214 2002">
     <span class='ocr_line' id='line_1_16' title="bbox 658 1912 2214 2002; baseline 0.016 -38"><span class='ocrx_word' id='word_1_118' title='bbox 658 1912 788 1979; x_wconf 88' lang='lat' dir='ltr'><strong>quia</strong></span> <span class='ocrx_word' id='word_1_119' title='bbox 823 1918 988 1974; x_wconf 85' lang='lat' dir='ltr'><strong>urbes</strong></span> <span class='ocrx_word' id='word_1_120' title='bbox 1039 1922 1445 1984; x_wconf 90' lang='lat' dir='ltr'><strong>Sodomitarum</strong></span> <span class='ocrx_word' id='word_1_121' title='bbox 1478 1931 1708 1987; x_wconf 87' lang='lat' dir='ltr'><strong>crimina</strong></span> <span class='ocrx_word' id='word_1_122' title='bbox 1753 1935 2076 2002; x_wconf 88' lang='lat' dir='ltr'><strong>imitantur;</strong></span> <span class='ocrx_word' id='word_1_123' title='bbox 2130 1945 2214 1989; x_wconf 88' lang='lat' dir='ltr'><strong>at-</strong></span> 
     </span>
    </p>
   </div>
   <div class='ocr_carea' id='block_1_17' title="bbox 657 2023 2212 2103">
    <p class='ocr_par' dir='ltr' id='par_1_17' title="bbox 657 2023 2212 2103">
     <span class='ocr_line' id='line_1_17' title="bbox 657 2023 2212 2103; baseline 0.017 -35"><span class='ocrx_word' id='word_1_124' title='bbox 657 2026 836 2073; x_wconf 89' lang='lat' dir='ltr'><strong>tamen</strong></span> <span class='ocrx_word' id='word_1_125' title='bbox 863 2023 928 2076; x_wconf 90' lang='lat' dir='ltr'><strong>ad</strong></span> <span class='ocrx_word' id='word_1_126' title='bbox 965 2026 1016 2079; x_wconf 89' lang='lat' dir='ltr'><strong>id</strong></span> <span class='ocrx_word' id='word_1_127' title='bbox 1049 2043 1163 2084; x_wconf 88' lang='lat' dir='ltr'><strong>non</strong></span> <span class='ocrx_word' id='word_1_128' title='bbox 1198 2047 1353 2103; x_wconf 83' lang='lat' dir='ltr'><strong>cogo.</strong></span> <span class='ocrx_word' id='word_1_129' title='bbox 1382 2036 1649 2091; x_wconf 88' lang='lat' dir='ltr'><strong>Permane</strong></span> <span class='ocrx_word' id='word_1_130' title='bbox 1691 2039 1744 2092; x_wconf 92' lang='lat' dir='ltr'><strong>in</strong></span> <span class='ocrx_word' id='word_1_131' title='bbox 1774 2038 1938 2093; x_wconf 90' lang='lat' dir='ltr'><strong>domo</strong></span> <span class='ocrx_word' id='word_1_132' title='bbox 1967 2050 2056 2094; x_wconf 88' lang='lat' dir='ltr'><strong>tua</strong></span> <span class='ocrx_word' id='word_1_133' title='bbox 2089 2057 2212 2095; x_wconf 90' lang='lat' dir='ltr'><strong>cum</strong></span> 
     </span>
    </p>
   </div>
   <div class='ocr_carea' id='block_1_18' title="bbox 655 2121 2216 2202">
    <p class='ocr_par' dir='ltr' id='par_1_18' title="bbox 655 2121 2216 2202">
     <span class='ocr_line' id='line_1_18' title="bbox 655 2121 2216 2202; baseline 0.018 -28"><span class='ocrx_word' id='word_1_134' title='bbox 655 2121 838 2179; x_wconf 84' lang='lat' dir='ltr'><strong>liberis</strong></span> <span class='ocrx_word' id='word_1_135' title='bbox 868 2136 923 2180; x_wconf 88' lang='lat' dir='ltr'><strong>et</strong></span> <span class='ocrx_word' id='word_1_136' title='bbox 954 2145 1151 2199; x_wconf 82' lang='lat' dir='ltr'><strong>uxore;</strong></span> <span class='ocrx_word' id='word_1_137' title='bbox 1194 2136 1288 2190; x_wconf 90' lang='lat' dir='ltr'><strong>sed</strong></span> <span class='ocrx_word' id='word_1_138' title='bbox 1345 2153 1413 2193; x_wconf 90' lang='lat' dir='ltr'><strong>ne</strong></span> <span class='ocrx_word' id='word_1_139' title='bbox 1460 2144 1792 2197; x_wconf 88' lang='lat' dir='ltr'><strong>contumelia</strong></span> <span class='ocrx_word' id='word_1_140' title='bbox 1823 2160 2049 2201; x_wconf 81' lang='lat' dir='ltr'><strong>uxorem</strong></span> <span class='ocrx_word' id='word_1_141' title='bbox 2096 2146 2216 2202; x_wconf 82' lang='lat' dir='ltr'><strong>afﬁ-</strong></span> 
     </span>
    </p>
   </div>
   <div class='ocr_carea' id='block_1_19' title="bbox 654 2228 2212 2318">
    <p class='ocr_par' dir='ltr' id='par_1_19' title="bbox 654 2228 2212 2318">
     <span class='ocr_line' id='line_1_19' title="bbox 654 2228 2212 2318; baseline 0.017 -39"><span class='ocrx_word' id='word_1_142' title='bbox 654 2228 798 2292; x_wconf 88' lang='lat' dir='ltr'><strong>cias,</strong></span> <span class='ocrx_word' id='word_1_143' title='bbox 848 2247 1025 2302; x_wconf 89' lang='lat' dir='ltr'><strong>neque</strong></span> <span class='ocrx_word' id='word_1_144' title='bbox 1066 2236 1208 2295; x_wconf 86' lang='lat' dir='ltr'><strong>filios</strong></span> <span class='ocrx_word' id='word_1_145' title='bbox 1251 2243 1542 2310; x_wconf 88' lang='lat' dir='ltr'><strong>traducas,</strong></span> <span class='ocrx_word' id='word_1_146' title='bbox 1589 2263 1770 2318; x_wconf 89' lang='lat' dir='ltr'><strong>neque</strong></span> <span class='ocrx_word' id='word_1_147' title='bbox 1826 2251 2027 2305; x_wconf 85' lang='lat' dir='ltr'><strong>theatri</strong></span> <span class='ocrx_word' id='word_1_148' title='bbox 2066 2251 2212 2306; x_wconf 90' lang='lat' dir='ltr'><strong>luem</strong></span> 
     </span>
    </p>
   </div>
   <div class='ocr_carea' id='block_1_20' title="bbox 654 2331 2212 2422">
    <p class='ocr_par' dir='ltr' id='par_1_20' title="bbox 654 2331 2212 2422">
     <span class='ocr_line' id='line_1_20' title="bbox 654 2331 2212 2422; baseline 0.017 -39"><span class='ocrx_word' id='word_1_149' title='bbox 654 2331 873 2388; x_wconf 83' lang='lat' dir='ltr'><strong>domum</strong></span> <span class='ocrx_word' id='word_1_150' title='bbox 906 2337 1163 2396; x_wconf 90' lang='lat' dir='ltr'><strong>inducas.</strong></span> <span class='ocrx_word' id='word_1_151' title='bbox 1221 2345 1340 2401; x_wconf 85' lang='lat' dir='ltr'><strong>Non</strong></span> <span class='ocrx_word' id='word_1_152' title='bbox 1408 2351 1567 2405; x_wconf 87' lang='lat' dir='ltr'><strong>audis</strong></span> <span class='ocrx_word' id='word_1_153' title='bbox 1621 2353 1850 2408; x_wconf 85' lang='lat' dir='ltr'><strong>Paulum</strong></span> <span class='ocrx_word' id='word_1_154' title='bbox 1887 2354 2162 2411; x_wconf 85' lang='lat' dir='ltr'><strong>dicentem</strong></span> <span class='ocrx_word' id='word_1_155' title='bbox 2194 2396 2212 2422; x_wconf 95' lang='lat'><strong>,</strong></span> 
     </span>
    </p>
   </div>
   <div class='ocr_carea' id='block_1_21' title="bbox 660 2436 2214 2525">
    <p class='ocr_par' dir='ltr' id='par_1_21' title="bbox 660 2436 2214 2525">
     <span class='ocr_line' id='line_1_21' title="bbox 660 2436 2214 2525; baseline 0.018 -38"><span class='ocrx_word' id='word_1_156' title='bbox 660 2436 742 2489; x_wconf 69' lang='lat' dir='ltr'><strong>Vir</strong></span> <span class='ocrx_word' id='word_1_157' title='bbox 778 2443 861 2494; x_wconf 84' lang='lat' dir='ltr'><strong>sui</strong></span> <span class='ocrx_word' id='word_1_158' title='bbox 901 2450 1136 2515; x_wconf 85' lang='lat' dir='ltr'><strong>corporis</strong></span> <span class='ocrx_word' id='word_1_159' title='bbox 1181 2459 1491 2518; x_wconf 81' lang='lat' dir='ltr'><strong>potestatem</strong></span> <span class='ocrx_word' id='word_1_160' title='bbox 1538 2473 1640 2510; x_wconf 82' lang='lat' dir='ltr'><strong>non</strong></span> <span class='ocrx_word' id='word_1_161' title='bbox 1692 2460 1865 2525; x_wconf 81' lang='lat' dir='ltr'><strong>habet,</strong></span> <span class='ocrx_word' id='word_1_162' title='bbox 1897 2457 2214 2515; x_wconf 73' lang='lat' dir='ltr'><strong>sed&#39;Tnulier</strong></span> 
     </span>
    </p>
   </div>
   <div class='ocr_carea' id='block_1_22' title="bbox 655 2545 2209 2637">
    <p class='ocr_par' dir='ltr' id='par_1_22' title="bbox 655 2545 2209 2637">
     <span class='ocr_line' id='line_1_22' title="bbox 655 2545 2209 2637; baseline 0.017 -39"><span class='ocrx_word' id='word_1_163' title='bbox 655 2545 672 2611; x_wconf 91' lang='lat'><strong>(</strong></span> <span class='ocrx_word' id='word_1_164' title='bbox 706 2545 754 2598; x_wconf 80' lang='lat' dir='ltr'><strong>I.</strong></span> <span class='ocrx_word' id='word_1_165' title='bbox 787 2545 908 2604; x_wconf 88' lang='lat' dir='ltr'><strong>Cor.</strong></span> <span class='ocrx_word' id='word_1_166' title='bbox 947 2554 999 2605; x_wconf 87' lang='lat'><strong>7.</strong></span> <span class='ocrx_word' id='word_1_167' title='bbox 1026 2552 1104 2622; x_wconf 71' lang='grc'><strong>4),</strong></span> <span class='ocrx_word' id='word_1_168' title='bbox 1142 2569 1207 2608; x_wconf 87' lang='lat' dir='ltr'><strong>ac</strong></span> <span class='ocrx_word' id='word_1_169' title='bbox 1240 2571 1559 2615; x_wconf 88' lang='lat' dir='ltr'><strong>communes</strong></span> <span class='ocrx_word' id='word_1_170' title='bbox 1603 2565 1824 2634; x_wconf 85' lang='lat' dir='ltr'><strong>utrique</strong></span> <span class='ocrx_word' id='word_1_171' title='bbox 1869 2565 2016 2637; x_wconf 87' lang='lat' dir='ltr'><strong>leges</strong></span> <span class='ocrx_word' id='word_1_172' title='bbox 2046 2568 2209 2624; x_wconf 84' lang='lat' dir='ltr'><strong>indu-</strong></span> 
     </span>
    </p>
   </div>
   <div class='ocr_carea' id='block_1_23' title="bbox 647 2653 2208 2743">
    <p class='ocr_par' dir='ltr' id='par_1_23' title="bbox 647 2653 2208 2743">
     <span class='ocr_line' id='line_1_23' title="bbox 647 2653 2208 2743; baseline 0.018 -42"><span class='ocrx_word' id='word_1_173' title='bbox 647 2653 912 2706; x_wconf 73' lang='lat' dir='ltr'><strong>contem?</strong></span> <span class='ocrx_word' id='word_1_174' title='bbox 960 2655 1041 2709; x_wconf 91' lang='lat' dir='ltr'><strong>Tu</strong></span> <span class='ocrx_word' id='word_1_175' title='bbox 1089 2673 1243 2726; x_wconf 85' lang='lat' dir='ltr'><strong>vero,</strong></span> <span class='ocrx_word' id='word_1_176' title='bbox 1287 2662 1331 2716; x_wconf 91' lang='lat' dir='ltr'><strong>si</strong></span> <span class='ocrx_word' id='word_1_177' title='bbox 1368 2666 1655 2720; x_wconf 88' lang='lat' dir='ltr'><strong>ecclesiam</strong></span> <span class='ocrx_word' id='word_1_178' title='bbox 1693 2685 1831 2724; x_wconf 77' lang='lat' dir='ltr'><strong>uxor</strong></span> <span class='ocrx_word' id='word_1_179' title='bbox 1873 2671 2208 2743; x_wconf 79' lang='lat' dir='ltr'><strong>frequentet,</strong></span> 
     </span>
    </p>
   </div>
   <div class='ocr_carea' id='block_1_24' title="bbox 655 2965 2211 3060">
    <p class='ocr_par' dir='ltr' id='par_1_24' title="bbox 655 2965 2211 3060">
     <span class='ocr_line' id='line_1_24' title="bbox 655 2965 2211 3060; baseline 0.02 -45"><span class='ocrx_word' id='word_1_180' title='bbox 655 2965 938 3032; x_wconf 68' lang='lat' dir='ltr'><strong>sollicitus,</strong></span> <span class='ocrx_word' id='word_1_181' title='bbox 982 2970 1082 3027; x_wconf 91' lang='lat' dir='ltr'><strong>hac</strong></span> <span class='ocrx_word' id='word_1_182' title='bbox 1114 2973 1169 3028; x_wconf 91' lang='lat' dir='ltr'><strong>in</strong></span> <span class='ocrx_word' id='word_1_183' title='bbox 1207 2991 1265 3030; x_wconf 90' lang='lat' dir='ltr'><strong>re</strong></span> <span class='ocrx_word' id='word_1_184' title='bbox 1303 2980 1634 3047; x_wconf 79' lang='lat' dir='ltr'><strong>superﬂuam</strong></span> <span class='ocrx_word' id='word_1_185' title='bbox 1681 2985 2211 3060; x_wconf 88' lang='lat' dir='ltr'><strong>immoderatamque</strong></span> 
     </span>
    </p>
   </div>
   <div class='ocr_carea' id='block_1_25' title="bbox 654 3071 2213 3153">
    <p class='ocr_par' dir='ltr' id='par_1_25' title="bbox 654 3071 2213 3153">
     <span class='ocr_line' id='line_1_25' title="bbox 654 3071 2213 3153; baseline 0.021 -32"><span class='ocrx_word' id='word_1_186' title='bbox 654 3083 837 3124; x_wconf 78' lang='lat' dir='ltr'><strong>curam</strong></span> <span class='ocrx_word' id='word_1_187' title='bbox 873 3071 1120 3144; x_wconf 85' lang='lat' dir='ltr'><strong>adhibes,</strong></span> <span class='ocrx_word' id='word_1_188' title='bbox 1161 3078 1234 3134; x_wconf 82' lang='lat' dir='ltr'><strong>ita</strong></span> <span class='ocrx_word' id='word_1_189' title='bbox 1271 3091 1328 3136; x_wconf 90' lang='lat' dir='ltr'><strong>ut</strong></span> <span class='ocrx_word' id='word_1_190' title='bbox 1359 3099 1427 3138; x_wconf 90' lang='lat' dir='ltr'><strong>ne</strong></span> <span class='ocrx_word' id='word_1_191' title='bbox 1455 3086 1678 3153; x_wconf 80' lang='lat' dir='ltr'><strong>quidem</strong></span> <span class='ocrx_word' id='word_1_192' title='bbox 1721 3093 2067 3149; x_wconf 81' lang='lat' dir='ltr'><strong>necessarios</strong></span> <span class='ocrx_word' id='word_1_193' title='bbox 2095 3097 2213 3152; x_wconf 79' lang='lat' dir='ltr'><strong>exi-</strong></span> 
     </span>
    </p>
   </div>
   <div class='ocr_carea' id='block_1_26' title="bbox 2314 455 3885 532">
    <p class='ocr_par' dir='ltr' id='par_1_26' title="bbox 2314 455 3885 532">
     <span class='ocr_line' id='line_1_26' title="bbox 2314 455 3885 532; baseline 0.007 -25"><span class='ocrx_word' id='word_1_194' title='bbox 2314 464 2402 509; x_wconf 91' lang='lat' dir='ltr'><strong>tus</strong></span> <span class='ocrx_word' id='word_1_195' title='bbox 2429 455 2479 510; x_wconf 89' lang='lat' dir='ltr'><strong>ei</strong></span> <span class='ocrx_word' id='word_1_196' title='bbox 2514 457 2802 526; x_wconf 86' lang='lat' dir='ltr'><strong>permittas</strong></span> <span class='ocrx_word' id='word_1_197' title='bbox 2836 474 2851 510; x_wconf 88' lang='lat'><strong>:</strong></span> <span class='ocrx_word' id='word_1_198' title='bbox 2887 459 2986 512; x_wconf 85' lang='lat' dir='ltr'><strong>tibi</strong></span> <span class='ocrx_word' id='word_1_199' title='bbox 3019 475 3154 514; x_wconf 90' lang='lat' dir='ltr'><strong>vero</strong></span> <span class='ocrx_word' id='word_1_200' title='bbox 3190 460 3375 514; x_wconf 84' lang='lat' dir='ltr'><strong>omnia</strong></span> <span class='ocrx_word' id='word_1_201' title='bbox 3403 460 3572 516; x_wconf 85' lang='lat' dir='ltr'><strong>licere</strong></span> <span class='ocrx_word' id='word_1_202' title='bbox 3603 472 3784 532; x_wconf 85' lang='lat' dir='ltr'><strong>putas.</strong></span> <span class='ocrx_word' id='word_1_203' title='bbox 3813 465 3885 521; x_wconf 76' lang='lat' dir='ltr'><strong>At</strong></span> 
     </span>
    </p>
   </div>
   <div class='ocr_carea' id='block_1_27' title="bbox 2312 562 3887 634">
    <p class='ocr_par' dir='ltr' id='par_1_27' title="bbox 2312 562 3887 634">
     <span class='ocr_line' id='line_1_27' title="bbox 2312 562 3887 634; baseline 0.007 -20"><span class='ocrx_word' id='word_1_204' title='bbox 2312 562 2413 615; x_wconf 86' lang='lat' dir='ltr'><strong>tibi</strong></span> <span class='ocrx_word' id='word_1_205' title='bbox 2468 563 2570 616; x_wconf 88' lang='lat' dir='ltr'><strong>hoc</strong></span> <span class='ocrx_word' id='word_1_206' title='bbox 2622 578 2729 616; x_wconf 93' lang='lat' dir='ltr'><strong>non</strong></span> <span class='ocrx_word' id='word_1_207' title='bbox 2777 564 3052 632; x_wconf 85' lang='lat' dir='ltr'><strong>permittit</strong></span> <span class='ocrx_word' id='word_1_208' title='bbox 3097 566 3321 628; x_wconf 79' lang='lat' dir='ltr'><strong>Paulus,</strong></span> <span class='ocrx_word' id='word_1_209' title='bbox 3368 567 3460 634; x_wconf 87' lang='lat' dir='ltr'><strong>qui</strong></span> <span class='ocrx_word' id='word_1_210' title='bbox 3509 567 3759 622; x_wconf 86' lang='lat' dir='ltr'><strong>eamdem</strong></span> <span class='ocrx_word' id='word_1_211' title='bbox 3794 570 3887 626; x_wconf 88' lang='lat' dir='ltr'><strong>dat</strong></span> 
     </span>
    </p>
   </div>
   <div class='ocr_carea' id='block_1_28' title="bbox 2312 667 3888 735">
    <p class='ocr_par' dir='ltr' id='par_1_28' title="bbox 2312 667 3888 735">
     <span class='ocr_line' id='line_1_28' title="bbox 2312 667 3888 735; baseline 0.005 -19"><span class='ocrx_word' id='word_1_212' title='bbox 2312 667 2469 719; x_wconf 80' lang='lat' dir='ltr'><strong>uxori</strong></span> <span class='ocrx_word' id='word_1_213' title='bbox 2519 676 2847 735; x_wconf 82' lang='lat' dir='ltr'><strong>potestatem</strong></span> <span class='ocrx_word' id='word_1_214' title='bbox 2906 667 2994 722; x_wconf 88' lang='lat' dir='ltr'><strong>his</strong></span> <span class='ocrx_word' id='word_1_215' title='bbox 3049 669 3232 722; x_wconf 91' lang='lat' dir='ltr'><strong>verbis</strong></span> <span class='ocrx_word' id='word_1_216' title='bbox 3280 686 3292 720; x_wconf 88' lang='lat'><strong>:</strong></span> <span class='ocrx_word' id='word_1_217' title='bbox 3333 669 3492 723; x_wconf 74' lang='lat' dir='ltr'><strong>Uxori</strong></span> <span class='ocrx_word' id='word_1_218' title='bbox 3535 672 3614 722; x_wconf 81' lang='lat' dir='ltr'><strong>uir</strong></span> <span class='ocrx_word' id='word_1_219' title='bbox 3657 672 3888 725; x_wconf 81' lang='lat' dir='ltr'><strong>debitum</strong></span> 
     </span>
    </p>
   </div>
   <div class='ocr_carea' id='block_1_29' title="bbox 2313 771 3885 842">
    <p class='ocr_par' dir='ltr' id='par_1_29' title="bbox 2313 771 3885 842">
     <span class='ocr_line' id='line_1_29' title="bbox 2313 771 3885 842; baseline 0.003 -21"><span class='ocrx_word' id='word_1_220' title='bbox 2313 771 2558 824; x_wconf 82' lang='lat' dir='ltr'><strong>honorem</strong></span> <span class='ocrx_word' id='word_1_221' title='bbox 2601 773 2786 824; x_wconf 80' lang='lat' dir='ltr'><strong>reddat</strong></span> <span class='ocrx_word' id='word_1_222' title='bbox 2822 771 2895 842; x_wconf 82' lang='grc' dir='ltr'><strong>(Ι.</strong></span> <span class='ocrx_word' id='word_1_223' title='bbox 2934 772 3054 827; x_wconf 82' lang='lat' dir='ltr'><strong>Cor.</strong></span> <span class='ocrx_word' id='word_1_224' title='bbox 3089 775 3140 825; x_wconf 87' lang='lat'><strong>7.</strong></span> <span class='ocrx_word' id='word_1_225' title='bbox 3172 774 3248 840; x_wconf 76' lang='grc' dir='ltr'><strong>ὅ).</strong></span> <span class='ocrx_word' id='word_1_226' title='bbox 3302 774 3508 841; x_wconf 84' lang='lat' dir='ltr'><strong>Ecquis</strong></span> <span class='ocrx_word' id='word_1_227' title='bbox 3554 774 3644 828; x_wconf 88' lang='lat' dir='ltr'><strong>ille</strong></span> <span class='ocrx_word' id='word_1_228' title='bbox 3687 774 3885 838; x_wconf 87' lang='lat' dir='ltr'><strong>honor,</strong></span> 
     </span>
    </p>
   </div>
   <div class='ocr_carea' id='block_1_30' title="bbox 2315 875 3888 948">
    <p class='ocr_par' dir='ltr' id='par_1_30' title="bbox 2315 875 3888 948">
     <span class='ocr_line' id='line_1_30' title="bbox 2315 875 3888 948; baseline 0.003 -20"><span class='ocrx_word' id='word_1_229' title='bbox 2315 875 2446 940; x_wconf 83' lang='lat' dir='ltr'><strong>dum</strong></span> <span class='ocrx_word' id='word_1_230' title='bbox 2472 876 2618 929; x_wconf 87' lang='lat' dir='ltr'><strong>illam</strong></span> <span class='ocrx_word' id='word_1_231' title='bbox 2653 877 2706 930; x_wconf 90' lang='lat' dir='ltr'><strong>in</strong></span> <span class='ocrx_word' id='word_1_232' title='bbox 2742 892 2800 930; x_wconf 89' lang='lat' dir='ltr'><strong>re</strong></span> <span class='ocrx_word' id='word_1_233' title='bbox 2831 877 3108 947; x_wconf 64' lang='lat' dir='ltr'><strong>prmeipua</strong></span> <span class='ocrx_word' id='word_1_234' title='bbox 3139 877 3495 942; x_wconf 82' lang='lat' dir='ltr'><strong>dehonestas,</strong></span> <span class='ocrx_word' id='word_1_235' title='bbox 3521 880 3653 932; x_wconf 89' lang='lat' dir='ltr'><strong>dum</strong></span> <span class='ocrx_word' id='word_1_236' title='bbox 3685 895 3888 948; x_wconf 75' lang='lat' dir='ltr'><strong>corpus</strong></span> 
     </span>
    </p>
   </div>
   <div class='ocr_carea' id='block_1_31' title="bbox 2315 982 3888 1055">
    <p class='ocr_par' dir='ltr' id='par_1_31' title="bbox 2315 982 3888 1055">
     <span class='ocr_line' id='line_1_31' title="bbox 2315 982 3888 1055; baseline 0.004 -22"><span class='ocrx_word' id='word_1_237' title='bbox 2315 982 2434 1049; x_wconf 90' lang='lat' dir='ltr'><strong>ejus</strong></span> <span class='ocrx_word' id='word_1_238' title='bbox 2467 982 2857 1035; x_wconf 89' lang='lat' dir='ltr'><strong>meretricibus</strong></span> <span class='ocrx_word' id='word_1_239' title='bbox 2884 983 3096 1036; x_wconf 85' lang='lat' dir='ltr'><strong>tradis?</strong></span> <span class='ocrx_word' id='word_1_240' title='bbox 3127 984 3274 1052; x_wconf 89' lang='lat' dir='ltr'><strong>(nam</strong></span> <span class='ocrx_word' id='word_1_241' title='bbox 3310 999 3512 1053; x_wconf 91' lang='lat' dir='ltr'><strong>corpus</strong></span> <span class='ocrx_word' id='word_1_242' title='bbox 3539 994 3693 1039; x_wconf 88' lang='lat' dir='ltr'><strong>tuum</strong></span> <span class='ocrx_word' id='word_1_243' title='bbox 3715 984 3888 1055; x_wconf 75' lang='lat' dir='ltr'><strong>ipsius</strong></span> 
     </span>
    </p>
   </div>
   <div class='ocr_carea' id='block_1_32' title="bbox 2313 1085 3886 1156">
    <p class='ocr_par' dir='ltr' id='par_1_32' title="bbox 2313 1085 3886 1156">
     <span class='ocr_line' id='line_1_32' title="bbox 2313 1085 3886 1156; baseline 0.002 -16"><span class='ocrx_word' id='word_1_244' title='bbox 2313 1085 2474 1156; x_wconf 86' lang='lat' dir='ltr'><strong>est;)</strong></span> <span class='ocrx_word' id='word_1_245' title='bbox 2509 1086 2640 1141; x_wconf 92' lang='lat' dir='ltr'><strong>dum</strong></span> <span class='ocrx_word' id='word_1_246' title='bbox 2679 1088 2875 1143; x_wconf 87' lang='lat' dir='ltr'><strong>turbas</strong></span> <span class='ocrx_word' id='word_1_247' title='bbox 2911 1097 2966 1142; x_wconf 86' lang='lat' dir='ltr'><strong>et</strong></span> <span class='ocrx_word' id='word_1_248' title='bbox 2992 1087 3121 1143; x_wconf 90' lang='lat' dir='ltr'><strong>lites</strong></span> <span class='ocrx_word' id='word_1_249' title='bbox 3165 1089 3390 1142; x_wconf 92' lang='lat' dir='ltr'><strong>domum</strong></span> <span class='ocrx_word' id='word_1_250' title='bbox 3443 1090 3713 1144; x_wconf 81' lang='lat' dir='ltr'><strong>inducis?‘</strong></span> <span class='ocrx_word' id='word_1_251' title='bbox 3752 1088 3886 1144; x_wconf 88' lang='lat' dir='ltr'><strong>dum</strong></span> 
     </span>
    </p>
   </div>
   <div class='ocr_carea' id='block_1_33' title="bbox 2316 1191 3886 1263">
    <p class='ocr_par' dir='ltr' id='par_1_33' title="bbox 2316 1191 3886 1263">
     <span class='ocr_line' id='line_1_33' title="bbox 2316 1191 3886 1263; baseline 0.001 -18"><span class='ocrx_word' id='word_1_252' title='bbox 2316 1193 2443 1246; x_wconf 87' lang='lat' dir='ltr'><strong>talia</strong></span> <span class='ocrx_word' id='word_1_253' title='bbox 2474 1193 2590 1262; x_wconf 84' lang='lat' dir='ltr'><strong>agis</strong></span> <span class='ocrx_word' id='word_1_254' title='bbox 2618 1191 2675 1246; x_wconf 91' lang='lat' dir='ltr'><strong>in</strong></span> <span class='ocrx_word' id='word_1_255' title='bbox 2707 1194 2849 1257; x_wconf 90' lang='lat' dir='ltr'><strong>foro,</strong></span> <span class='ocrx_word' id='word_1_256' title='bbox 2877 1209 3000 1263; x_wconf 73' lang='lat' dir='ltr'><strong>quze</strong></span> <span class='ocrx_word' id='word_1_257' title='bbox 3027 1209 3152 1248; x_wconf 87' lang='lat' dir='ltr'><strong>cum</strong></span> <span class='ocrx_word' id='word_1_258' title='bbox 3200 1193 3350 1248; x_wconf 90' lang='lat' dir='ltr'><strong>domi</strong></span> <span class='ocrx_word' id='word_1_259' title='bbox 3392 1208 3606 1258; x_wconf 90' lang='lat' dir='ltr'><strong>narras,</strong></span> <span class='ocrx_word' id='word_1_260' title='bbox 3655 1195 3721 1247; x_wconf 87' lang='lat' dir='ltr'><strong>ad</strong></span> <span class='ocrx_word' id='word_1_261' title='bbox 3754 1209 3886 1248; x_wconf 88' lang='lat' dir='ltr'><strong>eru-</strong></span> 
     </span>
    </p>
   </div>
   <div class='ocr_carea' id='block_1_34' title="bbox 2313 1296 3889 1367">
    <p class='ocr_par' dir='ltr' id='par_1_34' title="bbox 2313 1296 3889 1367">
     <span class='ocr_line' id='line_1_34' title="bbox 2313 1296 3889 1367; baseline 0 -17"><span class='ocrx_word' id='word_1_262' title='bbox 2313 1297 2652 1350; x_wconf 85' lang='lat' dir='ltr'><strong>bescendum</strong></span> <span class='ocrx_word' id='word_1_263' title='bbox 2708 1298 2857 1367; x_wconf 88' lang='lat' dir='ltr'><strong>cogis</strong></span> <span class='ocrx_word' id='word_1_264' title='bbox 2888 1311 3113 1351; x_wconf 80' lang='lat' dir='ltr'><strong>uxorem</strong></span> <span class='ocrx_word' id='word_1_265' title='bbox 3161 1297 3484 1351; x_wconf 86' lang='lat' dir='ltr'><strong>audientem</strong></span> <span class='ocrx_word' id='word_1_266' title='bbox 3519 1337 3533 1362; x_wconf 96' lang='lat'><strong>,</strong></span> <span class='ocrx_word' id='word_1_267' title='bbox 3577 1306 3634 1352; x_wconf 91' lang='lat' dir='ltr'><strong>ct</strong></span> <span class='ocrx_word' id='word_1_268' title='bbox 3675 1296 3889 1367; x_wconf 79' lang='lat' dir='ltr'><strong>pudore</strong></span> 
     </span>
    </p>
   </div>
   <div class='ocr_carea' id='block_1_35' title="bbox 2314 1403 3889 1473">
    <p class='ocr_par' dir='ltr' id='par_1_35' title="bbox 2314 1403 3889 1473">
     <span class='ocr_line' id='line_1_35' title="bbox 2314 1403 3889 1473; baseline 0.001 -18"><span class='ocrx_word' id='word_1_269' title='bbox 2314 1403 2590 1457; x_wconf 75' lang='lat' dir='ltr'><strong>suffundis</strong></span> <span class='ocrx_word' id='word_1_270' title='bbox 2634 1403 2800 1458; x_wconf 80' lang='lat' dir='ltr'><strong>ﬁliam</strong></span> <span class='ocrx_word' id='word_1_271' title='bbox 2834 1411 3162 1473; x_wconf 62' lang='lat' dir='ltr'><strong>praesentem</strong></span> <span class='ocrx_word' id='word_1_272' title='bbox 3195 1443 3210 1469; x_wconf 96' lang='lat'><strong>,</strong></span> <span class='ocrx_word' id='word_1_273' title='bbox 3267 1412 3432 1473; x_wconf 89' lang='lat' dir='ltr'><strong>atque</strong></span> <span class='ocrx_word' id='word_1_274' title='bbox 3480 1413 3610 1457; x_wconf 83' lang='lat' dir='ltr'><strong>ante</strong></span> <span class='ocrx_word' id='word_1_275' title='bbox 3652 1404 3770 1456; x_wconf 85' lang='lat' dir='ltr'><strong>illas</strong></span> <span class='ocrx_word' id='word_1_276' title='bbox 3811 1411 3889 1457; x_wconf 81' lang='lat' dir='ltr'><strong>te-</strong></span> 
     </span>
    </p>
   </div>
   <div class='ocr_carea' id='block_1_36' title="bbox 2315 1507 3890 1579">
    <p class='ocr_par' dir='ltr' id='par_1_36' title="bbox 2315 1507 3890 1579">
     <span class='ocr_line' id='line_1_36' title="bbox 2315 1507 3890 1579; baseline -0.001 -17"><span class='ocrx_word' id='word_1_277' title='bbox 2315 1510 2531 1579; x_wconf 87' lang='lat' dir='ltr'><strong>ipsum?</strong></span> <span class='ocrx_word' id='word_1_278' title='bbox 2569 1510 2802 1565; x_wconf 83' lang='lat' dir='ltr'><strong>Necesse</strong></span> <span class='ocrx_word' id='word_1_279' title='bbox 2822 1508 2968 1564; x_wconf 89' lang='lat' dir='ltr'><strong>enim</strong></span> <span class='ocrx_word' id='word_1_280' title='bbox 2992 1519 3077 1564; x_wconf 90' lang='lat' dir='ltr'><strong>est</strong></span> <span class='ocrx_word' id='word_1_281' title='bbox 3108 1519 3204 1565; x_wconf 90' lang='lat' dir='ltr'><strong>aut</strong></span> <span class='ocrx_word' id='word_1_282' title='bbox 3236 1519 3438 1576; x_wconf 85' lang='lat' dir='ltr'><strong>tacere,</strong></span> <span class='ocrx_word' id='word_1_283' title='bbox 3470 1519 3566 1562; x_wconf 91' lang='lat' dir='ltr'><strong>aut</strong></span> <span class='ocrx_word' id='word_1_284' title='bbox 3592 1509 3696 1562; x_wconf 90' lang='lat' dir='ltr'><strong>hoc</strong></span> <span class='ocrx_word' id='word_1_285' title='bbox 3726 1507 3890 1562; x_wconf 72' lang='lat' dir='ltr'><strong>modo</strong></span> 
     </span>
    </p>
   </div>
   <div class='ocr_carea' id='block_1_37' title="bbox 2315 1614 3889 1685">
    <p class='ocr_par' dir='ltr' id='par_1_37' title="bbox 2315 1614 3889 1685">
     <span class='ocr_line' id='line_1_37' title="bbox 2315 1614 3889 1685; baseline -0.001 -17"><span class='ocrx_word' id='word_1_286' title='bbox 2315 1614 2694 1678; x_wconf 90' lang='lat' dir='ltr'><strong>dehonestari,</strong></span> <span class='ocrx_word' id='word_1_287' title='bbox 2729 1630 2830 1685; x_wconf 89' lang='lat' dir='ltr'><strong>pro</strong></span> <span class='ocrx_word' id='word_1_288' title='bbox 2847 1615 3051 1684; x_wconf 89' lang='lat' dir='ltr'><strong>quibus</strong></span> <span class='ocrx_word' id='word_1_289' title='bbox 3082 1614 3250 1670; x_wconf 88' lang='lat' dir='ltr'><strong>rebus</strong></span> <span class='ocrx_word' id='word_1_290' title='bbox 3282 1615 3369 1669; x_wconf 89' lang='lat' dir='ltr'><strong>vel</strong></span> <span class='ocrx_word' id='word_1_291' title='bbox 3399 1615 3732 1668; x_wconf 89' lang='lat' dir='ltr'><strong>domesticos</strong></span> <span class='ocrx_word' id='word_1_292' title='bbox 3760 1629 3889 1668; x_wconf 81' lang='lat' dir='ltr'><strong>ver-</strong></span> 
     </span>
    </p>
   </div>
   <div class='ocr_carea' id='block_1_38' title="bbox 2318 1722 3891 1793">
    <p class='ocr_par' dir='ltr' id='par_1_38' title="bbox 2318 1722 3891 1793">
     <span class='ocr_line' id='line_1_38' title="bbox 2318 1722 3891 1793; baseline -0.003 -15"><span class='ocrx_word' id='word_1_293' title='bbox 2318 1724 2547 1778; x_wconf 82' lang='lat' dir='ltr'><strong>beribus</strong></span> <span class='ocrx_word' id='word_1_294' title='bbox 2570 1724 2749 1792; x_wconf 78' lang='lat' dir='ltr'><strong>excipi</strong></span> <span class='ocrx_word' id='word_1_295' title='bbox 2788 1739 2888 1793; x_wconf 90' lang='lat' dir='ltr'><strong>par</strong></span> <span class='ocrx_word' id='word_1_296' title='bbox 2932 1732 3039 1778; x_wconf 92' lang='lat' dir='ltr'><strong>est.</strong></span> <span class='ocrx_word' id='word_1_297' title='bbox 3080 1723 3254 1789; x_wconf 86' lang='lat' dir='ltr'><strong>Quam</strong></span> <span class='ocrx_word' id='word_1_298' title='bbox 3296 1722 3497 1792; x_wconf 88' lang='lat' dir='ltr'><strong>igitur,</strong></span> <span class='ocrx_word' id='word_1_299' title='bbox 3551 1735 3757 1790; x_wconf 77' lang='lat' dir='ltr'><strong>quaeso,</strong></span> <span class='ocrx_word' id='word_1_300' title='bbox 3791 1735 3891 1774; x_wconf 84' lang='lat' dir='ltr'><strong>ex-</strong></span> 
     </span>
    </p>
   </div>
   <div class='ocr_carea' id='block_1_39' title="bbox 2317 1823 3890 1894">
    <p class='ocr_par' dir='ltr' id='par_1_39' title="bbox 2317 1823 3890 1894">
     <span class='ocr_line' id='line_1_39' title="bbox 2317 1823 3890 1894; baseline -0.001 -15"><span class='ocrx_word' id='word_1_301' title='bbox 2317 1825 2662 1880; x_wconf 86' lang='lat' dir='ltr'><strong>cusationem</strong></span> <span class='ocrx_word' id='word_1_302' title='bbox 2689 1825 2941 1890; x_wconf 84' lang='lat' dir='ltr'><strong>habebis,</strong></span> <span class='ocrx_word' id='word_1_303' title='bbox 2991 1826 3122 1881; x_wconf 91' lang='lat' dir='ltr'><strong>dum</strong></span> <span class='ocrx_word' id='word_1_304' title='bbox 3153 1841 3217 1880; x_wconf 89' lang='lat' dir='ltr'><strong>ea</strong></span> <span class='ocrx_word' id='word_1_305' title='bbox 3256 1833 3408 1879; x_wconf 89' lang='lat' dir='ltr'><strong>tanto</strong></span> <span class='ocrx_word' id='word_1_306' title='bbox 3456 1825 3643 1879; x_wconf 90' lang='lat' dir='ltr'><strong>studio</strong></span> <span class='ocrx_word' id='word_1_307' title='bbox 3673 1823 3890 1894; x_wconf 88' lang='lat' dir='ltr'><strong>conspi-</strong></span> 
     </span>
    </p>
   </div>
   <div class='ocr_carea' id='block_1_40' title="bbox 2316 1930 3891 2001">
    <p class='ocr_par' dir='ltr' id='par_1_40' title="bbox 2316 1930 3891 2001">
     <span class='ocr_line' id='line_1_40' title="bbox 2316 1930 3891 2001; baseline -0.002 -16"><span class='ocrx_word' id='word_1_308' title='bbox 2316 1933 2414 1995; x_wconf 92' lang='lat' dir='ltr'><strong>cis,</strong></span> <span class='ocrx_word' id='word_1_309' title='bbox 2449 1947 2570 2001; x_wconf 62' lang='lat' dir='ltr'><strong>qua!</strong></span> <span class='ocrx_word' id='word_1_310' title='bbox 2597 1946 2666 1984; x_wconf 91' lang='lat' dir='ltr'><strong>nc</strong></span> <span class='ocrx_word' id='word_1_311' title='bbox 2689 1945 2915 1985; x_wconf 87' lang='lat' dir='ltr'><strong>narrare</strong></span> <span class='ocrx_word' id='word_1_312' title='bbox 2949 1931 3173 2000; x_wconf 86' lang='lat' dir='ltr'><strong>quidem</strong></span> <span class='ocrx_word' id='word_1_313' title='bbox 3206 1930 3287 1984; x_wconf 87' lang='lat' dir='ltr'><strong>fas</strong></span> <span class='ocrx_word' id='word_1_314' title='bbox 3321 1931 3452 1985; x_wconf 86' lang='lat' dir='ltr'><strong>est?</strong></span> <span class='ocrx_word' id='word_1_315' title='bbox 3499 1931 3631 1996; x_wconf 70' lang='lat' dir='ltr'><strong>Quae</strong></span> <span class='ocrx_word' id='word_1_316' title='bbox 3673 1944 3743 1984; x_wconf 91' lang='lat' dir='ltr'><strong>ne</strong></span> <span class='ocrx_word' id='word_1_317' title='bbox 3777 1944 3891 1983; x_wconf 88' lang='lat' dir='ltr'><strong>me-</strong></span> 
     </span>
    </p>
   </div>
   <div class='ocr_carea' id='block_1_41' title="bbox 2314 2034 3889 2105">
    <p class='ocr_par' dir='ltr' id='par_1_41' title="bbox 2314 2034 3889 2105">
     <span class='ocr_line' id='line_1_41' title="bbox 2314 2034 3889 2105; baseline 0 -17"><span class='ocrx_word' id='word_1_318' title='bbox 2314 2051 2530 2093; x_wconf 91' lang='lat' dir='ltr'><strong>morare</strong></span> <span class='ocrx_word' id='word_1_319' title='bbox 2568 2035 2790 2105; x_wconf 90' lang='lat' dir='ltr'><strong>quidem</strong></span> <span class='ocrx_word' id='word_1_320' title='bbox 2821 2036 2971 2100; x_wconf 89' lang='lat' dir='ltr'><strong>licet,</strong></span> <span class='ocrx_word' id='word_1_321' title='bbox 2995 2051 3059 2091; x_wconf 87' lang='lat' dir='ltr'><strong>ea</strong></span> <span class='ocrx_word' id='word_1_322' title='bbox 3093 2035 3351 2090; x_wconf 90' lang='lat' dir='ltr'><strong>omnibus</strong></span> <span class='ocrx_word' id='word_1_323' title='bbox 3378 2035 3712 2104; x_wconf 83' lang='lat' dir='ltr'><strong>anteponis?</strong></span> <span class='ocrx_word' id='word_1_324' title='bbox 3741 2034 3889 2088; x_wconf 86' lang='lat' dir='ltr'><strong>Inte-</strong></span> 
     </span>
    </p>
   </div>
   <div class='ocr_carea' id='block_1_42' title="bbox 2314 2138 3889 2211">
    <p class='ocr_par' dir='ltr' id='par_1_42' title="bbox 2314 2138 3889 2211">
     <span class='ocr_line' id='line_1_42' title="bbox 2314 2138 3889 2211; baseline -0.001 -17"><span class='ocrx_word' id='word_1_325' title='bbox 2314 2142 2419 2194; x_wconf 91' lang='lat' dir='ltr'><strong>rim</strong></span> <span class='ocrx_word' id='word_1_326' title='bbox 2453 2141 2622 2211; x_wconf 87' lang='lat' dir='ltr'><strong>igitur</strong></span> <span class='ocrx_word' id='word_1_327' title='bbox 2654 2181 2668 2205; x_wconf 94' lang='lat'><strong>,</strong></span> <span class='ocrx_word' id='word_1_328' title='bbox 2711 2157 2780 2195; x_wconf 90' lang='lat' dir='ltr'><strong>ne</strong></span> <span class='ocrx_word' id='word_1_329' title='bbox 2819 2140 2921 2195; x_wconf 91' lang='lat' dir='ltr'><strong>sim</strong></span> <span class='ocrx_word' id='word_1_330' title='bbox 2956 2141 3266 2206; x_wconf 89' lang='lat' dir='ltr'><strong>onerosior,</strong></span> <span class='ocrx_word' id='word_1_331' title='bbox 3313 2141 3402 2194; x_wconf 90' lang='lat' dir='ltr'><strong>hic</strong></span> <span class='ocrx_word' id='word_1_332' title='bbox 3432 2140 3595 2195; x_wconf 83' lang='lat' dir='ltr'><strong>finem</strong></span> <span class='ocrx_word' id='word_1_333' title='bbox 3629 2138 3889 2209; x_wconf 89' lang='lat' dir='ltr'><strong>loquendi</strong></span> 
     </span>
    </p>
   </div>
   <div class='ocr_carea' id='block_1_43' title="bbox 2312 2242 3891 2314">
    <p class='ocr_par' dir='ltr' id='par_1_43' title="bbox 2312 2242 3891 2314">
     <span class='ocr_line' id='line_1_43' title="bbox 2312 2242 3891 2314; baseline -0.003 -14"><span class='ocrx_word' id='word_1_334' title='bbox 2312 2247 2531 2302; x_wconf 82' lang='lat' dir='ltr'><strong>faciam.</strong></span> <span class='ocrx_word' id='word_1_335' title='bbox 2565 2245 2620 2300; x_wconf 89' lang='lat' dir='ltr'><strong>Si</strong></span> <span class='ocrx_word' id='word_1_336' title='bbox 2651 2253 2836 2299; x_wconf 88' lang='lat' dir='ltr'><strong>autem</strong></span> <span class='ocrx_word' id='word_1_337' title='bbox 2865 2245 3061 2299; x_wconf 89' lang='lat' dir='ltr'><strong>iisdem</strong></span> <span class='ocrx_word' id='word_1_338' title='bbox 3095 2242 3430 2314; x_wconf 85' lang='lat' dir='ltr'><strong>persistatis,</strong></span> <span class='ocrx_word' id='word_1_339' title='bbox 3468 2245 3716 2297; x_wconf 88' lang='lat' dir='ltr'><strong>acutiore</strong></span> <span class='ocrx_word' id='word_1_340' title='bbox 3745 2243 3891 2297; x_wconf 67' lang='grc' dir='ltr'><strong>[ει-η)</strong></span> 
     </span>
    </p>
   </div>
   <div class='ocr_carea' id='block_1_44' title="bbox 2313 2347 3892 2424">
    <p class='ocr_par' dir='ltr' id='par_1_44' title="bbox 2313 2347 3892 2424">
     <span class='ocr_line' id='line_1_44' title="bbox 2313 2347 3892 2424; baseline -0.003 -17"><span class='ocrx_word' id='word_1_341' title='bbox 2313 2353 2643 2424; x_wconf 80' lang='lat' dir='ltr'><strong>profundius</strong></span> <span class='ocrx_word' id='word_1_342' title='bbox 2677 2353 2880 2406; x_wconf 92' lang='lat' dir='ltr'><strong>vulnus</strong></span> <span class='ocrx_word' id='word_1_343' title='bbox 2902 2351 3141 2421; x_wconf 83' lang='lat' dir='ltr'><strong>infligam</strong></span> <span class='ocrx_word' id='word_1_344' title='bbox 3175 2367 3187 2401; x_wconf 89' lang='lat'><strong>:</strong></span> <span class='ocrx_word' id='word_1_345' title='bbox 3219 2364 3398 2419; x_wconf 89' lang='lat' dir='ltr'><strong>neque</strong></span> <span class='ocrx_word' id='word_1_346' title='bbox 3435 2348 3686 2412; x_wconf 75' lang='lat' dir='ltr'><strong>cessabo,</strong></span> <span class='ocrx_word' id='word_1_347' title='bbox 3714 2347 3892 2402; x_wconf 88' lang='lat' dir='ltr'><strong>donec</strong></span> 
     </span>
    </p>
   </div>
   <div class='ocr_carea' id='block_1_45' title="bbox 2313 2452 3892 2527">
    <p class='ocr_par' dir='ltr' id='par_1_45' title="bbox 2313 2452 3892 2527">
     <span class='ocr_line' id='line_1_45' title="bbox 2313 2452 3892 2527; baseline -0.004 -14"><span class='ocrx_word' id='word_1_348' title='bbox 2313 2458 2579 2527; x_wconf 87' lang='lat' dir='ltr'><strong>dissipato</strong></span> <span class='ocrx_word' id='word_1_349' title='bbox 2633 2456 2726 2513; x_wconf 87' lang='lat' dir='ltr'><strong>illo</strong></span> <span class='ocrx_word' id='word_1_350' title='bbox 2758 2455 3031 2510; x_wconf 84' lang='lat' dir='ltr'><strong>diabolico</strong></span> <span class='ocrx_word' id='word_1_351' title='bbox 3083 2454 3298 2508; x_wconf 88' lang='lat' dir='ltr'><strong>theatro</strong></span> <span class='ocrx_word' id='word_1_352' title='bbox 3326 2495 3339 2518; x_wconf 93' lang='lat'><strong>,</strong></span> <span class='ocrx_word' id='word_1_353' title='bbox 3401 2469 3601 2523; x_wconf 92' lang='lat' dir='ltr'><strong>purum</strong></span> <span class='ocrx_word' id='word_1_354' title='bbox 3630 2452 3892 2507; x_wconf 70' lang='lat' dir='ltr'><strong>Ecclesia!</strong></span> 
     </span>
    </p>
   </div>
   <div class='ocr_carea' id='block_1_46' title="bbox 2312 2557 3890 2630">
    <p class='ocr_par' dir='ltr' id='par_1_46' title="bbox 2312 2557 3890 2630">
     <span class='ocr_line' id='line_1_46' title="bbox 2312 2557 3890 2630; baseline -0.004 -10"><span class='ocrx_word' id='word_1_355' title='bbox 2312 2574 2512 2620; x_wconf 62' lang='lat' dir='ltr'><strong>castum</strong></span> <span class='ocrx_word' id='word_1_356' title='bbox 2544 2563 2807 2618; x_wconf 77' lang='lat' dir='ltr'><strong>eil’ecero.</strong></span> <span class='ocrx_word' id='word_1_357' title='bbox 2857 2563 2935 2617; x_wconf 90' lang='lat' dir='ltr'><strong>Ita</strong></span> <span class='ocrx_word' id='word_1_358' title='bbox 2982 2560 3132 2615; x_wconf 90' lang='lat' dir='ltr'><strong>enim</strong></span> <span class='ocrx_word' id='word_1_359' title='bbox 3174 2575 3204 2614; x_wconf 92' lang='lat' dir='ltr'><strong>a</strong></span> <span class='ocrx_word' id='word_1_360' title='bbox 3242 2559 3500 2630; x_wconf 65' lang='lat' dir='ltr'><strong>prtesenti</strong></span> <span class='ocrx_word' id='word_1_361' title='bbox 3547 2557 3890 2628; x_wconf 81' lang='lat' dir='ltr'><strong>turpitudine</strong></span> 
     </span>
    </p>
   </div>
   <div class='ocr_carea' id='block_1_47' title="bbox 2310 2665 3890 2735">
    <p class='ocr_par' dir='ltr' id='par_1_47' title="bbox 2310 2665 3890 2735">
     <span class='ocr_line' id='line_1_47' title="bbox 2310 2665 3890 2735; baseline -0.005 -11"><span class='ocrx_word' id='word_1_362' title='bbox 2310 2671 2695 2734; x_wconf 88' lang='lat' dir='ltr'><strong>liberabimur,</strong></span> <span class='ocrx_word' id='word_1_363' title='bbox 2729 2678 2786 2724; x_wconf 86' lang='lat' dir='ltr'><strong>et</strong></span> <span class='ocrx_word' id='word_1_364' title='bbox 2817 2668 3058 2723; x_wconf 85' lang='lat' dir='ltr'><strong>futuram</strong></span> <span class='ocrx_word' id='word_1_365' title='bbox 3097 2681 3506 2735; x_wconf 86' lang='lat' dir='ltr'><strong>consequemur</strong></span> <span class='ocrx_word' id='word_1_366' title='bbox 3545 2665 3738 2726; x_wconf 89' lang='lat' dir='ltr'><strong>vitam,</strong></span> <span class='ocrx_word' id='word_1_367' title='bbox 3765 2676 3890 2733; x_wconf 75' lang='lat' dir='ltr'><strong>gra-</strong></span> 
     </span>
    </p>
   </div>
   <div class='ocr_carea' id='block_1_48' title="bbox 2314 2766 3895 2832">
    <p class='ocr_par' dir='ltr' id='par_1_48' title="bbox 2314 2766 3895 2832">
     <span class='ocr_line' id='line_1_48' title="bbox 2314 2766 3895 2832; baseline -0.006 -1"><span class='ocrx_word' id='word_1_368' title='bbox 2314 2780 2386 2832; x_wconf 90' lang='lat' dir='ltr'><strong>tia</strong></span> <span class='ocrx_word' id='word_1_369' title='bbox 2448 2787 2504 2831; x_wconf 88' lang='lat' dir='ltr'><strong>et</strong></span> <span class='ocrx_word' id='word_1_370' title='bbox 2566 2775 2951 2832; x_wconf 85' lang='lat' dir='ltr'><strong>misericordia</strong></span> <span class='ocrx_word' id='word_1_371' title='bbox 3033 2772 3252 2828; x_wconf 89' lang='lat' dir='ltr'><strong>Domini</strong></span> <span class='ocrx_word' id='word_1_372' title='bbox 3295 2770 3470 2825; x_wconf 88' lang='lat' dir='ltr'><strong>nostri</strong></span> <span class='ocrx_word' id='word_1_373' title='bbox 3533 2769 3663 2824; x_wconf 82' lang='lat' dir='ltr'><strong>Jesu</strong></span> <span class='ocrx_word' id='word_1_374' title='bbox 3727 2766 3895 2822; x_wconf 77' lang='lat' dir='ltr'><strong>Chri-</strong></span> 
     </span>
    </p>
   </div>
   <div class='ocr_carea' id='block_1_49' title="bbox 2313 2874 3895 2951">
    <p class='ocr_par' dir='ltr' id='par_1_49' title="bbox 2313 2874 3895 2951">
     <span class='ocr_line' id='line_1_49' title="bbox 2313 2874 3895 2951; baseline -0.008 -15"><span class='ocrx_word' id='word_1_375' title='bbox 2313 2883 2403 2944; x_wconf 83' lang='lat' dir='ltr'><strong>sti,</strong></span> <span class='ocrx_word' id='word_1_376' title='bbox 2446 2882 2534 2936; x_wconf 76' lang='lat' dir='ltr'><strong>cui</strong></span> <span class='ocrx_word' id='word_1_377' title='bbox 2563 2881 2735 2951; x_wconf 86' lang='lat' dir='ltr'><strong>gloria</strong></span> <span class='ocrx_word' id='word_1_378' title='bbox 2776 2890 2831 2936; x_wconf 87' lang='lat' dir='ltr'><strong>et</strong></span> <span class='ocrx_word' id='word_1_379' title='bbox 2871 2878 3164 2950; x_wconf 89' lang='lat' dir='ltr'><strong>imperium</strong></span> <span class='ocrx_word' id='word_1_380' title='bbox 3220 2877 3274 2932; x_wconf 89' lang='lat' dir='ltr'><strong>in</strong></span> <span class='ocrx_word' id='word_1_381' title='bbox 3314 2874 3508 2930; x_wconf 61' lang='lat' dir='ltr'><strong>secula</strong></span> <span class='ocrx_word' id='word_1_382' title='bbox 3540 2874 3895 2930; x_wconf 72' lang='lat' dir='ltr'><strong>saeculorum.</strong></span> 
     </span>
    </p>
   </div>
   <div class='ocr_carea' id='block_1_50' title="bbox 2316 2990 2511 3042">
    <p class='ocr_par' dir='ltr' id='par_1_50' title="bbox 2316 2990 2511 3042">
     <span class='ocr_line' id='line_1_50' title="bbox 2316 2990 2511 3042; baseline -0.01 0"><span class='ocrx_word' id='word_1_383' title='bbox 2316 2990 2511 3042; x_wconf 79' lang='lat' dir='ltr'><strong>Amen.</strong></span> 
     </span>
    </p>
   </div>
   <div class='ocr_carea' id='block_1_51' title="bbox 3193 4378 3891 4397">
    <p class='ocr_par' dir='ltr' id='par_1_51' title="bbox 3193 4378 3891 4397">
     <span class='ocr_line' id='line_1_51' title="bbox 3193 4378 3891 4397; baseline 0.014 -15"><span class='ocrx_word' id='word_1_384' title='bbox 3193 4378 3464 4389; x_wconf 63' lang='lat'><strong>___.______..</strong></span> <span class='ocrx_word' id='word_1_385' title='bbox 3474 4381 3501 4387; x_wconf 57' lang='grc' dir='ltr'><strong>,ς</strong></span> <span class='ocrx_word' id='word_1_386' title='bbox 3515 4380 3620 4388; x_wconf 51' lang='grc' dir='ltr'><strong>νο...-</strong></span> <span class='ocrx_word' id='word_1_387' title='bbox 3645 4380 3891 4397; x_wconf 54' lang='grc' dir='ltr'><strong>..ηε-ο</strong></span> 
     </span>
    </p>
   </div>
   <div class='ocr_carea' id='block_1_52' title="bbox 1989 4603 2547 4664">
    <p class='ocr_par' dir='ltr' id='par_1_52' title="bbox 1989 4603 2547 4664">
     <span class='ocr_line' id='line_1_52' title="bbox 1989 4603 2547 4664; baseline 0.002 -2"><span class='ocrx_word' id='word_1_388' title='bbox 1989 4603 2325 4664; x_wconf 80' lang='lat' dir='ltr'><strong>HOMILIA</strong></span> <span class='ocrx_word' id='word_1_389' title='bbox 2386 4604 2547 4663; x_wconf 75' lang='lat' dir='ltr'><strong>VIII.</strong></span> 
     </span>
    </p>
   </div>
   <div class='ocr_carea' id='block_1_53' title="bbox 655 4862 2213 4934">
    <p class='ocr_par' dir='ltr' id='par_1_53' title="bbox 655 4862 2213 4934">
     <span class='ocr_line' id='line_1_53' title="bbox 655 4862 2213 4934; baseline -0.001 -15"><span class='ocrx_word' id='word_1_390' title='bbox 655 4863 778 4919; x_wconf 72' lang='grc' dir='ltr'><strong>ΟΑΡ.</strong></span> <span class='ocrx_word' id='word_1_391' title='bbox 811 4863 874 4917; x_wconf 88' lang='lat' dir='ltr'><strong>ll.</strong></span> <span class='ocrx_word' id='word_1_392' title='bbox 913 4879 963 4915; x_wconf 74' lang='grc' dir='ltr'><strong>γ.</strong></span> <span class='ocrx_word' id='word_1_393' title='bbox 995 4865 1080 4917; x_wconf 74' lang='lat' dir='ltr'><strong>II.</strong></span> <span class='ocrx_word' id='word_1_394' title='bbox 1132 4863 1200 4917; x_wconf 84' lang='lat' dir='ltr'><strong>Et</strong></span> <span class='ocrx_word' id='word_1_395' title='bbox 1243 4865 1503 4915; x_wconf 76' lang='lat' dir='ltr'><strong>intrantes</strong></span> <span class='ocrx_word' id='word_1_396' title='bbox 1534 4862 1770 4929; x_wconf 84' lang='lat' dir='ltr'><strong>domum,</strong></span> <span class='ocrx_word' id='word_1_397' title='bbox 1808 4865 2047 4918; x_wconf 82' lang='lat' dir='ltr'><strong>uiderunt</strong></span> <span class='ocrx_word' id='word_1_398' title='bbox 2087 4881 2213 4934; x_wconf 85' lang='lat' dir='ltr'><strong>pue-</strong></span> 
     </span>
    </p>
   </div>
   <div class='ocr_carea' id='block_1_54' title="bbox 729 4968 2215 5038">
    <p class='ocr_par' dir='ltr' id='par_1_54' title="bbox 729 4968 2215 5038">
     <span class='ocr_line' id='line_1_54' title="bbox 729 4968 2215 5038; baseline 0.004 -18"><span class='ocrx_word' id='word_1_399' title='bbox 729 4987 842 5022; x_wconf 81' lang='lat' dir='ltr'><strong>rum</strong></span> <span class='ocrx_word' id='word_1_400' title='bbox 871 4987 986 5023; x_wconf 87' lang='lat' dir='ltr'><strong>cum</strong></span> <span class='ocrx_word' id='word_1_401' title='bbox 1009 4968 1180 5023; x_wconf 73' lang='lat' dir='ltr'><strong>Maria</strong></span> <span class='ocrx_word' id='word_1_402' title='bbox 1217 4979 1387 5024; x_wconf 84' lang='lat' dir='ltr'><strong>matre</strong></span> <span class='ocrx_word' id='word_1_403' title='bbox 1410 4971 1552 5038; x_wconf 84' lang='lat' dir='ltr'><strong>ejus;</strong></span> <span class='ocrx_word' id='word_1_404' title='bbox 1581 4978 1628 5022; x_wconf 88' lang='lat' dir='ltr'><strong>et</strong></span> <span class='ocrx_word' id='word_1_405' title='bbox 1655 4972 1977 5038; x_wconf 77' lang='lat' dir='ltr'><strong>procidentes</strong></span> <span class='ocrx_word' id='word_1_406' title='bbox 2017 4973 2215 5026; x_wconf 87' lang='lat' dir='ltr'><strong>adora-</strong></span> 
     </span>
    </p>
   </div>
   <div class='ocr_carea' id='block_1_55' title="bbox 725 5077 2216 5145">
    <p class='ocr_par' dir='ltr' id='par_1_55' title="bbox 725 5077 2216 5145">
     <span class='ocr_line' id='line_1_55' title="bbox 725 5077 2216 5145; baseline 0.003 -17"><span class='ocrx_word' id='word_1_407' title='bbox 725 5085 916 5128; x_wconf 74' lang='lat' dir='ltr'><strong>uerunt</strong></span> <span class='ocrx_word' id='word_1_408' title='bbox 967 5092 1129 5128; x_wconf 80' lang='lat' dir='ltr'><strong>eum:</strong></span> <span class='ocrx_word' id='word_1_409' title='bbox 1189 5084 1234 5127; x_wconf 87' lang='lat' dir='ltr'><strong>et</strong></span> <span class='ocrx_word' id='word_1_410' title='bbox 1278 5077 1474 5145; x_wconf 88' lang='lat' dir='ltr'><strong>apertis</strong></span> <span class='ocrx_word' id='word_1_411' title='bbox 1518 5077 1778 5129; x_wconf 75' lang='lat' dir='ltr'><strong>thesauris</strong></span> <span class='ocrx_word' id='word_1_412' title='bbox 1821 5077 2119 5133; x_wconf 79' lang='lat' dir='ltr'><strong>obtulerunt</strong></span> <span class='ocrx_word' id='word_1_413' title='bbox 2169 5081 2216 5132; x_wconf 69' lang='lat' dir='ltr'><strong>ei</strong></span> 
     </span>
    </p>
   </div>
   <div class='ocr_carea' id='block_1_56' title="bbox 727 5184 1908 5255">
    <p class='ocr_par' dir='ltr' id='par_1_56' title="bbox 727 5184 1908 5255">
     <span class='ocr_line' id='line_1_56' title="bbox 727 5184 1908 5255; baseline 0.004 -22"><span class='ocrx_word' id='word_1_414' title='bbox 727 5197 969 5242; x_wconf 84' lang='lat' dir='ltr'><strong>munera,</strong></span> <span class='ocrx_word' id='word_1_415' title='bbox 1013 5198 1226 5243; x_wconf 88' lang='lat' dir='ltr'><strong>aurum,</strong></span> <span class='ocrx_word' id='word_1_416' title='bbox 1267 5184 1384 5234; x_wconf 85' lang='lat' dir='ltr'><strong>thus</strong></span> <span class='ocrx_word' id='word_1_417' title='bbox 1419 5191 1468 5234; x_wconf 89' lang='lat' dir='ltr'><strong>et</strong></span> <span class='ocrx_word' id='word_1_418' title='bbox 1496 5185 1768 5254; x_wconf 71' lang='lat' dir='ltr'><strong>myrrham</strong></span> <span class='ocrx_word' id='word_1_419' title='bbox 1805 5184 1908 5255; x_wconf 80' lang='grc' dir='ltr'><strong>(α),</strong></span> 
     </span>
    </p>
   </div>
   <div class='ocr_carea' id='block_1_57' title="bbox 723 5301 2210 5371">
    <p class='ocr_par' dir='ltr' id='par_1_57' title="bbox 723 5301 2210 5371">
     <span class='ocr_line' id='line_1_57' title="bbox 723 5301 2210 5371; baseline 0.002 -17"><span class='ocrx_word' id='word_1_420' title='bbox 723 5303 766 5355; x_wconf 86' lang='grc'><strong>1.</strong></span> <span class='ocrx_word' id='word_1_421' title='bbox 807 5301 974 5371; x_wconf 72' lang='lat' dir='ltr'><strong>Magis</strong></span> <span class='ocrx_word' id='word_1_422' title='bbox 1003 5303 1130 5371; x_wconf 83' lang='lat' dir='ltr'><strong>quid</strong></span> <span class='ocrx_word' id='word_1_423' title='bbox 1178 5304 1364 5366; x_wconf 85' lang='lat' dir='ltr'><strong>suasit,</strong></span> <span class='ocrx_word' id='word_1_424' title='bbox 1402 5311 1456 5355; x_wconf 88' lang='lat' dir='ltr'><strong>ut</strong></span> <span class='ocrx_word' id='word_1_425' title='bbox 1491 5301 1755 5358; x_wconf 85' lang='lat' dir='ltr'><strong>Christum</strong></span> <span class='ocrx_word' id='word_1_426' title='bbox 1800 5305 2108 5370; x_wconf 77' lang='lat' dir='ltr'><strong>adorarent,</strong></span> <span class='ocrx_word' id='word_1_427' title='bbox 2161 5308 2210 5357; x_wconf 88' lang='lat' dir='ltr'><strong>in</strong></span> 
     </span>
    </p>
   </div>
   <div class='ocr_carea' id='block_1_58' title="bbox 723 5476 2212 5540">
    <p class='ocr_par' dir='ltr' id='par_1_58' title="bbox 723 5476 2212 5540">
     <span class='ocr_line' id='line_1_58' title="bbox 723 5476 2212 5540; baseline 0.002 -16"><span class='ocrx_word' id='word_1_428' title='bbox 723 5477 1108 5540; x_wconf 79' lang='lat' dir='ltr'><strong>(a)1.ongiorem</strong></span> <span class='ocrx_word' id='word_1_429' title='bbox 1143 5477 1221 5526; x_wconf 79' lang='lat' dir='ltr'><strong>hic</strong></span> <span class='ocrx_word' id='word_1_430' title='bbox 1247 5476 1441 5540; x_wconf 88' lang='lat' dir='ltr'><strong>titulum</strong></span> <span class='ocrx_word' id='word_1_431' title='bbox 1474 5477 1619 5527; x_wconf 81' lang='lat' dir='ltr'><strong>habet</strong></span> <span class='ocrx_word' id='word_1_432' title='bbox 1653 5478 1821 5527; x_wconf 76' lang='lat' dir='ltr'><strong>Morel.</strong></span> <span class='ocrx_word' id='word_1_433' title='bbox 1858 5492 2001 5540; x_wconf 89' lang='lat' dir='ltr'><strong>quam</strong></span> <span class='ocrx_word' id='word_1_434' title='bbox 2042 5480 2212 5538; x_wconf 64' lang='lat' dir='ltr'><strong>Sa\&#39;il.,</strong></span> 
     </span>
    </p>
   </div>
   <div class='ocr_carea' id='block_1_59' title="bbox 658 5537 2214 5648">
    <p class='ocr_par' dir='ltr' id='par_1_59' title="bbox 658 5537 2214 5648">
     <span class='ocr_line' id='line_1_59' title="bbox 658 5537 2214 5648; baseline 0.003 -64"><span class='ocrx_word' id='word_1_435' title='bbox 658 5543 891 5648; x_wconf 44' lang='lat' dir='ltr'><strong>:‘tﬂzecte</strong></span> <span class='ocrx_word' id='word_1_436' title='bbox 924 5537 1139 5600; x_wconf 63' lang='lat' dir='ltr'><strong>quidem</strong></span> <span class='ocrx_word' id='word_1_437' title='bbox 1177 5552 1189 5586; x_wconf 89' lang='lat'><strong><em>:</em></strong></span> <span class='ocrx_word' id='word_1_438' title='bbox 1228 5552 1337 5588; x_wconf 83' lang='lat' dir='ltr'><strong>nam</strong></span> <span class='ocrx_word' id='word_1_439' title='bbox 1380 5539 1486 5589; x_wconf 63' lang='lat' dir='ltr'><strong>haec</strong></span> <span class='ocrx_word' id='word_1_440' title='bbox 1522 5552 1618 5589; x_wconf 92' lang='lat' dir='ltr'><strong>non</strong></span> <span class='ocrx_word' id='word_1_441' title='bbox 1660 5537 1955 5606; x_wconf 74' lang='lat' dir='ltr'><strong>repetuntur</strong></span> <span class='ocrx_word' id='word_1_442' title='bbox 1999 5541 2119 5589; x_wconf 81' lang='lat' dir='ltr'><strong>infra</strong></span> <span class='ocrx_word' id='word_1_443' title='bbox 2166 5537 2214 5589; x_wconf 89' lang='lat' dir='ltr'><strong>in</strong></span> 
     </span>
    </p>
   </div>
   <div class='ocr_carea' id='block_1_60' title="bbox 2325 4860 3913 4931">
    <p class='ocr_par' dir='ltr' id='par_1_60' title="bbox 2325 4860 3913 4931">
     <span class='ocr_line' id='line_1_60' title="bbox 2325 4860 3913 4931; baseline 0.005 -17"><span class='ocrx_word' id='word_1_444' title='bbox 2325 4869 2477 4914; x_wconf 85' lang='lat' dir='ltr'><strong>tanta</strong></span> <span class='ocrx_word' id='word_1_445' title='bbox 2523 4863 2699 4931; x_wconf 83' lang='lat' dir='ltr'><strong>inapia</strong></span> <span class='ocrx_word' id='word_1_446' title='bbox 2757 4868 2967 4915; x_wconf 83' lang='lat' dir='ltr'><strong>uatum.</strong></span> <span class='ocrx_word' id='word_1_447' title='bbox 3025 4860 3134 4931; x_wconf 88' lang='lat' dir='ltr'><strong>Ipsi</strong></span> <span class='ocrx_word' id='word_1_448' title='bbox 3187 4861 3446 4916; x_wconf 82' lang='lat' dir='ltr'><strong>Christum</strong></span> <span class='ocrx_word' id='word_1_449' title='bbox 3481 4873 3538 4917; x_wconf 83' lang='lat' dir='ltr'><strong>ut</strong></span> <span class='ocrx_word' id='word_1_450' title='bbox 3589 4862 3755 4919; x_wconf 76' lang='lat' dir='ltr'><strong>Deum</strong></span> <span class='ocrx_word' id='word_1_451' title='bbox 3802 4865 3913 4922; x_wconf 58' lang='lat' dir='ltr'><strong>huc</strong></span> 
     </span>
    </p>
   </div>
   <div class='ocr_carea' id='block_1_61' title="bbox 2321 4966 3907 5039">
    <p class='ocr_par' dir='ltr' id='par_1_61' title="bbox 2321 4966 3907 5039">
     <span class='ocr_line' id='line_1_61' title="bbox 2321 4966 3907 5039; baseline 0.003 -18"><span class='ocrx_word' id='word_1_452' title='bbox 2321 4970 2664 5022; x_wconf 84' lang='lat' dir='ltr'><strong>buerunt.—</strong></span> <span class='ocrx_word' id='word_1_453' title='bbox 2703 4966 2994 5034; x_wconf 85' lang='lat' dir='ltr'><strong>Quomodo</strong></span> <span class='ocrx_word' id='word_1_454' title='bbox 3046 4983 3176 5038; x_wconf 88' lang='lat' dir='ltr'><strong>ergo</strong></span> <span class='ocrx_word' id='word_1_455' title='bbox 3233 4967 3311 5022; x_wconf 89' lang='lat' dir='ltr'><strong>ait</strong></span> <span class='ocrx_word' id='word_1_456' title='bbox 3367 4968 3583 5033; x_wconf 83' lang='lat' dir='ltr'><strong>Lucas,</strong></span> <span class='ocrx_word' id='word_1_457' title='bbox 3640 4971 3787 5039; x_wconf 87' lang='lat' dir='ltr'><strong>quod</strong></span> <span class='ocrx_word' id='word_1_458' title='bbox 3841 4971 3907 5027; x_wconf 89' lang='lat' dir='ltr'><strong>in</strong></span> 
     </span>
    </p>
   </div>
   <div class='ocr_carea' id='block_1_62' title="bbox 2320 5073 3914 5145">
    <p class='ocr_par' dir='ltr' id='par_1_62' title="bbox 2320 5073 3914 5145">
     <span class='ocr_line' id='line_1_62' title="bbox 2320 5073 3914 5145; baseline 0.004 -18"><span class='ocrx_word' id='word_1_459' title='bbox 2320 5073 2589 5144; x_wconf 66' lang='lat' dir='ltr'><strong>praesepio</strong></span> <span class='ocrx_word' id='word_1_460' title='bbox 2639 5074 2854 5143; x_wconf 89' lang='lat' dir='ltr'><strong>positus</strong></span> <span class='ocrx_word' id='word_1_461' title='bbox 2909 5083 3054 5129; x_wconf 86' lang='lat' dir='ltr'><strong>esset</strong></span> <span class='ocrx_word' id='word_1_462' title='bbox 3117 5074 3264 5142; x_wconf 84' lang='lat' dir='ltr'><strong>(Luc.</strong></span> <span class='ocrx_word' id='word_1_463' title='bbox 3318 5076 3370 5129; x_wconf 73' lang='lat'><strong>2.</strong></span> <span class='ocrx_word' id='word_1_464' title='bbox 3419 5076 3543 5145; x_wconf 63' lang='lat'><strong>7,)?</strong></span> <span class='ocrx_word' id='word_1_465' title='bbox 3586 5075 3725 5141; x_wconf 84' lang='lat' dir='ltr'><strong>Quia</strong></span> <span class='ocrx_word' id='word_1_466' title='bbox 3790 5089 3914 5134; x_wconf 84' lang='lat' dir='ltr'><strong>sta-</strong></span> 
     </span>
    </p>
   </div>
   <div class='ocr_carea' id='block_1_63' title="bbox 2322 5179 3912 5249">
    <p class='ocr_par' dir='ltr' id='par_1_63' title="bbox 2322 5179 3912 5249">
     <span class='ocr_line' id='line_1_63' title="bbox 2322 5179 3912 5249; baseline 0.003 -15"><span class='ocrx_word' id='word_1_467' title='bbox 2322 5181 2621 5248; x_wconf 81' lang='lat' dir='ltr'><strong>tim.atque</strong></span> <span class='ocrx_word' id='word_1_468' title='bbox 2659 5189 2952 5249; x_wconf 88' lang='lat' dir='ltr'><strong>pepererat</strong></span> <span class='ocrx_word' id='word_1_469' title='bbox 2980 5195 3106 5234; x_wconf 87' lang='lat' dir='ltr'><strong>eum</strong></span> <span class='ocrx_word' id='word_1_470' title='bbox 3162 5180 3234 5233; x_wconf 88' lang='lat' dir='ltr'><strong>ibi</strong></span> <span class='ocrx_word' id='word_1_471' title='bbox 3262 5180 3567 5234; x_wconf 70' lang='lat' dir='ltr'><strong>reclinavit.</strong></span> <span class='ocrx_word' id='word_1_472' title='bbox 3592 5179 3912 5238; x_wconf 79' lang='lat' dir='ltr'><strong>‘Ccnﬂuen-</strong></span> 
     </span>
    </p>
   </div>
   <div class='ocr_carea' id='block_1_64' title="bbox 2322 5283 3911 5355">
    <p class='ocr_par' dir='ltr' id='par_1_64' title="bbox 2322 5283 3911 5355">
     <span class='ocr_line' id='line_1_64' title="bbox 2322 5283 3911 5355; baseline 0.002 -16"><span class='ocrx_word' id='word_1_473' title='bbox 2322 5286 2472 5339; x_wconf 88' lang='lat' dir='ltr'><strong>tibus</strong></span> <span class='ocrx_word' id='word_1_474' title='bbox 2530 5283 2674 5339; x_wconf 92' lang='lat' dir='ltr'><strong>enim</strong></span> <span class='ocrx_word' id='word_1_475' title='bbox 2728 5285 2793 5338; x_wconf 89' lang='lat' dir='ltr'><strong>ad</strong></span> <span class='ocrx_word' id='word_1_476' title='bbox 2865 5300 3088 5338; x_wconf 91' lang='lat' dir='ltr'><strong>censum</strong></span> <span class='ocrx_word' id='word_1_477' title='bbox 3156 5283 3396 5349; x_wconf 66' lang='lat' dir='ltr'><strong>Iudaeis,</strong></span> <span class='ocrx_word' id='word_1_478' title='bbox 3479 5286 3628 5339; x_wconf 85' lang='lat' dir='ltr'><strong>nulla</strong></span> <span class='ocrx_word' id='word_1_479' title='bbox 3669 5295 3911 5355; x_wconf 77' lang='lat' dir='ltr'><strong>poterat</strong></span> 
     </span>
    </p>
   </div>
   <div class='ocr_carea' id='block_1_65' title="bbox 2325 5387 3908 5457">
    <p class='ocr_par' dir='ltr' id='par_1_65' title="bbox 2325 5387 3908 5457">
     <span class='ocr_line' id='line_1_65' title="bbox 2325 5387 3908 5457; baseline 0.001 -16"><span class='ocrx_word' id='word_1_480' title='bbox 2325 5387 2557 5456; x_wconf 90' lang='lat' dir='ltr'><strong>reperiri</strong></span> <span class='ocrx_word' id='word_1_481' title='bbox 2617 5387 2816 5442; x_wconf 92' lang='lat' dir='ltr'><strong>domus</strong></span> <span class='ocrx_word' id='word_1_482' title='bbox 2844 5405 2856 5440; x_wconf 90' lang='lat'><strong>:</strong></span> <span class='ocrx_word' id='word_1_483' title='bbox 2905 5388 3051 5457; x_wconf 89' lang='lat' dir='ltr'><strong>quod</strong></span> <span class='ocrx_word' id='word_1_484' title='bbox 3074 5388 3237 5442; x_wconf 87' lang='lat' dir='ltr'><strong>etiam</strong></span> <span class='ocrx_word' id='word_1_485' title='bbox 3267 5387 3445 5442; x_wconf 88' lang='lat' dir='ltr'><strong>Lucas</strong></span> <span class='ocrx_word' id='word_1_486' title='bbox 3475 5387 3746 5457; x_wconf 79' lang='lat' dir='ltr'><strong>signiﬁcat</strong></span> <span class='ocrx_word' id='word_1_487' title='bbox 3772 5406 3908 5448; x_wconf 90' lang='lat' dir='ltr'><strong>cum</strong></span> 
     </span>
    </p>
   </div>
   <div class='ocr_carea' id='block_1_66' title="bbox 2325 5489 3882 5561">
    <p class='ocr_par' dir='ltr' id='par_1_66' title="bbox 2325 5489 3882 5561">
     <span class='ocr_line' id='line_1_66' title="bbox 2325 5489 3882 5561; baseline 0.003 -17"><span class='ocrx_word' id='word_1_488' title='bbox 2325 5492 2424 5555; x_wconf 90' lang='lat' dir='ltr'><strong>ait,</strong></span> <span class='ocrx_word' id='word_1_489' title='bbox 2470 5489 2607 5554; x_wconf 87' lang='lat' dir='ltr'><strong>Quia</strong></span> <span class='ocrx_word' id='word_1_490' title='bbox 2647 5508 2750 5544; x_wconf 81' lang='lat' dir='ltr'><strong>non</strong></span> <span class='ocrx_word' id='word_1_491' title='bbox 2804 5502 2918 5544; x_wconf 86' lang='lat' dir='ltr'><strong>erat</strong></span> <span class='ocrx_word' id='word_1_492' title='bbox 2967 5493 3138 5555; x_wconf 85' lang='lat' dir='ltr'><strong>locus,</strong></span> <span class='ocrx_word' id='word_1_493' title='bbox 3183 5490 3458 5545; x_wconf 76' lang='lat' dir='ltr'><strong>reclinavit</strong></span> <span class='ocrx_word' id='word_1_494' title='bbox 3500 5491 3672 5546; x_wconf 78' lang='lat' dir='ltr'><strong>illum.</strong></span> <span class='ocrx_word' id='word_1_495' title='bbox 3719 5491 3882 5561; x_wconf 82' lang='lat' dir='ltr'><strong>(Ibid.</strong></span> 
     </span>
    </p>
   </div>
   <div class='ocr_carea' id='block_1_67' title="bbox 2327 5594 3912 5664">
    <p class='ocr_par' dir='ltr' id='par_1_67' title="bbox 2327 5594 3912 5664">
     <span class='ocr_line' id='line_1_67' title="bbox 2327 5594 3912 5664; baseline 0.001 -16"><span class='ocrx_word' id='word_1_496' title='bbox 2327 5594 2521 5650; x_wconf 87' lang='lat' dir='ltr'><strong>Postea</strong></span> <span class='ocrx_word' id='word_1_497' title='bbox 2571 5610 2703 5651; x_wconf 82' lang='lat' dir='ltr'><strong>vero</strong></span> <span class='ocrx_word' id='word_1_498' title='bbox 2761 5595 2986 5650; x_wconf 85' lang='lat' dir='ltr'><strong>sustulit</strong></span> <span class='ocrx_word' id='word_1_499' title='bbox 3029 5605 3085 5650; x_wconf 92' lang='lat' dir='ltr'><strong>et</strong></span> <span class='ocrx_word' id='word_1_500' title='bbox 3141 5609 3304 5664; x_wconf 88' lang='lat' dir='ltr'><strong>supra</strong></span> <span class='ocrx_word' id='word_1_501' title='bbox 3353 5609 3529 5663; x_wconf 84' lang='lat' dir='ltr'><strong>genua</strong></span> <span class='ocrx_word' id='word_1_502' title='bbox 3586 5594 3912 5660; x_wconf 69' lang='lat' dir='ltr'><strong>collocavit.</strong></span> 
     </span>
    </p>
   </div>
  </div>
