4140 6298
292 381 360 439 85
1435 371 1500 426 IN
1541 371 1877 427 MAT'l'llrEl

2001 374 2234 431 nomn.
2282 375 2411 430 vut.
3095 338 3098 342 λ
3529 362 3597 416 st

286 499 410 556 Nam
424 498 606 554 statim
620 505 779 567 atque
798 493 848 546 in
867 488 1179 546 Bethleltem
1194 486 1457 559 pervenit,
1476 486 1638 540 ﬁlium
1654 484 1887 556 peperit,

287 601 338 647 ut
367 590 494 644 hinc
515 598 682 643 totam
713 583 919 638 ediscas
938 580 1315 643 oeconomiam,
1347 585 1527 633 etnon
1549 591 1676 631 casu
1699 585 1751 629 et
1770 577 1888 630 sine

286 683 507 740 consilio
530 687 706 750 gesta,
735 676 829 731 sed
860 690 958 746 per
987 672 1374 743 providentiam
1414 669 1703 741 quamdam
1744 669 1884 723 divi-

286 788 406 828 nam
438 786 501 826 ac
526 767 823 824 secundum
855 763 1149 835 prepbetia:
1172 763 1366 817 seriem
1396 760 1612 829 impleta
1636 759 1751 813 haee
1767 773 1887 813 om-

285 865 371 920 nia
402 861 584 915 fuisse.
617 856 819 913 Verum
863 854 991 926 quid
1038 853 1159 907 illos
1182 844 1255 914 'ad
1288 866 1510 922 puerum
1554 848 1888 904 adorandum

283 951 528 1009 induxit?
554 948 738 1020 Neque
759 947 905 1002 enim
928 944 1091 1015 Virgo
1131 943 1339 1013 insigne
1368 942 1640 1012 quidpiam
1690 955 1801 1010 pra:
1828 955 1889 995 se

283 1045 511 1109 ferebat,
542 1057 714 1113 neque
744 1040 936 1095 domus
963 1036 1239 1108 magnilica
1273 1043 1410 1100 erat,
1444 1049 1617 1104 neque
1648 1034 1767 1089 istic
1791 1033 1891 1087 ali-

283 1134 412 1207 quid
444 1132 589 1189 aliud
622 1139 758 1194 erat,
795 1127 939 1200 quod
970 1135 1153 1196 posset
1193 1125 1315 1181 illos
1356 1124 1441 1179 vel
1484 1123 1781 1194 percellere
1808 1122 1892 1189 vel

285 1226 528 1281 allicere.
559 1222 639 1277 illi
673 1236 802 1275 vero
829 1234 933 1274 non
961 1218 1123 1272 modo
1148 1216 1395 1278 adorant,
1426 1214 1522 1270 sed
1552 1216 1755 1285 apertis
1776 1217 1894 1268 tne-

286 1318 465 1375 sauris
502 1315 614 1370 suis
646 1328 870 1368 munera
913 1310 1165 1375 offerunt,
1216 1325 1438 1364 munera
1489 1310 1730 1379 inquam,
1786 1322 1892 1362 non

287 1408 441 1481 quasi
472 1405 698 1467 homini,
730 1404 824 1459 sed
854 1403 1004 1473 quasi
1040 1402 1169 1456 Deo.
1209 1400 1356 1455 Thus
1396 1400 1539 1454 enim
1583 1408 1639 1454 et
1669 1401 1853 1469 myrrh

290 1498 385 1555 ltei
416 1496 651 1551 maxime
672 1492 974 1566 symbolum
1004 1501 1139 1546 eral.
1169 1490 1307 1558 Quid
1337 1490 1497 1561 igitur
1516 1490 1619 1545 hoc
1646 1490 1752 1544 illis
1767 1505 1893 1543 sua-

290 1587 393 1646 sit?
424 1586 662 1657 ldipsum
689 1583 830 1654 quod
856 1582 1107 1639 excitavit
1136 1581 1276 1647 illos,
1303 1589 1361 1635 ut
1385 1582 1572 1636 relicta
1601 1579 1762 1635 domo
1782 1590 1895 1633 tau-

292 1689 405 1735 tum
455 1678 560 1733 iter
606 1675 976 1746 susciperent:
1012 1672 1266 1727 nimirum
1308 1671 1463 1725 stella
1512 1680 1567 1725 ct
1608 1671 1898 1726 illustratio

292 1773 490 1829 mentis
516 1788 546 1827 a
580 1773 692 1828 Deo
721 1772 852 1843 ipsis
882 1774 1083 1840 indita;
1111 1789 1228 1845 qum
1259 1775 1515 1846 paulatim
1544 1774 1665 1829 illos
1683 1775 1749 1831 ad
1774 1792 1894 1847 per-

291 1865 567 1921 lectiorem
596 1866 841 1920 notitiam
869 1865 1114 1922 deduxit.
1162 1866 1275 1921 Nisi
1304 1867 1448 1921 enim
1485 1881 1574 1922 res
1603 1869 1675 1922 ita
1704 1884 1763 1924 se
1795 1871 1893 1925 ba-

290 1956 465 2023 beret,
501 1972 624 2012 eum
652 1958 831 2012 omnia
862 1972 983 2027 quae
1009 1958 1129 2013 istic
1164 1958 1485 2013 videbantur
1533 1960 1657 2014 vilia
1687 1971 1891 2029 essent,

291 2063 396 2102 nou
422 2050 473 2103 ei
521 2059 726 2104 tantum
772 2049 1141 2104 exhibuisseut
1195 2050 1478 2106 lnmorcm.
1534 2052 1659 2108 lilco
1711 2064 1892 2135 autem

288 2142 421 2196 nihil
440 2156 628 2197 eorum
651 2158 772 2213 qum
802 2142 901 2197 sub
927 2158 1145 2198 sensum
1165 2146 1361 2201 cadunt
1387 2146 1455 2197 ibi
1486 2162 1734 2212 utagnum
1753 2156 1889 2214 erat,

286 2231 382 2287 sed
412 2246 678 2302 praesepe,
712 2233 1003 2300 tugurium,
1033 2244 1206 2289 mater
1251 2236 1427 2305 inops,
1454 2246 1509 2290 ut
1537 2237 1731 2292 nudam
1771 2252 1890 2293 ma-

284 2338 475 2393 gorum
507 2324 898 2395 philosophiam
917 2328 1231 2396 perspicias,
1263 2337 1425 2398 atque
1450 2329 1649 2395 discas,
1668 2346 1763 2383 eos
1781 2346 1887 2384 non

285 2424 343 2470 ut
372 2415 648 2472 hominem
677 2432 890 2485 purum,
918 2417 1014 2472 sed
1043 2427 1097 2472 ut
1117 2418 1284 2473 Deum
1310 2429 1363 2473 et
1389 2420 1689 2477 beneﬁcum
1715 2422 1887 2490 ipsum

283 2507 503 2563 adiisse.
528 2509 871 2581 Quapropter
896 2511 1045 2567 nullo
1068 2527 1257 2567 eorum
1286 2530 1405 2584 qua:
1436 2517 1771 2571 extrinsecus
1805 2517 1884 2571 vi-

281 2599 552 2655 debantur
575 2601 768 2658 oﬁ'eusi
815 2615 960 2672 sunt,
987 2608 1082 2663 sed
1111 2609 1402 2664 adorarunt
1428 2618 1484 2666 et
1508 2610 1644 2666 dona
1674 2611 1879 2668 obtule-

281 2700 425 2757 runt,
456 2706 577 2762 quae
604 2693 743 2749 dona
773 2697 999 2753 multum
1037 2713 1067 2754 a
1111 2699 1333 2756 Iudaica
1380 2704 1623 2759 crassitie
1666 2706 1884 2760 diﬂ'ere-

282 2778 432 2835 bant.
462 2780 649 2851 Neque
679 2785 823 2839 enim
867 2801 998 2843 oves
1048 2798 1102 2844 et
1149 2790 1346 2845 vitulos
1392 2792 1758 2860 immolarunt,
1789 2797 1884 2851 sed

278 2886 398 2940 quae
424 2872 808 2931 ecclesiastica:
832 2876 1186 2948 philosoltltia:
1208 2876 1379 2936 vicina
1408 2893 1596 2938 erant:
1620 2886 1882 2953 siquidem

278 2963 584 3029 scientiam,
611 2965 970 3022 obedientiam
998 2979 1052 3024 et
1074 2970 1415 3029 dilectionem
1439 2974 1539 3044 ipsi
1560 2974 1881 3033 oﬂ'erebant.

280 3051 368 3106 η.
394 3053 468 3108 Et
496 3073 743 3126 responso
768 3071 976 3129 accepto
1005 3062 1058 3116 in
1085 3064 1297 3129 somnis,
1330 3082 1394 3120 ne
1424 3066 1645 3121 redirent
1672 3070 1741 3122 ad
1770 3069 1880 3123 He-

279 3146 478 3211 rodem,
514 3162 607 3215 per
632 3148 788 3203 aliam
810 3151 944 3204 viam
974 3155 1161 3208 reversi
1197 3166 1316 3208 sunt
1349 3156 1402 3210 in
1427 3160 1682 3227 regionem
1712 3176 1880 3214 suam.

280 3236 377 3291 llic
398 3238 532 3292 mihi
561 3239 681 3293 vide
712 3240 872 3295 tidem
897 3243 1153 3311 ipsorum,
1179 3246 1449 3315 quomodo
1471 3264 1577 3303 non
1604 3249 1884 3305 oll‘endan-

278 3337 385 3392 tur,
412 3328 509 3383 sed
537 3328 646 3383 sint
673 3332 840 3400 quieti
869 3340 925 3387 et
950 3333 1407 3403 obtemperantes,
1437 3355 1613 3408 neque
1658 3342 1879 3395 turben-

278 3427 380 3481 tur,
416 3435 592 3489 neque
625 3420 747 3475 talia
794 3432 982 3478 mutuo
1029 3424 1349 3495 loquantur:
1376 3427 1518 3485 Sane
1563 3432 1606 3485 si
1657 3446 1881 3501 magnus

276 3510 366 3566 hic
391 3526 529 3581 puer
554 3520 657 3576 est,
688 3522 743 3568 et
766 3515 811 3568 si
848 3530 1011 3583 quam
1044 3515 1206 3572 habet
1244 3521 1558 3587 potentiam,
1591 3522 1716 3590 quid
1744 3538 1881 3591 opus

274 3602 393 3673 luga
421 3612 477 3658 et
506 3604 718 3660 occulto
744 3604 1021 3662 discessu?
1048 3624 1146 3663 cur
1194 3625 1323 3666 vero
1366 3626 1465 3666 nos
1498 3613 1587 3680 qui
1622 3614 1794 3683 palam
1824 3624 1879 3670 et

272 3708 394 3747 cum
417 3692 613 3749 ﬁducia
636 3697 961 3752 accessimus
987 3699 1052 3753 ad
1080 3701 1336 3771 populum
1366 3710 1591 3768 tantum,
1618 3714 1669 3758 et
1693 3720 1876 3760 coram

272 3782 486 3839 furente
512 3800 639 3855 rege
667 3785 939 3853 stetimus,
974 3790 1126 3859 quasi
1164 3790 1419 3863 fugitivos
1460 3810 1523 3847 ex
1552 3794 1766 3850 civitate
1793 3795 1877 3850 di-

273 3874 438 3927 mittit
464 3874 722 3944 angelus?
747 3876 817 3931 At
845 3876 977 3932 nihil
1012 3878 1118 3934 tale
1148 3881 1230 3934 vel
1259 3880 1512 3936 dixerunt
1541 3884 1622 3937 vel
1666 3886 1872 3955 COgita-

272 3974 416 4020 runt.
449 3965 580 4020 illud
609 3967 755 4022 enim
794 3970 1034 4026 maxime
1063 3971 1130 4028 ad
1157 3970 1314 4028 [idem
1360 3975 1614 4044 pertinet,
1647 3984 1707 4030 ut
1732 3977 1871 4032 nulla

267 4060 642 4113 mandatorum
674 4063 810 4114 ratio
839 4066 1169 4132 exquiratur,
1196 4068 1288 4119 sed
1312 4068 1477 4136 jussis
1510 4079 1711 4126 tantum
1742 4073 1864 4131 ohe.

266 4152 468 4205 diatur.
498 4151 583 4206 15.
622 4138 723 4218 Qui
751 4170 865 4207 cum
892 4155 1155 4221 abiisseut,
1178 4174 1291 4211 ecce
1318 4162 1527 4229 angelus
1547 4161 1750 4218 Domini
1770 4182 1869 4235 ap-

266 4242 439 4311 paruit
478 4242 531 4295 in
572 4245 761 4297 somnis
792 4242 1006 4315 Ioseph,
1032 4248 1205 4302 dicens
1224 4265 1243 4303 .·
1275 4249 1442 4321 Surge
1467 4263 1512 4306 et
1543 4257 1719 4326 accipe
1748 4273 1868 4326 pste-

267 4348 382 4385 rstm
406 4342 455 4387 et
484 4342 696 4388 matrem
723 4337 853 4405 ejus,
880 4347 924 4390 et
951 4340 1070 4408 fuge
1095 4341 1145 4392 iu
1178 4338 1486 4411 zEg-yptum.
1521 4343 1619 4400 llic
1645 4344 1790 4401 subit
1814 4348 1865 4401 in

264 4434 505 4481 mentem
532 4428 777 4497 quadam
806 4430 1068 4485 dubitatio
1097 4433 1240 4487 circa
1267 4449 1471 4504 magos,
1495 4444 1552 4489 et
1570 4437 1709 4493 circa
1730 4454 1867 4511 pue-

265 4533 407 4575 rum.
441 4517 555 4573 Etsi
586 4522 729 4574 enim
760 4520 836 4575 illi
868 4522 1061 4576 turbati
1092 4540 1198 4577 non
1227 4525 1355 4591 sint,
1380 4527 1473 4581 sed
1503 4528 1730 4585 ﬁdeliter
1752 4546 1869 4587 0m-

265 4609 351 4664 nia
380 4610 742 4678 susceperint,
776 4611 933 4667 nobis
975 4622 1153 4667 tamen
1192 4616 1539 4684 qurercndum
1582 4620 1859 4687 incumbit,

265 4713 363 4754 cur
390 4715 499 4756 nou
528 4711 583 4757 et
610 4701 685 4755 illi
718 4710 774 4757 et
810 4716 943 4770 puer
981 4716 1280 4775 przesentes
1318 4719 1629 4776 servantur;
1650 4710 1758 4783 sed
1787 4712 1865 4768 illi

265 4792 321 4845 in
353 4791 656 4859 Persidem,
690 4792 779 4849 hic
810 4796 862 4849 in
894 4794 1191 4867 Egi-ptum
1238 4815 1361 4853 cum
1410 4812 1583 4857 matre
1628 4802 1857 4875 fugatur.

264 4883 370 4939 Sed
402 4884 573 4955 quid?
599 4900 664 4941 an
705 4887 987 4957 oportebat
1014 4889 1161 4944 illum
1190 4890 1425 4948 incidere
1455 4894 1505 4948 in
1535 4910 1724 4950 manus
1753 4897 1862 4953 He-

266 4978 434 5043 rodis,
467 4986 522 5033 et
550 4990 764 5047 captum
798 4996 905 5036 non
932 4981 1197 5039 interﬁci?
1226 4986 1296 5040 At
1320 5001 1424 5040 non
1467 4997 1704 5057 putatum
1734 4989 1863 5045 luis-

266 5079 350 5124 set
380 5071 554 5140 ipsum
585 5072 857 5141 accepisse
900 5089 1140 5145 carnem,
1174 5093 1346 5147 neque
1389 5082 1706 5136 meonomize
1744 5098 1861 5137 ma-

263 5163 489 5232 gnitudo
517 5163 735 5218 credita-
762 5163 967 5220 fuisset.
1015 5167 1146 5222 Nam
1193 5169 1238 5223 si
1276 5168 1359 5224 his
1401 5171 1469 5224 ita
1498 5174 1682 5242 gestis,
1713 5184 1860 5243 post-

264 5269 424 5321 quam
451 5254 622 5309 multa
650 5253 887 5310 humano
912 5258 1073 5313 modo
1112 5260 1419 5329 dispensata
1464 5276 1610 5333 sunt,
1643 5267 1858 5337 quidam

266 5343 447 5400 dicere
471 5346 588 5400 ausi
617 5354 743 5400 sunt
768 5347 946 5401 carnis
982 5352 1405 5420 assumptiOnem
1450 5369 1572 5409 esse
1602 5355 1855 5427 fabulam,

266 5453 372 5506 quo
400 5437 696 5507 impietatis
724 5455 833 5493 non
861 5441 1249 5511 prornpissent,
1274 5446 1317 5498 si
1347 5447 1523 5501 omnia
1549 5448 1730 5502 divino
1745 5466 1860 5503 mo-

264 5529 333 5586 do
360 5528 417 5586 et
440 5530 735 5586 secundum
762 5547 911 5586 suam
941 5535 1230 5603 potentiam
1270 5536 1522 5593 fecisset?
1557 5540 1738 5612 Magos
1761 5558 1857 5597 au-

268 5633 372 5682 tem
402 5625 661 5682 celeriter
691 5626 909 5689 emittit,
939 5628 1094 5682 simul
1125 5630 1376 5686 doctores
1407 5633 1625 5689 mittens
1657 5637 1708 5690 in
1735 5636 1859 5692 Per-

264 5735 443 5776 sarum
475 5718 777 5792 regionem,
806 5730 857 5777 et
890 5722 1103 5792 tyranni
1144 5723 1376 5781 furorem
1423 5737 1766 5797 prxvcrtcns,
1806 5740 1857 5784 ιιι

1936 494 1937 497 “
2007 491 2294 553 edisceret,
2325 502 2385 542 se
2410 499 2498 541 res
2522 497 2643 555 qua:
2666 479 2779 535 ﬁeri
2809 494 2916 533 non
2941 486 3157 547 possent
3183 474 3422 547 aggredi.
3448 476 3607 528 iraqu

2006 598 2112 654 que
2139 581 2256 652 ejus
2282 578 2523 644 sedaret,
2552 585 2608 632 et
2625 591 2653 629 a
2679 588 2815 639 vano
2836 570 3022 627 labore
3049 568 3369 624 retraheret.
3397 566 3475 622 Ad
3493 566 3610 633 ejus

2007 674 2152 728 enim
2185 671 2479 742 potentiam
2526 667 2778 737 pertinet.
2825 678 2932 718 non
2964 661 3126 717 modo
3157 659 3402 715 inimicos
3434 657 3609 728 palam

2007 764 2315 835 prodigam,
2339 761 2435 816 sed
2465 761 2628 822 etiam
2674 761 2820 828 ipsos
2860 755 3014 810 facile
3042 752 3316 823 decipere.
3351 751 3443 808 Sic
3467 752 3611 805 enim

2007 855 2292 929 Aigyptios
2322 854 2376 908 in
2409 851 2719 908 Judteorum
2745 848 2971 919 gratiam
2994 845 3226 915 decepit.
3258 854 3306 899 et
3337 858 3459 899 cum
3489 855 3614 911 pos-

2008 959 2090 1004 set
2107 946 2320 1002 illorum
2339 944 2553 1000 divitias
2578 943 2631 997 in
2655 956 2844 995 manus
2867 939 3212 995 llebratorum
3242 937 3415 1007 palam
3439 943 3613 991 trans-

2006 1030 2166 1095 ferre,
2210 1029 2350 1085 clam
2378 1029 2429 1083 id
2457 1040 2511 1084 et
2538 1045 2659 1085 cum
2690 1033 2885 1087 astutia
2917 1033 3031 1089 ﬁeri
3058 1034 3211 1104 jubet
3244 1051 3259 1087 :
3294 1035 3345 1090 id
3375 1036 3519 1106 quod
3542 1038 3611 1093 il-

2005 1122 2114 1177 lum
2144 1138 2249 1195 nop
2269 1122 2447 1178 minus
2470 1122 2862 1181 formidabilem
2894 1127 3135 1183 hostibus
3152 1128 3428 1193 reddebat,
3447 1146 3607 1201 quam

2002 1213 2103 1264 alia
2135 1214 2310 1281 signa.
3275 1211 3279 1214 ’

2071 1304 2125 1358 2.
2170 1303 2463 1359 Potentiam
2487 1306 2579 1361 Dei
2600 1308 2657 1361 in
2678 1307 2989 1378 decipiendis
3015 1309 3239 1365 hostibus
3268 1310 3463 1366 elucere
3485 1313 3609 1366 olim

2001 1397 2221 1467 confessi
2242 1408 2359 1451 sunt
2376 1390 2701 1453 Ascaloniae.
2729 1398 2985 1456 Herodem
3013 1403 3194 1455 maluit
3218 1401 3357 1457 Deus
3378 1402 3610 1475 decipere

1997 1502 2151 1556 quam
2178 1492 2591 1560 perterrefacere.
2625 1490 2854 1546 Christus
2879 1507 2971 1545 cur
2995 1492 3049 1546 in
3079 1491 3371 1564 £ggptum
3398 1498 3603 1551 missus.

1999 1605 2067 1617 -—-
2085 1577 2408 1633 Ascalonita:
2439 1595 2669 1649 namque
2691 1576 2981 1652 ctetcriquc
3008 1599 3195 1640 omnes
3219 1595 3498 1656 postquam
3520 1603 3607 1641 ar-

1996 1682 2115 1722 cam
2162 1679 2439 1739 ceperant,
2476 1672 2714 1740 percussi
2742 1672 2939 1728 deinde
2984 1673 3341 1731 hortabantur
3377 1691 3507 1733 suos
3537 1694 3606 1735 ue

1998 1769 2317 1830 pugnarent,
2349 1777 2525 1832 neque
2571 1763 2857 1819 adversum
2888 1775 3116 1833 starent,
3147 1784 3210 1824 ac
3238 1784 3360 1824 cum
3390 1772 3606 1827 caeteris

1996 1852 2277 1908 miraculis
2306 1852 2411 1907 hoc
2435 1854 2597 1909 etiam
2622 1856 2674 1910 in
2704 1856 2940 1912 medium
2970 1858 3310 1929 proferebant
3329 1860 3601 1920 dicentes:

1997 1946 2171 2008 Quare
2189 1947 2477 2017 aggravatis
2497 1948 2655 2002 corda
2677 1959 2862 2015 vestra,
2880 1950 3010 2005 sicut
3025 1954 3318 2023 aggravavit
3334 1952 3603 2025 Egyptus

1992 2048 2039 2091 et
2074 2035 2321 2093 Pharao?
2347 2056 2516 2094 nonne
2543 2049 2809 2111 postquam
2832 2042 2992 2097 illusit
3019 2044 3111 2109 eis,
3142 2054 3260 2099 tunc
3290 2045 3483 2099 dimisit
3510 2063 3603 2115 po-

1993 2130 2170 2197 pulum
2198 2146 2365 2196 suum,
2401 2140 2446 2185 et
2469 2132 2703 2187 abierunt
2731 2135 2804 2205 (l.
2833 2134 2964 2204 Reg.
2990 2138 3041 2190 6.
3067 2134 3159 2208 6)?
3181 2136 3307 2191 Hmc
3325 2136 3598 2212 dicebant,

1993 2229 2242 2288 putantes
2271 2221 2373 2275 hoc
2406 2234 2736 2292 postremum
2766 2226 2977 2295 signum
3007 2243 3112 2281 non
3141 2228 3321 2283 minus
3348 2245 3472 2286 esse
3495 2246 3602 2286 ca:-

1991 2310 2119 2364 teris
2148 2311 2323 2380 palam
2351 2314 2540 2381 gestis,
2566 2313 2632 2368 ad
2660 2316 2781 2383 ejus
2802 2316 3277 2373 demonstrandam
3303 2324 3595 2389 potentiam

1992 2410 2149 2470 :tque
2174 2404 2619 2473 magnitudinem.
2650 2406 2703 2460 Id
2733 2407 2878 2477 quod
2919 2409 3080 2463 etiam
3130 2409 3217 2465 hic
3263 2412 3459 2467 factu“)
3491 2425 3595 2482 est,

1990 2501 2304 2564 poteratque
2353 2492 2641 2568 tyrannum
2700 2501 3148 2569 perterrelitcere.
3209 2505 3597 2561 Animadverte

1988 2602 2219 2656 namque
2250 2597 2449 2658 quanta
2483 2604 2725 2658 passum,
2756 2600 2807 2645 el
2837 2602 3040 2659 quanto
3070 2592 3421 2661 prmlocatum
3455 2611 3594 2653 Intn-

1988 2691 2108 2731 rore
2130 2678 2400 2733 Herodem
2434 2680 2597 2735 fuisse
2629 2682 2924 2737 verisimile
2944 2685 3033 2744 sit,
3070 2686 3147 2739 sic
3173 2700 3202 2738 a
3232 2688 3402 2755 magis
3434 2688 3595 2746 dece-

1987 2779 2135 2838 ptum
2163 2777 2215 2825 et
2247 2771 2483 2825 illusum.
2516 2772 2651 2840 Quid
2681 2774 2849 2839 enim,
2884 2777 2928 2829 si
2972 2757 3077 2831 tlou
3109 2780 3304 2834 melior
3346 2782 3419 2836 sit
3459 2784 3592 2839 ell‘e-

1986 2861 2140 2915 ctus?
2170 2860 2219 2913 id
2252 2871 2400 2916 certe
2430 2878 2535 2915 ηοω
2566 2863 2632 2916 ad
2660 2879 2785 2918 eum
2813 2865 2900 2933 qui
2936 2866 3052 2922 hare
3078 2867 3413 2939 dispensavit
3449 2876 3594 2929 refe-

1986 2950 2212 3004 rentlum
2244 2960 2349 3016 est,
2385 2953 2478 3007 sed
2512 2953 2576 3006 ad
2607 2955 2877 3023 ingentem
2913 2958 3151 3014 furorem
3193 2962 3338 3018 illius
3362 2966 3453 3035 qui
3484 2982 3592 3021 non

1926 3072 1929 3077 -
1984 3041 2145 3094 cessit
2174 3041 2258 3107 iis,
2282 3057 2404 3111 qua:
2432 3042 2606 3111 ipsum
2633 3045 2899 3100 consolari
2923 3059 2978 3103 et
3002 3066 3031 3102 a
3060 3053 3297 3122 nequitia
3322 3056 3594 3113 abducere

1985 3130 2286 3196 debebant;
2319 3133 2412 3187 sed
2444 3133 2667 3189 ulterius
2714 3140 2999 3206 processit,
3050 3151 3108 3196 ut
3155 3152 3320 3201 tanta:
3368 3147 3594 3207 insania:

1983 3221 2255 3291 graviores
2285 3223 2457 3276 lueret
2488 3239 2694 3293 prunas.
2730 3227 2794 3279 Et
2818 3243 2936 3296 cur,
2957 3229 3188 3301 inquies,
3219 3236 3271 3288 in
3294 3236 3590 3309 Egyptutn

1984 3327 2115 3378 puer
2147 3313 2410 3367 mittitur?
2436 3314 2665 3367 Causam
2697 3317 2747 3369 in
2778 3319 2964 3385 primis
3010 3324 3231 3391 protulit
3260 3333 3589 3400 evangelista

1985 3402 2200 3458 dicens:
2228 3406 2314 3460 15.
2335 3403 2403 3458 Ut
2430 3407 2727 3476 impleretur
2752 3409 2886 3464 illud
2904 3428 2922 3465 :
2953 3410 3037 3468 Ea:
3061 3414 3297 3488 zEgyplo
3323 3426 3496 3477 vocavi
3522 3429 3592 3493 [i-

1986 3493 2107 3548 lium
2130 3495 2296 3551 meum
2329 3497 2499 3568 (Osee.
2534 3500 2621 3553 ll.
2654 3502 2744 3571 l):
2774 3502 3044 3576 simulque
3076 3508 3228 3565 bona:
3253 3515 3370 3583 spei
3405 3531 3586 3584 prote-

1990 3594 2093 3647 mia
2117 3596 2211 3649 toti
2234 3596 2350 3676 ριὺί
2381 3604 2900 3667 prtennntiahantur.
2927 3610 3060 3679 Quia
3098 3616 3243 3670 enim
3269 3617 3509 3693 Babylon
3542 3638 3593 3683 et

1987 3683 2254 3777 Egyptus
2284 3688 2405 3758 plus
2450 3709 2609 3763 quam
2661 3697 2900 3767 reliquus
2928 3704 3076 3759 orbis
3108 3683 3404 3777 ilnpietatis
3432 3719 3593 3776 ardo-

1986 3776 2113 3831 bant
2137 3778 2374 3849 llamma,
2402 3783 2470 3837 ab
2501 3786 2723 3842 exordio
2754 3789 3038 3851 declarans
3059 3812 3118 3852 se
3139 3776 3326 3857 ambas
3359 3805 3480 3863 illas
3509 3826 3591 3868 rc-

1982 3868 2170 3937 giones
2195 3872 2629 3943 emendaturum,
2661 3889 2713 3934 et
2738 3882 2806 3936 ad
2849 3886 3069 3943 meliora
3099 3888 3477 3964 deducturum,
3529 3904 3589 3956 si-

1983 3960 2200 4030 mulque
2229 3977 2323 4031 per
2349 3963 2465 4020 haec
2494 3968 2736 4049 indicans
2763 3975 2922 4030 etiam
2953 3981 3045 4033 toti
3067 3991 3330 4041 terrarum
3356 3960 3474 4047 orbi
3502 3993 3589 4047 to.

1982 4062 2050 4103 na
2080 4054 2441 4121 exspectanda
2472 4073 2607 4124 esse,
2640 4070 2693 4115 et
2713 4079 2899 4132 magos
2923 4068 3087 4138 misit,
3111 4083 3166 4127 et
3189 4076 3303 4145 ipse
3328 4094 3451 4136 cum
3481 4100 3587 4138 ma-

1982 4146 2061 4193 tre
2092 4157 2186 4195 sua
2221 4144 2495 4213 profectus
2526 4158 2628 4203 est.
2677 4152 2755 4206 Ad
2788 4153 2905 4210 haec
2934 4174 3065 4215 vero
3094 4144 3238 4219 aliud
3268 4171 3430 4225 etiam
3465 4174 3592 4232 inde

1979 4228 2255 4299 docemur,
2282 4236 2425 4306 quod
2452 4254 2555 4292 non
2586 4255 2772 4310 parum
2802 4262 2900 4302 nos
2928 4250 2993 4304 ad
3025 4244 3420 4328 philosophiam
3454 4266 3590 4324 inei-

1981 4328 2074 4373 tet.
2103 4322 2393 4389 Quodnam
2418 4328 2749 4407 illud?Quod
2776 4335 2843 4390 ab
2863 4336 2979 4406 ipso
3008 4342 3160 4399 initio
3189 4322 3590 4413 tentationes‘rt

1979 4414 2214 4481 pericula
2247 4417 2357 4473 sint
2383 4424 2766 4490 ex5pectanda.
2792 4427 2919 4485 Vide
2939 4447 3170 4505 namque
3192 4438 3242 4493 id
3273 4442 3373 4511 ipsi
3403 4445 3472 4501 ab
3503 4448 3588 4502 in-

1976 4505 2254 4559 cunabulis
2282 4511 2561 4566 accidisse.
2591 4513 2724 4570 Nam
2746 4517 2834 4571 illo
2854 4531 2979 4575 nato
3006 4522 3132 4581 furit
3155 4505 3440 4601 tyrannus;
3465 4536 3591 4594 hinc

1975 4595 2094 4666 fuga
2122 4609 2175 4652 et
2200 4602 2597 4671 transmigratio
2629 4606 2678 4660 iu
2704 4612 2877 4666 exsilii
2907 4612 3106 4681 locum,
3129 4595 3189 4674 et
3207 4623 3392 4681 insons
3416 4595 3588 4687 mater

1975 4686 2026 4739 in
2062 4686 2411 4746 barbarorum
2454 4695 2729 4765 regionem
2762 4716 2823 4756 se
2869 4706 3094 4775 proripit
3121 4727 3135 4763 :
3165 4722 3224 4765 ut
3256 4723 3309 4768 tu
3339 4715 3457 4774 haec
3486 4686 3585 4773 au;

1972 4778 2128 4834 dicos
2154 4782 2335 4852 aliquo
2364 4784 2626 4853 spirituali
2655 4792 2953 4850 ministerio
2993 4798 3261 4871 dignatus,
3308 4808 3351 4862 si
3385 4811 3586 4870 videris

1973 4882 2022 4923 te
2045 4870 2163 4925 dira
2190 4875 2481 4941 patientem
2514 4918 2529 4941 ,
2558 4890 2612 4933 et
2654 4881 2794 4937 inter
2817 4870 3070 4943 sexcenta
3100 4870 3406 4952 versantem
3441 4904 3585 4972 peri-

1970 4961 2111 5024 cula,
2134 4976 2201 5016 ne
2229 4965 2482 5033 turberis,
2511 4984 2645 5025 neve
2669 4972 2851 5029 dicas:
2874 4976 3139 5045 Quidnam
3164 4983 3264 5040 hoc
3285 4991 3403 5044 est?
3422 4961 3584 5061 opor-

1972 5050 2117 5106 tebat
2146 5053 2325 5124 utique
2353 5072 2441 5112 me
2466 5064 2733 5125 coronari,
2767 5065 2995 5133 laudari,
3019 5072 3225 5129 clarum
3245 5088 3299 5133 et
3318 5050 3581 5142 illustrem

1969 5154 2111 5208 esse,
2135 5145 2223 5213 qui
2248 5146 2560 5203 mandatum
2591 5151 2797 5210 Domini
2830 5157 3081 5227 impleam
3103 5181 3115 5216 :
3141 5165 3235 5221 sed
3265 5167 3367 5225 hoc
3396 5188 3583 5230 exem-

1956 5232 2060 5326 ‘plo
2090 5231 2251 5289 fultus
2282 5235 2491 5294 fortiter
2520 5239 2681 5307 feras,
2710 5260 2928 5317 gnarus,
2954 5250 3092 5308 hanc
3111 5269 3231 5311 cum
3252 5261 3439 5328 primis
3456 5282 3579 5324 esse

1970 5322 2327 5391 spiritualium
2358 5329 2596 5385 virorum
2622 5345 2847 5404 sortem,
2879 5347 2941 5394 ut
2968 5342 3169 5416 ubique
3191 5322 3579 5412 tentationibus

1979 5421 2326 5493 impetantur.
2356 5430 2740 5488 Animadverte
2758 5434 2921 5506 igitur
2937 5438 2990 5495 id
3008 5456 3116 5496 non
3133 5443 3307 5499 solum
3335 5462 3503 5519 puero
3523 5465 3577 5509 ct

1976 5519 2402 5577 matriaccidere
2426 5524 2480 5590 ¹;
2514 5527 2607 5580 sed
2626 5527 2792 5583 etiam
2818 5530 3213 5590 barbarisillis.
3252 5537 3385 5593 Nam
3410 5552 3463 5598 et
3491 5546 3573 5601 till

2024 5736 2036 5765 ¹
2070 5734 2187 5794 Alii,
2216 5732 2265 5783 ill
2300 5742 2391 5786 mm
2418 5739 2573 5788 solum
2596 5739 2740 5790 matri
2760 5741 2901 5805 pueri
2926 5745 3165 5798 arridere.
