4140 6298
571 377 637 430 83
1764 364 1829 419 IN
1870 363 1958 418 ΜΆ
1968 358 2154 416 ΤΤΗΑ

2261 356 2274 409 l
2316 353 2544 410 ηοωι.
2587 352 2723 405 ΥΙΙἾ.
3779 348 3850 405 εδ

560 501 699 556 clam
728 497 1008 553 discedunt
1027 493 1176 563 quasi
1202 486 1436 558 fugitivi;
1468 494 1523 539 et
1543 483 1677 542 haec,
1704 484 1824 549 qua:
1860 488 2144 545 numquam

570 780 625 825 et
649 743 973 839 spiritualem
1000 773 1232 832 partum.
1260 758 1393 811 Rem
1418 756 1607 815 iterum
1636 745 1949 817 stupentlatu
1977 743 2153 839 consi-

572 832 723 914 dera.
768 853 1049 911 Palzestina
1078 848 1375 908 insidiatur,
1405 841 1670 911 Egyptus
1714 852 1843 891 vero
1871 832 2075 902 excipit
2102 839 2157 886 et

575 964 752 1012 servat
779 951 983 1007 insidiis
1012 950 1326 1020 impetitum.
1356 946 1539 1017 Neque
1558 947 1698 1001 enim
1722 956 1925 1001 tantum
1956 946 2008 999 in
2035 944 2157 1000 ﬁliis

576 1043 911 1116 μαινίδι-ὼε,
940 1042 1035 1097 sed
1064 1041 1222 1097 etiam
1254 1039 1306 1094 in
1338 1039 1562 1093 Domino
1592 1037 1700 1108 typi
1727 1049 1779 1092 et
1806 1036 1985 1107 ligone
2022 1050 2153 1091 con-

574 1140 827 1209 tigerunt.
856 1136 960 1191 Per
986 1148 1048 1189 ea
1068 1133 1209 1188 enim
1250 1146 1367 1200 qua:
1392 1130 1460 1185 ab
1502 1131 1615 1199 ipso
1638 1136 1784 1198 gesta
1812 1134 1957 1192 sunt,
1990 1126 2155 1189 multa

578 1226 1069 1299 prmuuntiabanlur
1096 1239 1302 1282 eorum.
1336 1237 1453 1291 qua:
1483 1231 1663 1289 postea
1691 1226 1945 1273 eventura
1971 1226 2156 1271 erant:

574 1321 717 1390 qqu
733 1329 788 1375 et
806 1320 862 1373 in
889 1318 1043 1372 asina
1064 1326 1119 1371 et
1143 1315 1193 1368 in
1224 1314 1367 1382 pullo
1396 1311 1590 1367 factum
1619 1319 1719 1364 est.
1749 1308 1981 1377 Angelus
2001 1307 2159 1377 igitur

577 1412 667 1481 qui
692 1409 959 1480 apparuit,
990 1422 1095 1461 non
1126 1405 1363 1466 Mariam,
1396 1403 1493 1456 sed
1512 1398 1803 1471 Josephum
1830 1397 2152 1467 alloquitur:

576 1512 626 1553 et
659 1500 785 1568 quid
814 1498 979 1551 dicit?
1023 1496 1247 1566 Surgens
1277 1495 1448 1562 accipe
1476 1507 1689 1562 puerum
1725 1500 1774 1544 ct
1814 1498 2025 1545 matrem
2048 1489 2159 1554 eius

579 1591 799 1659 (Matth.
826 1590 877 1643 l.
910 1588 1026 1656 20).
1072 1588 1167 1641 llic
1193 1601 1295 1641 non
1327 1585 1461 1638 ultra
1487 1584 1634 1645 dicit,
1666 1580 1943 1654 Conjageat
1983 1597 2158 1647 tuam;

578 1682 693 1745 sed,
723 1674 939 1733 Matrem
967 1680 1092 1749 ejus.
1120 1676 1251 1742 Quia
1282 1677 1423 1729 enim
1457 1685 1640 1744 partus
1660 1672 1900 1742 contigit,
1929 1672 2159 1743 stt9picio

576 1773 751 1826 soluta
780 1776 884 1833 est,
915 1778 969 1821 et
999 1767 1111 1820 viro
1139 1765 1270 1819 lidcs
1297 1762 1432 1818 facta
1461 1772 1563 1828 est,
1596 1764 1764 1819 libere
1783 1762 1894 1832 jam
1927 1762 2159 1833 loquitur

580 1860 823 1931 angelos,
855 1874 1029 1930 neque
1053 1858 1217 1912 [ilium
1248 1871 1421 1926 neque
1456 1855 1737 1925 conjugt-m
1785 1842 1913 1924 ejus'
1943 1854 2160 1921 dicens;

578 1954 697 2019 sed,
729 1951 951 2007 Puerum
979 1959 1025 2004 et
1055 1959 1264 2003 matrem
1283 1948 1423 2018 ejus;
1449 1958 1496 2001 et
1515 1948 1635 2019 fuge
1653 1947 1706 2000 in
1732 1945 2018 2019 Δίςνρειηι
2034 1964 2055 2012 ;
2082 1947 2164 1999 iu-

578 2056 766 2113 gteque
808 2055 1022 2097 causam
1073 2039 1219 2094 addit
1252 2057 1267 2091 ε
1295 2037 1550 2093 Futurum
1589 2047 1661 2092 est
1700 2038 1854 2103 enim,
1886 2037 2071 2107 inquit,
2109 2046 2162 2090 ut

586 2132 638 2189 11
643 2134 817 2213 erodes
838 2141 1030 2202 qua‘rat
1054 2132 1276 2186 animant
1302 2128 1467 2201 pueri.

642 2317 694 2371 5.
713 2313 745 2367 J
754 2314 925 2383 oscpln'
941 2310 1245 2367 Icum—llis
1255 2308 1448 2365 auditis
1460 2307 1657 2378 Ioseph
1676 2320 1784 2362 non
1797 2305 2031 2361 odens’us
2051 2314 2155 2373 est,

575 2424 746 2479 neque
781 2407 915 2464 dixit
945 2425 957 2461 :
1000 2405 1250 2476 Ainigma
1295 2414 1377 2459 est
1412 2402 1537 2457 hoc.
1579 2400 1660 2455 Tu
1689 2413 1856 2469 nuper
1895 2396 2111 2452 dicebas
2140 2413 2156 2453 :

576 2500 783 2555 Salvum
802 2498 949 2570 faciet
965 2496 1208 2567 populum
1224 2509 1373 2548 suum
1386 2493 1403 2562 (
1414 2489 1601 2545 lauti.
1618 2490 1668 2543 l.
1684 2487 1777 2560 2i)
1799 2507 1810 2541 :
1831 2502 1967 2543 nunc
1982 2495 2159 2541 autem

573 2602 674 2643 nec
712 2587 944 2655 seipsum
980 2592 1151 2653 potest
1178 2596 1426 2645 scrvare,
1464 2579 1557 2633 sed
1581 2576 1701 2646 luga
1728 2576 1881 2631 nobis
1911 2587 1995 2631 est
2026 2588 2161 2644 opus

574 2688 626 2732 et
647 2676 1071 2747 peregrinatione
1090 2689 1153 2729 ac
1169 2672 1453 2742 longinqua
1484 2666 1947 2737 transmigmtione
1971 2667 1994 2721 ?
2021 2666 2161 2721 Con-

574 2768 729 2822 traria
752 2778 873 2821 sunt
903 2765 1016 2820 haec
1043 2763 1378 2833 promissioni
1410 2771 1530 2814 tum.
1560 2758 1665 2815 Sed
1692 2758 1825 2813 nihil
1853 2758 2156 2827 hujusmodi

573 2857 749 2923 dixit;
782 2856 949 2910 lidelis
980 2854 1123 2910 enim
1169 2854 1249 2906 vir
1283 2858 1439 2912 erat;
1474 2864 1645 2919 neque
1673 2848 1995 2904 reversionis
2025 2860 2159 2903 tem-

575 2961 672 3017 pus
698 2944 931 3015 inquirit,
954 2941 1160 2998 etiamsi
1177 2940 1396 3011 angelus
1416 2938 1690 2993 indefinite
1714 2937 1964 3009 loquutus
1986 2948 2159 3004 esset;

574 3052 698 3093 nam
739 3037 812 3089 ait
844 3053 856 3089 :
892 3033 1011 3087 Esto
1040 3034 1104 3086 ibi
1133 3074 1146 3096 ,
1192 3031 1470 3100 usquedum
1499 3032 1662 3083 dicant
1694 3029 1803 3083 tibi.
1847 3028 2042 3083 Verum
2075 3030 2161 3086 ille

579 3144 685 3183 non
723 3128 845 3180 ideo
873 3122 1087 3193 segnior
1128 3122 1297 3175 factus
1327 3131 1408 3174 est
1429 3161 1441 3183 ,
1475 3118 1567 3173 sed
1608 3126 1759 3188 paret
1796 3128 1852 3173 et
1886 3118 2161 3189 obtempe-

579 3229 675 3281 rut,
714 3216 1137 3283 tt-mutionesque
1162 3226 1350 3267 omnes
1374 3226 1495 3266 cum
1524 3209 1717 3280 gaudio
1742 3210 1953 3266 tolerat.
1982 3211 2163 3267 Enim-

578 3324 703 3362 mro
732 3308 992 3376 benignus
1020 3308 1160 3359 Deus
1188 3304 1271 3357 his
1297 3302 1566 3357 laboribus
1606 3301 1784 3357 dulcia
1816 3302 2029 3358 miscuit
2064 3322 2078 3357 :
2110 3306 2162 3359 id

572 3413 713 3477 quod
743 3410 899 3461 etiam
928 3408 981 3460 in
1019 3406 1215 3462 sanctis
1248 3406 1491 3461 omnibus
1536 3411 1785 3461 observat
1817 3425 1831 3461 :
1861 3423 2035 3478 neque
2060 3425 2151 3479 pe-

570 3499 756 3564 ricula,
790 3513 962 3568 neque
988 3498 1217 3565 quietem
1246 3497 1555 3551 continuam
1585 3505 1802 3566 praestat
1831 3538 1845 3562 ,
1875 3498 1967 3553 sed
1997 3510 2051 3553 et
2074 3501 2153 3554 his

568 3602 624 3647 et
660 3591 763 3647 illis
804 3592 1105 3662 permixtim
1144 3593 1331 3661 positis
1376 3592 1542 3645 vitam
1585 3590 1855 3660 justorum
1895 3591 2150 3645 ordinat:

569 3680 621 3736 id
648 3681 789 3753 quod
818 3681 979 3743 etiam
1019 3682 1104 3735 hic
1126 3681 1248 3736 fecit
1282 3699 1295 3734 :
1328 3680 1487 3750 idque
1529 3681 1827 3748 perpendas
1855 3680 2035 3734 velim.
2072 3680 2157 3736 Vi-

568 3772 661 3829 det
695 3774 785 3828 ille
809 3772 1076 3843 Virginem
1105 3784 1313 3827 uterum
1341 3782 1639 3841 gestantem
1669 3790 1683 3826 :
1714 3786 1775 3826 ea
1804 3770 1871 3825 de
1895 3787 1952 3827 re
1982 3772 2157 3827 turba-

571 3873 676 3929 tur,
702 3871 757 3917 et
778 3862 1062 3918 admodum
1084 3862 1274 3918 anxius
1298 3872 1379 3917 est
1403 3879 1418 3915 :
1441 3860 1734 3915 adulteram
1757 3862 1901 3915 enim
1930 3861 2156 3930 puellam

568 3970 689 4009 esse
732 3954 1139 4023 suSpicabatur;
1186 3953 1281 4007 sed
1322 3952 1503 4007 statim
1544 3950 1747 4006 adstitit
1773 3952 1994 4021 angelus
2020 3992 2034 4015 ,
2065 3952 2152 4022 qui

566 4045 924 4113 suSpicionem
948 4043 1183 4100 solveret
1208 4058 1272 4097 ac
1302 4052 1499 4097 metum
1530 4042 1852 4097 eiiminaret.
1908 4042 2042 4095 Cum
2074 4044 2150 4096 vi-

568 4136 645 4188 iiit
665 4144 843 4188 natum
876 4150 1116 4203 puerum,
1142 4132 1337 4204 gaudio
1368 4146 1561 4200 magno
1585 4131 1833 4200 perfusus
1865 4141 1948 4185 est
1987 4150 1999 4184 :
2031 4148 2155 4185 rur-

569 4240 790 4293 sumque
828 4224 1075 4293 gaudium
1121 4219 1424 4291 itujusmodi
1467 4220 1757 4289 periculum
1788 4237 1892 4275 non
1925 4236 2150 4290 parvum

569 4318 803 4387 excipit,
843 4316 1057 4370 civitate
1107 4314 1409 4384 perturbata
1437 4352 1451 4377 ,
1496 4327 1559 4365 ac
1602 4327 1728 4382 rege
1756 4312 1989 4377 furente,
2030 4328 2157 4383 pue-

570 4424 793 4478 rumque
823 4408 1181 4477 perquirente.
1233 4406 1303 4459 At
1344 4403 1799 4474 perturbationem
1834 4402 1980 4457 illam
2012 4402 2157 4456 aliud

570 4499 820 4568 gaudium
849 4498 1065 4565 exeipit,
1095 4496 1246 4550 stella
1275 4510 1479 4564 nempe,
1507 4502 1562 4549 et.
1590 4478 2146 4562 magorum-adoratio.

574 4598 785 4652 Rursus
833 4610 959 4651 vero
1001 4603 1125 4664 post
1163 4593 1302 4648 hanc
1328 4589 1588 4649 laetitiam,
1634 4588 1796 4641 timor
1835 4599 1900 4639 ac
1924 4582 2145 4653 pericu-

575 4690 719 4743 lum:
756 4684 1141 4752 Quaeritenim,
1169 4682 1381 4744 inquit,
1413 4678 1650 4733 Herodes
1692 4677 1927 4730 animam
1962 4673 2146 4742 pueri;

576 4779 880 4844 iterumque
955 4773 1268 4843 fugientium
1350 4780 1433 4824 est
1511 4778 1563 4822 et
1648 4762 2147 4832 transmigrandum

578 4871 818 4926 humano
882 4884 1062 4932 more;
1137 4866 1376 4919 nondum
1454 4862 1598 4916 enim
1667 4852 1930 4913 miracula
1990 4853 2151 4908 edere

579 4963 878 5033 oportebat.
973 4958 1106 5011 Nam
1152 4957 1195 5010 si
1248 4971 1277 5009 a
1322 4954 1493 5025 prima
1546 4957 1702 5005 astate
1741 4945 2002 5001 miracula
2029 4943 2144 4998 edi-

580 5052 767 5118 disset,
800 5051 960 5107 homo
990 5066 1093 5103 non
1119 5048 1356 5105 creditus
1389 5044 1601 5100 fuisset.
1652 5038 1858 5096 idcirco
1890 5051 1993 5092 non
2014 5036 2145 5093 sint-

580 5146 792 5215 pliciter
819 5144 1076 5211 templum
1102 5141 1387 5203 formatur,
1411 5137 1501 5191 sed
1523 5135 1661 5189 uteri
1676 5142 1856 5186 tumor
1876 5127 2146 5197 conspici-

581 5246 688 5300 tur,
709 5244 763 5289 et
791 5248 980 5289 novem
1016 5231 1283 5286 mensium
1306 5228 1564 5297 spatium,
1598 5232 1652 5279 et
1673 5232 1885 5293 partus,
1918 5228 1971 5273 et
1991 5220 2149 5272 lactis

584 5325 991 5387 nutrimentum,
1024 5322 1178 5392 quies
1206 5335 1301 5390 per
1330 5319 1555 5372 multum
1593 5314 1876 5384 temporis;
1907 5320 2039 5365 tetas
2067 5308 2148 5362 vi-

585 5411 702 5466 rilis
732 5418 1095 5478 exspectatur,
1130 5417 1189 5461 ut
1219 5424 1315 5478 per
1344 5407 1523 5460 omnia
1553 5404 1802 5459 crid.bi|e
1828 5401 2148 5455 redderetur

584 5499 901 5555 teconomize
930 5497 1265 5569 mysterium.
1293 5495 1411 5562 Qua
1439 5499 1566 5566 ergo
1595 5495 1663 5547 de
1698 5505 1885 5553 causa,
1910 5489 2147 5559 inquies,

588 5590 702 5647 btet:
731 5592 801 5646 ab
846 5590 1002 5645 initio
1054 5588 1193 5645 facta
1229 5595 1357 5644 sunt
1386 5585 1582 5658 signa?
1628 5583 1852 5651 Pmpter
1882 5587 2106 5633 matrem
2133 5618 2149 5645 ,

585 5690 803 5753 propter
830 5677 1145 5761 Josephu/m,
1164 5685 1385 5744 propter
1416 5676 1720 5732 Simeonem
1742 5671 1968 5744 iamjatn
1990 5668 2157 5726 meri-

2262 490 2461 547 turum,
2511 490 2728 549 propter
2783 482 3051 545 pastores,
3102 480 3323 543 propter
3375 483 3581 541 magos,
3628 477 3847 539 propter

2259 570 2490 627 Iudaeos.
2523 569 2581 625 Si
2619 566 2761 624 enim
2789 567 2852 621 iis
2877 580 2996 637 quae
3023 562 3345 634 gerebantur
3372 570 3621 617 accurate
3650 560 3851 613 voluis-

2261 673 2381 718 sent
2404 659 2699 723 attendere,
2732 673 2839 713 non
2870 671 3090 727 parvum
3124 655 3247 709 hinc
3273 654 3341 708 ad
3371 654 3609 707 futurum
3638 660 3854 719 tempus

2263 754 2494 809 fructum
2536 752 2863 807 retulissent.
2897 748 3048 815 Quod
3093 748 3137 801 si
3170 745 3445 817 propheta:
3472 744 3539 800 de
3568 741 3739 813 magis
3770 742 3853 795 nio

2262 846 2332 900 bii
2366 843 2678 915 pradicant,
2722 858 2789 896 ne
2831 841 2950 897 ideo
2982 838 3247 903 turberis;
3283 852 3456 907 neque
3494 836 3638 891 enim
3667 832 3852 888 omnia

2261 936 2655 1007 pnedixerunt,
2706 948 2880 1003 neque
2917 933 3073 986 etiam
3128 930 3309 984 omnia
3358 937 3658 983 tacuerunt.
3700 926 3853 981 Sicut

2260 1026 2403 1080 enim
2446 1024 2587 1080 nulla
2617 1038 2676 1079 re
2703 1034 2828 1078 ante
2851 1022 3027 1076 audita
3048 1062 3063 1086 ,
3110 1034 3200 1075 res
3228 1017 3535 1087 bujusmodi
3562 1028 3741 1088 gestas
3768 1015 3851 1070 ti-

2261 1116 2407 1180 dere,
2438 1131 2687 1186 magnum
2734 1126 3043 1184 stuporem,
3091 1125 3446 1183 magnamque
3495 1109 3854 1180 perturbatio-

2264 1222 2383 1262 nem
2428 1207 2773 1277 peperisset:
2818 1206 2897 1259 sic
2925 1204 2968 1258 si
3003 1202 3180 1258 omnia
3223 1202 3535 1256 didicissent
3578 1200 3854 1255 auditores

2261 1297 2540 1352 dortnituri
2585 1306 2769 1360 erant,
2814 1311 2913 1351 nec
2962 1295 3249 1366 quidquam
3288 1292 3626 1363 evangelistis
3656 1288 3855 1346 fuisset

2264 1389 2526 1462 relictum.
2559 1387 2710 1455 Quod
2751 1388 2795 1441 si
2843 1385 2909 1441 de
2951 1385 3226 1455 pmphetia
3270 1384 3543 1452 ambigaut
3572 1380 3738 1437 Judaei
3768 1379 3855 1434 di-

2262 1488 2467 1545 centes,
2502 1478 2667 1544 illud,
2702 1475 2787 1533 Ea:
2828 1475 3061 1548 Egi/pta
3106 1474 3277 1530 vocavi
3316 1474 3480 1542 ﬁliam
3525 1488 3688 1526 meum
3712 1512 3727 1534 ,
3783 1470 3853 1525 de

2261 1569 2497 1641 seipsis‘
2543 1569 2747 1623 dictum
2796 1582 2917 1622 esse
2964 1585 2977 1619 :
3028 1565 3467 1635 respondebimus
3518 1563 3663 1624 illis.
3710 1561 3855 1616 hunc

2261 1659 2422 1716 etiam
2454 1675 2573 1715 esse
2603 1657 2899 1729 prOphetite
2932 1672 3158 1721 morem,
3189 1666 3249 1708 ut
3278 1654 3442 1708 multa
3476 1668 3618 1723 sa'pe
3644 1653 3711 1707 de
3732 1651 3854 1706 aliis

2262 1750 2527 1812 dicantur.
2558 1762 2613 1806 et
2652 1752 2705 1805 itt
2751 1751 2873 1805 aliis
2899 1748 3244 1818 impleantur,
3292 1746 3451 1816 quale
3478 1744 3608 1799 illud
3642 1743 3711 1799 de
3745 1744 3853 1814 Sy-

2264 1854 2421 1896 meon
2468 1848 2525 1896 et
2550 1838 2676 1895 Levi
2719 1838 2917 1894 dictum
2951 1857 2963 1893 :
2992 1835 3233 1890 Dividam
3266 1851 3353 1889 eos
3392 1835 3446 1888 in
3487 1832 3671 1898 Iacob,
3694 1843 3744 1887 et
3769 1833 3853 1885 di-

2262 1948 2500 2006 spergant
2524 1948 2612 1987 eos
2657 1932 2710 1985 in
2754 1930 2927 1986 Isi-aet
2950 1934 2967 1999 (
2989 1928 3117 1983 Gen.
3145 1927 3236 1982 l9.
3259 1928 3291 1981 7
3317 1926 3338 1999 )
3370 1944 3383 1981 :
3411 1926 3463 1980 id
3488 1926 3631 1981 enim
3664 1939 3770 1979 non
3797 1924 3854 1980 in

2263 2020 2413 2094 ipsis,
2446 2022 2543 2078 sed
2582 2023 2634 2077 in
2665 2021 2896 2093 posteris
2926 2034 3113 2076 eorum
3146 2018 3421 2088 impletum
3466 2029 3549 2072 est
3585 2037 3596 2071 :
3629 2026 3685 2071 et
3725 2014 3854 2071 illud

2261 2116 2403 2189 quod
2430 2114 2498 2170 de
2520 2114 2773 2173 Chanaan
2801 2129 2830 2166 a
2860 2113 2974 2169 Noe
3000 2112 3395 2183 pronuntiatum
3427 2119 3509 2165 est
3528 2152 3543 2175 ,
3588 2108 3857 2164 Gabaoni-

2264 2208 2331 2265 tis
2359 2222 2424 2263 es
2469 2207 2637 2277 stirpe
2670 2206 2943 2261 Chanaani
2973 2203 3216 2273 contigit.
3262 2200 3416 2270 Quod
3448 2201 3624 2270 ipsum
3652 2199 3857 2256 Iacobo

2262 2298 2423 2355 etiam
2470 2298 2731 2353 accidisse
2775 2294 3193 2366 deprehenditur
3226 2311 3238 2347 ε
3269 2292 3668 2347 benedictioues
3708 2290 3855 2347 enim

2262 2388 2388 2456 illa),
2418 2386 2541 2444 Esto
2570 2388 2805 2443 dominus
2826 2386 2999 2457 fratris
3035 2387 3109 2439 tui
3127 2430 3142 2449 ,
3179 2396 3225 2441 et
3262 2385 3474 2439 adorent
3498 2393 3545 2437 lc
3564 2384 3657 2452 [itii
3697 2384 3859 2455 patris

2265 2480 2338 2533 tui
2380 2476 2551 2551 (Gen.
2588 2479 2680 2532 27.
2730 2477 2872 2548 ΞΟ),
2922 2492 3026 2531 non
3060 2478 3113 2530 in
3146 2474 3458 2545 ipso_linem
3503 2485 3858 2545 acceperunt,

2264 2569 2579 2639 (quomodo
2626 2570 2773 2624 enim
2810 2568 2877 2621 ad
2932 2567 3105 2635 ipsum
3160 2568 3450 2635 pertineat,
3501 2566 3592 2636 qui
3635 2566 3857 2623 fratrem

2264 2660 2485 2716 timebat
2508 2658 2895 2727 tremebatquc,
2928 2671 2993 2713 ac
3011 2660 3317 2714 sexcenties
3344 2659 3517 2727 ipsum
3545 2658 3789 2715 adoravit
3805 2661 3856 2730 η

2263 2750 2357 2806 sed
2394 2751 2463 2806 de
2504 2750 2655 2820 prole
2690 2748 2807 2819 ejus
2832 2749 3033 2803 dictum
3078 2759 3180 2803 est.
3222 2748 3376 2816 Quod
3412 2750 3573 2804 etiam
3606 2748 3710 2805 hoc
3735 2751 3865 2805 loco

2264 2841 2368 2897 dici
2399 2842 2585 2911 possit.
2612 2839 2746 2907 Quis
2768 2838 2913 2894 enim
2945 2838 3128 2893 verius
3159 2838 3249 2893 Dei
3277 2837 3420 2893 lilius
3443 2840 3654 2895 dicatur
3682 2858 3697 2894 :
3721 2856 3789 2897 an
3809 2842 3861 2896 is

2265 2944 2356 3015 qui
2402 2942 2621 2996 vitulum
2669 2940 2931 3004 adoravit,
2960 2948 3015 2995 et
3062 2930 3421 3010 Beelphegori
3462 2941 3697 2995 initiatus
3742 2949 3854 3007 est,

2265 3034 2463 3103 quique
2507 3031 2647 3086 ﬁlios
2690 3047 2817 3086 suos
2866 3030 3149 3087 dmmoniis
3197 3030 3535 3097 immolavit;
3563 3046 3630 3085 an
3672 3031 3720 3086 is
3758 3030 3852 3101 qui

2267 3133 2456 3176 natura
2506 3121 2645 3176 illius
2694 3132 2844 3187 erat,
2891 3132 2945 3176 et
2986 3120 3286 3192 genitorem
3313 3120 3856 3192 honoravittltaque

2268 3212 2369 3267 nisi
2408 3212 2497 3268 hic
2524 3210 2858 3278 advenisset,
2894 3211 3174 3283 prophetia
3204 3212 3421 3284 dignum
3468 3227 3577 3269 non
3608 3212 3853 3269 habitura

2268 3303 2428 3358 linem
2449 3314 2586 3359 erat.

2340 3476 2395 3529 4.
2439 3474 2571 3531 Vide
2623 3493 2752 3549 ergo
2806 3481 3077 3550 quomodo
3134 3482 3238 3540 hoc
3305 3486 3478 3554 ipsum
3529 3488 3858 3558 evangelista

2269 3566 2569 3623 subiudicet
2597 3568 2803 3637 dicens,
2841 3571 2911 3627 Ut
2954 3576 3269 3643 impleretur,
3308 3580 3599 3635 ostendens
3630 3581 3733 3635 nisi
3765 3597 3861 3638 ve-

2269 3657 2453 3724 nisset,
2485 3673 2592 3713 non
2640 3661 2969 3731 implendum
3015 3663 3145 3720 illud
3173 3666 3357 3723 fuisse.
3407 3668 3519 3725 Hoc
3556 3686 3685 3728 vero
3730 3671 3856 3728 Vir-

2266 3748 2445 3818 ginem
2486 3751 2655 3820 ipsam
2702 3768 2809 3808 non
2852 3755 3191 3811 mediocriter
3219 3748 3419 3815 claram
3447 3760 3611 3817 efﬁcit
3636 3773 3691 3820 et
3732 3764 3858 3829 illu-

2266 3848 2450 3894 strem.
2496 3840 2627 3896 Nam
2659 3845 2800 3913 quod
2833 3855 2975 3902 totus
3022 3849 3247 3917 papulas
3289 3853 3519 3907 encomii
3549 3853 3857 3911 locohabc-

2265 3928 2371 3997 bat,
2427 3934 2529 3987 hoc
2572 3934 2744 4004 ipsum
2799 3936 2996 3994 habere
3028 3941 3199 4009 potuit
3238 3951 3292 3996 et
3321 3944 3457 4013 ipsa.
3506 3944 3663 4013 Quod
3706 3948 3856 4004 enim

2262 4023 2425 4078 altum
2471 4028 2749 4095 sapiebant
2794 4040 2847 4085 et
2899 4046 3021 4087 sese
3068 4031 3344 4101 iactabant
3398 4036 3467 4092 ob
3508 4037 3739 4094 reditum
3783 4057 3849 4096 ex

2264 4111 2519 4183 Egypto,
2556 4117 2574 4183 (
2610 4118 2661 4171 id
2711 4119 2864 4187 quod
2902 4122 3246 4177 subindicans
3291 4126 3546 4193 propheta
3593 4127 3847 4197 dicebat,

2265 4202 2450 4259 Nonne
2487 4207 2794 4278 alienigenas
2835 4212 3031 4265 adduxi
3068 4214 3132 4266 de
3167 4213 3513 4283 Cappadocia,
3539 4228 3588 4273 et
3617 4221 3851 4293 Assyrios

2262 4310 2326 4348 ex
2348 4296 2491 4363 fouea
2514 4298 2579 4369 .’)
2627 4301 2644 4368 (
2676 4303 2827 4356 Amos
2861 4302 2913 4356 9.
2945 4304 3000 4372 7)
3056 4304 3182 4359 illud
3231 4306 3402 4375 ipsum
3442 4314 3847 4382 prterogativsm

2261 4385 2493 4456 Virginis
2521 4389 2661 4444 facit.
2690 4390 2801 4446 imo
2828 4408 2957 4447 vero
2988 4404 3041 4449 et
3073 4397 3295 4463 papulas
3319 4407 3376 4452 et
3416 4402 3716 4466 patriarcha
3743 4406 3844 4461 de-

2260 4479 2575 4535 scendentes
2602 4491 2653 4536 ct
2678 4484 3028 4540 ascendentes
3084 4488 3225 4553 inde,
3274 4490 3424 4544 istius
3463 4507 3721 4549 ascensus
3749 4512 3849 4553 seu

2258 4569 2461 4625 reditus
2499 4580 2674 4641 typum
2709 4572 3020 4641 implebant.
3064 4577 3195 4632 Nam
3236 4581 3312 4635 illi
3338 4581 3754 4651 descenderunt,
3788 4598 3849 4644 ut

2257 4671 2485 4716 mortem
2536 4677 2599 4717 ex
2635 4665 2772 4720 i‘ame
2817 4666 3185 4724 imminentem
3230 4672 3561 4743 edugerent;
3590 4676 3675 4732 hic
3713 4693 3847 4736 vero

2256 4761 2314 4805 ut
2340 4752 2531 4807 vitaret
2565 4764 2787 4809 mortem
2814 4756 3024 4813 insidiis
3050 4770 3311 4827 paratam.
3341 4764 3411 4817 At
3436 4763 3509 4819 illi
3532 4781 3600 4821 eo
3627 4770 3846 4825 venien-

2256 4852 2335 4897 tes
2363 4858 2428 4898 es
2457 4843 2623 4909 fame,
2654 4857 2777 4903 tunc
2805 4848 3015 4904 liberati
3054 4861 3218 4918 sunt;
3264 4853 3356 4908 ilia:
3392 4870 3519 4912 vero
3564 4867 3623 4913 ut
3648 4875 3716 4915 eo
3740 4838 3842 4917 de?

2253 4934 2479 5000 scendit,
2512 4937 2781 5005 regionem
2815 4948 2978 4994 totam
3011 4955 3107 5011 per
3134 4943 3421 5000 adventum
3452 4963 3607 5003 suum
3634 4953 3841 5009 sancti-

2252 5024 2446 5081 licavit.
2474 5026 2792 5087 Consideres
2820 5031 2997 5101 itaque
3028 5033 3188 5089 velim
3209 5038 3479 5105 quomodo
3499 5039 3639 5096 inter
3662 5042 3841 5099 itumi-

2250 5116 2318 5171 lia
2353 5134 2471 5187 quas
2498 5118 2564 5174 ad
2601 5121 2928 5178 divinitatem
2958 5125 3228 5195 pertinent
3260 5131 3588 5187 revelantur.
3624 5133 3837 5190 Etenim

2248 5221 2369 5261 cum
2401 5208 2533 5264 dixit
2558 5211 2815 5280 angelus,
2848 5210 2997 5286 Fuge
3019 5216 3074 5269 in
3116 5214 3426 5289 Επριιιηι,
3460 5236 3565 5277 non
3589 5226 3841 5293 promisit

2289 5453 2297 5462 .
2322 5418 2347 5449 ι’
2376 5418 2560 5466 Morel..
2580 5420 2640 5466 de
2660 5426 2840 5466 Minoia
2866 5430 2917 5466 nl
2942 5427 2992 5466 in
3010 5435 3151 5466 tortu
3196 5435 3298 5466 eo";

2252 5660 2369 5710 Cm“
2393 5660 2555 5726 Ρτίότο
2577 5678 2808 5723 consonat
2829 5660 3059 5728 Abienus.
