4124 6302
341 337 410 395 ετ
1065 345 1121 400 s.
1163 346 1453 404 .lOANNlS
1492 301 1982 406 ctmvsasroin
2022 328 2342 411 anetum
2380 337 2932 414 Cossrmrmor.
3545 352 3612 406 98

327 492 390 535 se
417 477 636 534 itineris
666 473 922 533 comitem
957 473 1200 528 futurum
1231 473 1316 530 vel
1350 475 1811 534 descendentibus
1841 480 1923 533 vel

329 571 718 634 redeuntibus,
749 567 1103 623 subindicans
1141 568 1259 624 illos
1296 584 1549 638 magnum
1591 570 1789 628 habere
1823 590 1920 629 co-

328 663 543 730 mitem,
569 676 762 716 recens
793 669 978 714 natum
1013 675 1266 730 puerum,
1292 661 1385 729 qui
1416 662 1600 716 statim
1634 672 1799 732 atque
1827 679 1922 732 ap-

325 739 527 822 paruit,
569 751 752 806 omnia
799 753 1059 814 mutavit,
1086 760 1249 831 atque
1289 752 1340 805 id
1382 751 1578 817 eﬂ‘eeit,
1620 762 1675 806 ut
1717 754 1920 810 inimici

325 847 391 901 ad
429 846 573 899 hanc
605 845 967 900 (rconomiam
1003 843 1288 898 admodum
1326 845 1672 901 inservirent.
1705 845 1916 902 Etenim

325 937 465 1008 magi
498 947 554 992 et
586 937 825 1005 barbari,
861 946 1085 1007 paterna
1119 938 1511 1005 superstitione
1543 938 1754 1004 relicta,
1789 940 1918 995 ado-

324 1030 498 1084 raturi
531 1030 786 1097 veniunt;
815 1029 1091 1097 Augusms
1121 1025 1578 1083 Bethlehemitieo
1609 1031 1786 1098 partui
1821 1031 1919 1084 mi-

323 1122 544 1187 nistrat,
576 1124 702 1177 dum
731 1136 957 1176 censum
991 1121 1106 1175 tieri
1132 1121 1322 1189 jubet;
1352 1120 1646 1193 Egyptns,
1677 1124 1803 1177 dum
1837 1123 1920 1177 fu-

320 1213 560 1282 gientem
589 1212 889 1266 etinsidiis
922 1213 1220 1280 appetitum
1249 1213 1478 1281 excipit,
1505 1224 1688 1267 servat
1718 1215 1913 1282 ipsum,

322 1302 562 1372 hincque
593 1303 884 1371 quamdam
924 1300 1314 1358 familiaritatis
1349 1319 1473 1358 eum
1514 1305 1632 1374 ipso
1664 1307 1918 1361 occasio-

322 1411 446 1450 nem
487 1395 706 1463 aceipit,
746 1404 804 1449 ut
849 1410 970 1449 eum
1014 1394 1162 1449 illum
1206 1406 1392 1463 postea
1433 1397 1644 1452 audiret
1681 1397 1747 1452 ab
1787 1411 1919 1467 apo-

321 1487 481 1542 stolis
531 1489 852 1556 przeilicari,
897 1489 963 1544 de
1014 1488 1096 1544 his
1144 1487 1494 1560 gloriaretur,
1539 1491 1681 1560 quod
1735 1491 1915 1560 ipsum

323 1577 498 1648 prima
535 1580 845 1648 excepisset

388 1739 456 1793 In
506 1736 741 1810 Egypto
782 1737 1022 1791 monachi
1075 1745 1122 1790 et
1165 1747 1320 1791 cretus
1366 1736 1638 1807 virginum.
1667 1734 1922 1804 —Atqui

316 1829 487 1883 solius
540 1828 838 1882 Pal-.estinaa
899 1837 1016 1882 erat
1084 1827 1199 1882 haec
1261 1827 1616 1897 pratrogativa
1663 1844 1676 1881 :
1735 1841 1922 1880 verum

310 1917 586 1990 llitigyptns
616 1917 909 1974 ferventior
939 1917 1024 1972 illa
1064 1915 1180 1972 fuit.
1209 1917 1362 1973 None
1387 1927 1538 1971 certe
1565 1917 1608 1971 si
1635 1932 1824 1987 pergas
1869 1918 1921 1969 in

319 2009 597 2065 desertum
647 2007 906 2079 Egypti,
959 2008 1152 2076 quovis
1197 2007 1446 2077 paradiso
1492 2008 1921 2078 praestantiorem

318 2099 664 2157 solitudinem
711 2099 983 2162 invenies,
1032 2107 1317 2151 sexcentos
1366 2098 1680 2166 angelorum
1727 2096 1924 2152 choros

319 2190 552 2247 humana
583 2191 770 2254 forma,
813 2197 1106 2260 martyrum
1140 2189 1388 2258 populos,
1418 2198 1592 2244 enatus
1633 2189 1921 2258 virginum,

318 2283 550 2339 solutam
578 2281 774 2336 diaboli
805 2280 1145 2352 tyrannidem
1181 2291 1366 2347 totam,
1397 2282 1596 2337 Christi
1626 2291 1803 2336 autem
1831 2296 1920 2336 re-

317 2392 484 2446 gnum
517 2387 827 2430 coruscans.
865 2372 1012 2427 lllam
1037 2388 1164 2427 vero
1199 2389 1318 2444 quae
1348 2382 1648 2442 poetarum,
1680 2374 1922 2444 philoso-

318 2468 548 2536 phorum
597 2476 651 2521 et
684 2480 969 2536 magorum
1011 2474 1183 2521 mater
1222 2475 1356 2530 erat,
1382 2483 1500 2536 qua:
1527 2482 1690 2522 omne
1714 2467 1923 2536 praesti-

314 2559 526 2628 giarum
571 2571 740 2627 genus
785 2557 1080 2620 invenerat,
1122 2557 1351 2626 aliisque
1395 2558 1708 2623 tradiderat,
1755 2560 1920 2624 illam,

318 2653 568 2720 inquam,
600 2647 805 2703 videbis
845 2648 911 2703 de
959 2647 1313 2718 piscatoribus
1359 2649 1700 2719 gloriantem,
1742 2659 1800 2706 et
1834 2651 1922 2705 illa

314 2739 534 2810 quidem
561 2747 739 2793 vetera
772 2739 954 2792 omnia
996 2737 1404 2806 despicientem,
1453 2740 1796 2807 publicanum
1835 2756 1926 2794 vc-

318 2847 378 2886 ro
421 2841 477 2886 et
521 2830 872 2884 tentoriorum
913 2827 1172 2882 artificem
1204 2829 1402 2897 ubique
1428 2829 1920 2897 circumferentem,

315 2939 378 2981 ac
429 2938 645 2978 crucem
691 2929 1216 2991 praemonstrantem.
1250 2920 1374 2974 llaec
1406 2935 1566 2989 porro
1596 2937 1702 2976 non
1735 2923 1785 2975 in
1827 2938 1918 2976 ur-

315 3015 472 3070 bibus
517 3021 745 3076 malum,
794 3010 887 3067 sed
919 3010 1080 3064 etiam
1125 3010 1178 3063 in
1217 3009 1434 3064 deserto
1465 3012 1634 3080 magis
1677 3027 1837 3080 quam
1869 3013 1922 3066 in

316 3104 562 3159 urbibus.
609 3103 711 3156 Per
738 3109 904 3155 totam
933 3100 1079 3156 enim
1125 3101 1403 3170 regionem
1432 3099 1592 3155 istam
1622 3101 1806 3157 videre
1836 3113 1918 3158 est

314 3196 514 3251 Christi
547 3194 870 3255 exercitum,
911 3191 1222 3261 regiumque
1261 3205 1503 3260 gregem,
1532 3207 1920 3262 supernarum-

315 3304 420 3357 que
449 3289 706 3342 virtutum
739 3289 900 3342 vitam
930 3304 946 3354 ;
983 3287 1152 3356 idque
1191 3302 1298 3340 non
1328 3287 1469 3356 apud
1499 3284 1645 3341 viros
1682 3295 1914 3354 tantum,

316 3381 410 3436 sed
454 3390 511 3435 et
539 3381 591 3433 in
642 3379 890 3434 muliebri
934 3394 1064 3433 sexu
1114 3379 1372 3448 reperias.
1411 3376 1624 3434 Etenim
1668 3377 1773 3433 ilire
1810 3392 1916 3432 non

318 3474 495 3527 minus
543 3488 703 3542 quam
734 3472 832 3525 viri
877 3471 1356 3542 philosophantur,
1394 3486 1506 3526 non
1532 3481 1743 3526 scutum
1773 3473 1918 3526 arei-

319 3566 550 3633 pientes,
580 3579 750 3633 neque
773 3578 973 3631 equum
1003 3562 1448 3626 conscendentes,
1483 3571 1544 3618 ut
1565 3563 1759 3632 jubent
1786 3563 1920 3618 clari

318 3656 394 3711 illi
420 3656 734 3712 Graecorum
784 3654 1115 3724 legislatores
1152 3662 1208 3709 et
1255 3651 1599 3724 philosophi;
1650 3654 1747 3709 sed
1778 3654 1919 3708 aliud

319 3747 479 3817 longe
518 3745 733 3816 gravius
765 3744 963 3798 bellum
1007 3744 1328 3814 suscipiunt.
1365 3740 1665 3799 Commune
1693 3743 1836 3798 enim
1869 3753 1926 3799 et

317 3838 451 3907 ipsis
492 3847 546 3892 et
574 3837 703 3890 viris
733 3836 928 3890 bellum
970 3843 1054 3890 est
1081 3843 1266 3889 contra
1298 3833 1572 3889 diabolum
1599 3844 1654 3889 et
1686 3844 1923 3906 potesta-

321 3938 400 3984 tes
431 3929 773 3982 tenebrarnm
806 3945 818 3980 :
851 3926 916 3980 ad
949 3925 1254 3995 huiusmodi
1284 3940 1413 3980 vero
1450 3924 1734 3980 conflictus
1759 3941 1919 3979 num-

319 4033 485 4087 quam
511 4017 614 4071 illis
643 4031 804 4070 sexus
826 4015 1072 4070 debilitas
1095 4012 1478 4085 impedimento
1500 4023 1621 4080 est;
1646 4030 1750 4069 non
1779 4016 1921 4069 enim

320 4109 562 4178 corporis
591 4119 796 4172 natura,
835 4106 930 4161 sed
962 4107 1125 4160 animi
1159 4107 1434 4176 proposito
1462 4105 1768 4175 huiusmodi
1789 4121 1924 4175 pra:-

321 4200 392 4254 lia
414 4199 799 4254 decernuntur.
824 4197 1054 4268 Ideoque
1072 4212 1216 4266 saepe
1241 4197 1495 4252 mulieres
1524 4195 1717 4251 fortius
1763 4212 1926 4268 quam

322 4290 428 4345 viri
478 4300 890 4361 pugnaverunt,
941 4299 996 4343 et
1035 4287 1324 4359 insigniora
1371 4298 1567 4360 tropum
1613 4300 1922 4343 erexerunt.

323 4382 441 4438 Non
486 4384 559 4436 ita
590 4381 780 4436 cmlum
820 4380 1160 4450 splendidum
1210 4390 1290 4437 est
1322 4380 1470 4436 vario
1506 4379 1601 4434 illo
1647 4381 1925 4435 stellarum

321 4476 514 4541 choro,
542 4484 596 4529 ut
622 4473 842 4545 IEgypti
874 4472 1108 4527 solitudo
1129 4514 1144 4538 ,
1173 4488 1294 4544 quae
1325 4472 1560 4544 undique
1589 4473 1744 4530 nobis
1769 4474 1925 4531 exhi-

326 4567 417 4622 bet
447 4565 786 4620 tabernacula
816 4563 1226 4618 monachorum.

396 4736 452 4790 5.
491 4736 546 4791 Si
579 4734 698 4804 quis
723 4742 956 4789 veterem
989 4733 1132 4788 illam
1162 4730 1451 4806 Egyptum
1483 4737 1648 4801 novit,
1687 4737 1780 4792 Dei
1814 4737 1916 4792 ini-

324 4827 522 4880 micam
549 4834 600 4879 et
627 4823 918 4886 furentem,
940 4824 1117 4880 folium
1146 4825 1446 4893 cultricem,
1472 4842 1592 4898 qua:
1622 4843 1783 4898 cepas
1811 4829 1924 4884 for-

327 4915 564 4971 midabat
608 4926 661 4968 et
715 4915 1001 4980 tremebat,
1051 4915 1138 4971 hic
1183 4918 1385 4987 optime
1421 4915 1620 4974 Christi
1675 4921 1923 4976 virtutem

325 5012 483 5064 sciet.
518 5008 630 5062 lmo
651 5023 779 5062 vero
815 5023 919 5062 non
949 5023 1082 5079 opus
1113 5019 1194 5064 est
1234 5007 1387 5066 nobis
1411 5013 1634 5068 vetustis
1665 5015 1926 5068 narratio-

327 5102 487 5156 nibus
524 5114 690 5153 :nam
749 5098 1014 5169 hodieque
1071 5101 1272 5157 insanae
1328 5103 1466 5157 illius
1507 5105 1682 5174 gentis
1726 5121 1925 5160 monu-

327 5200 510 5246 menta
532 5178 839 5259 supersunt,
869 5205 987 5259 quae
1015 5193 1242 5260 priscam
1271 5194 1436 5263 ipsius
1463 5197 1752 5251 amentiam
1780 5199 1930 5251 testi-

331 5285 579 5339 ficantur.
619 5284 868 5336 Attamen
898 5282 949 5336 hi
976 5283 1070 5353 qui
1100 5285 1228 5339 olim
1262 5300 1452 5341 omnes
1493 5288 1545 5341 in
1575 5296 1773 5342 tantam
1805 5304 1926 5358 pro-

331 5384 589 5444 ruperant
617 5374 926 5440 amentiam,
959 5375 1026 5429 de
1056 5377 1206 5442 03:10,
1237 5377 1412 5449 deque
1439 5377 1744 5437 etelestibus
1766 5381 1929 5436 rebus

341 5476 818 5546 philosophantur,
873 5485 1229 5548 paternosque
1273 5497 1448 5535 mores
1486 5482 1748 5548 derident,
1802 5499 1930 5536 avos

341 5582 469 5623 suos
512 5568 735 5622 miseros
770 5567 1083 5638 praedicant,
1131 5579 1184 5622 et
1226 5569 1573 5641 philosophos
1616 5575 1738 5630 illos
1780 5576 1929 5631 nihili

344 5657 604 5728 pendunt.
637 5657 710 5713 Ex
758 5660 887 5729 ipsis
910 5659 1052 5714 enim
1079 5660 1238 5716 rebus
1266 5663 1599 5721 edidicerunt
1628 5666 1828 5735 priscas
1862 5669 1925 5723 ίι-

2032 463 2108 515 las
2146 461 2319 517 aniles
2351 461 2562 516 fabulas
2587 462 2860 517 ebriorum
2898 475 3018 516 esse
3048 461 3282 526 inventa,
3319 477 3500 518 verum
3530 477 3628 518 an.

2032 564 2138 610 tem
2171 555 2486 626 sapientiam
2515 555 2663 610 caelis
2705 569 2826 610 esse
2866 553 3101 625 dignam.
3136 554 3262 609 Haec
3307 565 3391 609 est
3435 570 3556 624 quas
3600 569 3630 608 a

2032 644 2387 714 piscatoribus
2413 646 2727 700 annuntiata
2758 645 2886 715 ipsis
2913 643 3034 700 fuit.
3066 644 3298 714 Ideoque
3321 659 3444 699 cum
3470 660 3632 700 accu-

2034 748 2148 791 rata
2172 737 2482 807 dogmatum
2529 739 2754 793 veritate
2799 737 3018 791 multam
3062 737 3319 792 exhibent
3363 738 3499 792 bene
3544 740 3630 792 vi-

2030 829 2187 882 vendi
2216 827 2568 898 diligentiam.
2601 828 2875 898 Siquidem
2900 829 3044 883 exuti
3071 829 3232 883 rebus
3261 830 3468 884 cunctis
3491 844 3632 898 pra:-

2029 919 2291 987 sentibus,
2315 920 2623 989 mundoque
2654 921 2916 982 crucitixi,
2940 920 3077 973 ultra
3109 921 3269 974 etiam
3302 920 3630 990 procedunt,

2028 1010 2213 1065 labore
2238 1011 2481 1080 corporis
2521 1021 2732 1066 utentes
2773 1010 2838 1064 ad
2868 1010 3065 1065 victum
3097 1012 3282 1080 egenis
3311 1025 3631 1081 comparan—

2030 1101 2178 1157 dum.
2212 1102 2396 1172 Neque
2416 1102 2559 1156 enim
2582 1103 2704 1171 quia
2722 1102 2965 1172 jejunant
2991 1112 3046 1157 et
3075 1103 3314 1172 vigilant,
3344 1117 3403 1156 se
3431 1102 3630 1157 idcirco

2026 1194 2230 1250 dedunt
2266 1195 2397 1258 etio,
2449 1194 2544 1250 sed
2593 1203 2779 1250 noctes
2818 1197 3034 1264 hymnis
3079 1209 3142 1250 ac
3171 1195 3480 1264 pervigiliis,
3510 1194 3630 1251 dies
3695 1191 3698 1194 ’

2030 1287 2279 1357 precibus
2299 1293 2353 1344 et
2377 1287 2528 1358 operi
2546 1302 2800 1353 manuum
2831 1286 3110 1355 deputant,
3140 1288 3366 1354 apostoli
3392 1285 3627 1341 studium

2026 1380 2316 1434 imitantes.
2345 1379 2403 1434 Si
2429 1379 2597 1447 enim,
2630 1375 2898 1449 inquiunt,
2930 1378 3038 1441 ille,
3067 1387 3175 1430 toto
3207 1377 3337 1432 orbe
3357 1377 3424 1432 ad
3453 1368 3626 1447 ipsum

2025 1469 2370 1538 reSpieiente,
2421 1479 2478 1524 ut
2531 1469 2721 1538 inopes
2761 1468 2951 1535 aleret,
2993 1467 3262 1522 ofﬁcinam
3315 1469 3521 1535 habuit,
3574 1478 3629 1525 et

2025 1572 2195 1617 artem
2245 1562 2510 1625 tractavit,
2568 1561 2842 1616 insomnes
2883 1561 3094 1614 interim
3144 1571 3328 1615 noctes
3379 1561 3624 1617 ducens:

2026 1653 2195 1706 multo
2227 1652 2396 1721 magis
2424 1666 2542 1716 nos,
2574 1653 2662 1722 qui
2693 1651 2746 1705 in
2786 1651 3000 1706 deserto
3030 1651 3352 1718 habitamus,
3385 1652 3626 1722 nihilque

2025 1757 2309 1798 commune
2334 1743 2594 1796 habemus
2615 1757 2736 1797 cum
2767 1742 2979 1797 urbium
3019 1743 3356 1809 tumultibus,
3383 1743 3624 1797 vacatio-

2025 1837 2105 1889 nis
2150 1835 2261 1889 otio
2306 1833 2373 1888 ad
2417 1834 2742 1902 spiritualia.
2761 1849 2922 1904 opera
2961 1835 3035 1888 uti
3070 1849 3163 1902 par
3192 1844 3294 1888 est.
3329 1833 3624 1889 Erubesca-

2024 1941 2140 1979 mus
2181 1925 2361 1994 itaque
2401 1938 2610 1987 omnes,
2661 1933 2715 1977 et
2744 1924 2956 1990 divites,
3002 1935 3052 1978 et
3097 1939 3381 1992 pauperes,
3409 1923 3625 1993 quando

2028 2018 2101 2070 illi
2144 2016 2273 2071 nihil
2314 2031 2534 2089 prorsus
2587 2017 2871 2082 habentes,
2917 2017 3019 2071 nisi
3060 2022 3257 2084 corpus
3312 2026 3518 2072 tantum
3569 2025 3625 2073 et

2023 2122 2235 2171 manus,
2283 2116 2544 2162 conantur
2585 2114 2639 2160 et
2680 2106 3010 2160 contendunt
3045 2115 3100 2160 ut
3144 2106 3268 2160 hinc
3295 2107 3492 2161 victum
3524 2122 3621 2176 pa-

2021 2210 2139 2254 rent
2177 2201 2491 2269 egentibus:
2519 2215 2618 2256 nos
2649 2215 2797 2262 vero,
2843 2200 2969 2252 dum
3020 2199 3299 2254 innumera
3348 2198 3493 2252 domi
3536 2213 3623 2256 re-

2019 2291 2234 2344 condita
2283 2289 2428 2356 sunt,
2479 2307 2545 2345 ne
2591 2290 2857 2358 superﬂua
2891 2290 3107 2360 quidem
3153 2290 3232 2343 his
3280 2289 3618 2345 adhibemus.

2019 2382 2189 2446 Quam
2243 2381 2440 2449 igitur,
2498 2395 2716 2451 quaeso,
2787 2381 3186 2436 excusationem
3242 2381 3622 2449 proferemus?

2021 2488 2180 2542 quam
2236 2487 2627 2543 consequemur
2680 2472 2934 2527 veniam?
2987 2473 3146 2542 Atqui
3200 2473 3405 2543 cogites
3459 2475 3617 2529 velim

2016 2574 2270 2631 quantum
2311 2564 2396 2618 isti
2425 2564 2550 2617 olim
2583 2565 2824 2632 pecunize
2850 2574 3118 2619 amatores
3145 2575 3320 2626 erant,
3355 2575 3616 2635 quantum

2015 2657 2152 2723 gula:
2178 2655 2363 2720 dediti,
2397 2671 2519 2708 cum
2548 2657 2758 2710 cmteris
2783 2656 2944 2709 vitiis.
2995 2655 3068 2708 lbi
3115 2657 3259 2710 enim
3303 2665 3456 2710 erant
3494 2657 3616 2711 ollae
3669 2697 3686 2738 ί

2018 2757 2258 2812 carnium
2307 2756 2500 2827 (Exod.
2530 2757 2617 2811 16.
2650 2755 2717 2825 5)
2740 2796 2753 2818 ,
2792 2768 2926 2822 quas
2974 2763 3274 2808 memorant
3301 2752 3474 2808 Judaei
3505 2772 3519 2809 :
3550 2753 3620 2807 ibi

2021 2863 2208 2918 magna
2233 2847 2433 2903 ventris
2456 2846 2716 2918 tyrannis.
2750 2847 3000 2899 Attamen
3027 2845 3147 2915 quia
3172 2846 3478 2928 voluerunt,
3505 2860 3624 2898 mu-

2021 2940 2111 2992 tati
2138 2949 2281 3004 sunt,
2314 2948 2365 2992 ct
2398 2939 2517 3008 igne
2543 2937 2740 2991 Christi
2778 2946 3050 3005 suscepto,
3093 2937 3148 2990 in
3178 2938 3370 2991 caelum
3397 2946 3620 3006 repente

2019 3030 2338 3084 advolarunt
2389 3033 2640 3098 :quippe
2680 3029 2827 3096 prius
2874 3028 3210 3081 ardentiorcs
3258 3029 3378 3081 aliis
3431 3037 3620 3083 erant.

2019 3131 2179 3190 atque
2220 3120 2285 3173 ad
2315 3120 2448 3173 iram
2492 3128 2546 3172 et
2575 3118 2640 3172 ad
2669 3118 2916 3186 corporis
2946 3119 3272 3185 voluptatem
3306 3119 3618 3187 propensio-

2020 3226 2128 3276 res,
2169 3212 2516 3278 incorporeas
2550 3216 2842 3278 potestates
2885 3208 3296 3263 mansuetudine
3333 3219 3390 3264 et
3417 3210 3619 3275 reliqua

2022 3301 2374 3369 philosophia:
2398 3315 2510 3354 sua:
2533 3299 2815 3354 tolerantia
2839 3300 3136 3356 imitantur.
3165 3299 3418 3370 Quisquis
3446 3300 3497 3353 in
3526 3302 3629 3356 hac

2021 3392 2241 3461 regione
2271 3391 2389 3458 fuit,
2421 3406 2540 3471 q‘ute
2571 3389 2692 3445 dico
2715 3389 2864 3444 novit

2095 3570 2302 3624 Antonii
2358 3568 2540 3642 Magni
2587 3570 2954 3624 monachorum
3011 3571 3172 3641 patris
3222 3570 3418 3626 laudes.
3461 3603 3531 3614 -—
3569 3573 3625 3630 Si

2020 3662 2140 3732 quis
2163 3678 2291 3718 vero
2320 3661 2664 3717 tabernacula
2704 3662 2792 3716 illa
2821 3677 3114 3732 numquam
3158 3662 3308 3727 adiit,
3337 3665 3536 3735 cogitet
3566 3666 3626 3718 il.

2021 3753 2128 3806 lum
2161 3753 2250 3823 qui
2279 3753 2538 3808 hactenus
2580 3753 2633 3807 in
2679 3754 2918 3807 omnium
2953 3753 3122 3808 fertur
3157 3769 3272 3821 ore,
3317 3771 3476 3824 quem
3503 3767 3621 3827 post

2018 3845 2292 3912 apostolos
2337 3845 2602 3917 Egyptus
2649 3846 2767 3899 tnlit
2796 3846 3009 3899 beatum
3054 3857 3107 3901 et
3151 3863 3400 3918 magnum
3451 3851 3620 3905 Anto-

2021 3937 2193 4002 nium,
2237 3947 2290 3991 et
2338 3951 2522 3991 secum
2577 3945 2792 4006 reputet
2850 3937 3003 3991 illum
3059 3939 3109 3991 in
3157 3940 3344 3993 eadem
3403 3941 3619 4010 regione

2021 4025 2203 4090 fuisse,
2239 4025 2291 4078 in
2317 4039 2419 4092 qua
2447 4025 2677 4078 Pharao.
2711 4027 2961 4080 Altamen
2995 4028 3130 4081 nihil
3162 4027 3286 4082 hinc
3308 4029 3618 4086 detrimenti

2018 4116 2246 4184 accepit,
2279 4115 2374 4169 sed
2403 4116 2563 4169 etiam
2587 4116 2766 4170 divina
2794 4116 3001 4172 visione
3031 4118 3285 4188 dignatus
3319 4131 3421 4185 est,
3452 4131 3506 4175 et
3538 4131 3616 4176 la-

2021 4205 2129 4259 lem
2156 4205 2319 4259 vitam
2367 4205 2637 4269 exhibuit,
2669 4206 2880 4275 qualem
2922 4207 3122 4261 Christi
3155 4209 3299 4279 leges
3327 4213 3618 4279 postulant.

2019 4297 2087 4350 Et
2116 4297 2218 4351 hoc
2243 4296 2377 4351 sciet
2406 4297 2648 4367 quisquis
2677 4308 2929 4353 accurate
2961 4299 3155 4354 librum
3189 4301 3398 4372 legerit,
3433 4304 3484 4357 in
3514 4321 3618 4372 quo

2018 4396 2102 4442 est
2138 4387 2361 4442 historia
2391 4388 2514 4442 vita:
2556 4389 2676 4458 ejus
2701 4389 2802 4459 (ο),
2853 4389 2940 4444 ubi
2988 4392 3209 4446 multum
3255 4392 3617 4464 deprehendet

2018 4481 2376 4549 prephetiam.
2421 4479 2554 4534 Nam
2598 4482 2686 4536 illa
2725 4497 2847 4552 qua:
2899 4485 3153 4540 Arianico
3200 4488 3388 4542 morbo
3437 4499 3622 4561 captos

2017 4571 2370 4640 spectabant,
2427 4587 2636 4626 necnon
2682 4572 3064 4629 detrimentum
3117 4576 3240 4633 inde
3283 4594 3616 4637 emersurum

2017 4665 2418 4735 prtenuntiavit,
2468 4665 2580 4720 Deo
2621 4667 2807 4735 utique
2855 4668 3149 4735 revelante,
3198 4681 3252 4725 et
3295 4674 3471 4726 omnia
3503 4691 3621 4744 que

2018 4757 2192 4813 futura
2238 4767 2392 4813 erant
2422 4774 2531 4825 pra:
2573 4759 2744 4812 oculis
2786 4760 2884 4828 ipsi
2929 4773 3160 4828 ponente
3191 4779 3205 4816 :
3243 4764 3292 4818 id
3324 4766 3466 4834 quod
3498 4782 3616 4823 cum

2019 4850 2138 4903 aliis
2165 4849 2326 4904 etiam
2349 4848 2616 4919 adjunctis
2643 4851 2933 4905 maximum
2959 4866 3043 4908 εει
3063 4856 3304 4910 veritatis
3329 4873 3616 4927 argumen-

2022 4950 2153 5007 tum,
2185 4939 2328 5010 quod
2370 4939 2617 4994 videlicet
2655 4941 2800 4995 nulla
2849 4942 3072 4998 hmresis
3117 4945 3277 4999 talem
3310 4947 3505 5003 haheat
3532 4952 3614 5005 vi-

2020 5049 2159 5087 rum.
2187 5032 2294 5088 Sed
2321 5049 2389 5087 ne
2419 5035 2558 5088 ultra
2594 5033 2709 5089 haec
2738 5050 2769 5088 a
2796 5036 2950 5091 nobis
2975 5037 3164 5094 audire
3187 5043 3444 5112 pergulis,
3482 5044 3526 5097 si
3557 5045 3620 5098 li—

2023 5126 2176 5180 brum
2205 5126 2259 5180 in
2284 5141 2390 5196 quo
2413 5125 2528 5181 haec
2555 5126 2754 5196 scripta
2776 5136 2901 5182 sunt
2927 5126 3137 5198 legatis,
3170 5145 3419 5188 accurate
3440 5139 3616 5187 οηιηὶιι

2034 5229 2278 5287 ediscere
2305 5224 2580 5296 poteritis,
2617 5234 2669 5279 et
2703 5226 2932 5280 multam
2977 5227 3102 5282 inde
3134 5229 3351 5284 haurire
3379 5231 3614 5301 philoso-

2035 5322 2243 5393 phiam.
2264 5317 2378 5372 Hoc
2401 5326 2582 5371 autem
2613 5334 2882 5404 rogo‘non
2910 5332 2967 5374 ut
2995 5321 3190 5375 librum
3223 5322 3489 5380 adeamus
3509 5327 3651 5381 tan..-

2079 5611 2592 5693 limabihtbie
2620 5616 2829 5693 loquitur
2852 5617 3045 5693 dedita
3068 5628 3113 5672 S.
3143 5631 3329 5679 Adtonit
3359 5645 3448 5693 per
3472 5638 3626 5688 Αιιημ.

2018 5675 2204 5722 nasitun
2228 5675 2647 5739 archiepiscopum
2674 5675 3072 5732 Alexandrinum.
