4124 6302
547 342 750 410 ω-Πὸ

558 483 695 535 tum,
729 473 826 528 sed
878 482 932 528 et
989 489 1050 526 ea
1082 489 1202 542 qua:
1257 473 1330 526 ibi
1377 474 1577 543 scripta
1618 482 1750 530 sunt
1806 475 2109 535 imitemur,

547 589 729 644 neque
767 577 970 639 locum,
1014 579 1100 632 vel
1137 579 1521 646 educationem
1545 621 1559 646 ,
1587 582 1671 637 vel
1706 581 1975 652 majorum
2011 595 2113 634 no-

539 685 783 734 strorum
829 681 1131 750 nequitiam
1173 682 1559 740 obtendamus.
1610 684 1666 740 Si
1697 686 1845 739 enim
1876 685 2110 740 velimus

543 786 854 850 attendere,
891 787 1028 841 nihil
1081 788 1278 844 horum
1329 791 1491 846 nobis
1523 790 1918 860 impedimento
1976 793 2105 847 erit.

541 888 676 944 Nam
728 889 1002 944 Abraham
1053 871 1281 963 impium
1338 903 1549 971 patrem
1590 894 1806 960 habuit,
1854 895 1950 950 sed
1993 896 2113 966 ejus

542 993 850 1062 nequitiam
881 1010 989 1048 non
1022 995 1272 1066 excepit;
1303 997 1566 1052 Ereehias
1588 997 1734 1052 filius
1753 1000 1956 1054 Achati
1989 1001 2111 1064 fuit,

542 1103 598 1148 et
645 1103 830 1149 tamen
859 1097 957 1150 Dei
987 1099 1196 1154 amicus
1223 1100 1456 1157 effectus
1494 1112 1615 1167 est;
1659 1102 1862 1172 Joseph
1896 1119 2027 1159 vero
2055 1105 2112 1159 in

542 1197 721 1251 media
753 1197 984 1270 Egypto
1019 1203 1283 1256 eaStitatis
1318 1219 1522 1259 corona
1561 1206 1853 1262 redimitus
1887 1216 2004 1274 est;
2046 1225 2111 1264 ac

537 1308 649 1354 tres
675 1302 833 1371 pueri
856 1304 912 1358 in
947 1307 1124 1361 media
1149 1307 1445 1379 Babylone,
1471 1310 1638 1380 inque
1664 1312 1862 1368 mediis
1876 1311 2106 1380 aedibus,

547 1415 670 1455 eum
709 1403 1012 1476 Sybaritica
1066 1426 1254 1466 mensa
1301 1423 1557 1484 apparata
1612 1426 1778 1482 esset,
1839 1433 2106 1475 summam

532 1497 834 1564 exhibuere
865 1510 1298 1582 philosophiam;
1324 1526 1384 1571 ut
1407 1526 1461 1572 et
1489 1516 1700 1588 Moyses
1722 1521 1776 1574 in
1796 1519 2027 1594 Egypto
2049 1533 2105 1579 et

1295 333 1351 389 S.
1391 333 1677 396 JOANNIS
1715 340 2204 400 CllllYSOSTOMI
2248 345 2564 402 ARCIIIEP.
2604 337 3156 402 CONS’I‘ANTINOI‘.

3583 336 3666 389 L‘u.
3687 336 3784 395 I75

2220 472 2421 527 Paulus
2461 473 2517 526 in
2553 471 2685 527 orbe
2714 490 2728 526 :
2754 471 3005 540 nihilque
3045 472 3133 524 bis
3164 469 3426 524 omnibus
3456 473 3522 524 ad
3568 471 3790 528 virtutis

2219 592 2445 631 cursum
2482 577 2587 632 fuit
2620 576 3046 648 impedimento.
3075 576 3198 630 llaec
3221 576 3404 646 itaque
3425 575 3608 630 omnia
3635 579 3790 648 cogi-

2212 689 2410 745 tantes,
2445 681 2764 736 occasiones
2809 691 2867 735 ct
2907 679 3169 734 obtentus
3207 679 3521 749 hujusmodi
3570 679 3636 735 de
3670 694 3790 734 me-

2207 786 2299 841 dio
2334 787 2608 850 tollamus,
2655 786 2992 856 sudoresque
3021 800 3123 855 pro
3151 784 3359 838 virtute
3391 783 3651 838 sectanda
3680 783 3784 838 ad-

2213 907 2424 946 eamus.
2449 891 2540 947 Sic
2560 893 2708 946 cnim
2746 892 2918 946 Deum
2947 889 3015 945 ad
3045 892 3311 961 majorem
3337 903 3464 958 erga
3493 905 3593 942 nos
3617 888 3790 944 bene-

2215 997 2512 1050 volentiam
2569 995 2960 1062 attrabemus,
3023 992 3549 1065 impetrabimusque
3613 1004 3675 1048 ut
3732 995 3786 1048 iu

2212 1101 2611 1155 certaminibus
2655 1099 2816 1154 nobis
2841 1100 3164 1170 Opituletur,
3196 1108 3362 1167 atque
3397 1096 3618 1151 :cternis
3641 1096 3798 1152 frue-

2212 1225 2338 1262 mur
2370 1210 2594 1264 coronis
2623 1227 2636 1263 :
2669 1225 2806 1280 quas
2864 1209 3073 1264 utinam
3127 1221 3319 1261 omnes
3359 1219 3787 1274 consequamur,

2221 1315 2398 1385 gratia
2445 1325 2502 1370 et
2550 1313 2889 1385 benignitate
2952 1313 3169 1368 Domini
3223 1311 3398 1367 nostri
3450 1310 3579 1366 Jesu
3627 1308 3788 1364 Chri—

2213 1420 2304 1484 sti,
2348 1421 2436 1475 cui
2481 1421 2658 1489 gloria
2686 1428 2743 1473 et
2770 1419 3061 1490 imperium
3093 1419 3147 1472 in
3179 1416 3376 1472 saecula
3433 1414 3788 1470 saeculorum.

2211 1525 2410 1580 Amen.

1941 1987 2373 2094 mw!

2035 2557 2080 2591 ω

1287 2537 3760 2575 ww

1901 2773 2247 2834 HOMILIA
2293 2776 2406 2836 1X.

518 3005 646 3062 CAP.
675 3007 730 3074 2,
767 3025 818 3063 ν.
853 3009 941 3065 l6.
994 3011 1133 3064 Tunc
1184 3010 1415 3066 Herodes
1456 3012 1634 3066 videns
1681 3012 1928 3082 quoniam
1969 3011 2096 3064 illu-

586 3127 675 3165 sus
714 3121 841 3166 esset
887 3132 918 3167 α
979 3117 1166 3183 magis,
1207 3118 1379 3169 iratus
1423 3126 1498 3168 est
1544 3115 1699 3168 ualde
1737 3134 1755 3170 :
1783 3125 1831 3169 et
1891 3119 2097 3169 mimus

527 3235 532 3238 ·
601 3216 788 3269 occidit
831 3232 1006 3268 omnes
1041 3233 1252 3287 pueros,
1288 3219 1379 3288 qui
1417 3229 1568 3272 erant
1604 3220 1657 3272 in
1693 3217 2010 3283 Bethlehem,
2050 3229 2097 3271 et

587 3315 645 3370 in
681 3319 917 3372 omnibus
950 3319 1144 3385 ﬁnibus
1171 3323 1304 3390 ejus,
1345 3340 1377 3374 a
1408 3322 1607 3374 bimam
1645 3330 1693 3374 et
1717 3324 1882 3390 infra,
1917 3341 2099 3376 serun-

599 3421 724 3474 dum
766 3431 970 3492 tempus
1003 3425 1141 3493 quod
1167 3425 1488 3493 exquisierat
1529 3444 1559 3478 τι
1597 3427 1786 3490 magis.

599 3638 651 3692 l.
689 3636 993 3695 Ccrtc.non
1031 3639 1321 3707 oportebat
1348 3639 1502 3692 illum
1551 3639 1734 3704 irasci,
1778 3640 1872 3694 sed
1913 3641 2096 3711 potius

533 3739 730 3793 timere
755 3748 809 3793 et
839 3741 1149 3809 comprimi,
1189 3748 1355 3809 atque
1387 3740 1692 3811 intelligere
1727 3757 1785 3797 se
1821 3758 1937 3797 rem
1981 3752 2098 3798 ten-

521 3851 660 3904 tare,
691 3858 855 3910 quam
879 3858 986 3895 non
1024 3819 1208 3912 posset
1238 3844 1500 3913 perﬁcere
1525 3846 1563 3899 ⁸.
1596 3845 1666 3901 At
1694 3846 1785 3901 ille
1808 3862 1916 3901 non
1940 3862 2096 3903 coer-

527 3954 704 3999 cetur.
729 3945 960 4011 Quando
992 3941 1137 4017 enim
1167 3947 1452 4017 improbus
1481 3937 1697 4003 animus
1729 3960 1785 4005 et
1813 3950 2091 4005 insanabi-

525 4048 599 4104 lis
628 4057 732 4110 est,
770 4049 904 4103 nulli
935 4050 1133 4104 cedita
1158 4051 1271 4104 Deo
1301 4066 1574 4107 concessae
1613 4052 1916 4109 medicinae.
1954 4055 2087 4110 Vide

525 4150 697 4222 igitur
722 4151 874 4205 illum
903 4153 1184 4222 prioribus
1228 4153 1606 4219 insistentem,
1649 4165 1704 4210 et
1729 4159 1929 4212 ea-dcm
1953 4161 2085 4214 caedi

511 4258 858 4328 jungentem,
891 4264 1053 4325 atque
1078 4273 1177 4326 per
1203 4258 1500 4326 praecipitia
1531 4260 1773 4330 undique
1812 4271 2084 4318 ruentem.

511 4363 648 4418 b'am
684 4363 839 4431 quasi
871 4378 900 4416 a
930 4365 1164 4431 quodam
1205 4363 1451 4419 daemone
1487 4365 1589 4420 hac
1640 4368 1716 4420 ira
1769 4369 2082 4438 invidiaque

514 4465 775 4535 percitus,
803 4466 953 4519 nulla
998 4468 1207 4521 ratione
1247 4466 1516 4532 frenatur,
1550 4469 1646 4523 sed
1677 4480 1867 4526 contra
1904 4474 2076 4542 ipsam

513 4571 942 4636 furitnaturam,
981 4571 1248 4641 iramque,
1281 4589 1441 4642 quam
1461 4584 1650 4629 contra
1668 4591 1852 4646 magos
1877 4579 1979 4632 sibi
2013 4580 2074 4634 il-

513 4674 765 4731 ludentes
785 4687 1128 4745 conceperat,
1156 4689 1344 4731 contra
1376 4677 1620 4732 insontes
1651 4694 1851 4749 pueros
1876 4696 2077 4739 emno-

513 4787 613 4842 rat,
645 4777 822 4833 simile
869 4779 1082 4834 facinus
1110 4779 1164 4834 in
1191 4781 1478 4836 Palaestina
1514 4798 1800 4853 aggressus
1827 4787 1877 4840 ei
1926 4788 2072 4855 quod

512 4881 646 4936 olim
683 4883 737 4936 in
767 4881 998 4952 Egypto
1023 4893 1398 4952 perpetratum
1430 4885 1632 4939 fuerat.
1657 4885 1791 4940 Nam
1824 4887 1919 4954 ait,
1946 4889 2070 4944 Μει-

509 4995 624 5041 tens
653 4988 838 5042 occidit
861 5004 1038 5041 omnes
1064 5006 1249 5057 pueros
1276 4992 1332 5044 in
1351 4989 1670 5057 Bethtehem,
1694 4995 1818 5048 etin
1836 4997 2071 5070 anguibus

506 5090 697 5158 ﬁnibus
754 5096 888 5160 ejus,
935 5111 966 5145 a
1003 5093 1203 5146 bimam
1236 5103 1285 5146 et
1328 5095 1493 5163 infra,
1545 5099 1828 5155 secundum
1870 5110 2070 5174 tempus

507 5194 644 5264 quod
696 5197 1018 5262 exquisierit:
1061 5215 1091 5250 a
1128 5199 1316 5266 magis.
1355 5199 1454 5254 llic
1484 5201 1621 5256 mihi
1668 5203 1958 5274 diligenter
1988 5217 2066 5262 at-

568 5457 608 5537 :-
629 5454 1202 5537 -§_a-\‘il.“e_t__otnttes
1237 5476 1364 5537 pene
1399 5463 1726 5537 δείδι’-Μίνωι.
1765 5469 1989 5537 _legil__._....
2016 5487 2066 5524 sc

502 5523 830 5628 gztugmre
872 5520 1092 5584 stultam;
1132 5521 1204 5574 sic
1234 5520 1384 5577 etiam
1426 5524 1551 5590 legit
1593 5520 1847 5593 Georgio;
1879 5520 2068 5598 'l‘rape;

2204 3013 2430 3070 tendite.
2471 3016 2688 3072 Etenim
2724 3021 2883 3076 multi
2933 3023 3174 3093 plurima
3218 3029 3364 3085 circa
3406 3047 3612 3101 pueros
3635 3036 3778 3093 istos

2201 3129 2498 3199 nugantur,
2527 3124 2856 3192 injustitiam
2877 3129 3007 3183 facti
3033 3131 3420 3204 criminantes;
3440 3139 3531 3193 alii
3552 3140 3780 3210 quidem

2198 3223 2506 3282 modestius
2556 3227 2660 3282 hac
2693 3229 2760 3283 de
2811 3246 2870 3285 re
2915 3231 3084 3289 dubia
3125 3251 3478 3307 proponunt;
3514 3244 3606 3298 alii
3647 3261 3778 3302 vero
3857 3293 3860 3296 .

2201 3329 2465 3384 audacius
2494 3342 2550 3387 et
2602 3334 2884 3391 furiosius.
2937 3339 3008 3394 Ut
3054 3341 3222 3410 igitur
3265 3345 3367 3400 hos
3395 3348 3465 3401 ab
3510 3352 3775 3416 amentia,

2197 3431 2335 3487 alios
2365 3450 2396 3488 a
2418 3433 2765 3492 dubitatione
2805 3441 3128 3506 liberemus,
3159 3448 3436 3515 patienter
3462 3467 3559 3506 nos
3585 3455 3773 3512 audite

2196 3537 2264 3589 de
2295 3537 2388 3590 tali
2422 3551 2744 3607 argumento
2776 3542 3020 3600 breviter
3051 3547 3417 3618 disputantes.
3457 3555 3588 3609 [Nam
3625 3559 3669 3613 si
3705 3577 3772 3615 ea

2194 3643 2263 3697 de
2294 3661 2352 3698 re
2385 3646 2775 3710 criminantur,
2807 3652 2952 3719 quod
2979 3669 3276 3722 puerorum
3308 3659 3486 3712 caedes
3527 3663 3772 3732 neglecta

2195 3746 2384 3809 fuerit,
2416 3749 2784 3804 criminentur
2809 3753 2974 3807 etiam
2994 3754 3065 3809 ob
3093 3757 3325 3813 militum
3346 3761 3568 3817 Petrum
3585 3776 3772 3822 custo-

2193 3849 2464 3907 dientium
2517 3868 2729 3910 necem.
2767 3856 3240 3923 Quemadmodum
3283 3864 3430 3919 enim
3463 3865 3555 3921 hic
3592 3885 3771 3939 puero

2191 3952 2456 4022 fugiente,
2489 3957 2580 4010 alii
2612 3959 2766 4027 pueri
2802 3976 2903 4030 pro
2940 3977 3007 4016 eo
3046 3964 3140 4033 qui
3176 3969 3529 4036 quaerebatur
3559 3971 3771 4028 interti-

2193 4057 2453 4113 ciuntur:
2477 4060 2550 4116 ita
2571 4069 2699 4117 tunc
2716 4080 2839 4118 cum
2855 4066 3054 4122 Petrus
3079 4085 3143 4124 ex
3157 4086 3380 4127 carcere
3401 4085 3458 4129 et
3479 4091 3546 4129 ex
3559 4079 3768 4134 catenis

2190 4162 2258 4216 ab
2283 4164 2476 4232 angelo
2505 4165 2767 4221 liberatus
2790 4179 2957 4234 esset,
2976 4171 3196 4240 quidam
3223 4181 3454 4245 tyranno
3475 4178 3695 4234 nomine
3709 4190 3767 4236 et

2194 4267 2442 4322 moribus
2460 4269 2681 4337 similis,
2701 4287 2830 4325 cum
2849 4291 2974 4328 eum
2991 4278 3299 4344 qumsisset,
3325 4296 3425 4336 nec
3439 4282 3762 4352 invenisset,

2191 4368 2399 4425 milites
2436 4371 2529 4441 qui
2554 4387 2681 4426 eum
2713 4376 3101 4434 custodiebant
3121 4395 3222 4450 pro
3239 4381 3332 4436 illo
3353 4385 3630 4442 interfecit
3657 4388 3756 4458 (α).

2183 4475 2246 4530 Et
2278 4476 2412 4545 quid
2439 4478 2575 4534 hoc?
2601 4479 2816 4550 inquies.
2837 4500 2852 4543 :
2877 4483 2991 4540 haec
3023 4501 3132 4540 non
3151 4497 3235 4541 est
3248 4490 3473 4556 solutio,
3490 4493 3584 4547 sed
3604 4493 3760 4549 addi-

2186 4589 2490 4636 tamentum
2519 4584 2583 4635 ad
2608 4587 2988 4652 qua‘sti-mcm.
3021 4588 3137 4646 lloc
3162 4591 3302 4646 bene
3325 4596 3451 4649 novi
3477 4611 3612 4667 ego:
3634 4599 3756 4653 idco

2184 4693 2294 4747 luce
2317 4694 2492 4748 omnia
2520 4698 2572 4748 In
2603 4694 2835 4750 medium
2862 4696 3096 4767 profero,
3124 4707 3183 4754 ut
3203 4703 3449 4759 omnibus
3476 4723 3633 4764 unam
3662 4707 3758 4766 ad-

2181 4783 2302 4839 dtnm
2331 4784 2664 4839 solutionem.
2694 4785 2947 4852 Qumnam
2982 4788 3143 4857 igitur
3184 4801 3259 4844 est
3306 4792 3392 4845 illa
3434 4793 3668 4849 solutio?
3705 4810 3759 4853 et

2181 4889 2334 4943 quam
2359 4876 2683 4946 probabilem
2702 4878 3022 4934 solutionem
3044 4880 3235 4937 aiferre
3261 4887 3576 4953 possumus?
3600 4889 3756 4944 Chri-

2181 4997 2323 5041 stum
2351 4989 2559 5043 scilicet
2581 5006 2689 5044 uon
2712 4990 2882 5044 fuisse
2904 4989 3038 5060 ipsis
3057 4990 3207 5043 necis
3227 5008 3470 5056 tunsam,
3491 4993 3584 5047 sed
3609 4992 3750 5053 regis

2180 5094 2584 5161 crudelitatem,
2599 5098 3252 5167 quemadmodumncque
3269 5097 3376 5154 illis
3392 5099 3635 5164 Petrum,
3653 5097 3752 5154 sed

2239 5347 2309 5410 (α)
2333 5347 2469 5410 Quod
2493 5348 2572 5396 hic.
2595 5348 2710 5410 dicit
2731 5347 3125 5408 Chrysostomus,
3151 5345 3418 5404 Herodem,
3449 5347 3618 5407 elapso
3642 5343 3746 5410 Pe-

2175 5408 2268 5480 tro,
2295 5408 2479 5458 milites
2505 5408 2737 5480 custodes
2761 5411 3035 5480 occidisse,
3069 5411 3378 5480 cumprier
3408 5410 3640 5480 Acutum,
3667 5408 3744 5466 12,

2177 5472 2251 5532 l9,
2279 5476 2532 5532 consonat.
2559 5469 2644 5531 ubi
2677 5469 2876 5532 dicitur,
2912 5471 3160 5520 ἐκέλευσεν
3189 5471 3471 5532 ἇπᾳχθῆναμ,
3487 5469 3749 5532 jussiteoa

2170 5524 2566 5596 git'sstppticjum_'
2584 5529 2780 5596 abduci,
2800 5524 2964 5596 et'sic
2995 5524 3375 5596 intelligendum
3399 5524 3597 5580 videtur
3617 5527 3746 5580 illud

2174 5589 2414 5657 Vulgata,
2427 5589 2575 5654 jussit
2593 5605 2674 5642 eos
2696 5591 2827 5643 duci.
