4124 6302
340 255 430 305 lt}

339 375 571 432 Ilcrodis
591 382 903 430 amentiam.
927 369 1058 426 Nam
1085 369 1130 424 si
1163 368 1415 423 ell'ossum
1441 379 1652 419 murum
1680 365 1924 431 vidisset,

333 472 418 526 vel
449 476 634 541 portas
660 479 895 523 eversas.
921 463 1043 533 jure
1087 460 1224 516 forte
1275 458 1535 530 potuisset
1583 455 1805 520 milites,
1837 456 1927 526 qui

329 562 634 632 apostolum
685 555 1078 621 custodiebant,
1127 551 1462 623 negligentiae
1507 563 1800 604 accusare:
1833 563 1927 600 ve-

329 669 450 707 rutn
483 654 552 707 ibi
582 649 762 703 omnia
785 650 835 702 in
859 663 957 703 suo
987 655 1124 702 statu
1154 643 1439 698 manebant
1468 660 1480 694 :
1522 641 1700 712 januae
1731 641 1926 694 clausa:

329 737 508 805 erant,
538 751 740 797 catenae
765 739 1183 796 custodientium
1209 736 1462 811 inanibus
1489 735 1717 804 alligata:
1743 732 1930 802 (erant

330 837 473 892 enim
506 835 578 888 illi
611 834 770 889 simul
801 848 921 888 cum
949 832 1111 886 Petro
1136 829 1356 896 vincti),
1400 835 1713 896 poteratque
1739 839 1801 879 ex
1847 822 1930 877 bis

331 942 514 983 secum
547 937 814 997 reputare,
845 925 888 979 si
915 923 1130 995 quidem
1159 932 1305 976 recte
1330 919 1645 989 judicasset,
1671 915 1810 987 quod
1837 930 1930 986 ge-

329 1029 472 1073 stum
505 1020 677 1073 fuerat
721 1033 827 1072 non
875 1016 1101 1072 humana
1137 1016 1354 1076 virtute,
1387 1027 1557 1081 neque
1605 1010 1790 1064 fraude
1834 1008 1929 1062 ali-

330 1128 457 1182 qua,
495 1113 591 1167 sed
620 1111 796 1167 divina
825 1110 1052 1180 quadam
1085 1123 1147 1162 ac
1180 1107 1406 1161 mirabili
1443 1106 1676 1173 potentia
1725 1103 1920 1156 factum

331 1205 516 1270 fuisse,
560 1212 716 1272 atque
767 1201 914 1256 illum
964 1201 1211 1264 adorare,
1259 1198 1346 1266 qui
1393 1197 1508 1250 lucc
1559 1196 1794 1258 fecisset,
1827 1209 1927 1248 nec

331 1310 520 1366 ptenas
539 1295 605 1351 de
632 1293 944 1349 custodibus
966 1300 1246 1360 expetere.
1264 1289 1406 1342 Deus
1432 1288 1628 1356 quippe
1653 1286 1722 1339 ita
1750 1285 1928 1338 omnia

331 1384 477 1448 fecit,
509 1394 568 1440 ut
592 1399 698 1440 nou
722 1383 880 1438 modo
910 1381 1161 1436 custodes
1189 1396 1293 1434 non
1321 1379 1604 1448 proderet;
1632 1377 1727 1432 sed
1767 1378 1928 1432 etiam

331 1489 388 1534 ut
419 1494 515 1549 per
551 1479 671 1532 illos
701 1491 883 1547 regem
915 1476 980 1529 ad
1011 1474 1287 1529 veritatem
1320 1471 1631 1525 adduceret.
1662 1470 1717 1524 Si
1749 1477 1928 1524 autem

332 1571 422 1626 ille
473 1570 750 1638 improbus
806 1568 1150 1636 ingratusque
1198 1566 1315 1631 fuit,
1347 1564 1473 1634 quid
1520 1564 1586 1616 ad
1633 1565 1927 1631 sapientem

331 1662 635 1716 animarum
666 1658 1068 1727 medieum,qui
1092 1656 1267 1710 omnia
1297 1655 1486 1724 agebat
1513 1653 1578 1708 ad
1611 1653 1926 1708 beneticium

331 1752 694 1823 prmstandum
727 1752 796 1817 ei,
828 1752 916 1821 qui
949 1750 1137 1805 morbo
1167 1747 1588 1818 inobsequentire
1619 1746 1929 1801 laborabat?

323 1845 565 1916 Idipsum
599 1845 685 1900 hic
723 1859 935 1914 quoque
959 1841 1242 1899 dicendum
1290 1849 1391 1895 est.
1427 1839 1552 1904 Cur,
1587 1854 1619 1892 ο
1665 1839 1926 1903 llcrodes,

327 1947 356 1987 a
387 1939 560 2010 magis
588 1938 776 1992 illusus
807 1937 974 1990 iratus
1010 1935 1113 1988 es?
1145 1949 1248 1987 non
1281 1947 1507 1987 noveras
1538 1931 1782 1984 divinum
1808 1945 1930 1986 esse

332 2030 583 2100 partum?
613 2044 790 2083 annon
845 2039 897 2082 tu
942 2027 1211 2097 principes
1251 2024 1593 2078 sacerdotum
1625 2022 1928 2077 advocave-

329 2123 454 2179 ras?
482 2137 661 2177 annon
704 2120 908 2176 scribas
929 2117 1398 2188 congi-egaveras?
1437 2131 1616 2169 annon
1659 2113 1830 2168 vocati
1854 2112 1927 2167 illi

329 2215 670 2287 prophetam,
694 2214 782 2285 qui
813 2213 927 2269 htre
947 2214 1075 2268 olim
1112 2209 1580 2280 prmnuntiaverat,
1605 2207 1670 2261 ad
1696 2206 1928 2261 tribunal

329 2319 478 2363 tuum
509 2306 890 2361 adduxerunt?
922 2320 1096 2358 annon
1141 2301 1318 2356 vidisti
1348 2311 1528 2355 vetera
1559 2299 1708 2353 novis
1734 2312 1929 2353 conso-

327 2397 501 2452 nare?
529 2411 709 2451 annon
738 2394 932 2449 audisti
954 2393 1162 2447 stellam
1191 2393 1273 2446 his
1293 2388 1719 2446 ministravisse?
1749 2403 1925 2443 annon

333 2489 604 2544 reveritus
634 2501 694 2542 es
721 2485 1072 2540 barbarorum
1101 2484 1466 2553 diligentiam?
1493 2497 1670 2536 annon
1702 2482 1928 2536 miratus

327 2595 383 2634 es
409 2593 603 2633 eorum
646 2577 899 2633 ﬁduciam
939 2589 1003 2630 ac
1051 2574 1303 2644 loquendi
1349 2572 1693 2628 libertatem?
1748 2587 1926 2625 annon

332 2664 605 2719 horruisti
653 2663 722 2717 ad
767 2680 958 2718 veram
1005 2665 1293 2734 pr0ph'etae
1338 2665 1571 2717 vocem?
1621 2681 1804 2721 annon
1862 2682 1929 2720 ex

334 2755 622 2825 prioribus
671 2764 949 2825 postrema
997 2755 1152 2825 sequi
1203 2754 1494 2825 cogitasti?
1532 2755 1644 2809 Cur
1698 2771 1808 2808 non
1866 2771 1972 2824 ex~

339 2848 424 2902 his
472 2848 734 2902 omnibus
789 2857 966 2902 tecum
1017 2847 1316 2916 repntasti,
1372 2861 1480 2899 non
1529 2860 1596 2898 ex
1649 2861 1932 2914 magorum

339 2940 536 2995 fraude
572 2941 688 2993 haec
727 2939 1001 3002 evenisse,
1040 2938 1135 2992 sed
1169 2937 1355 2990 divina
1396 2937 1601 2990 virtute
1636 2937 1844 2998 omnia,
1877 2943 1937 2990 ut

338 3046 438 3100 par
493 3038 633 3093 erat,
680 3027 1048 3098 providente?
1102 3027 1331 3080 Etiamsi
1389 3041 1522 3080 vero
1578 3025 1773 3079 illusus
1831 3024 1938 3079 fui-

337 3119 408 3172 sti
449 3134 479 3170 a
519 3118 725 3188 magis,
782 3119 915 3188 quid
974 3117 1107 3172 illud
1154 3117 1223 3170 ad
1279 3131 1518 3187 pueros,
1559 3115 1654 3186 qui
1693 3115 1834 3170 nihil
1884 3124 1935 3171 te

339 3209 633 3264 lteserant?

407 3415 459 3470 Ξ.
505 3413 608 3466 Cur
648 3411 792 3466 Deus
836 3409 1118 3480 permiserit
1160 3407 1381 3478 infante:
1420 3407 1602 3459 occidi.
1648 3405 1748 3471 Qui
1793 3405 1932 3459 mala

333 3506 533 3576 fortiter
551 3505 720 3575 ferum
748 3519 850 3557 non
876 3499 1257 3565 lcduntur,etsi
1277 3498 1396 3552 lardi
1421 3497 1704 3550 videantur.
1742 3495 1928 3562 Recte,

335 3598 580 3668 inquies;
621 3594 714 3650 sed
773 3592 1036 3649 Herodem
1064 3590 1279 3662 quidem
1308 3590 1450 3644 omni
1483 3588 1796 3643 defensione
1841 3603 1933 3642 va-

336 3706 536 3757 cuum,
593 3698 648 3744 et
704 3687 1104 3757 sanguinarium
1159 3683 1326 3754 probe
1376 3681 1656 3736 ostendisti
1701 3698 1714 3733 :
1760 3695 1933 3750 neque

339 3795 516 3839 tamen
548 3781 724 3836 adhuc
755 3780 960 3835 solvisti
989 3777 1347 3847 objectiouem
1377 3777 1518 3830 circa
1567 3774 1690 3828 facti
1725 3773 1934 3843 injusti-

340 3877 488 3928 tiam.
515 3873 644 3927 Nam
674 3873 716 3924 si
749 3872 837 3926 ille
868 3871 1063 3936 injuste
1103 3869 1230 3937 egit,
1261 3883 1358 3929 cur
1395 3866 1532 3919 Deus
1575 3865 1624 3918 id
1657 3865 1933 3933 permisit?

339 3967 479 4035 Quid
507 3981 634 4035 ergo
663 3963 727 4016 ad
754 3964 868 4016 haec
894 3960 1166 4016 dixerim?
1210 3958 1440 4027 ldipsum
1472 3953 1613 4026 quod
1643 3971 1856 4024 semper
1881 3964 1934 4011 et

341 4059 392 4111 in
422 4055 669 4117 ecclesia,
696 4064 747 4107 et
779 4053 831 4106 in
880 4052 1016 4114 foro,
1048 4061 1101 4105 et
1135 4050 1330 4118 ubique
1368 4048 1548 4102 dicere
1589 4061 1693 4100 non
1720 4045 1931 4110 desino,

339 4149 482 4219 quod
514 4147 672 4202 velim
703 4161 794 4199 vos
826 4144 1107 4212 diligenter
1136 4141 1424 4195 observare
1450 4156 1464 4195 :
1497 4154 1618 4191 nam
1644 4137 1824 4207 regula
1854 4145 1937 4191 est

344 4242 406 4294 ad
439 4254 656 4293 omnem
685 4233 1050 4307 hujuscemodi
1084 4233 1435 4302 qumstioncm
1467 4227 1938 4294 adhibemla.Qute

345 4331 545 4401 regula,
579 4344 766 4399 qumvc
798 4328 933 4381 ratio
961 4324 1082 4380 est?
1111 4324 1210 4391 Qui
1256 4322 1453 4376 laedant
1482 4320 1699 4384 multos,
1727 4319 1816 4387 qui
1848 4318 1938 4372 lte-

345 4423 502 4477 datur
538 4419 746 4474 nullum
773 4433 913 4472 esse.
942 4416 1008 4469 Et
1037 4431 1104 4467 ne
1127 4414 1228 4466 hoc
1256 4413 1481 4481 :cnigma
1513 4424 1608 4463 vos
1633 4408 1937 4473 conturbet,

345 4515 452 4568 cito
484 4511 809 4568 solutionem
837 4506 1121 4560 adhibebo.
1150 4503 1282 4558 Nam
1311 4517 1401 4557 eas
1430 4516 1608 4570 quasa
1631 4501 1819 4570 quovis
1845 4499 1940 4554 ho-

349 4604 492 4658 mine
522 4602 718 4671 injuste
749 4599 980 4669 patimur
1026 4597 1270 4664 injurias,
1297 4595 1436 4648 Deus
1486 4593 1637 4645 nobis
1668 4600 1944 4660 computat

351 4701 438 4746 aut
469 4693 522 4746 in
554 4699 898 4760 peccatorum
930 4686 1328 4749 remissionem,
1361 4691 1456 4736 aut
1486 4683 1536 4735 in
1569 4682 1829 4736 mercedis
1855 4697 1944 4735 re—

353 4783 722 4838 tributionem.
775 4783 947 4849 Atque
992 4787 1050 4832 ut
1095 4777 1147 4830 id
1195 4777 1336 4846 quod
1384 4775 1586 4829 dictum
1635 4785 1717 4828 est
1749 4773 1946 4829 clarius

353 4875 565 4939 evadat,
600 4873 665 4928 ad
695 4874 998 4941 exemplum
1022 4870 1322 4923 veniamus.
1359 4869 1624 4922 Ponamus
1657 4867 1798 4922 enim
1827 4882 1947 4921 esse

355 4981 569 5021 servum
603 4964 834 5033 aliquem
863 4962 1059 5015 multas
1089 4959 1343 5030 pecunias
1371 4958 1590 5012 domino
1617 4974 1714 5011 suo
1744 4957 1948 5011 deben-

360 5069 492 5110 tem:
514 5055 604 5126 qui
633 5069 820 5110 servus
837 5051 904 5106 ab
925 5052 1120 5120 iniquis
1143 5050 1449 5104 hominibus
1477 5051 1780 5117 iinpetatur,
1799 5053 1869 5102 ita
1894 5059 1949 5102 ut

361 5149 623 5202 bonorum
653 5155 802 5216 parte
824 5146 997 5214 aliqua
1028 5145 1332 5197 mulctetnr.
1357 5143 1412 5196 Si
1443 5157 1570 5212 ergo
1589 5142 1838 5196 dominus
1860 5141 1950 5210 qui

363 5247 630 5306 raptorem
651 5236 904 5290 cohibere
929 5234 1116 5303 potuit,
1134 5243 1311 5302 raptas
1331 5232 1545 5302 quidem
1564 5233 1814 5300 pecunias
1844 5246 1950 5285 non

364 5328 628 5389 restituat,
647 5327 740 5381 sed
766 5338 942 5396 raptas
958 5327 1137 5379 tamen
1161 5325 1300 5378 inter
1316 5341 1407 5378 eas
1423 5341 1540 5394 qua:
1563 5325 1661 5378 sibi
1679 5323 1951 5379 debeban-

369 5429 451 5473 tur
470 5427 771 5484 computet:
791 5433 858 5472 an
886 5417 1046 5472 lzesus
1069 5416 1164 5470 fuit
1182 5419 1400 5471 servus?
1430 5416 1790 5479 Neauaquam.
1811 5417 1947 5485 Quid

366 5525 491 5563 vero
513 5512 556 5564 si
587 5512 736 5579 plura
765 5513 864 5581 ipsi
883 5515 1133 5565 dominus
1157 5512 1400 5566 dederit?
1429 5529 1605 5568 annon
1632 5517 1750 5585 plus
1781 5521 1955 5576 lucra-

367 5608 450 5656 tus
476 5609 584 5668 est,
614 5615 774 5672 quam
806 5602 1142 5673 perdiderit?
1173 5602 1230 5657 ld
1258 5604 1502 5662 omnibus
1528 5607 1706 5678 palam
1735 5619 1837 5668 est.
1873 5610 1956 5667 ld-

1529 269 1593 325 ΙΝ
1632 266 2039 324 ΜΛΤΤΠΛΞΠΜ
2082 263 2316 322 HOMIL.
2363 269 2452 326 ΙΧ.

3533 260 3634 318 173

2040 373 2214 443 ipsum
2258 381 2310 428 et
2341 387 2442 426 nos
2491 379 2736 441 putemus
2779 384 2900 426 cum
2946 367 3143 441 aliquid
3195 371 3445 442 patimur.
3487 371 3642 442 Quod

2039 467 2184 520 enim
2218 479 2313 534 per
2341 479 2611 518 arrumnas
2657 463 2794 526 illas,
2840 471 2932 517 aut
2973 472 3186 532 peceata
3233 464 3520 529 diluamus,
3551 474 3645 519 aut

2040 554 2084 608 si
2118 571 2223 609 non
2252 553 2542 632 admodum
2575 555 2808 623 peccatis
2835 554 3051 607 obnoxii
3085 556 3284 620 simus,
3310 555 3645 624 splendidio-

2039 662 2129 702 res
2156 649 2482 716 accipiamus
2527 662 2778 712 coronas,
2812 648 2934 700 audi
2987 648 3208 702 Paulum
3257 648 3527 704 dicentem
3577 651 3646 706 de

2039 736 2330 794 foraieario
2377 757 2390 792 :
2440 738 2646 794 Tradite
2701 739 2994 810 liujusutodi
3064 749 3233 793 atana:
3289 741 3341 793 in
3384 740 3642 794 interitum

2039 831 2228 896 carnis,
2276 841 2329 885 ut
2370 832 2580 902 spiritus
2620 833 2790 886 salvus
2830 832 2895 883 sit
2939 832 3018 900 (1.
3050 830 3170 886 Cor.
3202 833 3252 887 5.
3285 833 3361 896 5).
3399 831 3474 888 Et
3512 833 3641 902 quid

2041 924 2187 980 hoc?
2216 924 2347 980 Nam
2369 925 2437 980 de
2463 925 2530 979 iis
2549 925 2639 994 qui
2671 924 2938 979 lteduntur
2967 923 3035 978 ab
3059 924 3180 977 aliis
3201 939 3381 977 sermo
3406 934 3509 988 est,
3534 940 3640 978 non

2039 1015 2107 1072 de
2138 1016 2202 1070 iis
2231 1017 2321 1087 qui
2347 1002 2377 1069 a
2409 1016 2720 1070 doctoribus
2749 1017 3107 1084 corriguntur.
3145 1012 3301 1068 Certe
3330 1015 3531 1068 nullum
3561 1024 3646 1068 est

2039 1106 2183 1161 inter
2218 1108 2304 1160 illa
2335 1107 2612 1161 medium:
2647 1122 2766 1159 nam
2799 1107 2867 1161 de
2908 1106 3054 1160 dicto
3099 1105 3402 1174 hnjnsmodi
3429 1122 3641 1176 quaere-

2038 1197 2216 1262 batur,
2266 1198 2326 1252 in
2368 1199 2626 1252 aerumnis
2679 1199 2883 1251 nullum
2942 1198 3192 1266 patientis
3240 1199 3492 1252 damnum
3535 1209 3637 1253 est.

2037 1289 2145 1345 Sed
2184 1299 2240 1343 ut
2266 1304 2572 1344 sermonem
2623 1288 2942 1343 transferam
2983 1287 3049 1342 ad
3096 1287 3146 1342 id
3179 1287 3319 1357 quod
3352 1289 3519 1358 magis
3548 1303 3641 1343 ae~

2039 1384 2182 1439 cedit
2215 1383 2280 1438 ad
2311 1385 2697 1454 qua-stionem;
2745 1381 3031 1437 recordare
3063 1381 3296 1447 Davidis,
3327 1379 3418 1450 qui
3460 1380 3640 1436 Semei

2038 1477 2230 1534 videns
2260 1477 2545 1532 instantem
2573 1486 2627 1531 et
2652 1475 2939 1531 calamitati
2973 1491 3084 1529 sum
3116 1475 3482 1537 insultantem,
3517 1489 3641 1528 sex-

2040 1572 2318 1641 centisqne
2370 1570 2584 1640 probris
2633 1578 3042 1638 aspcrgentcm,
3091 1583 3212 1621 cum
3270 1567 3468 1621 vellent
3517 1581 3639 1620 eum

2039 1661 2204 1717 duces
2232 1662 2502 1716 exercitus
2533 1660 2858 1725 interficere,
2902 1659 3137 1714 cohibuit
3169 1658 3252 1712 his
3296 1659 3509 1712 verbis:
3540 1655 3642 1710 Di-

2039 1754 2222 1807 mittite
2241 1753 2388 1806 illum
2416 1753 2738 1819 maledicere,
2760 1762 2814 1805 ut
2841 1751 3005 1805 videat
3032 1750 3278 1805 Dominus
3311 1751 3643 1804 humilitatem

2039 1865 2224 1912 meavit,
2257 1858 2303 1902 et
2345 1846 2587 1902 retribuat
2618 1847 2745 1900 milii
2773 1847 2902 1900 bona
2934 1861 3026 1915 pro
3056 1845 3149 1898 hoc
3181 1845 3449 1898 maledicto
3476 1845 3527 1896 in
3548 1844 3643 1896 hac

2041 1940 2124 1993 die
2152 1939 2230 2009 (2.
2264 1939 2394 2010 Reg.
2427 1940 2514 1994 16.
2549 1940 2636 1993 Η.
2671 1938 2785 2010 12).
2830 1937 2890 1992 Et
2921 1939 2971 1990 in
3003 1936 3230 1989 Psalmis
3257 1950 3457 1989 canens
3491 1933 3641 1988 dice-

2040 2035 2124 2088 bat
2151 2053 2162 2087 ;
2198 2033 2410 2102 Respice
2436 2035 2666 2088 inimicos
2695 2049 2852 2098 meos,
2884 2030 3124 2102 quoniam
3160 2028 3483 2099 multiplicati
3503 2036 3638 2088 sunt.

2039 2136 2086 2179 et
2113 2127 2229 2178 odio
2261 2127 2435 2194 iniquo
2460 2124 2676 2177 oderunt
2717 2140 2796 2177 me
2827 2139 2845 2176 :
2887 2131 2935 2176 et
2982 2121 3178 2174 dimitte
3220 2119 3391 2173 omnia
3433 2128 3640 2192 peccata

2039 2234 2146 2270 mea
2179 2215 2332 2288 (l’sal
2369 2215 2456 2269 2i.
2487 2217 2567 2271 l9.
2599 2213 2707 2285 l8).
2734 2215 2798 2268 Et
2827 2213 3064 2268 Lazarus
3091 2212 3324 2282 quietem
3343 2225 3646 2280 eonscquu»

2041 2319 2124 2363 tus
2148 2307 2398 2377 est([.uc.
2434 2307 2541 2375 ιϐ),
2574 2307 2693 2377 quia
2725 2305 3163 2360 innumera'mala
3199 2321 3292 2373 per
3322 2303 3460 2359 banc
3478 2303 3639 2357 vitam

2046 2414 2332 2468 perpessus
2363 2408 2463 2450 est.
2497 2397 2610 2451 Non
2640 2411 2770 2467 ergo
2798 2396 3192 2467 lmduntur,qui
3220 2395 3339 2449 lzedi
3369 2394 3635 2458 videntur,

2038 2492 2082 2544 si
2117 2492 2250 2544 mala
2285 2492 2462 2544 omnia
2495 2489 2704 2545 fortiter
2731 2491 2933 2555 ferant;
2969 2489 3076 2544 imo
3107 2489 3278 2558 majus
3318 2489 3528 2543 lucrum
3555 2501 3644 2542 re-

2040 2591 2274 2649 portant,
2303 2583 2416 2635 sive
2453 2598 2480 2634 a
2514 2582 2621 2634 Deo
2655 2582 3047 2650 percutiantur,
3077 2582 3188 2635 sive
3219 2596 3246 2633 a
3276 2579 3491 2637 diabolo
3518 2595 3642 2636 ver-

2041 2672 2313 2724 bereutnr.
2350 2671 2568 2741 Ecquod
2615 2681 2892 2740 peccatum
2927 2670 3164 2726 habuere
3194 2672 3365 2739 pueri,
3409 2670 3641 2740 inquies,

2039 2760 2178 2829 quod
2229 2761 2510 2816 eluerent?
2550 2761 2616 2815 de
2667 2761 2731 2815 iis
2774 2761 2916 2815 enim
2969 2760 3061 2830 qui
3109 2770 3323 2816 tetatem
3371 2763 3644 2833 asseqnuti

2041 2859 2255 2918 peccata
2296 2851 2520 2918 plurima
2555 2860 2956 2920 perpetrarunt,
2977 2851 3100 2921 jure
3129 2854 3249 2922 quis
3281 2838 3636 2921 luec'dixerit',

2039 2941 2126 3009 qui
2167 2957 2297 2994 vero
2329 2950 2434 2993 tam
2487 2941 2773 2994 immatura
2825 2952 3002 2996 morte
3051 2943 3300 3010 prmrepti
3348 2951 3494 3009 sunt,
3517 2958 3638 3012 qute

2043 3040 2258 3098 peccata
2301 3030 2365 3083 iis
2392 3029 2565 3084 allecti
2600 3030 2756 3083 malis
2787 3029 3148 3085 deleverunt?
3175 3029 3289 3085 Non
3333 3032 3527 3088 audisti
3560 3049 3646 3090 me

2039 3121 2325 3182 dicentem,
2361 3120 2568 3174 etiamsi
2600 3120 2745 3173 nulla
2778 3118 2886 3172 sint
2913 3129 3151 3188 peccata,
3183 3123 3450 3177 mercedis
3483 3126 3646 3178 retri-

2040 3211 2310 3264 butionem
2333 3211 2400 3262 ibi
2417 3225 2638 3263 manere
2650 3225 2744 3264 eos
2757 3209 2846 3279 qui
2867 3209 2955 3264 hic
2969 3211 3123 3264 malis
3141 3221 3265 3265 sunt
3283 3212 3644 3281 affecti'lQuid

2039 3317 2170 3371 ergo
2200 3301 2504 3355 detrimenti
2542 3315 2802 3368 accepere
2835 3301 2985 3370 pueri
3024 3315 3120 3370 pro
3149 3301 3240 3356 tali
3269 3317 3428 3357 causa
3455 3305 3646 3369 occisi,

2040 3395 2128 3463 qui
2172 3393 2348 3447 statim
2395 3392 2460 3445 ad
2505 3392 2851 3461 tranquillum
2905 3401 3116 3461 portum
3164 3395 3530 3463 appulerunt?
3579 3397 3650 3452 At

2041 3485 2227 3549 multa,
2251 3483 2486 3552 inquies,
2513 3482 2653 3538 forte
2684 3483 2821 3537 bona
2865 3482 3063 3538 edituri
3090 3494 3264 3552 erant,
3293 3487 3338 3540 si
3365 3487 3645 3543 vixissent.

2039 3575 2142 3631 Sed
2173 3577 2293 3630 ideo
2319 3591 2422 3629 non
2456 3591 2550 3644 par
2578 3575 2708 3644 ipsis
2740 3590 2948 3630 merces
2975 3577 3212 3646 reposita
3244 3586 3348 3645 est,
3377 3580 3520 3649 quod
3551 3596 3650 3651 pro

2041 3669 2130 3722 tali
2174 3683 2334 3722 causa
2384 3666 2638 3722 obierint.
2688 3664 2938 3737 Alioquin
2989 3682 3117 3722 vero
3164 3683 3271 3722 non
3318 3671 3648 3739 permisisset

2041 3775 2237 3830 pueros
2291 3770 2612 3828 praematura
2671 3769 2845 3814 morte
2894 3759 3098 3830 abripi,
3150 3760 3195 3814 si
3252 3762 3428 3832 magni
3485 3761 3649 3820 futuri

2041 3862 2217 3906 erant.
2281 3851 2415 3906 Nam
2468 3852 2511 3905 si
2559 3866 2652 3905 eos
2700 3851 2789 3921 qui
2840 3851 2892 3904 in
2942 3852 3180 3921 nequitia
3231 3852 3424 3908 victuri
3487 3865 3648 3922 sunt,

2039 3958 2162 3997 cum
2193 3952 2334 3996 tanta
2384 3941 2487 3995 fert
2529 3941 2804 4009 patientia,
2848 3942 3015 3994 multo
3069 3943 3237 4012 magis
3282 3944 3381 3999 bos
3421 3961 3527 4000 non
3575 3947 3654 4002 si-

2043 4044 2194 4087 neret
2225 4034 2296 4088 ita
2342 4032 2564 4096 auferri,
2585 4032 2630 4086 si
2675 4047 2866 4101 magna
2895 4031 3142 4102 qumdam
3173 4033 3416 4092 edituros
3454 4039 3649 4108 praevi-

2042 4123 2220 4179 deret?

2127 4320 2181 4374 3.
2211 4318 2276 4372 Et
2305 4320 2356 4371 hi
2390 4319 2603 4386 quidem
2640 4317 2808 4370 nostri
2838 4324 2964 4370 sunt
2993 4330 3309 4380 sermones;
3354 4332 3453 4371 nec
3483 4326 3660 4373 tamen

2049 4408 2104 4464 bi
2137 4410 2236 4464 soli
2267 4418 2492 4478 possunt
2523 4408 2724 4472 allerri,
2755 4408 2849 4461 sed
2891 4417 3016 4462 sunt
3043 4407 3205 4461 etiam
3249 4407 3338 4461 alii
3388 4407 3472 4462 his
3503 4409 3662 4478 longe

2051 4500 2436 4563 abstrusiores,
2457 4515 2592 4568 quos
2621 4500 2756 4554 bene
2788 4498 2938 4552 novit
2969 4500 3012 4553 is
3039 4499 3129 4568 qui
3166 4499 3282 4553 hare
3304 4499 3661 4568 dispensavit.

2054 4597 2158 4666 Ipsi
2203 4598 2382 4664 itaque
2427 4596 2760 4650 accuratiore
2795 4595 3048 4648 harumce
3096 4609 3273 4648 rerum
3305 4594 3667 4664 comprehen-

2054 4690 2206 4742 sione
2237 4702 2515 4751 concessa,
2550 4688 2613 4740 iis
2643 4703 2761 4756 qua:
2811 4695 3109 4754 sequuntur
3154 4685 3475 4752 limi-eamus,
3519 4694 3573 4739 et
3599 4701 3668 4740 ex

2057 4781 2284 4833 aliorum
2318 4779 2708 4833 calamitatibus
2754 4777 2818 4832 ad
2871 4780 3050 4832 omnia
3098 4777 3307 4833 fortiter
3339 4778 3557 4834 ferenda
3587 4781 3668 4833 in-

2057 4873 2364 4926 stituamur.
2396 4871 2510 4925 Non
2541 4888 2699 4941 parva
2731 4872 2874 4925 enim
2910 4872 3165 4941 tragoedia
3199 4882 3326 4926 tunc
3349 4871 3665 4926 Bctblchem

2060 4965 2364 5032 occupavit,
2391 4965 2570 5032 pueris
2602 4978 2664 5017 ex
2696 4963 2823 5032 ipsis
2847 4973 3080 5016 matrum
3117 4963 3373 5016 uberibus
3403 4964 3666 5030 abreptis,

2061 5063 2116 5109 et
2145 5055 2210 5108 ad
2260 5055 2397 5108 hanc
2430 5055 2662 5123 iniquam
2693 5054 2894 5108 czedem
2937 5054 3205 5108 abductis.
3237 5055 3388 5122 Quod
3421 5055 3464 5108 si
3495 5055 3672 5110 adhuc

2063 5148 2238 5217 pusilli
2268 5163 2325 5200 es
2354 5147 2538 5211 animi,
2569 5163 2665 5202 nec
2711 5157 2910 5200 tantam
2959 5158 3111 5215 potes
3155 5146 3549 5216 philos0phiam
3594 5157 3673 5201 at—

2067 5241 2293 5309 tingere,
2324 5240 2471 5294 disee
2513 5241 2670 5294 tinem
2721 5241 2863 5294 illius
2892 5241 2978 5310 qui
3029 5240 3144 5295 lucc
3185 5256 3350 5295 ausus
3380 5250 3482 5306 est,
3514 5239 3673 5309 spiri-

2066 5346 2282 5405 tumque
2316 5333 2857 5388 resnme.Celcrrima
2878 5337 3076 5404 quippe
3104 5333 3252 5387 illum
3275 5332 3526 5387 facinoris
3556 5331 3670 5386 vin-

2068 5426 2206 5480 dicta
2235 5427 2512 5495 corripuit,
2549 5431 2788 5495 tantique
2817 5427 3040 5480 sceleris
3067 5425 3256 5495 dignas
3280 5424 3430 5478 dedit
3457 5439 3671 5493 poenas,

2065 5517 2180 5570 dira
2227 5527 2399 5570 morte
2444 5528 2498 5572 et
2541 5532 2602 5570 ea
2648 5532 2805 5585 quam
2856 5516 3035 5569 intulit
3085 5516 3478 5570 miserabiliore
3507 5517 3670 5569 vitam

2069 5610 2345 5676 claudens,
2380 5625 2767 5680 innuiucraque
2808 5609 2909 5663 alia
2958 5624 3145 5680 passus
3197 5609 3332 5663 mala
3369 5626 3382 5662 :
3432 5624 3548 5680 qua:
3593 5606 3670 5661 di-
