4124 6302
545 300 638 357 179
1267 306 1322 359 s.
1363 297 1639 356 IMNle
1675 287 2140 351 ettnvsos-rtntt
2179 284 2494 343 .tllClllEP.
2539 278 3072 337 CUNSTANTINOP.

539 434 692 476 scere
745 415 986 488 poteritis
1052 411 1096 465 si
1143 407 1360 476 Janplti
1409 403 1694 488 Historiam
1738 395 1995 455 evolvatis
2013 392 2110 469 (tt),

539 526 721 582 quam,
745 479 822 564 'ne
853 497 1089 576 longiore
1117 511 1329 556 utamur
1357 479 1629 558 sermone,
1656 507 1758 547 neu
1783 489 1980 546 seriem
2013 499 2118 582 no-

539 575 717 658 strain
754 575 1172 664 intercipiamus,
1220 587 1571 660 pra-sentibus
1624 597 1729 638 non
1779 575 2116 634 inserendam

543 709 660 748 esse
688 688 1005 762 putavimus.
1042 685 1129 739 17.
1174 681 1320 736 Tunc
1363 678 1623 748 impletum
1664 682 1736 728 est
1764 669 2116 762 quodoictum

540 793 612 838 est
657 797 745 850 per
786 778 1061 833 Jereatim
1109 774 1401 846 prophetam
1444 767 1690 821 dicentem
1720 780 1738 817 :
1778 764 1864 818 l8.

538 871 706 931 Roma
730 875 904 928 audita
932 882 1026 935 est,
1062 871 1307 939 ploratus,
1334 874 1380 919 et
1404 866 1552 933 ﬂetus
1578 871 1623 916 et
1651 861 1871 915 ululatus
1890 856 2115 917 inultus;

541 966 737 1025 Rachel
789 967 994 1036 plorans
1034 963 1168 1031 ﬁlios
1212 975 1350 1024 suos,
1380 966 1426 1012 et
1475 955 1639 1010 uoluit
1685 949 1956 1011 consolari,
1999 946 2117 1016 quia

543 1076 643 1113 non
659 1067 774 1111 sunt
793 1055 923 1127 (Jcr.
944 1055 1003 1109 3|
1019 1094 1033 1107 .
1057 1053 1166 1122 15).
1187 1050 1445 1117 Quoniam
1463 1045 1607 1102 enim
1629 1041 1923 1098 auditorem
1942 1037 2118 1106 reple-

541 1151 617 1203 vit
640 1149 883 1212 horrore,
907 1146 1004 1200 hac
1025 1143 1274 1207 violenta,
1298 1137 1665 1194 crudelissima
1694 1145 1748 1189 et
1767 1133 1945 1202 iniqua
1971 1128 2119 1184 cattle

541 1248 782 1301 narrata,
837 1241 1009 1308 ipsum
1056 1234 1380 1295 consolatur,
1434 1229 1656 1294 docens,
1699 1226 1816 1281 huic
1847 1240 1952 1278 non
1999 1222 2120 1276 ideo

541 1330 819 1394 accidisse,
848 1327 987 1396 quod
1023 1326 1159 1381 Deus
1186 1338 1286 1377 nec
1332 1329 1511 1392 posset
1539 1318 1817 1387 impedire,
1851 1329 1948 1369 nec
1977 1327 2116 1382 prm-

539 1422 776 1484 vidisset,
810 1420 902 1474 sed
932 1434 1054 1474 eum
1085 1418 1199 1471 lucc
1227 1427 1280 1469 et
1322 1414 1498 1468 futura
1528 1411 1764 1474 novisse,
1791 1417 1846 1463 et
1872 1420 2118 1476 prrenun-

542 1514 700 1566 tiasse
726 1527 816 1580 per
840 1509 1171 1580 prophetam.
1197 1507 1275 1562 Ne
1299 1508 1475 1574 itaque
1503 1502 1751 1564 turberis,
1772 1508 1826 1554 et
1844 1496 2114 1559 concidas,

540 1606 590 1658 in
641 1605 1020 1674 providentiam
1072 1603 1185 1671 ejus
1239 1599 1559 1655 ineffabilem
1607 1595 1922 1664 respiciens,
1957 1604 2115 1660 quam

538 1706 648 1750 tum
691 1711 755 1750 ex
803 1697 864 1749 iis
905 1710 1022 1762 quae
1054 1703 1326 1761 operatur,
1358 1701 1467 1744 tum
1510 1703 1574 1742 ex
1621 1686 1682 1740 iis
1711 1699 1831 1755 quae
1862 1682 2117 1751 permittit

536 1787 716 1840 videre
747 1795 827 1839 est
859 1802 874 1837 :
920 1784 968 1836 id
996 1783 1138 1852 quod
1173 1782 1332 1835 etiam
1361 1779 1488 1833 alibi
1515 1777 1806 1846 discipulos
1835 1774 2115 1852 alloquens

537 1875 908 1929 subindicavit.
961 1875 1092 1939 Quia
1141 1874 1285 1927 enim
1339 1869 1644 1931 tribunalia,
1677 1867 2022 1920 abductiones
2049 1863 2115 1917 ad

537 1977 783 2030 mortem,
813 1967 957 2020 orbis
987 1967 1121 2020 bella
1152 1963 1588 2030 interuecinaque
1614 1961 1794 2030 pra-lia
1828 1958 1954 2028 ipsis
1985 1970 2119 2024 pra:-

538 2059 887 2119 nuntiavcrat,
916 2073 1101 2111 eorum
1131 2057 1338 2110 animos
1381 2056 1615 2124 erigens,
1645 2063 1699 2108 et
1729 2061 1784 2106 ut
1810 2050 2118 2106 consoletur

536 2151 652 2206 illos
681 2149 753 2202 ait
783 2167 795 2204 :
829 2147 1013 2202 Nonne
1038 2149 1140 2200 duo
1170 2162 1398 2215 passeres
1426 2161 1539 2202 asse
1564 2151 1796 2206 veneunt,
1825 2151 1871 2194 et
1899 2157 2028 2194 unus
2050 2155 2113 2192 ea:

534 2240 634 2293 illis
665 2256 763 2291 non
802 2239 946 2291 cadet
989 2255 1142 2306 super
1171 2245 1360 2291 terram
1399 2236 1508 2288 sine
1540 2234 1693 2288 Patre
1740 2240 1922 2293 oestro,
1950 2232 2032 2298 qui
2063 2231 2115 2282 in

535 2332 671 2385 (culis
693 2341 764 2384 est
779 2330 990 2400 (Matth.
1009 2321 1235 2398 t0.§9)?
1255 2328 1365 2383 Hoc
1387 2335 1564 2381 autem
1581 2325 1810 2388 dicebat,
1827 2320 2116 2377 ostendens

535 2425 625 2478 illo
647 2424 927 2494 ignorante
966 2421 1097 2476 nihil
1126 2422 1277 2486 ﬁeri;
1308 2421 1402 2475 sed
1431 2420 1569 2473 scire
1617 2418 1762 2471 illum
1792 2415 1990 2477 omnia,
2019 2426 2118 2466 nec

536 2525 709 2567 tamen
740 2521 927 2567 cuncta
951 2512 1144 2566 limere.
1167 2510 1243 2564 Ne
1270 2511 1447 2579 igitur,
1474 2508 1662 2577 inquit,
1689 2503 1996 2567 turbemini,
2017 2515 2115 2556 nec

531 2603 992 2658 commoveamini.
1022 2601 1154 2656 Nam
1183 2601 1271 2670 qui
1300 2600 1399 2654 scit
1426 2613 1486 2653 ea
1515 2613 1635 2667 qua:
1660 2595 1952 2657 sustinetis,
1976 2599 2030 2646 et
2051 2605 2114 2646 ea

533 2702 708 2763 potest
755 2693 1034 2761 impedire,
1084 2693 1200 2745 sine
1243 2689 1408 2743 dubio
1448 2704 1550 2742 non
1603 2685 1823 2753 impedit
1849 2685 1970 2753 quia
2017 2698 2111 2737 vc-

533 2797 702 2841 strttm
729 2800 910 2839 curam
937 2793 991 2838 et
1037 2782 1423 2852 providentiam
1461 2780 1599 2849 gerit
1628 2795 1641 2832 :
1674 2776 1815 2846 quod
1855 2774 2012 2830 etiam
2062 2773 2113 2826 in

534 2877 911 2932 tentationibus
952 2875 1188 2944 cogitare
1217 2879 1462 2941 oportet,
1494 2870 1719 2938 hincque
1763 2883 1869 2920 non
1899 2879 2114 2935 parvam

534 2967 951 3022 consolationem
998 2965 1342 3031 accipiemus.
1394 2961 1459 3015 Et
1487 2960 1612 3029 quid
1643 2973 1926 3013 commune
1956 2956 2117 3012 habet

539 3057 736 3111 Rachel
780 3072 898 3113 cum
940 3054 1292 3109 Bethlehcm?
1334 3052 1535 3106 dixerit
1562 3052 1786 3104 fortasse
1815 3034 2109 3117 quispiam;

539 3148 746 3210 llachrl,
789 3147 978 3216 inquit,
1008 3146 1213 3214 plorans
1246 3143 1378 3210 filios
1421 3158 1556 3196 suos.
1599 3140 1733 3208 Quid
1779 3141 1904 3196 item
1945 3138 2112 3193 Roma

529 3255 652 3294 cum
681 3237 950 3293 Bacltele?
979 3237 1173 3292 Rachel
1201 3246 1372 3290 mater
1402 3247 1517 3288 erat
1544 3235 1878 3302 Benjamini;
1917 3233 2114 3301 ipsam-

532 3346 634 3398 quo
662 3338 924 3383 mortuam
951 3327 1275 3397 sepelierunt
1306 3327 1357 3380 in
1399 3325 1748 3394 hippodromo
1779 3338 1943 3393 prope
1975 3326 2114 3376 hunc

536 3423 726 3475 locum.
757 3419 888 3487 Quia
913 3418 1070 3489 igitur
1091 3417 1394 3487 sepulcrum
1426 3431 1590 3485 prope
1611 3425 1746 3478 erat,
1767 3423 1823 3469 et
1852 3414 1966 3468 hac
1994 3428 2111 3467 sors

531 3522 645 3567 erat
675 3511 966 3580 Benjamini
995 3509 1085 3564 lilii
1114 3511 1229 3578 ejus
1264 3526 1277 3564 ε
1311 3523 1431 3561 nam
1457 3507 1622 3560 flama
1647 3506 1711 3560 ad
1741 3506 1935 3560 tribum
1970 3505 2109 3558 Ben-

527 3605 691 3670 jamiu
733 3603 1066 3675 pertinebat;
1095 3613 1148 3656 et
1186 3617 1215 3655 a
1248 3602 1484 3670 principe
1527 3600 1714 3664 tribus,
1745 3609 1793 3652 et
1823 3615 1854 3653 a
1881 3597 2108 3666 sepulcri

531 3698 679 3760 loco,
730 3705 987 3750 mactatos
1043 3707 1241 3764 pueros
1281 3692 1401 3761 jure
1453 3689 1701 3744 Rachelis
1751 3689 1887 3742 lilios
1935 3695 2109 3740 vocat.

534 3786 735 3842 Deinde
762 3784 1049 3840 ostendens
1072 3783 1367 3839 insanabile
1391 3797 1510 3836 esse
1535 3792 1638 3835 tam
1656 3780 1873 3834 crudele
1899 3778 2108 3842 vulnus,

531 3880 643 3933 ait:
680 3876 862 3930 Noluit
886 3876 1158 3939 consolari,
1193 3875 1310 3944 quia
1339 3890 1438 3927 non
1465 3881 1601 3924 sunt.
1639 3870 1733 3924 His
1763 3884 1970 3923 rursum
2009 3868 2108 3922 hoc

531 3970 700 4039 ipsum
744 3966 1015 4028 docemur,
1050 3963 1190 4033 quod
1220 3962 1364 4030 prius
1408 3960 1670 4023 dicebam,
1706 3974 1811 4012 non
1858 3967 2108 4026 oportere

532 4061 750 4123 turbari,
782 4074 900 4113 cum
926 4072 986 4113 ea
1017 4071 1135 4126 qum
1161 4055 1429 4117 accidunt,
1475 4051 1570 4104 Dei
1599 4051 1938 4118 promissioni
1976 4065 2107 4101 con-

533 4156 692 4207 traria
715 4152 980 4205 videntur.
1010 4149 1149 4203 Ecce
1177 4146 1318 4199 cnim
1348 4159 1467 4196 cum
1497 4141 1714 4196 advenit
1739 4142 1849 4210 ipse
1878 4140 1943 4193 ad
1972 4139 2111 4191 salu-

533 4252 636 4296 tem
663 4241 860 4312 populi,
885 4242 992 4293 imo
1019 4237 1085 4291 ad
1111 4236 1332 4290 salutem
1352 4232 1653 4300 orbis,qua:
1681 4229 1897 4308 exordia
1929 4229 2110 4283 fuere?

531 4334 696 4387 Mater
736 4332 882 4400 fugit,
918 4328 1085 4398 patria
1113 4325 1229 4396 ejus
1259 4323 1680 4378 intolerabilibus
1719 4322 2108 4376 calamitatibus

532 4423 799 4494 afﬂigitur,
847 4419 1022 4474 cmdes
1080 4425 1412 4486 perpetratur
1453 4416 1691 4470 omnium
1739 4413 2106 4478 acerbissima,

534 4513 772 4584 ploratus
819 4520 874 4564 et
901 4509 1132 4563 ululatus
1183 4506 1378 4561 multus
1427 4513 1586 4575 atque
1634 4503 1860 4574 ejulatus
1889 4505 2104 4572 ubique.

536 4604 731 4658 Verum
760 4615 825 4655 ne
869 4598 1098 4653 turberis
1130 4614 1144 4650 :
1182 4596 1318 4651 solet
1346 4597 1488 4650 enim
1540 4610 1636 4664 per
1663 4596 1929 4649 contraria
1957 4609 2106 4650 (eco-

533 4692 765 4748 nomiam
805 4699 956 4744 suam
1002 4688 1244 4755 implere,
1277 4686 1563 4739 maximam
1607 4685 1731 4739 inde
1761 4685 1966 4738 virtutis
1997 4701 2108 4739 sua:

536 4784 687 4838 nobis
717 4780 956 4850 przebens
986 4777 1517 4832 demonstrationem.
1545 4775 1632 4830 Sic
1661 4776 1951 4843 discipulos
1984 4790 2109 4830 suos

535 4874 736 4930 ittdtttil
767 4880 924 4941 atque
945 4868 1193 4932 instituit,
1228 4877 1283 4922 ut
1309 4868 1377 4921 ita
1406 4867 1585 4922 omnia
1616 4877 1952 4935 peragerent,
1979 4883 2109 4921 con-

536 4966 696 5019 traria
741 4961 1023 5018 contrariis
1066 4960 1402 5030 dispensans,
1433 4975 1541 5029 quo
1584 4959 1757 5028 majus
1796 4959 2106 5014 miraculum

536 5055 790 5110 eltteerct.
825 5051 1098 5122 Flagellati
1129 5051 1305 5120 itaque
1333 5051 1426 5112 illi,
1457 5061 1511 5105 et
1541 5051 1695 5118 pulsi,
1726 5058 1778 5104 et
1807 5050 2108 5104 innumeras

535 5147 801 5216 patientes
838 5158 1121 5209 aerumnas,
1153 5143 1231 5198 sic
1267 5141 1653 5212 ﬂagellantibus
1682 5151 1838 5212 atque
1865 5142 2108 5212 pellenti-

540 5238 636 5291 bus
662 5230 966 5304 superiores
991 5242 1290 5288 evaserunt.
1315 5233 1398 5288 19.
1423 5231 1670 5304 Defuncto
1695 5244 1860 5286 autcm
1889 5233 2104 5298 Herode,

538 5339 651 5379 ecce
685 5324 894 5395 angelus
945 5325 1149 5378 Domini
1188 5326 1426 5394 apparuit
1465 5325 1515 5377 in
1561 5326 1748 5378 somnis
1775 5324 1984 5394 Ioseph,
2016 5326 2104 5382 ει).

541 5417 708 5472 dicens
743 5430 763 5470 :
820 5415 1043 5488 Surgam
1095 5416 1266 5486 accipe
1311 5431 1519 5484 puerum
1561 5427 1603 5470 et
1644 5426 1851 5469 matrem
1891 5419 2019 5483 ejus,
2064 5427 2109 5471 et

624 5678 697 5736 la)
717 5679 966 5739 Josephus
983 5681 1028 5726 in
1053 5677 1263 5727 Historia
1286 5687 1371 5724 sua
1396 5672 1596 5723 Herodis
1626 5676 1771 5723 vitam
1793 5673 2044 5726 describit.

3703 260 3802 323 18⁷)

2224 389 2350 447 unde
2397 389 2450 441 in
2493 396 2680 440 terram
2730 383 2914 439 Israel.
2967 383 3083 439 Non
3119 382 3230 451 jam
3279 383 3427 447 dicit,
3475 379 3642 450 Fuge,
3689 382 3808 446 sed.

2235 477 2392 532 Vade.

2277 482 2392 533 ade.

2293 570 2347 624 4.
2393 567 2579 623 Vidett'
2611 581 2822 620 rursum
2867 564 3101 636 quietem
3135 576 3255 635 post
3288 564 3636 618 tentationem
3660 563 3686 614 9
3714 561 3813 618 tle-

2225 658 2347 715 inde
2372 669 2491 730 post
2529 658 2762 727 quietem
2802 670 2989 710 rursus
3019 655 3353 725 perieulum?
3378 655 3511 722 Nam
3554 662 3676 724 post
3703 654 3817 710 exi-

1903 759 2015 814 Voa:
2068 760 2126 813 in
2225 751 2351 807 limo
2396 749 2680 814 dimissus,
2710 758 2764 802 et
2799 749 2850 802 in
2899 735 3050 802 suam
3105 746 3377 816 regionem
3418 760 3669 802 reversus
3697 755 3813 808 est,

2222 842 2459 911 viditque
2509 854 2792 910 puerorum
2857 839 3256 894 interfectorem
3309 839 3672 907 exstinctum;
3727 838 3819 892 ubi

2224 946 2353 986 vero
2383 933 2436 986 in
2467 931 2689 1002 patriam
2720 929 2996 998 pervenit,
3034 928 3288 999 reliquias
3315 929 3509 987 iterum
3557 928 3817 997 pristino-

2223 1039 2343 1079 rum
2373 1023 2724 1093 periculorum
2770 1021 2993 1089 reperit,
3027 1019 3190 1073 ﬁlium
3224 1019 3436 1091 tyranni
3464 1019 3732 1074 viventem
3764 1026 3820 1073 et

2224 1124 2555 1185 regnantem.
2587 1114 2652 1168 Et
2693 1113 2962 1183 quomodo
3007 1111 3302 1167 Archelaus
3345 1111 3602 1182 regnabat
3644 1111 3695 1165 in
3723 1109 3819 1165 Ju-

2225 1206 2337 1260 dma
2361 1245 2377 1269 ,
2406 1221 2527 1260 cum
2557 1204 2774 1260 Pontius
2803 1205 3003 1260 Pilatus
3033 1218 3235 1273 praeses
3262 1203 3450 1258 esset?
3483 1203 3690 1258 Recens
3715 1203 3817 1257 ad-

2226 1297 2328 1351 huc
2364 1306 2481 1351 erat
2520 1311 2667 1351 mors
2697 1297 2955 1364 Herodis,
2989 1297 3216 1352 necdum
3265 1311 3488 1367 regnum
3527 1296 3579 1349 in
3624 1296 3818 1350 multas

2225 1399 2404 1458 partes
2428 1388 2657 1444 divisum
2687 1389 2860 1444 fuerat
2888 1407 2900 1442 :
2932 1388 3026 1443 sed
3056 1391 3182 1462 quia
3207 1402 3376 1457 nuper
3404 1386 3640 1443 Herodes
3667 1387 3819 1442 obie-

2225 1492 2327 1546 rat,
2359 1481 2569 1536 interim
2615 1479 2754 1536 nlius
2785 1478 3012 1534 Herodis
3048 1478 3330 1549 imperium
3368 1478 3619 1540 tenebat;
3652 1477 3818 1533 frater

2224 1573 2422 1642 quippe
2454 1572 2699 1626 Archelai
2749 1570 2988 1625 Herodes
3013 1581 3069 1624 et
3095 1571 3211 1638 ipse
3251 1569 3619 1640 appellabatur
3654 1585 3666 1619 :
3697 1568 3820 1622 ideo

2222 1661 2427 1716 addidit
2449 1661 2773 1731 evangelista
2797 1702 2812 1726 ,
2842 1661 2936 1715 22.
2959 1659 3065 1714 Pro
3094 1659 3300 1714 Herode
3325 1671 3470 1730 patre
3493 1675 3603 1714 suo.
3634 1657 3739 1714 Sed
3772 1659 3815 1713 si

2223 1753 2462 1808 Judzeam
2504 1754 2650 1807 adire
2679 1751 2997 1807 formidabat
3025 1761 3240 1821 propter
3271 1750 3590 1808 Archelaum
3615 1791 3632 1817 ,
3657 1765 3818 1819 opor-

2224 1847 2369 1900 tebat
2411 1854 2463 1899 et
2509 1843 2780 1899 Galilteam
2831 1851 3071 1898 metuere
3123 1851 3338 1911 propter
3385 1841 3675 1896 Herodem.
3709 1842 3816 1896 Sed

2223 1937 2311 1990 ubi
2339 1937 2510 1990 locum
2541 1934 2784 1999 mutavit,
2805 1948 2891 1989 res
2917 1946 3101 2003 postea
3135 1934 3187 1988 in
3218 1933 3448 1988 obscuro
3479 1934 3705 1988 mansit:
3733 1942 3818 1986 to-

2224 2035 2308 2079 lus
2336 2027 2532 2096 quippe
2580 2025 2808 2094 impetus
2852 2034 3040 2078 contra
3073 2023 3385 2078 Betldcbem
3431 2032 3548 2078 erat
3594 2032 3648 2078 et
3683 2023 3821 2078 fines

2220 2120 2357 2188 ejus.
2387 2118 2547 2173 Caede
2577 2119 2752 2187 itaque
2781 2127 3007 2188 patrata,
3040 2116 3333 2176 Archelaus
3363 2115 3499 2170 Illius
3523 2131 3639 2171 rem
3671 2131 3820 2185 pera-

2221 2219 2358 2264 Ctam
2390 2210 2606 2278 putabat
2630 2249 2645 2273 ,
2685 2219 2844 2277 atque
2871 2223 2991 2262 eum
3019 2208 3108 2276 qui
3139 2207 3480 2275 quzercbatur
3507 2207 3647 2261 inter
3676 2207 3818 2261 mul-

2222 2311 2304 2355 tos
2330 2303 2563 2355 occisum
2592 2300 2778 2354 fuisse.
2811 2300 3057 2368 Alioquin
3088 2313 3210 2353 cum
3243 2299 3463 2354 vidisset
3489 2309 3693 2368 patrem
3722 2299 3818 2354 tali

2222 2403 2393 2447 morte
2416 2390 3158 2460 consumptum,moderatior
3184 2389 3299 2454 fuit,
3325 2405 3483 2458 quam
3512 2399 3569 2443 ut
3595 2389 3818 2446 ulterius

2220 2483 2555 2552 procederet.
2579 2481 2722 2537 etde
2752 2482 3028 2550 iniquitate
3051 2479 3426 2535 contenderet.
3450 2480 3610 2535 Venit
3639 2482 3820 2552 itaque

2220 2576 2418 2646 Joseph
2450 2576 2691 2642 Nazaret,
2725 2586 2783 2630 ut
2834 2591 2935 2630 una
2967 2584 3020 2630 et
3047 2575 3339 2644 perieulum
3370 2575 3580 2645 fugeret
3600 2616 3615 2640 ,
3643 2583 3699 2630 et
3734 2575 3819 2630 dl-

2221 2665 2410 2720 lectam
2441 2667 2664 2735 patriam
2687 2667 2961 2721 incoleret.
2988 2665 3056 2721 Ut
3084 2666 3270 2734 majori
3299 2666 3651 2722 instrueretur
3682 2666 3819 2721 fidu-

2220 2757 2298 2809 cia
2329 2797 2342 2820 ,
2371 2758 2646 2811 oraculum
2691 2756 2759 2809 ab
2801 2756 2991 2825 angelo
3030 2756 3129 2810 hac
3171 2758 3238 2810 de
3266 2771 3326 2810 re
3351 2757 3559 2826 accepit
3589 2775 3604 2811 τ
3630 2771 3816 2826 quam-

2219 2862 2376 2916 quam
2439 2848 2609 2902 Lucas
2658 2862 2764 2902 non
2827 2848 2969 2902 dicat
3029 2847 3222 2917 ipsum'
3255 2863 3350 2917 per
3397 2849 3670 2904 oraculum
3724 2850 3818 2902 illo

2219 2938 2459 3002 venisse;
2513 2939 2607 2992 sed
2657 2937 2918 3007 completa
2961 2939 3332 3008 purificatione
3377 2941 3428 2995 in
3473 2941 3698 2996 Nazaret
3730 2957 3815 3005 re-

2219 3043 2402 3083 versos
2449 3028 2568 3084 illos
2615 3044 2756 3084 esse.
2787 3029 2925 3096 Quid
2970 3031 3130 3100 igitur
3175 3031 3459 3086 dicendum
3510 3033 3812 3100 estiottod

2217 3121 2421 3174 scilicet
2460 3119 2630 3174 Lucas
2675 3119 2775 3173 hoc
2815 3119 2992 3183 dicat,
3027 3131 3237 3190 tempus
3278 3121 3586 3178 describens
3641 3123 3766 3179 illud
3794 3167 3810 3186 .

2217 3209 2355 3279 quod
2380 3211 2653 3278 przucessit
2679 3210 2997 3264 descensum
3025 3211 3076 3264 in
3109 3209 3423 3282 Egyptum.
3453 3213 3636 3284 Neque
3665 3214 3811 3274 enim

2218 3309 2342 3352 ante
2369 3299 2792 3368 purificationem
2818 3314 2909 3354 eos
2951 3301 3071 3354 illuc
3099 3300 3353 3367 deduxit,
3382 3319 3449 3358 ne
3476 3305 3601 3373 quid
3624 3317 3810 3360 contra

2218 3389 2386 3460 legem
2415 3389 2802 3451 admitteretur.
2831 3391 2924 3445 sed
2947 3394 3274 3460 exspectavit
3313 3394 3486 3451 donec
3513 3398 3813 3465 puriﬁcatio

2215 3480 2389 3545 ﬁeret,
2419 3494 2482 3535 ac
2520 3480 2758 3536 redirent
2787 3481 3012 3538 Nazaret
3033 3524 3047 3545 ,
3079 3492 3312 3554 tuncque
3336 3485 3724 3544 descenderent
3757 3493 3809 3546 iu

2217 3568 2527 3640 Egyptum.
2551 3570 2753 3625 Deinde
2777 3586 2845 3625 ex
2876 3572 3110 3642 Atlgypto
3139 3574 3568 3648 profectosjnbet
3589 3579 3812 3636 Nazaret

2217 3660 2412 3714 redire.
2443 3661 2612 3714 Antea
2646 3675 2770 3714 vero
2801 3675 2903 3716 non
2934 3663 3120 3716 moniti
3149 3665 3364 3720 oraculo
3389 3666 3616 3735 fuerant,
3643 3680 3698 3724 ιιι
3721 3672 3812 3725 illo

2217 3749 2490 3812 redirent;
2525 3751 2618 3807 sed
2648 3767 2712 3805 ex
2749 3752 3019 3808 voluntate
3061 3756 3271 3825 prepria
3315 3756 3367 3810 in
3418 3758 3666 3817 dilectam
3713 3779 3811 3833 pa-

2216 3843 2368 3896 triam
2391 3857 2450 3898 se
2476 3844 2834 3900 contulerant.
2865 3845 2996 3912 Quia
3027 3847 3171 3903 enim
3201 3864 3306 3904 non
3339 3851 3439 3905 nisi
3470 3868 3566 3922 pro
3606 3854 3811 3909 deseri-

2195 3935 2397 4003 ‘ptione
2426 3943 2480 3990 et
2506 3951 2668 3991 censu
2713 3937 2805 3992 illo
2844 3949 3120 4005 venerant,
3159 3956 3256 3996 nee
3283 3942 3432 3998 locus
3459 3945 3527 3998 ibi
3557 3948 3806 4002 manendi

2215 4038 2358 4088 erat,
2407 4042 2466 4081 re
2515 4028 2786 4094 perfecta,
2815 4046 2912 4096 pro
2965 4047 3066 4098 qua
3110 4045 3387 4094 venerant.
3439 4037 3636 4091 reversi
3685 4053 3811 4095 sunt

2216 4115 2458 4170 Nazaret.
2509 4115 2632 4170 Ideo
2678 4119 2898 4186 angelus
2950 4119 3068 4174 illos
3113 4121 3329 4176 domum
3373 4124 3594 4188 reducit,
3633 4137 3689 4181 ιιι
3735 4129 3806 4184 ibi

2216 4216 2512 4269 manerent,
2547 4223 2718 4277 neque
2764 4207 2890 4263 illud
2929 4214 3041 4263 sine
3067 4227 3246 4277 causa,
3279 4214 3370 4267 sed
3411 4216 3550 4284 quod
3581 4217 3650 4270 ita
3680 4234 3800 4286 pro-

2214 4299 2392 4368 phetia
2440 4300 2600 4354 ferret
2629 4317 2641 4351 :
2675 4315 2796 4353 nam
2828 4301 2938 4354 ait:
2973 4301 3061 4355 ‘23.
3099 4301 3166 4356 Ut
3213 4304 3507 4374 impleretur
3541 4310 3677 4377 quod
3719 4311 3777 4363 di
3791 4339 3806 4352 -

2214 4401 2347 4443 ctum
2375 4398 2446 4443 est
2473 4405 2558 4459 per
2575 4391 3112 4462 prop/telas,quoniam
3130 4392 3415 4449 Nummus
3437 4401 3689 4452 vocabitur
3705 4400 3804 4469 (a).

2288 4479 2512 4532 Christus
2543 4497 2630 4533 cur
2659 4479 2941 4535 Nazara'us
2970 4494 3193 4542 vocatus.
3222 4517 3292 4525 —
3321 4487 3516 4557 Ecquis
3547 4489 3805 4558 propheta

2216 4573 2316 4627 hoc
2341 4573 2522 4627 dixit?
2552 4573 2626 4629 Ne
2655 4576 2919 4645 curiosius
2952 4578 3185 4645 inquiras
3225 4580 3305 4632 vel
3356 4582 3628 4636 scrutaris.
3660 4584 3806 4640 Multi

2215 4668 2354 4720 enim
2386 4665 2675 4735 prophetici
2720 4667 2841 4721 libri
2883 4670 3158 4737 perierunt
3192 4689 3205 4724 :
3239 4670 3289 4726 id
3317 4673 3458 4741 quad
3488 4688 3553 4729 ex
3587 4674 3806 4732 bistovia

2216 4761 2654 4828 Paralipomenon
2697 4760 2877 4815 videre
2921 4771 3022 4815 est.
3054 4762 3184 4817 Nam
3216 4778 3407 4834 segnes
3455 4781 3576 4820 cum
3623 4780 3811 4823 essent

2214 4850 2402 4914 Judmi,
2431 4860 2482 4905 et
2512 4849 2814 4919 frequenter
2846 4852 3154 4908 deciderent
3195 4855 3244 4907 itt
3277 4855 3600 4922 impietatem
3623 4901 3638 4923 ,
3669 4859 3808 4914 alios

2216 4947 2414 5000 incuria
2458 4945 2836 5015 perdiderunt,
2864 4947 2994 5000 alios
3025 4956 3077 5001 et
3129 4949 3225 5019 ipsi
3268 4952 3679 5007 combusserttnt
3719 4953 3803 5007 vel

2217 5036 2532 5092 lacemrunt.
2555 5036 2751 5092 [lorum
2769 5039 2992 5093 alterum
3013 5037 3272 5094 .leremias
3299 5051 3479 5096 narrat
3509 5042 3640 5114 (Cap
3678 5043 3772 5115 56)

2277 5212 2350 5270 (τι)
2372 5211 2468 5278 _Itic
2492 5212 2559 5278 ait
2580 5217 2789 5261 Joannes
2827 5210 3214 5278 Cbrysostomus,
3257 5216 3524 5278 prephetas
3561 5215 3685 5276 illos,
3720 5218 3811 5271 ubi

2213 5271 2319 5336 haec
2342 5272 2574 5336 clausula,
2609 5281 2872 5336 Nasaer
2896 5271 3168 5336 precabitur,
3206 5271 3498 5336 habebatur,
3531 5271 3812 5329 audaculum

2216 5335 2400 5402 incuria
2433 5335 2633 5402 amissos
2650 5333 2821 5402 fuisse.
2851 5335 2941 5384 Alii
2965 5333 3162 5402 dicunt,
3189 5339 3297 5402 lucc
3320 5352 3432 5402 non,
3454 5333 3570 5402 ipsis
3607 5340 3808 5402 quidem

2215 5395 2397 5464 verbis,
2425 5395 2513 5443 sed
2535 5395 2663 5456 quod
2687 5397 2746 5444 ad
2768 5410 2965 5464 sensum
2994 5399 3204 5464 reperiri
3226 5404 3277 5464 ιιι
3301 5395 3570 5464 prophetis,
3597 5395 3681 5464 q'ui
3715 5400 3806 5450 ho-

2215 5456 2398 5527 dieque
2423 5464 2633 5527 exstant.
2660 5464 2754 5506 Nec
2772 5456 3066 5527 desunt_gu_i'
3089 5456 3404 5527 existimént,"
3422 5462 3527 5527 haec
3547 5456 3696 5527 verba
3720 5477 3809 5512 re-

2217 5519 2411 5580 spicere
2435 5519 2564 5567 hunc
2589 5518 2741 5568 locum
2776 5519 2914 5568 Isaire
2936 5518 3017 5571 Xl’.
3042 5523 3084 5578 ι,
3110 5523 3192 5570 ubi
3226 5523 3274 5570 in
3314 5524 3553 5572 Hebraico
3599 5523 3803 5587 legitur,

2217 5595 2622 5662 ansarum:
2645 5595 2790 5647 13:1.
2821 5593 2978 5662 et_[lus
3008 5594 3068 5644 de
3094 5593 3341 5662 radicibus
3360 5611 3467 5660 ejus
3490 5599 3780 5662 germinath

2222 5654 2313 5705 Ubi
2349 5654 2492 5715 illud,
2518 5666 2622 5713 ἢν]
2643 5698 2655 5718 ,
2687 5669 2841 5716 iit-scr,
2869 5654 3147 5705 Narnia-nm
3177 5654 3464 5720 exprimcre
3487 5654 3798 5710 Existimant.
