4124 6302
289 467 527 522 alterum
570 463 615 517 is
650 460 740 532 qui
780 464 1028 529 quartum
1072 454 1379 526 Regnorum
1408 444 1602 508 librum
1633 449 1896 522 (Cap.?.‘2l

290 556 463 614 edidit
485 597 501 621 ,
532 556 660 609 dum
689 552 793 614 ait,
825 559 947 620 post
990 548 1214 603 multum
1262 542 1521 613 temporis
1559 543 1645 597 vix
1679 540 1894 597 tandem

296 645 771 703 lieuteronnniium
834 640 1088 698 ell'ussum
1149 636 1313 693 fuisse
1369 645 1528 691 antea
1601 634 1894 709 perditum.

286 712 352 797 Si
383 753 545 811 porro
575 735 724 792 nullo
771 736 1002 790 instante
1051 731 1279 787 barbaro
1308 728 1388 785 sic
1433 727 1601 782 libros
1641 724 1892 797 prodide-

293 842 440 897 runt,
468 829 640 884 multo
666 827 836 898 magis
864 830 1147 895 postquam
1176 820 1387 877 barbari
1420 821 1745 890 irruperant.
1772 818 1891 873 Caco

290 931 471 978 terum
502 920 626 989 quia
669 918 719 974 id
757 918 1031 989 prepiietae
1057 911 1448 984 pra-dixerant,
1477 908 1706 980 apostoli
1749 924 1895 979 saepe

290 1011 442 1069 illum
468 1010 805 1065 Nazarenum
834 1014 1049 1061 vocant.
1077 1001 1191 1060 Hoc
1211 1017 1341 1072 ergo
1361 1011 1464 1067 est,
1488 999 1722 1071 inquies,
1749 998 1892 1069 quod

286 1103 624 1176 prophetiam
671 1102 740 1158 dc
784 1098 1101 1157 Bethlehcm
1141 1095 1425 1151 obscuram
1466 1091 1732 1148 reddidit?
1781 1090 1889 1146 Ne-

286 1210 602 1267 quaquam:
645 1193 740 1250 sed
786 1190 919 1247 illud
960 1189 1134 1261 ipsum
1177 1185 1416 1242 maxime
1454 1181 1703 1240 movebat
1727 1191 1786 1237 et
1823 1180 1891 1236 ad

285 1287 616 1361 exploranda
659 1301 721 1342 ea
766 1300 889 1355 qua:
918 1282 985 1337 de
1029 1281 1121 1336 illo
1164 1279 1307 1335 dicta
1355 1279 1564 1332 fuerant
1593 1272 1889 1331 excitabat.

285 1380 375 1437 Sic
415 1388 476 1436 et
515 1375 812 1435 Natbanael
851 1373 917 1429 sd
974 1370 1414 1443 perquisitionem
1458 1368 1527 1423 de
1566 1367 1660 1423 illo
1688 1365 1891 1420 facien-

284 1472 408 1526 dam
459 1471 605 1527 venit
651 1468 879 1523 dicens:
914 1462 1000 1518 Ea:
1049 1461 1273 1533 Nasaret
1319 1468 1479 1531 potest
1536 1458 1732 1528 aliquid
1772 1457 1892 1511 boni

283 1580 392 1618 esse
416 1564 439 1635 (
456 1563 616 1617 Jean.
647 1561 697 1615 l.
729 1559 800 1615 46
822 1558 879 1629 )2
909 1556 1041 1611 Nam
1070 1555 1276 1609 viculus
1304 1560 1422 1608 erat
1442 1552 1596 1616 vilis;
1625 1549 1733 1604 imo
1781 1564 1887 1604 non

284 1653 494 1707 viculns
519 1651 608 1706 ille
637 1658 839 1705 tantum
858 1689 876 1714 ,
908 1648 1003 1701 sed
1044 1654 1152 1699 tota
1182 1643 1418 1699 Galtlzea:
1447 1642 1611 1711 regio.
1640 1640 1766 1695 Ideo
1807 1640 1887 1693 di-

283 1744 481 1800 cebant
507 1742 763 1799 Pharisaei
800 1760 814 1796 :
850 1739 1141 1808 Interroga,
1174 1745 1219 1791 et
1245 1735 1358 1790 uide
1376 1777 1391 1801 ,
1418 1734 1658 1805 quoniam
1688 1749 1750 1787 ea:
1778 1730 1885 1787 Ga-

284 1837 420 1892 lila's
448 1834 698 1903 propheta
721 1848 821 1887 non
849 1829 1071 1884 surrexit
1096 1825 1275 1897 (Joan.
1302 1826 1357 1881 7.
1380 1825 1495 1895 53).
1525 1824 1774 1879 Atlanteo
1796 1823 1887 1879 ille

281 1944 347 1984 es
394 1928 486 1983 tali
534 1926 703 1996 patria
742 1932 963 1979 vocatus
1007 1937 1113 1977 non
1152 1918 1463 1985 erubescit,
1492 1919 1785 1972 ostendens
1828 1930 1887 1971 se

282 2018 425 2075 nulla
459 2034 519 2073 re
550 2016 781 2071 humana
811 2028 972 2085 egere
1001 2032 1015 2066 :
1047 2010 1448 2081 discipulosque
1486 2022 1613 2063 suos
1644 2023 1708 2061 ex
1740 2006 1887 2061 Gali-

281 2111 379 2165 lica
405 2109 575 2179 eligit,
608 2106 841 2176 undique
870 2104 1183 2160 occasiones
1224 2110 1279 2156 et
1306 2100 1560 2155 obtentus
1599 2097 1885 2153 succidens

280 2201 346 2256 iis
392 2200 484 2270 qui
534 2206 750 2268 torpere
799 2195 1041 2260 vellent,
1087 2191 1484 2261 ostendensque
1526 2204 1624 2244 nos
1662 2198 1881 2245 externa

280 2291 425 2359 nulla
468 2305 527 2344 re
553 2303 716 2359 egere
738 2328 754 2353 ,
781 2287 826 2341 si
870 2286 1121 2339 virtutem
1149 2296 1519 2338 exerceamus.
1553 2280 1786 2348 ideoque
1817 2295 1885 2335 ne

278 2382 499 2438 domum
526 2380 742 2451 quidem
765 2379 863 2433 sibi
886 2377 1087 2448 delegit
1116 2394 1129 2430 :
1155 2391 1277 2431 nam
1303 2374 1416 2429 ait:
1453 2371 1621 2428 Filius
1664 2374 1884 2427 hominis

279 2492 381 2532 non
411 2474 559 2528 habet
589 2473 673 2527 ubi
701 2481 855 2540 caput
884 2472 1089 2525 reclinet
1115 2468 1134 2543 (
1159 2468 1284 2522 an.
1317 2468 1370 2523 9.
1404 2466 1499 2536 58)
1524 2484 1539 2533 ;
1571 2478 1733 2537 atque
1775 2466 1881 2521 lle-

252 2566 409 2621 rode
439 2565 721 2621 insidiante
753 2563 903 2633 fugit,
932 2561 983 2615 in
1013 2560 1274 2630 prmseplo
1299 2560 1613 2621 collocatur,
1639 2564 1693 2612 ct
1721 2558 1773 2611 in
1800 2556 1881 2611 di-

279 2657 523 2713 versorio
572 2662 789 2720 manet,
821 2662 1153 2721 matremque
1196 2650 1343 2721 eligit
1391 2650 1603 2717 inopem
1629 2689 1643 2709 ,
1678 2657 1736 2702 ut
1784 2663 1881 2703 nos

275 2749 489 2813 doceat,
520 2762 590 2801 ne
617 2745 888 2816 quidpiam
918 2742 1223 2812 hujnsmodi
1252 2750 1405 2812 turpe
1434 2754 1555 2794 esse
1586 2750 1835 2809 putemus
1860 2778 1875 2803 ,

276 2842 405 2895 dum
439 2842 491 2893 in
525 2836 833 2910 primordiis
874 2838 990 2906 ipse
1036 2836 1327 2888 humanum
1372 2833 1543 2887 caleat
1571 2831 1763 2908 fastum
1786 2872 1801 2896 ,
1826 2842 1876 2885 et

276 2933 367 2987 ttni
401 2931 586 2986 virtuti
615 2928 861 2984 addictos
885 2940 1006 2983 esse
1032 2926 1207 2995 jubet.

344 3022 399 3076 5.
437 3020 660 3075 Sanctus
692 3016 889 3071 Paulus
926 3032 1028 3070 non
1067 3015 1204 3069 dedit
1249 3030 1428 3079 ansam
1482 3012 1546 3066 de
1584 3013 1751 3081 patria
1792 3019 1879 3065 aut

275 3115 507 3183 patribus
547 3112 709 3166 altum
757 3109 1011 3179 sapiendi.
1061 3106 1276 3161 Patrum
1315 3103 1551 3158 nobilitas
1591 3119 1691 3158 non
1731 3104 1879 3173 juvat

273 3203 550 3275 improbos,
578 3200 865 3272 ignobilitas
888 3215 995 3252 non
1026 3206 1169 3251 nocet
1195 3196 1383 3265 probis.
1416 3224 1485 3234 —-
1515 3191 1620 3248 Cur
1643 3194 1784 3247 enim
1812 3192 1879 3247 de

275 3295 446 3363 patria
469 3292 636 3347 altum
666 3291 834 3358 sapis,
856 3287 1070 3359 quando
1094 3300 1218 3357 ego,
1246 3284 1434 3355 inquit,
1453 3283 1506 3338 in
1530 3293 1641 3338 toto
1667 3282 1800 3339 orbe
1829 3292 1879 3339 te

274 3383 619 3454 peregrinum
650 3394 769 3436 esse
790 3377 955 3449 jubeo
981 3377 1006 3433 2
1029 3374 1245 3447 quando
1273 3375 1396 3429 licet
1424 3374 1514 3428 tibi
1548 3374 1708 3427 talem
1735 3387 1868 3438 csse,

271 3486 334 3529 ut
362 3484 509 3528 totus
535 3470 766 3527 mundus
815 3480 867 3526 te
910 3483 1015 3523 non
1064 3469 1133 3521 sit
1176 3466 1408 3537 dignus?
1440 3465 1563 3520 llzec
1608 3465 1751 3518 enim
1808 3465 1875 3518 ita

270 3562 666 3621 contemnenda
697 3570 845 3628 sunt,
873 3569 929 3613 ut
957 3574 1025 3615 ne
1068 3573 1095 3613 a
1130 3556 1462 3628 pllilt)SOpltis
1485 3556 1699 3626 quidem
1728 3555 1879 3611 Gne-

269 3671 464 3712 eorum
506 3655 688 3725 aliquo
722 3654 774 3708 in
805 3653 977 3722 pretio
1009 3651 1337 3715 habeantur,
1367 3649 1460 3703 sed
1492 3658 1745 3704 extranea
1778 3663 1874 3702 vo—

271 3759 485 3814 centur,
517 3756 925 3817 extremumque
953 3745 1127 3799 locum
1156 3751 1436 3813 occupent.
1472 3742 1628 3811 Atqui
1679 3741 1878 3796 Paulus

274 3844 394 3900 huic
418 3841 775 3913 ampleﬂitttr,
808 3838 1037 3909 inquies,
1061 3836 1137 3892 sic
1169 3835 1393 3906 loquens
1416 3852 1431 3889 :
1453 3835 1746 3889 Secundum
1771 3834 1876 3888 ele-

270 3937 512 3997 ctionem,
538 3932 788 3988 carissimi
814 3973 829 3999 ,
859 3939 1066 4003 propter
1094 3940 1261 4000 patres
1290 3928 1466 3995 illam.
1500 3929 1587 3981 ll.
1618 3927 1735 3991 28).
1770 3926 1873 3981 Sed

270 4026 383 4092 die,
412 4025 645 4096 quando,
677 4023 746 4078 de
774 4022 990 4093 quibus,
1019 4028 1073 4075 et
1098 4034 1233 4089 quos
1258 4019 1559 4087 alloquens.
1589 4018 1708 4085 Agit
1731 4016 1875 4072 enim

268 4134 397 4174 cum
424 4118 491 4171 iis
515 4116 605 4187 qui
634 4130 698 4171 ex
742 4112 991 4184 gentibus
1019 4110 1265 4167 conversi
1289 4152 1304 4173 ,
1333 4109 1402 4165 de
1443 4108 1547 4163 ﬁde
1580 4109 1745 4162 altum
1786 4120 1877 4163 sa-

274 4209 494 4280 pit-bant
522 4218 573 4261 et
606 4207 877 4260 tumcbant
903 4244 919 4269 ,
951 4212 1137 4258 contra
1166 4201 1382 4255 Iudaeus
1422 4199 1766 4269 insurgebant
1787 4239 1800 4260 ,
1824 4206 1879 4253 et

274 4302 379 4355 hac
410 4298 478 4353 de
510 4312 669 4351 causa
704 4296 872 4365 magis
902 4294 1023 4348 illos
1050 4309 1080 4347 a
1117 4309 1177 4347 se
1220 4291 1633 4362 sequestrab‘ant
1661 4306 1673 4340 :
1708 4289 1878 4359 repri-

274 4403 432 4446 mens
472 4388 630 4458 igitur
673 4388 884 4440 illorum
915 4394 1173 4439 tumorem
1242 4382 1337 4436 ina:
1366 4382 1574 4444 allicit,
1607 4391 1657 4433 et
1702 4378 1769 4433 ad
1799 4379 1879 4433 id-

273 4483 453 4549 ipsum
480 4476 715 4531 studium
743 4475 959 4529 excitat.
988 4474 1118 4528 Nam
1148 4487 1269 4527 cuin
1301 4471 1369 4525 de
1414 4470 1618 4539 magnis
1665 4470 1771 4523 illis
1816 4483 1880 4525 ac

272 4569 513 4623 strenuis
538 4567 665 4621 viris
708 4565 942 4632 loquitur
968 4606 981 4630 ,
1014 4561 1134 4617 nudi
1176 4561 1303 4631 quid
1346 4561 1491 4615 dicat
1521 4580 1531 4612 :
1566 4562 1667 4624 Qui
1710 4573 1879 4614 amem

275 4664 388 4715 hac
415 4660 608 4723 ditauit,
634 4658 994 4727 signiﬁcatita:
1024 4654 1244 4723 patriam
1283 4654 1555 4721 inquirere.
1596 4653 1656 4705 lit
1688 4653 1731 4705 si
1766 4656 1879 4723 qni-

274 4755 394 4805 dem
423 4748 563 4803 illius
577 4748 940 4812 ιιιίιιιὶηὲςεσιιι,
961 4749 1024 4799 de
1046 4762 1147 4813 qua
1174 4745 1417 4803 exierant,
1440 4744 1726 4797 [tenuissent
1756 4754 1879 4796 tem-

276 4862 379 4915 pus
404 4841 683 4897 revertendi
710 4855 728 4892 :
758 4855 888 4893 nunc
903 4849 1077 4894 autem
1100 4837 1310 4890 alterum
1339 4837 1592 4889 meliorem
1634 4844 1878 4906 appetunt

276 4935 471 5005 (Hebr.
497 4935 586 4988 ll.
615 4931 829 5000 ιιι-ιδ).
864 4930 930 4984 Et
959 4944 1169 4985 rursum
1202 4945 1215 4980 :
1248 4927 1541 4983 Secundum
1568 4928 1720 4995 ﬁdem
1746 4944 1881 4981 mor-

276 5030 357 5079 tui
394 5033 512 5079 sunt
558 5023 613 5076 hi
649 5037 853 5085 omnes,
887 5036 989 5073 non
1022 5028 1339 5089 repet-tantes
1385 5020 1761 5088 promissiones,
1792 5020 1881 5073 sed

144 5152 181 5173 χ
280 5118 463 5189 procul
489 5118 630 5187 ipsas
656 5115 875 5168 videntes
900 5120 945 5166 et
971 5112 1246 5165 salutantes
1263 5110 1425 5182 (Ibid.
1444 5126 1490 5162 υ.
1511 5108 1619 5180 l5).
1648 5110 1881 5166 Joannes

281 5225 414 5263 vero
441 5209 507 5261 ad
538 5223 597 5263 se
626 5205 962 5262 venientibus
985 5203 1199 5257 dicebat
1223 5222 1235 5258 :
1266 5202 1348 5257 Ne
1372 5204 1533 5258 uelitis
1554 5204 1735 5269 dicere,
1770 5201 1880 5257 Ρα-

282 5312 414 5354 trem
438 5300 677 5352 habemus
704 5297 961 5350 Abraham
991 5296 1010 5365 (
1037 5294 1163 5347 Luc.
1196 5294 1249 5348 5.
1279 5294 1311 5348 8
1338 5293 1379 5363 ).
1409 5292 1711 5362 lterumque
1742 5295 1883 5349 l'au-

280 5393 370 5446 ius
396 5407 411 5443 :
448 5389 567 5443 Non
596 5390 729 5442 enim
759 5403 932 5441 omnes
956 5387 1040 5456 qui
1065 5402 1128 5440 ea:
1159 5383 1344 5449 Israel,
1374 5388 1426 5438 hi
1458 5397 1576 5440 sunt
1606 5386 1879 5453 lsravlitaz,

282 5498 447 5548 neque
472 5481 558 5552 qui
586 5479 683 5549 ﬁlii
719 5481 887 5534 carnis
911 5518 927 5544 ,
959 5480 1010 5531 hi
1050 5479 1145 5547 ﬁlii
1177 5475 1270 5530 Dei
1304 5478 1321 5547 (
1356 5477 1506 5531 Rom.
1531 5478 1582 5531 9.
1616 5478 1714 5547 6.).
1747 5478 1882 5545 Quid

266 5578 451 5642 enim,
481 5588 689 5645 quaso,
736 5570 932 5641 profuit
963 5570 1085 5625 ﬁliis
1123 5569 1387 5625 Samuelis
1418 5571 1579 5638 patris
1610 5571 1881 5637 nobilitas,

282 5668 440 5737 cujus
485 5681 595 5721 non
646 5663 861 5719 fuerunt
894 5662 1106 5717 virtutis
1148 5660 1413 5715 heredes?
1440 5660 1589 5727 Quod
1619 5662 1779 5716 etiam
1808 5664 1885 5714 lu-

281 5776 434 5816 crum
462 5759 592 5815 ﬁliis
631 5757 794 5812 Hosis
829 5754 924 5810 fuit
950 5793 965 5820 ,
994 5753 1143 5821 cujus
1182 5752 1507 5822 diligentiam
1546 5761 1599 5809 cl
1633 5754 1880 5809 virtutem

1485 337 1551 393 ΙΝ
1589 335 1995 393 ΜΑΤΤΗᾸΞΠΜ
2037 336 2268 393 1101111..
2315 338 2402 393 lX.

3510 351 3613 404 ιη

2005 464 2112 506 non
2142 462 2266 507 sunt
2298 452 2531 508 imitati?
2556 453 2737 525 Neque
2780 456 3062 528 imperium
3107 471 3230 532 post
3260 461 3407 518 illum
3450 479 3608 520 exce-

2005 552 2199 614 perunt
2226 560 2241 598 :
2270 543 2363 599 sed
2405 544 2532 599 dum
2567 555 2773 615 patrem
2806 548 2979 623 ipsum
3014 550 3399 617 inscriberent,
3427 559 3608 625 populi

2004 630 2318 703 praefectura
2351 635 2417 689 ad
2448 637 2611 691 alium
2640 640 2921 705 transivit,
2952 642 3042 711 qui
3072 643 3270 699 virtute
3298 643 3437 698 illius
3464 644 3610 701 illius

2001 732 2136 779 erat.
2165 724 2304 791 Quid
2326 737 2507 783 autem
2536 728 2716 784 nocuit
2743 728 3047 798 Timotheo,
3075 733 3218 803 quod
3241 743 3396 805 patre
3420 736 3607 807 gentili

2002 824 2159 870 natus
2184 818 2371 873 esset?
2396 819 2523 889 quid
2553 830 2741 877 contra
2767 821 2897 878 Noae
2940 822 3081 879 ﬁlius
3109 823 3178 880 de
3206 826 3401 881 virtute
3438 829 3608 897 patris

2001 906 2238 965 lucratus
2266 920 2368 976 est,
2394 913 2483 982 qui
2514 927 2703 969 servus
2727 914 2795 970 de
2824 916 2995 972 libero
3023 917 3194 974 factus
3217 929 3301 976 est
3317 920 3344 975 ἲ
3363 920 3605 977 Vidistin'

1999 1002 2273 1072 quomodo
2303 1005 2467 1060 patris
2494 1005 2745 1063 nobilitas
2775 1022 2882 1062 non
2925 1009 3055 1063 satis
3087 1009 3338 1066 idoneum
3368 1013 3439 1067 sit
3468 1012 3604 1068 ﬁlio.

2000 1106 2118 1146 rum
2148 1096 2503 1164 patrocinium
2526 1097 2549 1151 ?
2576 1098 2707 1153 Nam
2741 1100 2998 1170 propositi
3026 1102 3263 1173 nequitia
3288 1112 3496 1160 natura
3525 1106 3604 1180 leg

1998 1200 2093 1257 ges
2122 1187 2249 1243 vicit
2274 1204 2290 1252 ;
2323 1204 2423 1245 nec
2450 1191 2611 1246 modo
2637 1192 2786 1247 illum
2815 1210 2880 1249 ex
2914 1194 3189 1252 nobilitate
3213 1206 3434 1268 paterna
3461 1237 3481 1266 ,
3507 1200 3604 1255 sed

1998 1270 2159 1333 e'fiam
2211 1293 2277 1335 ex
2324 1279 2573 1337 libertate
2613 1283 2829 1354 deiecit.
2880 1285 3069 1341 Nonne
3109 1296 3166 1342 et
3212 1288 3355 1344 Esau
3389 1305 3605 1361 quoque

1998 1368 2140 1425 ﬁlius
2164 1380 2283 1426 erat
2314 1370 2498 1439 lsaaci,
2522 1374 2613 1444 qui
2644 1375 2744 1430 sibi
2766 1376 3247 1446 patrocinabatur?
3277 1378 3488 1434 Etenim
3512 1396 3605 1449 pa-

1998 1470 2079 1516 ter
2105 1465 2223 1532 ejus
2268 1463 2320 1518 id
2365 1467 2628 1531 curabat,
2662 1468 2714 1523 id
2758 1470 3028 1540 cupiebat,
3062 1481 3120 1525 ut
3162 1472 3603 1528 benedictionem

1996 1552 2267 1624 particeps
2291 1564 2467 1620 esset,
2497 1566 2549 1611 et
2582 1572 2680 1627 pro
2724 1558 2823 1613 hac
2865 1575 2921 1615 re
2966 1561 3082 1631 ipse
3122 1577 3239 1632 qua:
3279 1544 3606 1631 jubebantur

1994 1644 2175 1699 omnia
2198 1646 2612 1715 exsequebatur.
2649 1651 2898 1704 Attamen
2926 1652 3046 1720 quia
3083 1667 3277 1722 pravus
3310 1662 3447 1719 erat,
3478 1654 3601 1708 nul-

1996 1734 2105 1789 lum
2133 1751 2200 1790 ex
2233 1736 2297 1790 iis
2328 1736 2555 1793 fructum
2589 1740 2826 1809 percepit
2857 1758 2872 1805 ;
2903 1741 2999 1796 sed
3021 1744 3120 1796 etsi
3149 1751 3275 1797 natu
3302 1743 3467 1813 prior,
3501 1746 3602 1798 etsi

1996 1835 2200 1895 patrem
2233 1826 2450 1883 haberet
2478 1830 2577 1884 sibi
2607 1830 2658 1884 in
2682 1828 2935 1885 omnibus
2965 1830 3254 1895 faventem,
3278 1833 3401 1903 quia
3432 1834 3603 1889 Deum

1994 1931 2100 1971 non
2130 1918 2314 1973 habuit
2339 1920 2691 1991 opitulantem
2717 1964 2730 1987 ,
2773 1921 3026 1977 omnibus
3070 1922 3298 1978 excidit.
3325 1922 3433 1979 Sed
3473 1924 3603 1995 quid

1993 2000 2243 2059 homines
2271 2018 2640 2060 commemoro
2665 2006 2689 2060 ἲ
2715 2005 2833 2061 Filii
2862 2006 2955 2063 Dei
2988 2006 3136 2063 fuere
3163 2008 3357 2079 Judmi,
3385 2018 3440 2063 et
3469 2010 3600 2064 nihil

1991 2107 2058 2148 ex
2087 2096 2177 2151 tali
2211 2096 2491 2153 nobilitate
2520 2099 2709 2153 lncrati
2742 2111 2887 2156 sunt.
2920 2098 2975 2156 Si
3000 2101 3159 2172 igitur
3182 2103 3302 2173 quis
3332 2102 3475 2158 filius
3507 2104 3598 2159 Dei

1991 2184 2236 2253 effectus,
2264 2188 2367 2242 nisi
2400 2189 2679 2246 nobilitate
2710 2192 2798 2245 illa
2826 2193 3039 2265 dignam
3063 2195 3315 2250 virtutem
3343 2196 3599 2251 exhibue-

1992 2277 2081 2341 rit,
2113 2278 2319 2346 majore
2345 2279 2579 2334 afllcitur
2603 2282 2866 2351 supplicio
2890 2324 2905 2347 ,
2932 2285 3058 2354 quid
3088 2286 3220 2339 mihi
3254 2287 3515 2357 majorum
3544 2298 3599 2342 et

1990 2381 2213 2423 avorum
2243 2369 2577 2425 nobilitatem
2624 2371 2834 2441 profers
2865 2374 2916 2429 in
2962 2375 3234 2431 medium?
3263 2376 3376 2432 lloc
3419 2387 3598 2434 autem

1990 2475 2097 2514 non
2126 2461 2177 2515 in
2205 2459 2386 2517 Veteri
2428 2472 2657 2531 tantum,
2690 2464 2789 2519 sed
2810 2466 2971 2520 etiam
3000 2468 3051 2521 in
3081 2467 3230 2524 Novo
3254 2469 3599 2525 Testamento

1988 2551 2280 2620 eontigisse
2319 2550 2741 2623 deprehendas:
2783 2570 2905 2611 nam
2948 2557 3025 2612 ait
3069 2576 3083 2612 :
3132 2559 3386 2631 Ottolqnol
3430 2575 3599 2639 autem

1989 2650 2285 2710 receperunt
2310 2658 2424 2696 eum
2450 2684 2464 2710 ,
2498 2643 2638 2697 dedit
2675 2646 2749 2699 eis
2797 2655 3096 2715 potestatem
3148 2648 3285 2717 ﬁlios
3334 2648 3429 2703 ι)νὶ
3486 2652 3599 2717 ﬁeri

1988 2731 2182 2803 (Joan.
2217 2734 2267 2786 l.
2302 2734 2370 2789 12
2400 2734 2440 2804 ).
2473 2737 2721 2790 Attamen
2767 2738 2948 2793 multis
2994 2737 3297 2808 hujusmodi
3328 2742 3472 2808 ﬁliis,
3508 2757 3599 2810 pa-

1989 2833 2123 2878 trem
2150 2825 2278 2879 nihil
2304 2828 2565 2895 profuisse
2579 2829 2708 2882 dicit
2735 2828 2932 2885 Paulus
2964 2850 2977 2885 :
3011 2831 3073 2886 Si
3097 2833 3231 2886 enim
3256 2834 3595 2888 εἱνειιηιάιίκο

1986 2918 2133 2983 mini,
2167 2917 2369 2987 inquit,
2397 2917 2626 2973 Christus
2652 2919 2791 2975 vobis
2816 2922 2947 2974 nihil
2975 2922 3203 2992 proderit
3243 2923 3263 2995 (
3287 2901 3405 2979 G'al.
3434 2926 3488 2981 5.
3514 2927 3592 2994 2).

1987 3010 2041 3065 Si
2075 3026 2204 3065 vero
2234 3011 2481 3065 Christus
2513 3012 2641 3065 nihil
2674 3015 2891 3082 prodest
2921 3016 2984 3068 iis
3009 3014 3097 3083 qui
3131 3015 3233 3071 sibi
3280 3017 3469 3072 nolunt
3516 3030 3595 3072 at-

1989 3103 2379 3172 tendcrc,quo
2434 3114 2589 3171 pacto
2641 3106 2769 3172 ipsis
2816 3106 3239 3174 patrocinabitur
3282 3108 3486 3164 homo?
3517 3110 3597 3166 Ne

1988 3194 2145 3261 igitur
2169 3193 2249 3247 vel
2274 3195 2339 3246 de
2355 3194 2652 3254 nobilitate.
2678 3197 2758 3249 vel
2778 3197 2845 3250 de
2872 3197 3069 3251 divitiis
3092 3198 3258 3253 altum
3282 3202 3553 3270 sapiamus
3577 3222 3592 3267 ς

1987 3284 2095 3337 imo
2121 3298 2215 3339 eos
2241 3285 2329 3353 qui
2377 3284 2447 3339 ita
2488 3294 2613 3338 sunt
2660 3283 2839 3341 allecti
2869 3287 3233 3357 despiciatnus
3264 3307 3278 3345 :
3320 3306 3496 3363 neque
3524 3295 3595 3348 ob

1987 3384 2355 3444 paupertatem
2383 3375 2701 3444 dejiciamur
2719 3418 2733 3442 ,
2762 3376 2858 3432 sed
2885 3378 3008 3433 illas
3025 3394 3331 3450 qumramus
3356 3384 3590 3445 divitias.

1983 3482 2103 3537 qua:
2149 3467 2305 3529 bonis
2351 3468 2604 3537 operibus
2632 3478 2883 3525 constant
2914 3488 2927 3524 :
2958 3472 3103 3527 illam
3150 3473 3414 3544 fugiamus
3460 3492 3591 3547 pan»

1986 3568 2269 3628 pertatem,
2300 3576 2419 3630 qua:
2465 3576 2561 3615 nos
2593 3562 2645 3615 in
2687 3562 2978 3631 nequitiam
3017 3564 3273 3633 conjicit,
3304 3583 3406 3637 qua
3438 3569 3589 3623 dives

1988 3650 2097 3715 ille,
2129 3664 2335 3720 pauper
2363 3661 2474 3705 erat
2503 3694 2517 3715 ,
2546 3653 2634 3722 qui
2664 3668 2730 3715 ne
2773 3653 3215 3726 stillamquidem
3246 3672 3398 3728 aqua:
3426 3659 3593 3729 impe-

1986 3742 2164 3806 travit,
2194 3742 2294 3795 etsi
2344 3742 2523 3797 multis
2566 3744 2821 3800 adhibitis
2848 3746 3096 3817 precibus
3126 3748 3146 3817 (
3174 3746 3300 3803 Luc.
3333 3750 3420 3805 16.
3452 3750 3523 3806 24
3547 3750 3588 3823 ).

1984 3830 2317 3903 Quamquam
2374 3835 2495 3904 quis
2542 3836 2682 3889 inter
2736 3851 2835 3892 nos
2888 3838 2959 3893 ita
3010 3853 3216 3910 pauper
3259 3851 3379 3905 est,
3413 3852 3473 3897 ut
3525 3860 3591 3898 ne

1984 3936 2175 3991 aquam
2221 3923 2437 3991 quidem
2485 3925 2721 3999 habeat?
2751 3926 2922 3981 Nemo
2949 3942 3100 3984 sane.
3133 3929 3267 3985 Nam
3304 3932 3377 3985 illi
3427 3936 3589 3989 etiam

1983 4014 2074 4083 qui
2118 4023 2357 4069 extrema
2392 4016 2532 4070 fame
2561 4018 2844 4072 tabescunt
2868 4060 2885 4084 ,
2932 4021 3091 4077 stillis
3130 4037 3283 4095 aqua:
3314 4026 3416 4081 frui
3465 4043 3589 4097 pos-

1984 4114 2109 4159 sunt
2140 4122 2153 4169 ;
2184 4120 2283 4161 nec
2310 4105 2469 4160 stillis
2499 4121 2651 4175 aqua:
2680 4109 2853 4163 solum
2876 4148 2894 4176 ,
2928 4111 3023 4165 sed
3059 4114 3227 4169 etiam
3270 4118 3474 4187 majore
3499 4134 3592 4172 sn-

1986 4195 2133 4249 latio.
2164 4194 2335 4250 Secus
2361 4206 2540 4252 autem
2569 4197 2721 4253 dives
2749 4200 2837 4253 ille
2862 4239 2879 4265 ,
2909 4203 2999 4270 qui
3027 4202 3092 4256 ad
3121 4220 3240 4259 eam
3270 4222 3438 4277 usque
3466 4227 3594 4280 pau-

1986 4296 2246 4355 pertatem
2278 4288 2509 4346 devenit,
2543 4296 2600 4341 ut
2631 4288 2835 4343 nullum
2864 4302 3048 4360 posset
3077 4295 3318 4353 invenire
3364 4316 3592 4372 pauper-

1987 4379 2110 4433 tatis
2148 4378 2419 4433 solatium.
2447 4376 2555 4434 Cur
2582 4379 2762 4449 itaque
2791 4382 2992 4438 divitiis
3020 4384 3311 4452 inhiamus,
3345 4407 3465 4461 qua:
3496 4409 3593 4450 nos

1987 4470 2038 4524 in
2070 4471 2257 4525 ca‘ium
2304 4472 2559 4527 inducere
2590 4475 2905 4542 nequeunt?
2936 4476 3030 4533 Dic
3055 4479 3185 4534 mihi
3222 4499 3235 4535 :
3265 4482 3309 4536 si
3336 4486 3455 4551 quis
3498 4503 3590 4540 rev

1987 4571 2234 4619 terrenus
2262 4562 2468 4618 diceret
2490 4605 2506 4627 ,
2536 4565 2742 4618 nullum
2772 4566 2991 4622 divitem
3037 4584 3195 4639 posse
3228 4572 3280 4626 in
3312 4576 3457 4643 regis
3497 4576 3589 4632 lul-

1984 4669 2131 4724 gere.
2157 4663 2245 4707 aut
2288 4652 2495 4708 hoaore
2522 4653 2645 4719 frui,
2675 4671 2854 4710 annon
2884 4661 3059 4714 cuncti
3088 4662 3304 4718 divitias
3347 4664 3589 4736 despice»

1987 4746 2114 4799 retis
2144 4755 2200 4801 et
2231 4744 2575 4815 abjiceretis?
2603 4748 2803 4816 Atqui,
2837 4750 2880 4803 si
2911 4766 2976 4806 ex
3007 4761 3237 4810 terrena:
3270 4757 3409 4811 illius
3436 4759 3545 4827 regi
3568 4780 3595 4810 ιε

1988 4838 2192 4891 honore
2219 4850 2317 4891 nos
2341 4836 2619 4907 dejieiant,
2647 4846 2977 4911 contemptui
3008 4858 3165 4901 erunt
3195 4866 3210 4915 ;
3242 4848 3388 4919 Rege
3413 4860 3593 4905 autem

1986 4926 2237 4981 caelorum
2269 4926 2513 4997 quotidie
2550 4931 2813 4985 clamante
2842 4947 2904 4987 ac
2950 4934 3161 4994 dicente
3185 4978 3200 5005 ,
3228 4939 3445 4996 dilliclle
3475 4957 3596 4996 esse

1987 5032 2109 5073 eum
2141 5017 2341 5072 divitiis
2366 5020 2417 5073 in
2451 5034 2601 5075 sacra
2630 5021 2718 5077 illa
2751 5026 2885 5079 atria
2912 5026 3118 5097 ingredi
3147 5071 3162 5093 ,
3191 5045 3370 5087 annon
3415 5037 3594 5089 omnia

1987 5112 2333 5184 projicicmus
2357 5154 2371 5177 ,
2395 5127 2574 5166 annon
2623 5129 2754 5185 opes
2782 5119 3156 5176 amovebimus
3184 5166 3200 5189 ,
3230 5134 3287 5177 ut
3314 5125 3367 5179 in
3393 5128 3597 5199 regiam

1990 5205 2132 5259 illam
2164 5201 2331 5258 libere
2360 5204 2769 5274 ingrcdiamur?

2060 5297 2113 5351 6.
2163 5296 2342 5366 Ecqua
2386 5312 2573 5352 sumus
2618 5299 2773 5353 venia
2820 5299 3002 5371 digni,
3043 5290 3223 5373 quica
3270 5322 3391 5376 qua:
3438 5310 3599 5365 nobis

1990 5388 2190 5441 aditum
2225 5387 2373 5442 illum
2404 5389 2760 5459 prteclttdunt,
2786 5399 2934 5447 tanto
2963 5394 3141 5449 studio
3168 5399 3591 5470 complectimur,

1990 5491 2045 5535 et
2074 5496 2179 5535 non
2210 5481 2381 5535 solum
2406 5483 2457 5537 in
2488 5484 2650 5551 arcis,
2684 5484 2777 5539 sed
2802 5486 2963 5542 etiam
2995 5488 3047 5542 in
3073 5500 3211 5544 terra
3241 5494 3592 5563 occultamus,

1990 5572 2117 5627 dum
2150 5573 2272 5627 licet
2293 5588 2356 5627 ea
2383 5574 2434 5628 in
2457 5574 2605 5629 cmlis
2626 5576 2977 5632 custodienda
3002 5581 3331 5638 recondere?
3362 5585 3591 5656 ldipsutr.

1990 5673 2136 5717 certe
2167 5680 2304 5717 tuttur
2334 5664 2482 5731 facis,
2512 5679 2574 5719 ac
2596 5667 2640 5719 si
2664 5668 2783 5737 quis
2804 5670 3036 5738 agricola
3061 5682 3339 5743 acceptum
3364 5677 3595 5735 frumen~

1995 5764 2105 5811 tum
2133 5742 2187 5811 in
2218 5756 2377 5811 fertili
2406 5770 2535 5827 agro
2558 5758 2955 5830 seminandutn,
2996 5742 3220 5819 dimisso
3250 5780 3402 5836 agro,
3430 5769 3482 5824 in
3518 5771 3591 5825 la.
