4124 6302
555 370 653 427 185

551 496 672 536 cum
698 478 1020 534 frumentum
1050 481 1209 525 omne
1230 464 1521 531 demergat,
1550 465 1605 511 ut
1617 466 1789 522 neque
1814 448 1904 503 illo
1921 444 2124 500 fruatur

554 573 685 639 ipse,
717 576 771 623 et
816 558 1135 619 frumentum
1163 562 1466 622 corruptum
1491 552 1688 616 pereat.
1724 539 1829 596 Sed
1854 550 2013 639 quam
2043 547 2128 639 ra:

555 620 759 713 tionem
798 653 1115 726 proferunt,
1158 660 1278 702 cum
1323 642 1441 697 illos
1473 638 1570 691 hac
1608 634 1675 689 dc
1712 646 1771 687 re
1820 620 2128 698 culpamus?

554 749 670 805 Non
711 719 926 818 parvam
976 737 1391 797 consolationem
1432 729 1480 783 id
1525 726 1698 787 atl‘ert,
1732 720 1871 793 quod
1898 719 2129 773 sciamus

556 842 673 894 haec
702 803 857 892 nobis
883 843 998 890 tuto
1029 825 1296 885 recondita
1336 835 1478 877 esse.
1504 816 1752 884 Quinimo
1786 808 1989 864 nescire
2014 803 2131 859 haec

556 927 829 986 recondita
882 937 1033 986 esse,
1082 917 1132 973 id
1178 912 1593 970 consolationem
1634 904 1864 959 afferret.
1911 894 2129 951 Etiamsi

557 1021 699 1075 enim
739 1017 932 1071 famem
961 1020 1066 1066 non
1096 1009 1305 1071 timeas,
1338 1003 1500 1058 multa
1532 1000 1628 1052 alia
1671 993 1911 1065 graviora
1942 988 2012 1043 ob
2037 988 2127 1041 de-

556 1112 782 1182 positum
799 1108 905 1163 tale
925 1102 1181 1168 timenda,
1204 1111 1366 1161 mors,
1392 1094 1607 1155 bellum,
1637 1086 1857 1141 insidize.
1886 1082 1939 1136 Si
1969 1081 2136 1133 fames

560 1173 783 1270 ingruat,
815 1194 1041 1268 populus
1067 1207 1096 1245 ι
1126 1196 1312 1245 ventre
1352 1181 1657 1252 compulsus
1693 1183 1893 1229 armata
1921 1173 2137 1226 dextera

560 1291 776 1347 domum
805 1260 947 1342 t-uam
989 1280 1219 1339 invadet.
1263 1277 1370 1331 Imo
1421 1274 1546 1327 dum
1576 1270 1653 1323 sic
1691 1268 1829 1336 agis,
1863 1264 2053 1316 famem
2085 1260 2138 1311 in

564 1384 722 1439 urbes
752 1377 999 1451 invehis,
1031 1383 1084 1430 te
1112 1372 1213 1427 hoc
1240 1371 1379 1425 fame
1406 1364 1619 1437 gravius
1650 1358 1940 1430 periculum
1968 1355 2019 1407 in
2046 1354 2141 1405 do-

562 1488 707 1529 mum
753 1448 898 1525 tuam
941 1442 1166 1522 inducis.
1198 1460 1404 1516 Etenim
1448 1456 1598 1509 famis
1640 1448 1940 1505 calamitate
1967 1442 2140 1496 nullos

564 1564 683 1618 novi
714 1558 891 1615 statim
917 1561 1262 1622 consumptos
1288 1566 1301 1602 :
1332 1547 1491 1601 multa
1514 1542 1703 1613 quippe
1726 1536 1956 1605 undique
1981 1545 2135 1587 esco-

561 1654 715 1723 gitari
769 1656 987 1721 possunt
1030 1644 1098 1700 ad
1149 1642 1277 1697 tanti
1320 1636 1444 1693 mali
1496 1634 1775 1695 solatium;
1806 1628 1876 1682 ob
1897 1623 2145 1695 pecunias

564 1753 762 1806 autem,
796 1738 1025 1801 divitias,
1059 1746 1252 1802 resque
1283 1722 1679 1798 hujuscemodi,
1713 1717 1969 1789 plurimos
2002 1712 2145 1767 indi-

564 1848 689 1890 care
711 1830 930 1902 possim,
956 1842 1051 1881 seu
1073 1825 1231 1887 clam,
1259 1835 1353 1874 seu
1390 1815 1599 1887 publice
1619 1815 1987 1878 interemptos.
2016 1803 2149 1858 Mul-

567 1925 636 1977 tis
681 1894 843 1991 porro
870 1912 1175 1986 huiusmodi
1196 1908 1453 1978 exemplis
1477 1906 1649 1975 plena:
1686 1906 1809 1955 sunt
1844 1899 1963 1963 vice,
1996 1894 2150 1965 plena

570 1985 845 2083 iudiciaria
878 1985 1159 2063 tribunalia
1174 2012 1227 2057 et
1252 2001 1385 2055 fora.
1407 1996 1606 2065 Ecquid
1628 1993 1748 2046 dico
1771 1990 1901 2051 vias,
1923 1985 2149 2055 judicia-

572 2076 648 2158 ria
681 2100 960 2156 tribunalia
991 2104 1045 2151 et
1074 2094 1226 2149 fora?
1272 2091 1445 2161 ipsum
1488 2098 1637 2139 mare
1658 2080 1869 2136 videbis
1896 2076 2151 2145 sanguine

578 2196 811 2263 plenum.
846 2188 971 2242 Haec
994 2186 1190 2256 quippe
1237 2177 1472 2251 tyrannis
1502 2190 1605 2230 non
1638 2183 1835 2227 terram
1865 2168 2035 2231 solum
2064 2179 2153 2218 oc-

571 2256 782 2351 cupavit
806 2318 822 2346 ,
851 2276 945 2333 sed
971 2276 1132 2331 etiam
1171 2272 1223 2325 in
1277 2270 1467 2339 pelago
1497 2279 1616 2319 cum
1645 2262 1810 2316 multo
1836 2260 2011 2312 furore
2034 2256 2156 2308 bac-

574 2375 726 2429 chata
758 2378 860 2425 est.
908 2368 975 2423 Et
1004 2364 1139 2419 alius
1168 2360 1383 2433 quidem
1430 2356 1638 2422 navigat
1685 2364 1899 2421 propter
1936 2361 2155 2409 aurum,

576 2466 715 2519 alius
741 2461 809 2517 ob
836 2460 937 2514 hoc
973 2458 1143 2527 ipsum
1168 2450 1477 2521 jugulalur:
1510 2444 1803 2509 eademque
1826 2441 1935 2507 ipsa
1981 2447 2159 2506 tyran-

579 2556 663 2609 nis
690 2553 831 2605 hunc
880 2524 1262 2606 mercatorem,
1304 2540 1453 2592 illum
1500 2532 1819 2589 homicidam
1857 2527 1995 2581 fecit.
2024 2524 2160 2592 Quid

578 2642 745 2713 magis
785 2639 1004 2694 infidum
1051 2634 1212 2689 fuerit
1264 2644 1422 2700 quam
1459 2640 1742 2687 mamona,
1777 2636 1895 2674 cum
1948 2626 2162 2686 propter

580 2707 751 2806 ipsum
801 2728 1013 2801 plurimi
1054 2724 1490 2796 peregrinantur,
1544 2714 1907 2785 periditentur
1946 2718 1999 2790 ct
2024 2707 2165 2761 occi-

579 2797 818 2879 danturi
852 2818 955 2874 Sed
1000 2816 1123 2881 Quis
1168 2810 1509 2869 miserebitur,
1552 2805 1750 2873 inquit,
1807 2797 2162 2859 incautatoris,

582 2932 729 2988 quem
772 2926 977 2977 serpens
1036 2904 1306 2960 momordit
1354 2899 1552 2971 (Eccli.
1588 2896 1673 2950 l2.
1707 2893 1851 2964 15)?
1880 2890 2166 2959 Oportebat

586 2978 727 3060 enim
784 3001 915 3054 dira:
971 2992 1267 3068 tyrannidis
1330 3001 1522 3060 gnaros
1593 2985 1900 3038 servitutem
1955 2978 2164 3044 fugere,

588 3092 910 3160 noxiumque
948 3065 1185 3141 amorem
1226 3078 1601 3149 comprimere.
1640 3072 1710 3127 Et
1751 3066 2053 3140 quomodo,
2085 3065 2165 3117 in-

583 3183 758 3256 quies,
790 3153 845 3234 id
866 3177 979 3233 ﬂeri
1008 3171 1213 3245 pissit?
1253 3170 1311 3225 Si
1340 3168 1561 3222 alterum
1590 3175 1824 3218 amorem
1856 3153 2125 3213 induxeris
2148 3194 2163 3219 ,

586 3244 778 3340 nempe
807 3244 1077 3322 caelorum.
1102 3262 1234 3317 Nam
1255 3258 1345 3328 qui
1370 3252 1694 3323 concupiscit
1717 3262 1955 3319 regnum,
1979 3244 2166 3299 irride-

590 3364 666 3417 bit
692 3338 967 3415 avaritiam
996 3373 1009 3407 :
1040 3352 1131 3424 qui
1173 3348 1371 3407 Chrisﬁ
1413 3361 1598 3402 servus
1646 3341 1866 3397 effectus
1919 3338 2009 3401 sit,
2061 3348 2167 3388 non

590 3454 692 3510 erit
727 3461 989 3505 mamonae
1016 3456 1233 3507 servus,
1264 3437 1355 3496 sed
1386 3447 1440 3492 et
1463 3438 1581 3506 ejus
1609 3434 1712 3488 erit
1732 3430 1977 3486 dominus
2009 3445 2022 3478 :
2049 3440 2167 3479 nam

592 3544 877 3612 fugientem
920 3534 1125 3603 insequi
1166 3531 1326 3596 solet,
1378 3536 1431 3583 ct
1480 3530 1885 3596 persequentem
1942 3517 2169 3587 fugere:

588 3610 761 3702 neque
782 3630 854 3684 ita
883 3631 1293 3698 persequentem
1315 3620 1559 3679 honorat,
1593 3625 1647 3671 ut
1669 3631 1727 3669 se
1752 3610 2132 3681 despicientem
2156 3623 2170 3670 ;

591 3726 791 3787 nullum
824 3721 895 3775 ita
927 3718 1150 3781 deridet,
1200 3724 1256 3769 ut
1312 3713 1391 3767 sui
1418 3708 1714 3776 ‘cupidum;
1767 3718 1939 3772 neque
1990 3698 2175 3754 irridet

592 3815 788 3878 modo,
826 3811 918 3865 sed
948 3806 1241 3863 Innumeris
1280 3799 1593 3867 constringit
1625 3795 1863 3849 vinculis.
1896 3792 2173 3846 Solvamus

594 3908 749 3974 igitur
772 3902 855 3957 vel
895 3914 1015 3955 sero
1060 3895 1269 3951 tandem
1312 3894 1470 3946 hasce
1518 3888 1702 3942 noxias
1754 3895 1988 3940 catenas.
2036 3881 2169 3948 Quid

585 3992 959 4049 rationabilem
989 3989 1221 4043 animam
1244 3982 1538 4039 irrationali
1570 3979 1826 4043 materiae,
1866 3977 2171 4029 innumero-

1292 353 1346 408 S.
1388 341 1661 406 JOANNIS
1696 326 2171 393 CIIRYSOSTOMl
2209 318 2521 379 ARClllEP.
2562 311 3093 372 CONSTANTINOP.

3713 303 3815 359 188

2230 452 2347 494 rum
2395 431 2657 492 malorum
2709 427 2889 494 matri,
2934 425 3137 481 servire
3162 419 3345 492 cogis!
3371 418 3477 474 Sed
3517 432 3549 472 ο
3592 416 3699 470 risu
3729 417 3819 469 di-

2231 543 2390 600 gnam
2435 524 2582 581 rem!
2613 535 2709 576 nos
2757 519 2901 574 illaut
2951 517 3328 587 impugnamus
3356 510 3531 565 verbis
3554 550 3569 574 ,
3600 508 3688 562 illa
3716 522 3820 563 nos

2233 599 2505 690 impugnat
2529 631 2587 671 re
2616 614 2751 683 ipsa,
2779 620 2833 665 et
2860 608 3092 676 undique
3121 606 3230 676 agit
3253 614 3307 660 et
3331 600 3639 659 circumfert
3666 599 3822 669 quasi

2235 687 2405 784 pretio
2451 717 2658 776 emptos
2696 712 2751 759 et
2782 701 3092 773 mastigias;
3134 713 3239 766 quo
3284 694 3411 764 quid
3444 691 3666 760 turpius,
3694 687 3823 759 quid

2236 799 2544 872 indignius?
2570 798 2625 853 Si
2658 796 2800 851 enim
2851 789 3211 846 iuseusibilcm
3247 785 3523 840 materiam
3576 796 3680 836 non
3728 794 3824 833 su-

2238 871 2515 963 peramus,
2572 884 2840 958 quomodo
2866 884 3209 951 incorporeas
3239 886 3529 945 potestates
3576 871 3827 941 proﬂiga-

2240 982 2449 1036 bimus?
2495 982 2537 1034 si
2574 979 2727 1033 vilem
2790 984 3023 1041 terram,
3074 979 3128 1026 et
3174 970 3411 1038 abjccms
3461 965 3667 1035 lapides
3720 980 3832 1019 non

2241 1073 2586 1142 despicimus,
2614 1068 2883 1137 quomodo
2905 1063 3232 1133 principatus
3260 1071 3310 1113 et
3330 1068 3633 1129 potestates
3657 1054 3817 1124 subji-

2241 1162 2486 1218 ciemus?
2531 1157 2796 1229 quomodo
2852 1152 3255 1222 temperantiam
3317 1143 3725 1202 exercebimust
3772 1142 3831 1198 Si

2243 1260 2519 1320 argentum
2568 1248 2773 1316 fulgens
2803 1259 2899 1298 nos
2938 1241 3211 1311 percellit,
3242 1236 3513 1308 quomodo
3546 1234 3809 1305 pulchrau

2246 1342 2432 1397 faciem
2486 1347 2901 1409 prmtercurrere
2962 1330 3296 1402 poterimus?
3358 1327 3565 1383 Etenim
3613 1325 3835 1396 quidam

2247 1431 2369 1486 huic
2396 1428 2661 1501 tyrannidi
2688 1440 2855 1494 usque
2901 1424 3037 1478 adeo
3084 1422 3248 1475 dediti
3280 1429 3438 1485 sunt,
3490 1427 3545 1472 ut
3574 1416 3719 1485 ipsos
3752 1415 3837 1467 vel

2246 1521 2361 1575 auri
2402 1526 2648 1589 aspectus
2688 1514 2912 1574 afticiat,
2954 1521 3009 1566 et
3054 1512 3222 1565 facete
3257 1509 3603 1576 hilaritcrque
3629 1505 3837 1576 dicant,

2249 1610 2445 1667 Oculos
2489 1610 2635 1679 juvat
2676 1607 2936 1661 numistna
2978 1618 3200 1658 aureum
3233 1600 3492 1654 oblatum.
3526 1597 3724 1650 Verum
3770 1610 3845 1647 ne

2253 1705 2325 1760 ita
2358 1702 2527 1766 ludas,
2556 1701 2627 1755 mi
2654 1701 2846 1761 homo;
2880 1697 3009 1750 niltil
3038 1696 3180 1749 enim
3212 1695 3288 1747 sic
3315 1692 3460 1745 lmdit
3484 1690 3687 1749 oculos,
3727 1686 3847 1740 site

2253 1793 2496 1863 corporis
2516 1832 2532 1857 ,
2564 1792 2676 1845 sive
2703 1789 2895 1843 anima:
2920 1828 2934 1850 ,
2958 1799 3017 1841 ut
3039 1785 3228 1839 horum
3260 1780 3712 1850 concupiscentia.
3745 1776 3849 1831 llic

2254 1892 2403 1939 certe
2440 1881 2630 1935 noxius
2668 1892 2821 1932 amor
2860 1876 3122 1945 virginum
3166 1874 3374 1927 illarum
3421 1869 3693 1939 lampades
3749 1884 3849 1921 ex-

2256 1976 2467 2038 stinxit,
2497 1974 2720 2042 illasque
2750 1986 2777 2024 a
2804 1970 2984 2041 sponsi
3033 1969 3266 2023 thalamo
3288 1968 3532 2023 exclusit.
3559 1966 3655 2021 Hic
3685 1981 3849 2036 aspe-

2256 2076 2406 2129 ctus,
2444 2079 2605 2136 quem
2624 2062 2758 2117 dicis
2779 2061 2963 2117 oculos
2988 2060 3179 2130 jnvare
3198 2100 3214 2126 ,
3242 2059 3495 2113 miserum
3519 2057 3709 2113 Judam
3738 2073 3849 2109 non

2259 2158 2499 2229 permisit
2530 2156 2714 2211 audire
2759 2154 3077 2209 dominicam
3123 2167 3331 2217 vocem,
3382 2150 3483 2206 sed
3521 2150 3572 2203 in
3599 2149 3851 2217 laqueum

2261 2249 2449 2312 duxit,
2496 2255 2655 2316 atque
2698 2246 2749 2299 id
2777 2244 2950 2299 ctl‘ecit
2980 2253 3038 2297 ut
3066 2244 3275 2297 medius
3314 2242 3581 2311 crepuerit
3601 2281 3615 2302 ,
3641 2254 3703 2293 ac
3733 2249 3855 2307 p01-l

2263 2340 2379 2393 lucc
2409 2340 2583 2392 omnia
2612 2338 2663 2389 in
2695 2336 2993 2405 gehennam
3035 2334 3197 2388 misit.
3244 2332 3379 2397 Quid
3419 2345 3547 2399 ergo
3578 2332 3673 2383 hac
3704 2320 3857 2397 peste

2264 2428 2493 2496 iniquius
2524 2424 2716 2479 fuerit?
2743 2424 2868 2494 quid
2898 2422 3242 2475 horribilius?
3270 2420 3384 2474 Non
3416 2420 3483 2474 de
3513 2421 3730 2473 materia
3756 2433 3854 2487 pc—

2264 2518 2538 2574 cuuinrum
2568 2516 2774 2585 loquor,
2824 2514 2915 2567 sed
2947 2514 3014 2567 de
3052 2528 3233 2567 earum
3274 2511 3642 2579 intempestiva
3670 2520 3721 2563 et
3768 2509 3889 2562 ina

2264 2610 2403 2664 riosa
2454 2607 2760 2677 cupiditate.
2821 2604 2949 2659 Nam
2990 2604 3223 2657 humano
3276 2602 3499 2657 distillat
3555 2604 3855 2671 sanguine,

2268 2710 2491 2755 cruento
2528 2708 2745 2767 aspectu
2768 2736 2782 2761 ,
2810 2706 2865 2751 et
2894 2695 3077 2764 quavis
3108 2695 3218 2749 fera
3247 2694 3531 2748 immanior
3554 2702 3635 2749 est
3654 2734 3669 2759 ,
3698 2702 3861 2762 atque

2268 2791 2453 2845 obvios
2479 2803 2719 2859 quosque
2743 2786 3020 2852 discerpit,
3070 2785 3322 2855 quodque
3366 2784 3533 2837 multo
3558 2784 3708 2852 pejus
3742 2795 3861 2846 est,

2271 2896 2338 2935 ue
2365 2881 2564 2934 sentire
2584 2878 2796 2947 quidem
2818 2878 3069 2931 laniatum
3094 2876 3239 2929 sinit.
3268 2872 3400 2928 Cum
3427 2881 3692 2943 oporteret
3715 2872 3864 2925 enim

2269 2986 2361 3026 eos
2387 2972 2475 3039 qui
2506 2970 2627 3023 talia
2674 2968 2964 3037 patiuntur,
2998 2966 3067 3019 ad
3096 2974 3480 3034 prmtereuutes
3520 2978 3735 3019 manum
3762 2976 3867 3016 cx-

2270 3061 2489 3117 tendet‘c
2508 3102 2522 3124 ,
2557 3068 2611 3113 et
2636 3058 2701 3112 ad
2727 3059 2981 3111 auxilium
3014 3071 3226 3121 vocare,
3265 3056 3338 3113 illi
3361 3065 3545 3109 contra
3574 3053 3644 3108 de
3671 3052 3869 3107 talibus

2271 3153 2535 3207 ulceribus
2555 3151 2752 3220 gratias
2773 3149 2969 3203 habent
2998 3166 3009 3200 :
3031 3162 3137 3216 quo
3156 3147 3281 3216 quid
3314 3144 3709 3199 miserabilius?
3739 3144 3871 3198 lltcc

2273 3244 2448 3312 itaque
2482 3242 2660 3295 omnia
2689 3240 3003 3309 cogitantes,
3050 3236 3401 3291 insanabilem
3443 3236 3591 3289 illum
3621 3237 3869 3289 morbum

2273 3333 2555 3402 fugiamus,
2584 3330 2700 3398 ejus
2724 3344 2935 3384 morsus
2960 3342 3227 3391 curemus,
3258 3333 3313 3379 et
3332 3340 3361 3377 a
3390 3324 3477 3379 tati
3509 3337 3660 3393 peste
3683 3328 3870 3394 procul

2275 3423 2558 3493 fugiamus.
2588 3431 2644 3474 ut
2673 3431 2725 3474 et
2763 3420 2814 3473 in
2844 3420 3092 3488 przcsenti
3145 3425 3309 3470 tutam
3361 3424 3417 3470 et
3469 3416 3872 3485 perturbatione

2274 3527 2495 3567 vacuam
2526 3512 2687 3564 vitam
2724 3510 3003 3573 ducamus,
3034 3517 3088 3562 et
3113 3506 3322 3560 futuros
3349 3506 3723 3560 nauciscamur
3750 3504 3874 3559 the-

2277 3616 2462 3656 sauros
2496 3618 2508 3654 :
2537 3614 2671 3669 quos
2702 3599 2904 3652 utinam
2938 3612 3034 3651 nos
3078 3611 3266 3652 omnes
3298 3609 3669 3663 assequamur,
3698 3597 3873 3664 gratia

2279 3704 2352 3755 et.
2384 3692 2711 3763 benignitate
2751 3690 2958 3744 Domini
3006 3688 3169 3743 nostri
3215 3687 3340 3741 Jesu
3368 3684 3605 3751 Christi,
3652 3687 3875 3757 quicum

2281 3781 2421 3837 Patri
2468 3792 2521 3836 et
2578 3779 3004 3848 simul.Spiritui
3057 3787 3243 3832 sancto
3294 3778 3497 3847 gloria,
3553 3778 3872 3847 imperium,

2280 3873 2481 3933 honor,
2536 3886 2676 3925 nunc
2730 3878 2784 3925 ct
2834 3884 3077 3939 semper,
3135 3878 3190 3923 et
3220 3869 3271 3920 in
3298 3867 3493 3921 saecula
3526 3868 3866 3924 stet-olorum.

2283 3970 2474 4020 Anien.

616 4100 3871 4143 Μ

1987 4192 2324 4255 HOMILIA
2375 4188 2457 4247 Χ.

594 4358 721 4410 CAP.
751 4357 801 4410 5.
827 4369 877 4408 v.
902 4355 953 4407 1.
981 4357 1042 4404 In
1072 4350 1241 4402 diebus
1264 4349 1367 4399 illis
1398 4346 1527 4398 venit
1548 4346 1769 4395 Joannes
1794 4340 2017 4406 Baptista
2045 4350 2173 4405 prce,

668 4449 843 4500 dicens
868 4448 917 4499 in
942 4444 1134 4496 deserto
1174 4439 1389 4503 ludant,
1418 4438 1472 4490 ‘2.
1504 4446 1548 4489 et
1576 4436 1742 4487 dicens
1774 4450 1790 4485 :
1826 4429 2177 4483 Pamitenlimn

668 4538 817 4605 agite,
842 4532 1264 4603 appropinquavit
1284 4530 1416 4583 enim
1441 4542 1647 4595 regnum
1680 4525 1935 4574 actorum.

669 4630 718 4681 ἰ.
753 4626 912 4689 Quale
966 4633 1158 4689 tempus
1214 4621 1471 4687 designent
1530 4618 1631 4668 tum:
1691 4614 1833 4665 verba
1866 4610 1959 4663 :ln
1988 4608 2177 4661 diebus

599 4717 720 4771 illis.
751 4715 853 4769 Cur
876 4712 1103 4767 Christus
1145 4712 1351 4777 triginta
1389 4720 1637 4758 annorum
1688 4703 1985 4770 baptizatur.
2016 4728 2083 4736 —-
2109 4698 2179 4749 De

602 4808 912 4877 quibusnam
944 4802 1129 4856 diebus
1156 4799 1302 4869 agit?
1332 4798 1443 4851 Non
1466 4798 1605 4850 enim
1634 4809 1739 4863 quo
1776 4804 2010 4859 tempore
2052 4804 2181 4859 puer

600 4903 689 4952 ille
722 4907 858 4964 erat,
888 4909 940 4951 et
967 4896 1187 4951 Nazaret
1210 4894 1371 4956 venit,
1401 4891 1492 4947 sed
1523 4900 1640 4959 post
1667 4903 1832 4941 annos
1857 4888 2063 4955 triginta
2094 4898 2179 4935 \e-

602 4992 678 5045 ult
698 4990 969 5051 Joannes,
1003 4996 1057 5039 ut
1095 4986 1262 5041 Lucas
1289 4984 1617 5037 testiﬁcatur.
1651 4980 1753 5034 Cur
1776 4996 1900 5046 ergo
1925 4980 2081 5038 dicit,
2119 4974 2179 5027 In

599 5080 774 5135 diebus
803 5078 951 5132 itus?
979 5078 1089 5131 Mos
1124 5083 1205 5130 est
1247 5074 1531 5142 Scriptum
1580 5071 1679 5124 hoc
1738 5070 1809 5122 uti
1852 5069 2042 5131 modo;
2078 5082 2178 5118 non

605 5176 774 5227 Solum
807 5186 926 5223 cum
967 5184 1026 5223 ca
1078 5175 1276 5231 narrat,
1326 5180 1442 5233 qua:
1466 5163 1760 5232 insequenti
1794 5170 2030 5229 tempore
2058 5174 2177 5212 mox

599 5269 750 5329 gesta
793 5270 934 5325 sunt,
967 5259 1060 5313 sed
1090 5260 1250 5314 etiam
1286 5274 1405 5311 cum
1437 5257 1521 5310 illa
1546 5257 1690 5318 dicit,
1723 5268 1841 5323 qua:
1882 5252 2060 5306 multis
2088 5266 2182 5320 po-

604 5361 716 5407 stea
768 5353 918 5405 annis
958 5350 1296 5419 contigerint.
1362 5346 1450 5402 Sic
1490 5348 1647 5401 etiam
1699 5360 1817 5398 cum
1846 5346 1909 5396 ad
1954 5342 2099 5395 illum
2127 5341 2179 5394 in

608 5445 782 5496 Monte
819 5442 1074 5497 olivarum
1124 5442 1398 5496 sedentem
1442 5439 2072 5508 discipuliaccesserunt,
2130 5442 2183 5487 et

606 5537 677 5592 de
698 5540 923 5593 adventu
955 5548 1069 5601 ejus
1095 5532 1265 5604 deque
1291 5532 1497 5587 excidio
1523 5531 1969 5602 Jerosolymorum
1998 5529 2179 5583 scisci-

610 5620 699 5683 tati
725 5637 877 5690 sunt;
906 5627 1052 5679 scitis
1078 5634 1251 5679 autem
1275 5633 1527 5694 quantum
1549 5623 1623 5677 sit
1648 5624 1782 5677 inter
1805 5631 2027 5692 utraque
2050 5631 2182 5676 tem-

610 5732 739 5793 pora
773 5718 1123 5773 intervallum.
1157 5716 1286 5772 Cum
1310 5718 1556 5785 loquutus
1584 5727 1727 5772 esset
1768 5719 1834 5772 de
1878 5719 2100 5781 excidio,
2131 5728 2182 5773 et

2290 4351 2386 4401 hac
2410 4347 2477 4400 de
2506 4361 2559 4400 re
2594 4345 2802 4398 dicendi
2842 4344 2998 4399 tinem
3029 4343 3270 4408 fecisset,
3319 4343 3386 4399 de
3414 4347 3874 4401 consummatiOne

2286 4445 2463 4506 postea
2486 4437 2817 4501 loqunturus,
2843 4434 3140 4501 subiunxit,
3168 4434 3309 4487 Tunc
3336 4434 3433 4487 ista
3456 4444 3615 4490 erunt
3642 4435 3871 4505 (Matth.

2283 4526 2396 4599 24)
2432 4544 2444 4578 :
2477 4524 2702 4578 dicendo
2746 4535 2920 4578 autetn
2952 4523 3111 4587 Tunc,
3157 4540 3261 4577 non
3286 4524 3559 4593 conjunxit
3590 4534 3828 4593 tempora
3856 4568 3872 4589 ,

2285 4617 2376 4673 sed
2409 4616 2535 4670 illud
2564 4615 2731 4668 solum
2765 4625 2973 4681 tempus
3005 4613 3287 4679 indicavit,
3333 4630 3436 4684 quo
3478 4615 3588 4667 inec
3617 4627 3872 4668 eventura

2284 4719 2455 4762 erant.
2493 4707 2716 4775 lslipsum
2765 4722 2903 4760 nunc
2937 4707 3059 4759 facit
3095 4722 3213 4761 Cum
3254 4708 3362 4759 ait:
3406 4708 3463 4757 il.
3521 4711 3693 4760 diebus
3746 4709 3873 4759 illis.

2283 4798 2399 4853 Non
2448 4798 2587 4851 enim
2632 4799 2971 4867 insequentes
3001 4799 3177 4852 statim
3219 4800 3332 4853 dies
3371 4798 3722 4863 significavit;
3778 4800 3872 4852 ait?"

2289 4889 2405 4942 illos
2435 4889 2485 4941 iu
2519 4887 2706 4956 qtibus
2734 4889 3008 4957 eoutigcrc
3040 4905 3099 4941 ea
3127 4889 3192 4941 ad
3215 4906 3327 4957 qua:
3356 4892 3618 4943 narranda
3651 4904 3864 4958 progre-

2284 4979 2444 5034 ditur.
2506 4980 2568 5033 Et
2622 4996 2748 5043 cur,
2800 4982 3027 5049 inquies,
3072 4995 3190 5048 post
3239 4982 3447 5049 triginta
3492 4997 3657 5036 annos
3683 4982 3748 5035 ad
3782 4981 3874 5036 ha-

2288 5070 2535 5137 ptismum
2574 5074 2713 5125 venit
2760 5072 2951 5125 Jesus?
2984 5074 3109 5125 Post
3159 5073 3298 5128 hunc
3349 5074 3668 5141 baptismum
3701 5074 3875 5145 legem

2287 5165 2557 5219 soluturus
2604 5175 2715 5217 erat
2766 5185 2776 5219 :
2830 5167 2947 5219 idco
2977 5168 3041 5218 ad
3081 5167 3221 5220 illam
3268 5182 3435 5235 usque
3476 5178 3724 5237 aetatem,
3752 5186 3874 5239 quas

2290 5263 2461 5323 potest
2492 5264 2703 5322 peccata
2727 5256 3007 5310 admittere
3030 5258 3229 5320 omnia,
3262 5260 3311 5311 in
3345 5257 3477 5327 legis
3505 5261 3667 5313 totius
3687 5261 3871 5315 obser-

2289 5346 2496 5399 vatione
2518 5350 2740 5411 mansit;
2765 5366 2830 5403 ne
2856 5350 2972 5418 quis
2993 5350 3213 5413 diceret,
3237 5352 3405 5418 ipsum
3430 5351 3600 5421 legem
3622 5354 3873 5419 solvisse,

2288 5437 2425 5506 quod
2452 5452 2555 5489 non
2579 5450 2756 5506 posset
2780 5454 2897 5493 eam
2928 5440 3174 5507 implere.
3202 5441 3314 5494 Non
3346 5442 3486 5495 enim
3514 5458 3704 5496 omnes
3727 5446 3875 5511 pravi

2290 5527 2539 5594 allectus,
2574 5532 2748 5584 omnia
2795 5533 2918 5584 vitia
2962 5547 3176 5600 semper
3212 5532 3408 5585 instant
3457 5533 3766 5586 nobiszsed
3825 5534 3878 5589 in

2295 5627 2542 5691 primmva
2599 5635 2755 5680 (etate
2823 5625 3174 5692 imprudentia
3244 5626 3382 5695 viget
3430 5635 3485 5679 ct
3537 5626 3882 5681 imbecillitas

2294 5719 2451 5772 animi
2480 5736 2491 5783 ;
2527 5718 2577 5772 in
2608 5717 2845 5787 sequenti
2890 5718 3255 5772 vehementius
3286 5718 3448 5771 instat
3473 5716 3676 5782 libido;
3710 5718 3763 5772 in
3791 5735 3873 5783 ca,
