4124 6302
298 404 399 458 185

294 528 413 583 qua:
442 511 582 566 hanc
615 505 832 576 excipit,
865 515 1027 572 opum
1081 496 1365 569 cupiditas.
1420 495 1711 562 Propterea
1760 488 1901 542 hanc

298 614 463 657 totam
510 607 724 654 :etatcm
750 606 1039 659 emensus,
1069 601 1124 646 et
1154 590 1325 659 legem
1369 585 1473 641 hoc
1498 593 1612 639 toto
1654 590 1898 650 tempore

297 698 627 761 exsequutus
647 728 662 750 ,
709 686 787 740 sic
831 683 896 737 ad
926 683 1245 753 baptismum
1286 678 1430 733 venit
1450 717 1464 740 ,
1490 689 1655 746 quem
1684 682 1895 744 postre-

299 798 445 836 tuum
494 777 729 839 addidit,
784 785 1060 845 postquam
1115 771 1219 824 alia
1260 777 1526 839 praecepta
1559 765 1893 835 impleverat.

262 873 453 940 ;Quod
479 870 623 925 enim
652 869 754 923 hoc
798 876 1125 937 postremum
1185 862 1284 933 ipsi
1336 861 1493 915 fuerit
1527 875 1593 915 ex
1642 857 1895 927 operibus

298 964 587 1033 legalibus,
641 960 763 1015 andi
800 974 925 1015 eum
972 958 1236 1012 dicentem
1287 971 1300 1005 :
1334 953 1425 1008 Sic
1457 952 1589 1007 enim
1628 949 1768 1004 decet
1803 966 1895 1003 nos

296 1053 511 1123 implere
534 1069 731 1106 omnem
744 1050 1001 1120 justitiam
1024 1047 1044 1118 (
1068 1045 1257 1100 Nattlt.
1287 1045 1340 1100 5.
1376 1044 1500 1112 l5).
1530 1041 1683 1109 Quod
1713 1048 1891 1093 autem

294 1147 447 1211 dicit,
474 1144 776 1214 hujnsmodi
797 1151 879 1199 est
910 1137 1342 1208 :Omnialegalia
1379 1134 1751 1206 implevimus:
1774 1135 1895 1188 nul-

294 1236 403 1290 lum
452 1235 770 1305 transgressi
808 1247 992 1287 sumus
1039 1229 1367 1285 mandatum.
1410 1226 1542 1295 Quia
1587 1225 1747 1296 igitur
1792 1224 1893 1280 hoc

294 1341 460 1380 unum
479 1336 744 1397 superest,
762 1331 975 1393 oportet
990 1321 1116 1377 illud
1135 1334 1345 1391 quoque
1361 1316 1578 1383 addere,
1593 1317 1775 1387 sicque
1786 1330 1892 1369 om-

294 1432 419 1472 nem
458 1417 717 1487 justitiam
748 1414 1104 1485 implebimus.
1133 1410 1399 1468 Justitiam
1437 1409 1584 1465 enim
1624 1407 1711 1463 hic
1736 1416 1893 1463 vocat

293 1508 538 1564 omnium
573 1508 945 1562 mandatorum
980 1505 1430 1563 observationem.
1471 1501 1743 1559 Christum
1790 1501 1891 1572 igi-

294 1610 382 1653 tur
410 1598 511 1653 ltac
538 1598 605 1654 de
637 1612 799 1653 causa
826 1597 891 1651 ad
934 1596 1255 1665 baptismum
1284 1594 1494 1648 venisse
1520 1593 1645 1648 hinc
1673 1592 1890 1661 conspi-

291 1704 453 1743 cuum
482 1698 582 1743 est.
610 1687 725 1756 Qua
755 1687 823 1743 de
865 1701 1023 1740 causa
1064 1700 1194 1740 vero
1242 1685 1344 1738 hoc
1390 1683 1651 1753 baptisma
1680 1681 1748 1737 ab
1773 1681 1891 1751 ipso

290 1781 653 1849 excogitatum
701 1779 819 1834 est?
862 1777 1013 1844 Quod
1050 1778 1193 1831 enim
1226 1773 1500 1830 Zacharize
1542 1774 1682 1829 illius
1725 1788 1833 1827 non
1858 1787 1888 1826 a

288 1872 605 1939 semetipso,
636 1868 730 1923 sed
760 1869 870 1923 Deo
898 1875 1146 1922 movente
1175 1866 1241 1919 ad
1272 1865 1373 1919 hoc
1395 1865 1622 1930 venerit,
1646 1863 1696 1917 id
1719 1863 1890 1917 Lucas

287 1963 533 2018 declarat
565 1962 780 2023 dicens,
842 1959 1057 2015 Verbum
1089 1957 1295 2012 Domini
1323 1957 1518 2027 factum
1558 1964 1632 2009 est
1669 1954 1739 2007 ad
1774 1971 1891 2007 eum

288 2053 457 2120 (Luc.
490 2054 543 2109 5.
584 2052 653 2122 2)
677 2095 692 2119 ,
728 2052 779 2106 id
808 2061 931 2117 est,
981 2050 1314 2106 mandatum.
1352 2049 1469 2119 Ipse
1512 2062 1723 2119 quoque
1768 2048 1887 2101 ait:

290 2146 395 2211 Qui
436 2160 517 2197 me
554 2145 687 2198 misit
713 2144 971 2213 baptizare
1009 2145 1061 2195 in
1086 2158 1240 2212 aqua,
1268 2142 1355 2195 ille
1378 2141 1501 2194 mihi
1520 2140 1648 2193 dixit
1670 2155 1690 2193 :
1721 2138 1891 2208 Super

286 2252 435 2305 quem
466 2236 647 2289 videris
679 2236 928 2305 Spiritum
960 2235 1338 2288 descendentem
1378 2233 1523 2301 quasi
1563 2233 1885 2296 columbam,

286 2340 332 2381 et
364 2339 649 2381 manentem
689 2346 840 2398 super
880 2345 989 2381 cum
1012 2370 1026 2393 ,
1060 2328 1141 2380 hic
1170 2336 1240 2381 est
1262 2327 1348 2396 qui
1369 2326 1589 2394 baptizat
1611 2326 1663 2377 ιη
1687 2324 1888 2393 Spiritu

283 2430 462 2471 sancto
512 2417 703 2487 (Joan.
750 2421 798 2473 1.
853 2418 981 2487 55).
1030 2416 1137 2471 Cur
1179 2429 1355 2469 autem
1398 2415 1461 2469 ad
1510 2414 1884 2483 baptizandum

286 2509 488 2563 missus
527 2510 640 2564 est?
672 2509 785 2564 Hoc
832 2510 957 2563 item
1006 2508 1157 2563 nobis
1186 2507 1422 2562 declarat
1465 2506 1698 2575 Baptista
1730 2520 1745 2560 ς
1774 2503 1887 2575 Ego

284 2600 565 2652 nesciebam
600 2617 713 2653 eum
726 2602 855 2666 ;sed
893 2609 947 2654 ut
978 2601 1384 2665 manilestaretur
1425 2599 1477 2652 in
1527 2595 1728 2662 Israel,
1771 2597 1885 2651 ideo

212 2690 217 2695 ’
283 2692 397 2743 reni
442 2692 495 2743 in
548 2706 683 2759 aqua
727 2692 989 2761 baptisaus
1020 2690 1194 2760 (Ibid.
1228 2706 1271 2742 υ.
1306 2690 1428 2757 51).
1459 2689 1522 2742 Ει
1550 2690 1593 2743 si
1628 2689 1740 2743 hinc
1770 2690 1881 2743 sola

282 2796 446 2834 causa
478 2791 628 2847 emt,
665 2782 940 2850 quomodo
987 2783 1062 2835 ait
1108 2782 1314 2843 Lucas,
1369 2779 1516 2832 Venit
1540 2780 1594 2832 in
1632 2783 1885 2848 regionem

282 2872 552 2940 Iordanis,
584 2875 869 2942 pra'dicans
897 2875 1202 2942 baptismum
1224 2873 1526 2941 pwnitentia:
1552 2873 1603 2924 in
1633 2872 1886 2924 remissio-

206 3000 217 3003 -
282 2981 398 3019 nem
422 2975 737 3032 peccatorum
763 2965 926 3035 (Luc.
950 2966 1001 3020 5.
1023 2965 1086 3036 5)
1108 2964 1131 3017 ?
1153 2965 1483 3033 Quamquam
1509 2963 1880 3017 remissionem

284 3070 391 3109 non
426 3054 687 3117 habebat,
717 3055 812 3110 sed
843 3054 946 3109 hoc
969 3054 1170 3109 donum
1202 3062 1317 3108 erat
1342 3053 1591 3122 baptismi
1618 3092 1632 3117 ,
1671 3053 1759 3121 qui
1793 3066 1886 3119 po-

282 3154 395 3199 stea
422 3144 582 3199 datus
610 3153 727 3209 est;
776 3145 828 3199 in
876 3146 978 3200 hoc
1017 3146 1159 3200 enim
1205 3144 1503 3214 consepulti
1554 3158 1778 3209 sumus,
1830 3151 1884 3198 et

283 3244 437 3289 vetus
460 3235 621 3288 homo
650 3244 835 3289 noster
857 3243 980 3288 tunc
1024 3249 1123 3287 una
1166 3233 1452 3287 cruciﬁxus
1493 3242 1575 3287 est
1601 3274 1615 3299 ,
1664 3241 1717 3285 et
1760 3243 1883 3285 ante

282 3339 498 3379 crucem
528 3338 786 3393 nusquam
817 3324 1062 3378 remissio
1094 3322 1231 3377 facta
1272 3324 1599 3392 comperitur
1631 3340 1645 3378 :
1688 3324 1882 3390 ubique

282 3417 428 3470 enim
468 3417 569 3469 hoc
596 3416 835 3484 sanguini
881 3417 997 3484 ejus
1024 3415 1330 3485 deputatur.
1375 3415 1569 3469 Paulus
1598 3431 1727 3470 vero
1756 3416 1831 3468 ait
1864 3433 1878 3471 :

283 3508 390 3561 Sed
417 3506 581 3560 abluti
599 3508 735 3570 estis,
769 3507 858 3559 sed
877 3508 1179 3577 sanctiﬁcati
1200 3508 1339 3573 estis,
1365 3523 1468 3562 non
1498 3524 1590 3577 per
1620 3508 1879 3579 baptisma
1952 3552 1961 3573 κ

281 3600 534 3665 Joannis,
563 3601 677 3664 sed,
712 3602 764 3653 in
786 3601 988 3654 nomine
1022 3600 1227 3654 Domini
1257 3602 1418 3655 nostri
1447 3600 1570 3654 Jesu
1605 3599 1815 3663 Christi,
1835 3610 1881 3653 et

280 3697 333 3747 in
365 3694 566 3763 Spiritu
609 3692 708 3747 Dei
729 3695 889 3746 nostri
919 3693 937 3763 (
963 3695 1013 3747 Ι.
1052 3692 1169 3749 Cor.
1202 3693 1255 3748 6.
1312 3694 1434 3761 il).
1478 3692 1546 3747 Et
1599 3693 1721 3747 alibi
1770 3695 1876 3756 ait,

280 3784 506 3839 Joannes
541 3785 743 3855 quidem
786 3785 1075 3854 praedicavit
1122 3785 1425 3854 baptismum
1472 3784 1791 3853 panitenlitc,
1827 3793 1881 3837 et

282 3892 387 3932 non
413 3876 564 3941 dicit,
592 3876 942 3939 remissionis,
991 3886 1041 3928 ut
1088 3875 1346 3930 crederent
1376 3877 1429 3929 in
1466 3876 1740 3929 venientem
1768 3886 1879 3942 post

279 3984 394 4021 eum
431 3967 583 4037 (Act.
616 3966 700 4021 i9.
729 3967 819 4033 ll.
852 3965 987 4020 Cum
1032 3967 1173 4020 enim
1225 3967 1461 4021 nondum
1511 3966 1747 4021 oblatum
1795 3981 1879 4019 sa-

280 4058 541 4114 criﬁcium
571 4065 734 4123 esset,
768 4074 863 4112 nec
889 4058 1120 4128 Spiritus
1150 4059 1513 4113 descendisset
1536 4099 1549 4119 ,
1597 4073 1696 4111 nec
1748 4073 1875 4125 pet:-

280 4159 459 4205 catum
509 4150 738 4204 solutum
782 4160 956 4216 esset,
1010 4166 1108 4205 nec
1167 4151 1440 4205 inimicitia
1478 4151 1721 4216 sublata,
1780 4165 1878 4205 nec

282 4239 589 4296 maledictio
646 4241 848 4308 deleta,
918 4240 1189 4311 quomodo
1243 4242 1487 4295 remissio
1536 4251 1876 4310 peccatorum

282 4332 420 4386 facta
451 4332 633 4386 esset?

352 4421 411 4475 2.
442 4421 579 4489 Quid
611 4430 693 4477 est
723 4422 882 4492 igitur
909 4422 1059 4487 illud,
1088 4422 1151 4476 In
1181 4424 1524 4477 remissionem
1558 4432 1879 4491 peccatorum

256 4500 294 4584 ’ί
327 4513 496 4567 Marc.
527 4515 577 4567 l.
610 4514 716 4584 4)?
751 4514 983 4583 [mprobi
1029 4513 1312 4567 admodum
1364 4522 1517 4568 erant
1554 4511 1744 4578 Judaei,
1779 4529 1879 4568 nec

276 4620 537 4674 umquam
585 4608 637 4660 in
675 4615 1017 4676 peccatorum
1067 4620 1284 4661 suorum
1331 4620 1547 4660 sensum
1594 4615 1873 4667 venerant,

277 4698 375 4753 sed
407 4698 665 4752 extremis
697 4697 913 4753 obnoxii
946 4698 1118 4761 malis,
1152 4714 1209 4753 se
1241 4696 1439 4765 ubique
1474 4696 1649 4765 justos
1681 4696 1876 4765 ιιι-ενιιί-

276 4788 476 4844 cabant
508 4807 521 4841 :
548 4789 601 4844 id
641 4790 784 4861 quod
824 4790 1120 4860 praesertim
1170 4790 1313 4859 ipsos
1344 4789 1593 4857 perdidit,
1622 4799 1675 4843 et
1715 4804 1744 4842 a
1777 4787 1879 4844 lide

277 4880 524 4937 abduxit.
560 4881 668 4936 liae
707 4882 773 4939 de
819 4899 879 4937 re
918 4882 1038 4936 illos
1086 4882 1281 4937 Paulus
1326 4896 1584 4936 accusans
1625 4881 1875 4937 dicebat:

278 4972 589 5041 Ignorantes
636 4970 727 5025 Dei
763 4973 1018 5043 justitiam
1056 4984 1102 5026 et
1145 4990 1289 5026 suant
1325 4968 1613 5039 quaerentes
1639 4982 1875 5038 statuere,

280 5065 497 5128 iustitiae
522 5061 617 5117 Dei
642 5080 742 5117 non
768 5075 882 5117 sunt
908 5066 1116 5131 subiecti
1144 5066 1319 5136 (Iiom.
1347 5065 1430 5119 l0.
1463 5062 1539 5135 5).
1572 5066 1633 5119 Et
1660 5080 1876 5119 rursus:

283 5153 423 5218 Quid
468 5169 586 5224 ergo
623 5154 885 5211 dicemus?
916 5156 1062 5221 Quod
1104 5166 1273 5225 gentes
1298 5171 1409 5225 quae
1436 5172 1532 5209 non
1562 5159 1880 5208 sectabantur

283 5246 557 5308 iustitiam,
598 5245 1035 5314 apprelienderunt
1059 5247 1309 5315 justitiam
1348 5262 1367 5297 :
1415 5246 1575 5301 Israel
1604 5257 1772 5300 autem
1801 5264 1879 5301 se-

283 5333 474 5387 ctanda
516 5334 675 5405 legem
708 5335 941 5403 justitiat,
989 5336 1039 5388 in
1089 5336 1245 5405 legem
1264 5338 1481 5405 justitia:
1509 5354 1608 5390 non
1634 5339 1876 5403 pervenit.

285 5426 499 5489 Quare?
532 5426 664 5492 Quia
693 5444 791 5479 non
815 5444 880 5480 ea:
908 5428 1027 5493 ﬁde,
1056 5427 1144 5480 sed
1170 5430 1317 5496 quasi
1347 5445 1410 5483 ea:
1444 5430 1675 5496 aperibus
1702 5427 1878 5498 (Ibid.

286 5518 336 5574 9.
368 5516 545 5573 5059.
570 5516 611 5583 ).
638 5518 770 5584 Quia
798 5518 955 5597 igitur
985 5519 1099 5573 haec
1123 5534 1280 5573 causa
1310 5521 1567 5574 malorum
1612 5529 1747 5585 erat,
1782 5520 1877 5575 ad-

289 5614 436 5667 venit
478 5612 733 5679 Joannes,
781 5614 914 5666 nihil
958 5610 1100 5667 aliud
1149 5628 1336 5682 agens,
1382 5630 1537 5683 quam
1582 5624 1638 5668 ut
1668 5613 1785 5668 illos
1815 5614 1880 5668 ad

290 5714 633 5773 peccatorum
662 5720 879 5759 suorum
907 5704 1265 5776 cognitionem
1297 5704 1585 5759 deduceret
1615 5724 1626 5757 :
1660 5706 1712 5759 id
1740 5706 1879 5775 quod

290 5804 451 5854 etiam
481 5798 625 5853 illius
656 5798 865 5852 habitus
896 5796 1228 5865 ostendebat,
1263 5800 1349 5869 qui
1379 5800 1557 5869 utique
1604 5799 1667 5853 ad
1707 5800 1876 5866 pinni-

1506 383 1571 440 ΙΝ
1609 376 2021 438 MATTHEUM
2062 378 2290 437 llOMlL.
2338 381 2404 437 Χ.

3505 382 3610 441 131

2012 489 2231 545 tentiam
2278 500 2334 547 et
2376 492 2771 550 confessionem
2813 494 3145 565 compositus
3190 501 3325 550 erat.
3359 495 3471 551 Hoc
3497 497 3610 566 ipsa

2006 594 2220 651 quoque
2268 583 2579 652 prtedicatio
2623 584 3034 641 demonstravit.
3086 586 3225 640 Nihil
3270 590 3414 641 enim
3463 587 3608 643 aliud

2004 671 2235 740 dicebat,
2281 691 2465 745 quam,
2508 677 2563 732 8.
2609 675 2789 733 Facite
2834 680 3033 749 [ructus
3078 680 3259 751 dignos
3302 682 3612 751 paenitentia:

2004 765 2153 835 (Luc.
2182 769 2237 822 5.
2270 770 2324 839 δ)
2378 768 2511 836 Quia
2546 770 2706 839 igitur
2725 771 2867 841 quod
2901 782 3115 841 peccata
3144 788 3240 827 sua
3268 788 3373 828 non
3401 773 3472 827 im
3485 788 3611 842 pro-

2004 858 2213 923 barent,
2242 868 2297 912 ut
2325 859 2521 915 Paulus
2546 860 2861 929 declaravit,
2904 863 3027 917 ideo
3070 878 3100 916 a
3141 862 3357 918 Christo
3393 864 3607 919 resiliec

2001 957 2126 1003 runt
2154 965 2168 1002 :
2200 962 2416 1019 peccata
2462 961 2642 1007 autem
2694 952 2747 1007 in
2780 963 3012 1009 mentem
3046 969 3319 1016 revocare,
3354 956 3405 1010 id
3440 954 3610 1010 efﬁcit

2002 1049 2057 1095 ut
2080 1043 2387 1112 redemptor
2431 1053 2724 1113 quarratur,
2765 1055 2820 1101 et
2858 1047 3107 1101 remissio
3133 1046 3477 1103 desideretur
3508 1066 3521 1102 :
3555 1049 3607 1103 id

2001 1143 2397 1202 [imparaturus
2442 1137 2588 1191 venit
2631 1136 2888 1203 Joannes,
2941 1148 2996 1192 et
3036 1138 3347 1194 hortaturus
3389 1140 3512 1195 illos
3550 1150 3610 1196 ut

2000 1224 2369 1291 pcenitentiam
2398 1235 2615 1296 agerent
2640 1245 2654 1283 :
2697 1243 2802 1281 non
2832 1238 2883 1283 ut
2913 1230 3261 1298 punirentur;
3292 1227 3391 1284 sed
3421 1237 3479 1283 ut
3513 1246 3613 1300 per

1998 1315 2369 1383 panitentiam
2422 1318 2736 1374 humiliores
2783 1319 2979 1384 clienti,
3033 1334 3099 1375 ac
3145 1334 3267 1375 sese
3320 1321 3465 1389 ipsos
3508 1321 3610 1375 da-

1998 1414 2264 1467 mnantes.
2303 1406 2368 1461 ad
2396 1408 2771 1463 remissionem
2804 1409 3195 1478 impetrandam
3235 1421 3608 1466 accnrrerent.
3670 1476 3680 1485 ,

1998 1494 2133 1551 Vide
2175 1497 2333 1566 igitur
2376 1514 2553 1575 quam
2586 1498 2703 1555 haec
2745 1500 3031 1570 diligenter
3078 1503 3425 1570 expresserit.
3471 1502 3607 1558 Cum

1995 1588 2219 1645 dixisset
2242 1592 2406 1657 enim,
2448 1591 2595 1647 Venit
2631 1594 2915 1663 prtedicans
2958 1594 3262 1664 baptismum
3298 1597 3609 1667 pauitantia:

1997 1681 2049 1734 in
2078 1682 2277 1736 deserto
2305 1681 2525 1751 Iudaeas,
2558 1684 2781 1747 addidit,
2827 1683 2892 1738 In
2933 1687 3276 1741 remissionem
3305 1687 3512 1760 (Marc.
3552 1690 3603 1743 l.
3660 1704 3665 1713 '

1994 1770 2073 1844 4);
2104 1788 2169 1830 ac
2194 1774 2237 1829 si
2259 1774 2465 1830 diceret
2496 1792 2508 1828 :
2544 1760 2665 1829 ideo
2710 1776 2827 1831 illos
2858 1777 3104 1834 hortatus
3157 1785 3243 1833 est
3284 1788 3341 1832 ut
3367 1780 3600 1837 conﬁte-

1996 1876 2183 1919 rentur
2213 1876 2266 1921 et
2312 1869 2679 1935 ptenitentiam
2729 1878 2968 1939 agerent,
3004 1884 3114 1925 non
3157 1879 3212 1924 ut
3253 1872 3599 1940 punirentur,

1994 1958 2087 2011 sed
2136 1967 2193 2012 ut
2238 1958 2450 2014 facilius
2497 1970 2682 2029 postea
2714 1961 3089 2016 remissionem
3132 1962 3461 2031 acciperent.
3489 1961 3602 2018 Nisi

1994 2048 2137 2100 enim
2185 2048 2398 2117 seipsos
2442 2048 2812 2116 damnassent,
2862 2051 3086 2122 gratiam
3134 2067 3240 2106 non
3296 2053 3601 2121 petiissent,

1993 2151 2099 2190 neu
2133 2150 2436 2206 qumrenles
2463 2156 2592 2195 vero
2612 2143 2862 2211 gratiam,
2892 2158 3070 2213 neque
3098 2144 3475 2199 remissionem
3510 2157 3603 2198 as-

1992 2229 2200 2296 sequuti
2231 2240 2431 2283 essent.
2462 2231 2644 2300 Itaque
2672 2231 2774 2285 hoc
2801 2232 3064 2301 baptisma
3093 2234 3159 2286 ad
3191 2233 3322 2288 illud
3348 2234 3487 2288 viam
3510 2248 3603 2303 pa-

1993 2328 2073 2371 rat
2106 2338 2118 2371 ε
2154 2320 2271 2372 ideo
2310 2321 2540 2387 dicebat,
2597 2322 2668 2376 Ut
2711 2310 2919 2376 credant
2963 2324 3017 2377 in
3063 2341 3180 2377 eum
3207 2326 3294 2395 qui
3326 2325 3459 2378 venit
3488 2335 3604 2395 post

1991 2414 2157 2480 ipsum
2184 2416 2318 2482 (Act.
2353 2415 2439 2469 l9.
2470 2416 2555 2484 4);
2590 2425 2787 2483 praeter
2813 2430 2932 2472 eam
2976 2432 3137 2486 quam
3166 2416 3427 2483 diximus,
3462 2418 3603 2472 hanc

1989 2518 2206 2573 quoque
2252 2504 2410 2557 aliam
2458 2506 2793 2575 baptismatis
2838 2521 3056 2562 causam
3106 2509 3385 2577 adjiciens.
3412 2508 3603 2579 Neque

1990 2595 2133 2647 enim
2162 2596 2385 2663 perinde
2413 2596 2622 2662 fuisset,
2655 2598 2697 2651 si
2732 2596 2923 2651 domos
2950 2599 3330 2663 circumiisset,
3363 2608 3418 2656 et
3440 2598 3601 2655 Chri-

1989 2692 2130 2736 stum
2175 2699 2337 2739 manu
2381 2686 2707 2754 prehensum
2739 2686 3211 2755 circumduxisset,
3243 2688 3598 2758 dixissetque,
3634 2740 3641 2745 .

1990 2776 2045 2829 In
2080 2776 2222 2829 hunc
2271 2776 2506 2844 credite;
2538 2787 2700 2845 atque
2746 2778 2994 2832 omnibus
3026 2778 3383 2849 praesentibus
3424 2794 3489 2834 ac
3518 2779 3601 2834 vi-

1988 2867 2260 2936 dentibus,
2314 2868 2523 2924 beatam
2574 2869 2717 2923 illam
2769 2870 2949 2925 eﬂ'erri
3004 2886 3215 2936 vocem,
3274 2881 3438 2943 atque
3493 2872 3599 2927 alia

1988 2958 2168 3011 omnia
2200 2959 2404 3027 perlici.
2438 2958 2564 3013 Ideo
2593 2961 2736 3015 venit
2763 2960 2830 3014 ad
2862 2961 3149 3031 baptisma.
3183 2962 3315 3019 Nam
3338 2972 3391 3017 et
3421 2962 3597 3032 bapti-

1988 3048 2159 3102 zantis
2181 3048 2509 3102 existimatio
2538 3058 2593 3105 et
2623 3050 2697 3103 rei
2726 3050 2896 3118 ipsius
2923 3052 3184 3118 conditio,
3212 3053 3485 3111 civitatem
3517 3063 3598 3109 to-

1990 3147 2095 3191 tam
2125 3138 2450 3206 attrahebat,
2494 3148 2547 3194 et
2588 3140 2654 3195 ad
2682 3140 2972 3197 Jordanem
3004 3142 3282 3209 evocabat,
3311 3160 3597 3215 magnum-

1987 3242 2091 3295 que
2142 3228 2243 3281 fuit
2296 3228 2588 3284 theatrum.
2643 3230 2877 3300 ideoque
2938 3246 3033 3286 eos
3087 3234 3177 3303 qui
3239 3234 3595 3303 advenerant,

1988 3319 2251 3386 reprimit,
2313 3320 2611 3389 suadetque
2664 3338 2732 3376 ne
2785 3339 3039 3393 maguum
3093 3326 3367 3395 quidpiam
3420 3327 3490 3383 de
3535 3343 3597 3384 se

1986 3410 2503 3485 comminiscantur,
2554 3412 2847 3468 ostendens
2903 3430 3000 3469 eos
3054 3425 3422 3473 extremorum
3471 3434 3597 3475 reos

1987 3500 2273 3566 malorum,
2305 3501 2405 3555 nisi
2435 3502 2806 3571 pmnitentiam
2834 3505 3062 3574 egerint,
3096 3490 3382 3576 missisque
3418 3509 3595 3577 majoo

1986 3591 2133 3647 ribus
2171 3591 2303 3659 suis,
2349 3591 2676 3662 depulsaque
2719 3594 2832 3659 illa,
2861 3610 3021 3665 quam
3059 3596 3183 3652 inde
3209 3608 3593 3669 conceperant,

1983 3682 2261 3750 jactantia,
2288 3698 2410 3738 eum
2442 3686 2530 3753 qui
2558 3684 2870 3753 advenerat,
2901 3687 3223 3757 receperint.
3259 3688 3470 3744 Etenim
3496 3688 3596 3745 ob—

1985 3782 2197 3827 scurata
2238 3772 2448 3829 fuerant
2496 3775 2709 3830 interim
2736 3790 2801 3831 ea
2841 3793 2962 3847 qua:
2990 3778 3056 3831 ad
3086 3778 3357 3834 Christum
3384 3789 3597 3849 specta-

1983 3863 2132 3929 bant,
2180 3873 2235 3919 et
2276 3864 2417 3935 apud
2465 3866 2665 3920 multos
2710 3867 2972 3922 exstincta
3020 3868 3338 3925 videbantur
3370 3886 3493 3926 esse
3522 3871 3599 3927 ob

1983 3956 2185 4011 easdem
2218 3956 2269 4010 in
2299 3956 2612 4013 Betltlehetn
2643 3968 3022 4030 perpetratam.
3055 3961 3275 4017 Etiamsi
3303 3964 3445 4018 enim
3470 3980 3593 4020 cum

1985 4046 2267 4100 duodecim
2299 4062 2563 4101 annorum
2590 4056 2735 4103 esset
2776 4062 2898 4104 sese
2927 4052 3253 4117 exhibuerit,
3302 4064 3355 4107 at
3401 4056 3510 4109 cito
3540 4056 3592 4110 in

1987 4137 2218 4204 priorem
2248 4152 2369 4190 sese
2401 4137 2781 4191 obscuritatem
2805 4138 3026 4194 deduxit
3054 4159 3067 4194 :
3099 4142 3327 4213 ideoque
3356 4145 3596 4215 splendi-

1982 4232 2065 4287 dis
2112 4231 2351 4286 extirdiis
2398 4241 2452 4285 et
2496 4232 2812 4287 sublimiore
2854 4233 3119 4305 principio
3166 4250 3301 4305 opus
3338 4238 3592 4294 habebat.

1986 4328 2272 4395 Propterea
2303 4334 2427 4379 tunc
2460 4325 2691 4395 primum
2720 4340 2803 4389 ea,
2836 4340 2957 4395 qum
2996 4342 3283 4395 numquam
3310 4329 3596 4385 audierant

1984 4419 2175 4483 Judaei,
2208 4419 2289 4473 Vel
2320 4434 2348 4472 a
2392 4418 2685 4487 prophetis,
2721 4418 2803 4473 vel
2835 4418 2903 4472 ab
2932 4419 3053 4473 aliis
3091 4421 3437 4490 quibuslibet,
3472 4424 3592 4487 illa,

1986 4511 2226 4578 inquam,
2279 4510 2569 4579 conspicua
2614 4524 2745 4563 voce
2792 4508 3069 4579 prmdicat,
3111 4511 3273 4565 caelos
3295 4521 3349 4566 et
3370 4528 3592 4582 regnum

1984 4602 2241 4655 caelorum
2283 4614 2738 4666 commemorans,
2791 4601 3028 4670 nihilque
3058 4600 3127 4655 de
3167 4610 3307 4656 terra
3341 4603 3587 4673 loquens.

1987 4691 2231 4760 Regnum
2261 4700 2439 4744 autem
2490 4690 2576 4743 hic
2607 4688 2735 4765 dicit
2762 4688 3051 4743 adventum
3084 4690 3219 4759 ejus,
3250 4701 3301 4746 et
3335 4695 3583 4761 priorem,

1987 4791 2040 4837 et
2072 4783 2446 4849 posteriorem.
2494 4780 2559 4834 Et
2587 4780 2711 4850 quid
2742 4779 2844 4834 hoc
2872 4782 2940 4835 ad
2968 4780 3205 4843 Judazos,
3239 4783 3469 4852 inquies,
3501 4788 3594 4854 qui

1986 4871 2300 4927 nesciebant
2327 4870 2452 4939 quid
2480 4872 2723 4927 diceret?
2752 4872 2875 4926 Ideo
2900 4874 2979 4927 sic
3011 4873 3220 4941 loquor.
3257 4874 3460 4945 inquiet
3482 4878 3592 4943 ille,

1989 4974 2045 5017 ut
2070 4962 2334 5018 dictorum
2367 4963 2696 5018 obscuritate
2741 4964 2979 5029 excitati,
3029 4967 3243 5021 veniant
3278 4968 3341 5021 ad
3377 4969 3593 5037 perqui-

1988 5055 2213 5110 rendum
2263 5055 2411 5108 illurn
2456 5056 2543 5123 qui
2578 5054 2932 5123 prmdicatur;
2984 5056 3051 5108 ita
3080 5067 3216 5112 utet
3242 5058 3510 5127 publicani
3542 5071 3597 5114 et

1990 5147 2185 5201 milites
2214 5149 2565 5215 interrogent,
2592 5144 2719 5214 quid
2760 5145 3085 5204 faciendum.
3130 5156 3183 5201 et
3211 5148 3482 5214 quomodo
3515 5150 3596 5202 iu—

1988 5238 2256 5293 stitueuda
2305 5238 2409 5291 vita
2457 5239 2525 5290 sit
2558 5258 2569 5291 :
2598 5236 2739 5304 quod
2783 5238 2992 5306 signum
3040 5249 3156 5292 erat
3205 5240 3369 5307 ipsus,
3415 5242 3596 5297 missis

1988 5332 2334 5387 sa‘cularibus
2381 5331 2561 5392 rebus,
2594 5329 2697 5383 alia
2730 5329 2931 5399 majora
2978 5334 3267 5399 respicere,
3316 5342 3370 5385 et
3417 5332 3594 5386 futura

1986 5425 2138 5493 quasi
2184 5439 2277 5491 per
2320 5425 2585 5477 somnium
2632 5423 2932 5491 imaginari.
2980 5423 3193 5478 Etenim
3232 5435 3424 5479 cuncta
3473 5443 3594 5497 qua:

1990 5514 2241 5569 videbant
2290 5525 2341 5568 et
2369 5514 2679 5579 audiebant,
2712 5515 2779 5569 ad
2816 5515 3123 5570 sublimium
3165 5531 3342 5571 rerum
3374 5532 3593 5575 sensum

1991 5608 2263 5677 erigebant
2295 5607 2434 5661 illos.

2062 5704 2113 5755 5.
2154 5701 2380 5754 Joannes
2410 5699 2645 5769 Baptista
2686 5717 2712 5753 e
2750 5700 2944 5753 deserto
2971 5701 3231 5771 egrediens
3260 5718 3415 5770 quam
3444 5718 3596 5757 vene-

1994 5800 2203 5852 randus.
2252 5795 2424 5866 Ipsius
2471 5810 2582 5846 cum
2632 5792 2772 5847 Isaia
2812 5798 3094 5851 consensio.
3125 5826 3191 5835 —--
3227 5795 3409 5866 Cogita
3440 5797 3599 5867 igitur
