4124 6302
548 325 645 379 187

542 429 796 508 quantum
830 439 881 493 id
903 448 1044 493 esset
1075 436 1343 492 hominem
1363 434 1546 491 videre
1571 441 1692 505 post
1709 443 1878 486 annos
1906 424 2117 495 triginta

541 543 606 583 ex
635 527 849 583 deserto
888 528 1210 592 venientem,
1258 525 1519 596 principis.
1544 522 1876 579 sacerdotum
1920 517 2118 577 tilium,

542 619 631 685 qui
680 618 825 673 nulla
868 631 1116 686 umquam
1161 630 1338 672 rerum
1379 625 1715 672 terrenarum
1768 617 2019 679 eguerat}
2069 614 2124 661 ει

542 710 687 765 omni
713 724 778 763 ex
814 717 961 778 parte
999 706 1379 770 venerandum,
1424 703 1513 773 qui
1538 701 1727 757 lsaiam
1752 713 1935 754 secum
1963 697 2124 750 habe-

541 797 650 861 bat.
679 798 879 853 Aderat
902 798 1097 867 quippe
1132 797 1231 866 ipsi
1278 794 1569 863 pra-dicatus
1594 801 1648 847 et
1672 790 1856 846 dicens
1886 807 1899 842 :
1925 787 2019 841 Hic
2045 796 2123 839 est

541 901 705 958 quem
729 888 1078 943 adventuram
1104 900 1225 942 esse
1247 883 1464 954 praedixi
1492 883 1834 944 clamantem,
1876 891 1930 933 et
1956 879 2009 931 in
2033 876 2125 930 de-

540 986 689 1035 serto
716 978 856 1032 clara
885 991 1013 1032 voce
1040 976 1220 1031 omnia
1260 972 1659 1045 przcdicantem.
1712 971 1940 1025 Tantum
1982 967 2123 1023 enim

544 1079 661 1124 erat
700 1069 1074 1140 prophetarum
1122 1065 1265 1122 circa
1308 1081 1394 1120 res
1434 1064 1561 1119 istas
1611 1061 1866 1125 studium,
1922 1068 1977 1113 ut
2021 1072 2122 1112 non

545 1160 704 1215 modo
737 1154 1015 1214 Dominum
1044 1172 1223 1224 suum,
1272 1157 1366 1212 sed
1394 1157 1553 1210 etiam
1601 1168 1721 1209 eum
1759 1152 1849 1222 qui
1886 1151 1984 1220 ipsi
2029 1148 2127 1201 mi-

551 1251 871 1304 nistraturus
916 1259 1051 1314 erat,
1098 1258 1223 1303 ante
1270 1248 1494 1303 multum
1533 1244 1786 1316 temporis
1808 1242 2120 1313 praenuntia-

553 1350 676 1398 rent
704 1359 718 1395 :
748 1357 844 1396 nec
874 1340 1020 1395 illum
1057 1338 1235 1402 modo,
1258 1339 1350 1393 sed
1377 1339 1533 1393 etiam
1560 1340 1729 1393 locum
1758 1334 2125 1405 praedicerent,

547 1431 602 1484 in
632 1444 737 1500 quo
761 1438 1066 1484 versaturus
1086 1437 1199 1483 erat
1215 1470 1229 1493 ,
1253 1422 1460 1483 necnon
1497 1427 1887 1498 praedicationis
1913 1423 2128 1480 modum

546 1533 655 1587 quo
679 1518 745 1572 ad
771 1518 1067 1572 docendum
1112 1532 1303 1572 usurus
1340 1528 1476 1584 erat,
1524 1529 1577 1571 et
1617 1533 1773 1587 quam
1816 1517 2125 1585 przeclarum

549 1607 673 1663 hinc
698 1622 829 1676 opus
876 1621 1209 1661 emersurum
1249 1618 1409 1661 esset.
1461 1606 1590 1660 Vide
1615 1621 1741 1677 ergo
1768 1605 2035 1675 quomodo
2066 1606 2128 1657 liti

552 1699 796 1753 eumdem
841 1714 1054 1755 sensum
1102 1701 1258 1756 ambo
1304 1701 1581 1769 prodeant,
1613 1701 1738 1754 licet
1782 1714 1886 1753 non
1939 1699 2126 1753 iisdem

551 1788 728 1844 verbis
760 1798 990 1854 utantur,
1021 1790 1279 1860 prepbeta
1307 1805 1495 1859 nempe
1524 1799 1684 1859 atque
1706 1789 1965 1859 Baptista.
1997 1789 2127 1842 Pro—

548 1882 707 1952 pheta
758 1874 987 1952 namque
1034 1883 1206 1952 ipsum
1250 1882 1551 1937 adfuturum
1606 1896 1727 1937 esse
1774 1883 2013 1951 praedicit
2052 1882 2133 1935 his

553 1974 726 2027 verbis
765 1988 780 2026 :
822 1976 875 2029 '5.
932 1973 1114 2027 Parate
1141 1975 1272 2026 viam
1298 1971 1523 2037 Domini,
1565 1982 1727 2027 rectas
1748 1976 1894 2043 facile
1933 1976 2135 2026 semitas

551 2047 662 2129 ejus
685 2062 944 2130 (1ιαὶ.40.
967 2065 1042 2131 5).
1064 2063 1155 2118 ille
1184 2078 1314 2117 vero
1334 2073 1610 2132 postquam
1641 2064 1871 2123 advenit,
1890 2064 2131 2118 dicebat:

557 2147 731 2204 Facite
757 2153 949 2218 [ructus
976 2151 1152 2221 dignos
1179 2152 1481 2217 pecniteatt'aa
1508 2153 1524 2221 (
1549 2152 1735 2206 Matth.
1767 2156 1818 2211 5.
1850 2153 1919 2223 8)
1948 2170 1963 2208 ε
1994 2153 2132 2223 quod

555 2239 692 2294 idem
722 2241 981 2310 signiﬁcat
1009 2250 1169 2311 atque.
1196 2242 1345 2305 illud,
1394 2241 1577 2295 Parate
1612 2244 1742 2295 viam
1786 2242 2010 2296 Domini.
2050 2243 2135 2301 Vi-

552 2332 673 2386 den’
718 2343 771 2387 et
808 2350 901 2400 per
939 2348 1001 2387 ea
1043 2349 1161 2401 quae
1208 2334 1466 2400 prepbcta
1503 2335 1669 2397 dixit,
1712 2344 1764 2387 et
1810 2350 1902 2401 per
1932 2350 1993 2387 ea
2020 2350 2136 2403 quae

554 2421 667 2489 ipse
706 2421 1031 2490 praedicavit,
1078 2438 1241 2475 unum
1270 2421 1579 2491 signiﬁcari,
1619 2423 1791 2489 ipsum
1826 2423 2049 2487 scilicet,
2086 2432 2139 2477 et

557 2522 613 2565 ut
661 2512 889 2581 prmiret,
939 2521 994 2565 et
1046 2523 1102 2565 ut
1148 2513 1282 2564 viam
1331 2522 1559 2579 pararet,
1598 2512 1899 2575 advenisse,
1949 2526 2052 2565 non
2084 2524 2139 2566 ut

553 2605 750 2659 donum
780 2604 1083 2673 largiretur,
1111 2604 1313 2658 scilicet
1345 2604 1735 2667 remissionem,
1784 2603 1877 2659 sed
1911 2616 1965 2658 ut
1998 2619 2135 2673 prac-

553 2704 768 2762 pararet
796 2697 1000 2750 animas
1026 2710 1232 2758 eorum,
1264 2695 1353 2763 qui
1386 2696 1754 2749 universorum
1793 2697 1956 2751 Deum
1986 2713 2130 2752 rece-

558 2784 697 2850 pturi
745 2785 937 2837 erant?
978 2784 1145 2837 Lucas
1184 2798 1311 2836 vero
1355 2785 1580 2852 amplius
1610 2784 1736 2853 quid
1765 2786 1993 2855 adjecit;
2042 2803 2139 2842 nec

554 2873 687 2925 satis
718 2872 899 2926 habuit
926 2872 1241 2941 principium
1270 2870 1545 2927 dumtaxat
1570 2874 1780 2939 ali'erre,
1837 2878 1931 2931 sed
1974 2886 2137 2930 totam

553 2962 708 3016 allcrt
732 2963 1101 3031 prophetiam;
1137 2979 1257 3017 nam
1289 2964 1362 3017 ait
1396 2983 1408 3018 :
1442 2964 1618 3021 Omnis
1646 2966 1795 3022 vallis
1828 2968 2137 3037 implebitur,

553 3062 600 3105 et
625 3054 789 3106 omnis
815 3069 959 3106 mons
986 3064 1037 3108 et
1068 3054 1212 3107 collis
1242 3053 1587 3108 Immitiabitur
1619 3073 1637 3109 :
1663 3066 1708 3109 et
1734 3068 1878 3110 erunt
1903 3074 2059 3127 prava
2086 3060 2136 3111 in

554 3140 761 3205 directa,
805 3150 853 3194 et
889 3157 1069 3210 aspera
1097 3142 1150 3193 in
1176 3142 1281 3194 uias
1310 3142 1489 3212 planas
1511 3160 1528 3197 :
1550 3154 1594 3197 et
1618 3146 1796 3200 videbit
1826 3149 1992 3199 omnis
2018 3165 2136 3201 caro

552 3231 773 3285 salutare
825 3230 921 3286 Dei
965 3230 1195 3301 (Luc.3.
1245 3234 1296 3287 5.
1338 3233 1389 3287 6.
1438 3234 1567 3289 lsai.
1621 3237 1709 3291 40.
1743 3239 1795 3289 4.
1824 3239 1900 3305 5).
1951 3240 2137 3294 Viden'

554 3319 822 3388 quomodo
848 3320 958 3387 jam
989 3321 1114 3374 olim
1144 3322 1401 3390 prepheta
1444 3325 1622 3378 omnia
1662 3326 1814 3392 dixit,
1868 3337 1921 3382 et
1959 3329 2138 3398 populi

554 3424 896 3473 concursum,
936 3419 992 3465 et
1018 3425 1195 3465 rerum
1222 3412 1276 3465 in
1303 3413 1495 3468 melius
1524 3416 1895 3484 mutationem,
1925 3431 1979 3473 et
2005 3436 2139 3489 pra:-

553 3498 833 3577 dicationis
874 3498 1184 3555 facilitatem
1217 3508 1272 3556 et
1312 3516 1489 3557 rerum
1523 3505 1876 3573 gerendarum
1900 3510 2134 3564 omnium

552 3603 784 3655 causam,
811 3589 910 3645 etsi
938 3590 1104 3660 tropis
1135 3592 1248 3647 lucc
1276 3595 1624 3661 resperserit?
1644 3596 1770 3650 Erat
1790 3597 1985 3668 quippe
2010 3615 2133 3667 pro-

554 3680 733 3748 phetia
780 3681 1097 3735 futurorum.
1145 3679 1281 3736 Cum
1324 3684 1465 3737 enim
1497 3686 1570 3737 ait
1602 3703 1615 3739 :
1650 3686 1827 3739 Unmis
1852 3689 1997 3742 vallis
2036 3690 2136 3741 im-

553 3770 792 3838 plebitur,
829 3780 876 3825 et
913 3771 1078 3825 omnis
1105 3786 1249 3825 mons
1265 3781 1313 3826 et
1342 3774 1488 3828 collis
1514 3775 1861 3828 humiliabitur
1887 3793 1905 3829 :
1930 3787 1975 3831 et
1994 3791 2137 3832 erunt

553 3876 737 3927 aspera
762 3862 941 3915 invias
974 3861 1159 3930 planas
1190 3878 1210 3916 :
1242 3862 1470 3919 humiles
1508 3846 1838 3933 «imitandos,
1886 3876 1940 3922 et
1988 3884 2137 3924 arro-

550 3958 736 4018 gantes
760 3950 1116 4006 humiliandos
1137 3967 1257 4007 esse
1288 3956 1635 4022 praenuntiat,
1684 3966 1842 4029 atque
1870 3959 2002 4031 legis
2028 3962 2133 4017 dif-

555 4041 842 4096 Iicultatem
884 4043 933 4097 in
967 4042 1088 4098 ﬁdei
1122 4043 1431 4098 facilitatem
1476 4062 1595 4100 esse
1636 4050 1965 4105 mutandam.
2015 4053 2132 4108 Non

554 4127 711 4195 ultr'a.
742 4132 930 4202 inquit,
962 4134 1185 4187 sudores
1213 4143 1267 4187 et
1298 4134 1541 4199 labores;
1576 4137 1668 4190 sed
1708 4142 1873 4207 gratia
1904 4152 1957 4196 et
1985 4146 2133 4199 venia

550 4221 887 4285 delictorum,
932 4237 1050 4290 qua:
1091 4222 1394 4277 facillimam
1422 4225 1487 4277 ad
1514 4226 1743 4282 salutem
1779 4230 1918 4283 viam
1964 4244 2131 4301 paret.

554 4311 754 4366 Deinde
782 4313 967 4368 horum
998 4329 1214 4368 causam
1243 4317 1462 4385 apponit
1489 4316 1673 4373 dicens
1705 4339 1717 4373 :
1753 4320 1945 4377 Videbit
1973 4329 2134 4382 omnis

549 4417 673 4456 caro
699 4403 923 4457 salutare
951 4402 1046 4457 Dei
1090 4420 1110 4457 :
1153 4420 1279 4472 non,
1311 4415 1368 4461 ut
1396 4408 1545 4476 olim,
1598 4408 1767 4466 Judaei
1795 4423 1848 4468 et
1874 4418 2131 4489 proselyti

550 4494 799 4561 tantum,
840 4494 936 4550 sed
977 4505 1031 4551 et
1070 4498 1247 4552 omnis
1289 4513 1414 4554 caro
1456 4510 1509 4555 et
1553 4517 1732 4567 mare,
1784 4507 2135 4578 universaque

551 4584 826 4640 hominum
857 4594 1065 4641 natura.
1097 4586 1202 4643 Per
1225 4603 1388 4656 prava
1414 4592 1553 4645 enim
1583 4604 1635 4647 et
1669 4604 1925 4664 tortuosa,
1970 4602 2130 4657 vitam

546 4670 839 4743 quamlibet
862 4687 1164 4747 corruptam
1206 4679 1556 4735 subindicavit
1590 4701 1602 4737 ε
1641 4686 1970 4755 publicanos,
2024 4692 2133 4747 for-

549 4766 833 4833 nicatores,
881 4768 1139 4834 latrones,
1186 4784 1393 4839 magos,
1438 4775 1679 4841 quicum
1718 4782 1950 4858 perversi
1986 4784 2131 4851 prius

547 4865 751 4922 essent,
782 4866 927 4912 recta
966 4857 1163 4914 deinde
1206 4860 1292 4914 via
1335 4876 1708 4931 processerunt
1742 4883 1754 4918 :
1787 4870 1924 4938 quod
1969 4874 2128 4927 etiam

550 4946 663 5015 ipse
691 4946 901 5002 dicebat
929 4963 943 5001 :
978 4944 1255 5003 Publicani
1279 4960 1324 5003 et
1353 4964 1633 5021 peceatores
1662 4962 1942 5026 prazcedeut
1972 4981 2058 5019 vos
2078 4967 2128 5020 in

545 5051 702 5105 regno
748 5036 839 5091 Dei
883 5036 1116 5099 (Matth.
1143 5039 1235 5095 Ἦ.
1265 5040 1326 5095 δι
1349 5039 1399 5111 ),
1455 5046 1576 5113 quia
1629 5049 1987 5109 crediderunt.
2024 5056 2128 5110 ldi-

548 5142 700 5196 psum
747 5127 867 5183 aliis
908 5128 1085 5185 verbis
1123 5130 1202 5184 sic
1248 5130 1494 5187 indicavit
1521 5136 1777 5206 propheta
1811 5158 1825 5195 ε
1854 5142 1993 5199 Tunc
2019 5148 2127 5213 lupi

544 5226 591 5268 et
619 5215 743 5287 agni
770 5217 923 5271 simul
955 5228 1223 5288 pascentur
1252 5218 1403 5287 (Isai.
1431 5223 1517 5278 65.
1542 5216 1666 5297 ‘25).
1698 5227 1849 5284 Sicut
1876 5236 2015 5288 enim
2051 5236 2123 5291 ibi

545 5322 640 5375 per
663 5309 827 5365 colles
857 5311 1100 5367 etvalles
1143 5314 1557 5383 iuazqualitatem
1602 5337 1809 5377 morum
1854 5326 1907 5382 in
1963 5345 2117 5389 unam

545 5398 892 5469 philosophiae
929 5404 1285 5473 aequalitatem
1332 5411 1664 5467 commisceri
1711 5415 1844 5471 divit
1894 5437 1906 5471 :
1958 5421 2025 5475 ita
2068 5435 2123 5481 et

545 5488 631 5541 hic
660 5503 899 5559 quoque,
945 5507 1038 5561 per
1078 5493 1353 5551 brutorum
1383 5497 1643 5555 diversam
1672 5514 1916 5563 naturam
1947 5514 2122 5570 varios

545 5578 816 5634 hominum
860 5597 1033 5638 mores
1064 5584 1323 5657 indicans,
1371 5608 1580 5648 rursum
1615 5609 1709 5651 cos
1736 5597 1787 5651 in
1818 5615 1978 5656 unum
2003 5605 2117 5673 pie-

546 5672 666 5729 tatis
689 5684 1001 5731 conccutum
1024 5679 1169 5749 juugi
1199 5681 1485 5741 declaravit
1518 5704 1529 5741 :
1560 5696 1610 5743 et
1640 5689 1722 5745 hic
1746 5706 1956 5748 rursum
1986 5709 2113 5750 cau-

1210 320 1268 377 S.
1309 318 1586 377 JOANNIS
1620 308 2090 374 CHRYSOSTOMI
2131 305 2425 366 ARtlHlEP
2485 306 3016 368 CONSTANTINOP.

3711 310 3814 366 £88

2226 439 2337 479 sam
2364 424 2620 495 adjiciens
2664 426 2739 481 ait
2772 442 2786 479 :
2824 424 2937 479 Erit
2962 426 3049 496 qui
3072 434 3339 495 consurget
3369 423 3623 492 imperare
3650 429 3819 495 genti-

2228 517 2339 581 bus,
2370 526 2417 569 et
2444 516 2495 569 in
2534 517 2698 586 ipsum
2726 525 2894 588 gentes
2924 514 3197 584 sperabunt
3222 514 3375 587 (Isai.
3401 515 3487 569 il.
3522 513 3633 586 10).
3664 512 3819 583 Quod

2228 608 2401 677 ipsum
2430 608 2497 661 ibi
2532 622 2744 678 quoque
2780 608 2913 661 dixit
2947 626 2960 661 :
2996 606 3191 661 Videbit
3236 607 3397 660 omnis
3438 621 3559 658 caro
3598 606 3820 659 salutare

2231 697 2323 751 Dei
2370 714 2387 750 :
2430 697 2628 768 ubique
2675 697 2962 752 ostendens
3008 697 3414 766 evangeliorum
3456 696 3706 749 virtutem
3750 709 3814 749 ac

2232 788 2468 841 notitiam
2500 789 2566 843 ad
2598 804 2766 857 usque
2790 788 2921 841 fines
2948 796 3101 841 terr-.e
3121 785 3516 841 dilfnndendam
3539 801 3679 851 esse,
3701 800 3823 855 qua:

2230 894 2257 930 a
2290 878 2471 932 ferinis
2502 880 2736 933 moribus
2755 879 3054 947 animisque
3080 878 3301 945 asperis,
3329 878 3384 930 in
3410 886 3743 931 mansuetam
3769 884 3826 929 et

2231 970 2413 1025 mitem
2437 970 2665 1024 indolem
2694 985 2860 1039 genus
2890 970 3165 1023 hominum
3198 970 3591 1023 transmutabit.
3633 969 3689 1023 4.
3718 967 3823 1021 Hic

2230 1070 2399 1114 autem
2433 1058 2657 1115 Joannes
2699 1060 2911 1114 habebat
2945 1061 3289 1114 vestimentum
3311 1078 3458 1114 suum
3484 1060 3548 1115 de
3574 1060 3694 1129 pilis
3723 1066 3817 1113 cis-

2233 1153 2369 1215 ntelt',
2403 1162 2446 1205 et
2472 1170 2653 1206 zonam
2679 1154 2941 1219 pelliceam
2966 1154 3101 1205 circa
3121 1152 3315 1206 lumbos
3340 1169 3479 1207 suos.
3509 1151 3697 1207 Vidcn’
3720 1152 3824 1205 alia

2236 1242 2522 1312 prophetas
2571 1243 2921 1311 praedixisse,
2995 1243 3096 1296 alia
3149 1242 3490 1312 evangelistis
3542 1241 3827 1309 reliquisse

2237 1333 2533 1386 narranda?
2560 1333 2894 1401 Quapropter
2918 1332 3199 1387 Matthzcus
3225 1343 3278 1388 et
3309 1333 3614 1402 pr0phetias
3638 1332 3823 1396 aﬂ'ert,

2236 1436 2288 1481 et
2326 1440 2417 1479 sua
2469 1426 2652 1491 adjicit
2685 1444 2696 1477 :
2729 1440 2902 1497 neque
2929 1436 3081 1481 extra
3109 1442 3221 1481 rem
3246 1427 3453 1496 putavit
3480 1425 3547 1479 de
3568 1425 3697 1495 justi
3729 1440 3814 1480 ve.

2236 1517 2407 1569 stilins
2454 1516 2618 1585 loqui.

2310 1608 2362 1661 4.
2403 1605 2619 1660 Joannis
2648 1606 2891 1675 Baptistae
2917 1608 3114 1661 rigendi
3140 1624 3316 1680 genus.
3351 1638 3419 1647 —
3465 1608 3595 1662 Erat
3632 1606 3831 1677 quippe

2239 1715 2324 1754 res
2354 1698 2486 1752 mira
2528 1706 2580 1751 et
2609 1697 2871 1767 stupenda
2909 1700 2960 1753 in
2994 1699 3226 1753 humano
3255 1713 3481 1768 corpore
3508 1708 3707 1754 tantam
3748 1700 3830 1752 vi-

2238 1788 2368 1845 dere
2411 1788 2745 1844 tolerantiam
2778 1807 2790 1841 :
2825 1790 2966 1859 quod
3011 1799 3159 1845 certe
3203 1791 3420 1845 Judzros
3460 1790 3629 1860 magis
3664 1799 3831 1844 attra-

2241 1880 2417 1941 hebat.
2475 1883 2561 1950 qui
2610 1895 2856 1951 magnum
2904 1880 3077 1933 Etiam
3108 1883 3159 1934 in
3202 1882 3316 1949 ipso
3353 1881 3727 1950 respiciebant,
3776 1889 3834 1935 et

2241 1988 2304 2024 ex
2353 1973 2416 2025 iis
2461 1988 2579 2041 qua:
2612 1982 2737 2027 tunc
2781 1970 3120 2035 videbantur,
3161 1972 3300 2028 beati
3332 1973 3471 2028 illius
3500 1973 3599 2027 viri
3630 1988 3833 2028 memo-

2241 2063 2371 2116 riam
2422 2062 2781 2128 revocabant;
2816 2065 2922 2119 imo
2961 2066 3010 2119 in
3052 2063 3310 2134 majorem
3360 2065 3701 2132 rapiebantur
3737 2065 3835 2118 ads

2241 2152 2597 2207 mirationem.
2649 2153 2741 2206 ille
2790 2169 3021 2223 namque
3063 2155 3112 2208 in
3153 2156 3373 2209 urbibus
3419 2165 3476 2208 et
3505 2154 3556 2208 in
3584 2154 3835 2209 domibus

2240 2242 2498 2305 alebatur,
2546 2241 2633 2295 hic
2675 2251 2851 2297 autem
2882 2245 2950 2297 ab
2994 2245 3327 2298 incunabulis
3359 2250 3472 2299 toto
3512 2253 3752 2314 tempore
3780 2244 3834 2299 in

2243 2331 2457 2386 deserto
2504 2344 2747 2388 versatus
2791 2346 2892 2389 est.
2946 2334 3237 2402 Oportebat
3267 2340 3411 2390 enim
3444 2350 3834 2407 praecursorem

2248 2422 2403 2486 illius,
2437 2423 2526 2494 qui
2554 2434 2734 2480 vetera
2758 2426 2936 2479 omnia
2966 2427 3236 2480 soluturus
3271 2435 3406 2493 erat,
3454 2442 3645 2496 nempe
3680 2426 3833 2480 labo—

2244 2529 2377 2575 rem,
2410 2515 2860 2579 malcdictionem,
2905 2517 3142 2570 dolorem
3173 2527 3333 2585 atque
3361 2518 3631 2581 sudorem,
3680 2535 3832 2587 quie-

2243 2601 2363 2656 dam
2412 2603 2608 2660 habere
2650 2606 2891 2678 symbola
2919 2606 3287 2676 hujuscemodi
3328 2609 3475 2674 doni,
3522 2620 3577 2665 et
3610 2610 3837 2664 damna-

2246 2693 2388 2746 tione
2416 2692 2502 2749 illa
2533 2697 2864 2763 superiorem
2894 2712 3033 2752 esse.
3082 2699 3263 2767 itaque
3293 2714 3389 2753 nec
3418 2710 3615 2755 terram
3640 2703 3832 2763 aravit,

2248 2799 2420 2851 neque
2448 2783 2625 2838 sulcos
2652 2784 2944 2851 dissecuit,
2996 2803 3098 2843 non
3133 2792 3184 2844 in
3214 2790 3407 2845 sudore
3438 2792 3614 2847 vultus
3641 2809 3832 2862 panem

2246 2874 2511 2937 comedit,
2555 2876 2649 2930 sed
2689 2876 2843 2932 facile
2889 2881 3139 2949 parabilis
3178 2892 3293 2937 erat
3338 2874 3519 2939 mensa
3567 2886 3720 2954 ejus,
3780 2896 3835 2941 et

2247 2978 2429 3018 mensa
2459 2964 2662 3019 facilior
2704 2970 2949 3036 amictus,
2996 2980 3049 3025 et
3078 2971 3441 3029 habitaculum
3467 2974 3673 3029 facilius
3694 2978 3834 3031 ami-

2243 3063 2351 3107 ctu.
2404 3054 2589 3127 Neque
2627 3059 2769 3112 enim
2820 3069 2983 3125 tecto,
3036 3062 3116 3116 vel
3161 3063 3321 3129 lecto,
3353 3066 3435 3119 vel
3482 3081 3688 3132 mensa,
3746 3068 3835 3121 vel

2243 3144 2422 3213 aliquo
2450 3146 2609 3200 simili
2638 3162 2774 3217 opus
2803 3149 3025 3213 habuit;
3077 3151 3171 3205 sed
3210 3153 3505 3221 angelicam
3546 3156 3834 3224 quamdam

2243 3234 2405 3287 vitam
2437 3235 2489 3289 in
2517 3236 2617 3291 hac
2646 3253 2810 3293 carne
2835 3240 3101 3295 exhibuit.
3125 3240 3250 3297 Ideo
3274 3242 3645 3299 vestimentum
3669 3245 3835 3312 ipsius

2245 3338 2311 3377 ex
2358 3325 2474 3394 pilis
2504 3328 2831 3383 camelorum
2853 3332 3230 3386 concinnatum
3290 3343 3427 3399 erat,
3469 3344 3531 3389 ut
3558 3354 3621 3389 ex
3650 3336 3832 3391 habitu

2244 3433 2344 3472 nos
2395 3420 2718 3483 institueret,
2752 3430 2812 3475 ut
2841 3422 2910 3476 ab
2934 3422 3181 3478 humanis
3220 3424 3629 3489 absisteremus,
3663 3444 3724 3481 ac
3755 3431 3831 3484 ui-

2245 3509 2317 3563 hil
2343 3525 2462 3565 cmn
2495 3520 2631 3565 terra
2660 3528 2944 3569 commune
2968 3516 3319 3582 haberemus;
3343 3520 3435 3573 sed
3462 3521 3525 3573 ad
3555 3524 3830 3590 pristinam

2245 3598 2576 3656 nobilitatem
2623 3615 3048 3673 revertercmur,
3099 3609 3149 3661 in
3199 3624 3300 3677 qua
3355 3610 3580 3680 degebat
3627 3612 3830 3677 Adam,

2244 3699 2527 3759 antequam
2556 3695 2893 3750 vestimentis
2920 3708 2973 3750 et
3004 3699 3201 3752 amictu
3232 3710 3430 3769 egeret.
3481 3702 3570 3757 Sic
3600 3714 3653 3757 et
3682 3705 3831 3773 regni

2244 3791 2297 3834 et
2330 3782 2658 3848 poenitentia)
2693 3786 2859 3840 vestis
2917 3787 3217 3855 hujusmodi
3269 3792 3567 3862 symbolum
3617 3808 3725 3864 pm
3770 3810 3833 3850 sc

2242 3870 2465 3927 ferebat.
2521 3873 2627 3928 Nec
2668 3876 2796 3930 mihi
2842 3878 3029 3932 dicas:
3062 3879 3214 3937 Unde
3242 3882 3315 3937 illi
3345 3884 3555 3938 cilicina
3580 3886 3738 3941 vestis
3776 3896 3831 3941 et

2241 3979 2397 4030 zona,
2445 3966 2493 4018 in
2525 3966 2738 4021 deserto
2771 3967 3071 4025 habitanti?
3118 3973 3249 4027 Nam
3294 3976 3339 4029 si
3385 3990 3445 4029 ea
3492 3976 3560 4030 de
3603 3992 3661 4031 re
3682 3994 3828 4047 quam

2241 4057 2470 4112 stionem
2499 4074 2736 4123 moveas,
2769 4063 2868 4115 alia
2900 4078 3112 4133 quoque
3138 4068 3299 4120 multa
3327 4083 3570 4136 qumrere
3599 4073 3828 4138 poteris:

2242 4147 2508 4215 quomodo
2540 4148 2591 4202 in
2630 4151 2824 4213 hieme,
2872 4156 3141 4223 quomodo
3186 4159 3235 4211 iti
3272 4168 3405 4213 mstu
3443 4160 3492 4213 in
3541 4163 3829 4220 solitudine

2242 4238 2575 4305 versabatur,
2607 4242 2842 4298 maxime
2874 4248 2925 4296 in
2957 4253 3139 4301 tenero
3186 4238 3411 4319 corpore
3444 4261 3501 4307 et
3543 4254 3827 4311 immatura

2242 4337 2397 4384 actate
2444 4348 2459 4385 :
2506 4332 2773 4400 quomodo
2819 4335 2985 4402 potuit
3026 4339 3243 4406 puerilis
3269 4343 3447 4398 carnis
3490 4352 3675 4399 natura
3708 4363 3828 4402 ver-

2240 4420 2345 4475 sari
2391 4421 2441 4476 in
2484 4430 2624 4476 tanta
2677 4427 2820 4507 aeris
2851 4427 3211 4497 inaequalitate
3232 4475 3245 4496 ,
3276 4449 3398 4490 cum
3434 4446 3539 4493 tam
3565 4440 3825 4510 singulari

2241 4526 2445 4577 mensa,
2492 4522 2547 4567 et
2581 4515 2809 4595 cazteris\
2838 4526 3003 4571 vastae
3055 4516 3358 4579 solitudinis
3404 4530 3661 4585 miseriis.
3724 4532 3827 4591 Ubi

2240 4618 2380 4657 nunc
2408 4614 2531 4657 sunt
2560 4604 2867 4679 Graeeoi‘tlm
2904 4612 3229 4683 philosophi,
3278 4618 3367 4687 qui
3419 4618 3614 4678 frustra
3665 4626 3829 4698 Cyni-

2239 4709 2353 4748 cam
2388 4695 2765 4764 impudentiam
2797 4692 2987 4757 sectati
3018 4704 3182 4759 sunt?
3211 4708 3360 4777 (quid
3383 4712 3525 4766 enim
3545 4728 3680 4783 opus
3710 4692 3830 4774 erat

2239 4802 2363 4843 sese
2396 4789 2446 4842 in
2478 4788 2619 4845 dolio
2659 4794 2959 4860 includere,
2986 4807 3039 4850 et
3079 4798 3167 4854 tali
3193 4800 3387 4859 deinde
3418 4804 3629 4861 lascivia
3665 4812 3737 4864 uti
3758 4814 3828 4879 Il.)

2237 4878 2327 4948 qui
2372 4881 2601 4945 annulis,
2658 4884 2870 4954 phialis,
2941 4889 3176 4958 famulis,
3231 4897 3477 4966 ancillis,
3515 4912 3568 4956 et
3615 4878 3823 4973 reliqua

2237 4987 2426 5042 pompa
2470 4974 2713 5031 instructi
2764 4990 2952 5047 erant,
3002 4992 3055 5038 et
3100 4985 3150 5039 in
3198 4996 3484 5061 utrumque
3538 5010 3819 5051 excessum

2235 5063 2464 5131 prolapsi
2504 5066 2763 5123 sunt?At
2793 5069 2879 5125 hic
2917 5072 3034 5127 talis
3066 5090 3170 5131 non
3203 5090 3350 5146 erat;
3402 5084 3495 5137 sed
3543 5085 3823 5145 desertum

2232 5154 2617 5242 quasi‘t'aelum
2667 5160 2941 5228 habitavit,
2985 5178 3234 5225 accurate
3263 5171 3660 5242 philosophiam
3703 5194 3822 5233 om-

2234 5260 2353 5299 nem
2381 5236 2633 5304 éxhibens
2665 5271 2677 5304 :
2712 5250 2939 5322 indeque
2968 5271 3066 5311 ceu
3091 5260 3212 5327 quis
3231 5262 3453 5332 angelus
3493 5265 3559 5320 dc
3602 5269 3736 5323 caelo
3765 5270 3815 5326 in

2232 5334 2393 5392 urbes
2417 5337 2715 5405 descendit,
2746 5342 2947 5399 athleta
2993 5348 3230 5417 pietatis,
3274 5365 3560 5411 coronatus
3586 5358 3637 5412 in
3660 5360 3816 5427 orbe,

2231 5436 2282 5480 et
2315 5427 2664 5499 philosophus
2702 5434 2789 5486 illa
2845 5436 3183 5508 philosOpbia
3228 5457 3348 5511 qua:
3374 5446 3519 5501 cadis
3540 5448 3696 5517 digna
3724 5467 3817 5508 cs-

2228 5528 2329 5573 set.
2371 5519 2497 5575 Haec
2525 5537 2685 5590 porro
2714 5536 2901 5591 erant,
2951 5543 3073 5583 eum
3106 5531 3338 5587 nondum
3366 5538 3598 5594 solutum
3630 5556 3811 5611 pecca-

2230 5619 2336 5661 tum
2362 5621 2525 5675 esset,
2553 5626 2673 5666 cum
2703 5615 2933 5671 nondum
2967 5619 3049 5673 lex
3077 5633 3333 5690 cessaret,
3368 5638 3540 5685 morte
3569 5632 3809 5690 nondum

2230 5698 2424 5763 vineta,
2471 5704 2638 5773 portis
2668 5706 2822 5761 mrcis
2851 5708 3086 5768 nondum
3116 5714 3427 5788 contractis,
3476 5720 3569 5776 sed
3600 5723 3813 5793 vigente
