4124 6302
400 394 497 451 139

384 508 561 564 adhuc
602 506 769 563 veteri
810 503 1021 560 vivendi
1065 516 1282 574 genere.
1327 499 1471 555 Talis
1506 498 1688 569 utique
1714 494 1979 551 estfortis

385 600 618 671 vigilque
658 601 871 655 animus
916 615 931 653 :
984 613 1106 654 nam
1157 596 1356 665 ubique
1402 592 1632 664 prosilit,
1677 591 1985 661 positasque

384 701 557 748 metas
586 689 943 747 transcurrit?
988 686 1439 761 quemadmodum
1470 695 1522 739 et
1546 684 1741 739 Paulus
1774 683 1824 735 itt
1852 681 1983 736 Navi

383 782 715 837 Testamenti
756 781 1133 836 observatione
1164 778 1410 834 faciebat.
1460 775 1565 832 Sed
1607 790 1723 837 cur,
1754 775 1983 844 inquies,

381 890 505 929 eum
534 874 855 929 vestimento
879 874 1039 928 etiam
1066 887 1199 926 zona
1230 870 1510 925 utebatur?
1540 867 1595 923 ld
1620 869 1670 920 in
1701 882 1849 921 more
1869 875 1987 920 erat

386 966 522 1035 apud
566 974 795 1030 veteres,
840 966 1153 1034 priusquam
1184 956 1344 1018 molle
1387 962 1487 1015 hoc
1527 970 1579 1014 et
1610 958 1858 1014 difﬂuens
1890 973 1983 1013 vc-

384 1056 622 1112 stitnenti
653 1071 821 1126 genus
850 1055 1211 1110 induceretur.
1255 1052 1347 1109 Sic
1387 1053 1566 1121 itaque
1605 1060 1657 1105 et
1698 1050 1887 1105 Petrus
1932 1059 1987 1104 et

388 1146 584 1203 l'aulus
614 1147 775 1202 cincti
805 1147 1186 1201 inveniuntur:
1219 1159 1365 1210 nam,
1398 1141 1593 1207 Virum,
1620 1142 1807 1210 inquit,
1838 1141 1986 1209 cujus

388 1241 496 1291 ’ωε
519 1255 650 1291 zona
676 1247 746 1292 est
792 1238 924 1307 (Act.
961 1235 1050 1292 εἰ.
1088 1236 1144 1290 Η
1252 1235 1394 1288 Elias
1420 1247 1631 1304 quoque
1659 1233 1739 1287 sic
1766 1233 1988 1286 vestitus

388 1339 524 1394 erat,
572 1330 649 1383 sic
689 1338 996 1383 sanctorum
1041 1325 1255 1396 singuli,
1288 1322 1430 1394 quod
1466 1324 1578 1378 sive
1604 1323 1658 1377 in
1683 1322 1794 1393 jugi
1824 1336 1988 1394 opere

388 1430 749 1483 versarentur,
800 1416 914 1471 sive
958 1417 1061 1471 iter
1105 1424 1347 1485 agerent,
1397 1413 1510 1468 sive
1543 1413 1704 1468 aliam
1745 1413 1988 1483 quamvis

386 1526 502 1563 rem
550 1509 904 1565 necessariam
948 1522 1068 1561 cum
1116 1507 1297 1561 labore
1336 1512 1625 1570 curarent;
1677 1518 1773 1558 nec
1816 1518 1878 1557 ea
1922 1502 1989 1558 de

388 1616 549 1655 eausa
603 1611 830 1665 tantum,
868 1599 961 1655 sed
990 1599 1131 1669 quod
1163 1600 1323 1651 etiam
1354 1608 1605 1651 ornatum
1634 1612 1848 1651 omnem
1878 1597 1988 1650 cal-

388 1700 608 1758 carent,
656 1704 711 1747 et
757 1701 986 1747 austera:
1041 1691 1161 1745 vita:
1215 1689 1403 1744 rationi
1452 1688 1732 1745 studerent
1781 1708 1793 1744 :
1847 1690 1988 1759 quod

392 1784 565 1853 ipsum
597 1797 849 1853 maguum
898 1783 1110 1837 virtutis
1149 1782 1453 1836 encontium
1482 1795 1605 1836 esse
1634 1780 1880 1835 Christus
1904 1781 1989 1835 di-

388 1878 458 1931 cit
486 1877 571 1931 ltis
598 1876 773 1930 verbis
808 1894 821 1929 :
854 1874 990 1939 Quid
1014 1876 1184 1929 existis
1213 1874 1423 1928 videre?
1463 1874 1716 1927 hominem
1755 1873 1991 1928 mollibus

389 1969 619 2022 vestitum
639 1969 665 2022 1’
696 1966 826 2021 Ecce
854 1968 938 2035 qui
971 1968 1203 2021 mollibus
1225 1967 1519 2031 vestiuntur,
1572 1967 1625 2019 in
1649 1965 1884 2020 domibus
1910 1983 1990 2020 re-

389 2076 508 2130 gum
533 2069 648 2113 sunt
680 2058 839 2131 (Luc.
878 2059 931 2112 7.
964 2058 1091 2129 25).

460 2151 515 2205 5.
540 2151 594 2205 Si
618 2166 780 2220 porro
811 2150 901 2205 ille
928 2150 1001 2204 ita
1032 2165 1215 2219 purus,
1250 2160 1303 2203 et
1333 2149 1466 2203 etclo
1489 2148 1605 2219 ipso
1635 2148 1988 2220 splendidior,

391 2244 667 2313 prophetis
696 2243 945 2298 omnibus
975 2241 1205 2311 dignior,
1228 2255 1334 2311 quo
1362 2241 1535 2310 major
1562 2240 1664 2295 fuit
1690 2255 1871 2306 nemo,
1899 2242 1991 2310 qui

393 2344 593 2388 tantam
638 2334 821 2388 habuit
862 2333 1128 2397 fiduciam,
1171 2341 1277 2387 tam
1323 2347 1512 2403 aspere
1546 2333 1697 2398 vixit,
1745 2333 1993 2387 difﬂuen-

392 2438 501 2482 tem
549 2428 873 2497 voluptatem
920 2436 1200 2497 tant0pere
1248 2425 1589 2496 despiciens,
1650 2433 1757 2477 tam
1800 2420 1989 2478 duram

391 2532 557 2589 agens
596 2519 760 2572 vitam
794 2533 811 2574 :
841 2532 1001 2588 quam
1050 2517 1452 2571 excusationem
1496 2515 1849 2581 habebimus,
1902 2514 1991 2583 qui

394 2621 514 2681 post
556 2619 701 2664 tanta
732 2608 1012 2675 beneficia,
1064 2606 1333 2664 sexcentis
1382 2616 1722 2678 peccatorum
1766 2605 1993 2661 sarcinis

392 2703 593 2765 OltttSIi,
645 2717 712 2757 ne
753 2699 1029 2755 minimam
1067 2700 1281 2770 quidem
1330 2710 1532 2769 partem
1568 2699 1895 2769 paenitentiae
1934 2699 1994 2752 il-

393 2796 496 2848 lius
520 2792 891 2859 exhibeamus,
940 2793 1035 2847 sed
1061 2792 1307 2847 ebrietati
1335 2802 1388 2847 et
1409 2791 1580 2845 ventri
1606 2771 1769 2844 dediti
1800 2790 1990 2854 simus,

397 2886 685 2957 unguentis
740 2885 1057 2954 fragrantes,
1108 2897 1205 2937 nec
1235 2881 1485 2935 meliores
1511 2879 1863 2934 theatralibus
1892 2880 1995 2933 illis

394 2977 788 3040 meretricibus,
844 2974 1077 3044 ttndique
1125 2972 1366 3027 mullitiei
1406 2986 1504 3025 nos
1556 2971 1835 3037 dedentes,
1883 2971 1996 3024 dia-

396 3070 520 3125 bolo
562 3078 720 3141 captn
755 3068 935 3122 faciles
981 3082 1078 3121 nos
1120 3065 1496 3136 prtebeamus?
1542 3065 1591 3119 5.
1642 3062 1684 3117 Τ
1687 3081 1781 3115 unc
1830 3063 1995 3116 exibat

399 3160 466 3213 ad
514 3176 629 3213 eum
677 3159 841 3212 omnis
884 3148 1091 3221 Judaza,
1134 3166 1179 3209 ct
1226 3155 1568 3225 Jcrosolyma,
1594 3164 1637 3206 et
1664 3154 1826 3208 omnis
1858 3154 1995 3222 regio

396 3252 663 3325 Iordanis,
707 3252 758 3307 6.
792 3262 841 3306 et
875 3250 1264 3318 baptizabantur
1288 3249 1351 3300 ab
1377 3264 1433 3301 eo
1467 3248 1519 3299 in
1545 3244 1793 3309 Iordane,
1836 3247 1998 3313 conﬁ-

398 3357 555 3402 tentes
586 3356 789 3416 peccata
816 3360 931 3399 sua.
962 3342 1148 3397 Viden’
1172 3351 1426 3411 qnantmn
1460 3339 1731 3408 propheta:
1760 3354 1997 3407 praesen-

400 3440 467 3494 tia
499 3437 703 3492 valuit?
731 3435 1001 3507 quomodo
1023 3443 1191 3487 totum
1226 3431 1480 3511 populum
1513 3429 1818 3485 excitavit?
1866 3445 2000 3499 quo-

348 3554 353 3559 ·
397 3530 560 3586 modo
600 3529 777 3585 ell'ecit
822 3536 879 3583 ut
926 3536 1144 3598 peccata
1193 3527 1244 3579 in
1294 3523 1606 3579 memoriam
1645 3521 1999 3576 revocarent?

399 3623 531 3676 Nam
578 3619 931 3675 admiratione
980 3618 1197 3688 dignum
1237 3624 1370 3680 erat,
1412 3615 1593 3668 videre
1628 3614 1776 3667 illum
1812 3614 1861 3667 in
1898 3614 1999 3665 litt-

400 3729 561 3768 mano
588 3714 772 3769 habitu
802 3712 927 3767 talia
951 3710 1316 3772 exhibentem,
1365 3717 1421 3763 et
1459 3716 1601 3761 tanta
1640 3714 1877 3761 utentem
1916 3705 1998 3759 di-

401 3805 555 3860 crudi
604 3805 869 3869 libertate,
905 3812 1066 3871 atque
1098 3800 1355 3855 adversus
1401 3814 1587 3853 omnes
1628 3799 1780 3868 quasi
1814 3806 1999 3852 contra

402 3915 598 3968 pueros
648 3896 1037 3966 insurgentem,
1087 3894 1359 3965 multaque
1402 3895 1457 3948 in
1504 3894 1651 3948 vultu
1691 3893 1857 3963 gratia
1901 3893 2001 3947 ful-

402 4000 640 4057 gentem.
692 3988 773 4042 Ad
800 3995 1075 4055 stuporem
1103 3983 1416 4041 conferebat
1440 3983 1583 4053 quod
1620 3992 1739 4051 post
1772 3983 2001 4038 multum

415 4082 675 4149 temporis
715 4082 968 4151 propheta
995 4086 1305 4149 appareret;
1337 4093 1459 4132 nam
1508 4076 1623 4130 haec
1650 4074 1822 4145 gratia
1854 4074 1996 4142 apud

418 4172 537 4229 illos
586 4170 874 4236 defecerat,
906 4184 960 4225 et
1006 4178 1125 4239 post
1174 4165 1483 4219 diuturnum
1527 4170 1739 4231 tempus
1787 4174 2003 4215 reversa

417 4273 523 4320 est.
557 4262 957 4318 Prtedieationis
984 4271 1161 4314 autem
1193 4256 1404 4320 modus,
1441 4267 1611 4308 novus
1641 4264 1692 4306 et
1721 4251 2009 4321 singularis

420 4362 557 4407 erat.
606 4351 747 4406 Nilnl
794 4351 991 4421 quippe
1035 4355 1413 4402 consuetorum
1467 4343 1785 4406 audiebant;
1837 4340 2011 4395 futura

426 4459 622 4513 nempe
673 4441 810 4496 bella
841 4450 893 4495 et
923 4440 1105 4509 praelia
1150 4435 1506 4502 victoriasqtte
1554 4443 1814 4495 terrenas,
1848 4432 2016 4485 fames

423 4546 474 4591 et
505 4541 707 4604 pestes,
732 4529 1076 4604 Babylonios,
1105 4527 1316 4590 Persas,
1342 4524 1492 4576 urbis
1513 4521 1803 4585 excidium,
1827 4531 1878 4573 et
1905 4522 2007 4574 alia

426 4640 544 4693 qua
574 4621 853 4684 solebant;
884 4617 977 4673 sed
1009 4616 1179 4671 caelos
1205 4622 1258 4669 et
1285 4613 1506 4668 cteleste
1534 4625 1778 4679 regnum,
1813 4612 2013 4679 gehen-

429 4732 617 4786 tneque
638 4714 981 4783 supplicium.
1009 4711 1302 4775 Pmpterea
1327 4719 1651 4775 quamquam
1680 4703 1911 4757 rebelles
1937 4701 2015 4755 illi

428 4810 515 4880 qui
562 4822 683 4863 cum
738 4804 873 4859 .lutla
922 4811 976 4857 et
1011 4800 1231 4854 Theuda
1278 4799 1329 4850 in
1380 4796 1595 4849 deserto
1641 4793 1876 4857 fuerant,
1911 4805 2016 4845 non

432 4901 602 4956 multo
664 4903 790 4951 ante
854 4907 1096 4963 tempore
1155 4889 1403 4948 trucidati
1458 4888 1701 4953 fuissent,
1753 4892 1857 4940 non
1903 4885 2023 4941 ideo

430 4991 649 5062 segnius
674 5001 741 5042 eo
771 5001 831 5042 se
870 4986 1231 5041 contulerunt.
1268 4982 1379 5036 Non
1414 4980 1555 5034 enim
1587 4979 1654 5033 ad
1688 4978 1906 5033 easdem
1939 4991 2025 5030 res

437 5076 822 5151 perpetrandas
860 5076 1008 5143 ipsos
1058 5078 1408 5137 convocarat,
1436 5068 1501 5123 ad
1553 5068 1889 5141 tyrannidem
1920 5066 2026 5120 sci-

437 5174 584 5234 licet,
612 5169 678 5224 sd
724 5168 1099 5229 defectionem,
1130 5165 1197 5218 ad
1252 5178 1339 5218 res
1387 5160 1657 5217 novandas
1674 5159 1813 5230 λβού
1854 5168 1911 5213 ttt
1956 5157 2023 5211 ad

438 5276 728 5330 supernum
762 5273 986 5329 regnum
1032 5257 1340 5311 deduceret.
1374 5254 1606 5321 ideoque
1647 5266 1753 5304 non
1800 5250 2028 5305 detinuit

442 5374 624 5415 secum
654 5356 707 5412 in
751 5355 986 5417 deserto,
1022 5365 1194 5420 neque
1242 5347 1619 5414 circumduxit,
1652 5345 1746 5400 sed
1796 5344 1969 5413 baptiz
2002 5373 2030 5384 -

445 5460 526 5503 tos
566 5458 620 5503 et
659 5442 1011 5514 philosophia:
1054 5440 1399 5495 sermonibus
1448 5440 1736 5491 instructos
1786 5434 2027 5487 dimisit:

449 5555 543 5609 per
589 5539 769 5593 omnia
814 5536 1015 5591 docens
1065 5542 1280 5587 terrena
1320 5531 1620 5596 deSpieere,
1648 5536 1703 5582 et
1740 5525 1805 5579 ad
1853 5523 2026 5577 futura

452 5630 692 5694 tendere,
715 5643 779 5682 ac
809 5626 1049 5697 quotidie
1068 5640 1187 5680 sese
1210 5624 1499 5679 concitare.
1534 5622 1685 5674 llunc
1709 5629 1761 5673 et
1792 5632 1890 5672 nos
1914 5617 2032 5669 inti-

452 5738 646 5793 temur,
691 5740 752 5779 ac
799 5724 928 5779 cibis
983 5722 1352 5788 ebrietateqtte
1403 5716 1661 5779 dimissis,
1714 5713 1779 5767 ad
1832 5722 2033 5767 arctam

455 5820 616 5875 vitam
663 5798 1219 5879 nostrattsl‘eramus.
1251 5810 1380 5865 Nam
1430 5807 1782 5864 confessionis
1829 5814 2036 5872 tempus

1530 385 1592 441 ΙΝ
1634 378 2047 440 ΜΑΤΤΙΙιΕΙΙΜ
2096 378 2334 437 HOMIL.
2383 380 2451 436 Χ.

3592 382 3694 438 190

2094 507 2178 552 est
2202 513 2309 550 non
2336 495 2562 551 initiatis
2574 504 2629 550 et
2645 494 2963 565 baptizatis:
2989 494 3076 549 his
3099 495 3340 564 quidem,
3363 502 3424 549 ut
3442 505 3564 565 post
3579 511 3693 565 pte-

2095 586 2380 642 nitentiam
2406 597 2679 657 peractam
2708 586 2776 641 ad
2802 602 2957 642 sacra
2992 586 3212 641 veniant
3238 588 3496 658 mysteria
3525 604 3539 652 ;
3576 587 3687 641 illis
3712 586 3713 589 “

2095 692 2245 741 vero,
2270 676 2542 733 utahlutis
2558 692 2694 747 quas
2718 688 2838 746 post
2868 678 3199 747 baptismum
3230 687 3554 734 cOntraxere
3575 694 3690 734 mas

2093 770 2253 835 culis,
2269 785 2404 837 pura
2423 770 2753 825 conscientia
2773 772 2838 825 ad
2858 786 3100 827 mensam
3119 772 3686 829 acccdant.Absceda-

2092 877 2215 915 mus
2235 862 2477 931 igiturab
2493 862 2593 916 hac
2612 863 2761 916 molli
2776 862 3152 933 dissolutoque
3176 865 3302 922 vita.
3322 863 3441 919 Non
3458 877 3692 936 possunt

2088 952 2397 1018 enim,fnon
2429 962 2660 1022 possunt
2687 954 2874 1024 utique
2907 970 3014 1008 una
3039 955 3689 1013 subsistereconfessioct

2088 1042 2334 1100 delicia:
2387 1054 2441 1099 et
2470 1048 2585 1099 haec
2609 1059 2703 1099 vos
2727 1044 2921 1099 doceat
2948 1045 3189 1103 Joannes
3218 1064 3248 1101 a
3282 1050 3627 1111 vestimento,
3656 1068 3685 1104 a

2093 1134 2237 1196 cibo,
2290 1149 2318 1186 a
2365 1132 2548 1190 domo.
2606 1136 2743 1203 Quid
2783 1138 2981 1207 igitur?
3042 1141 3291 1213 inquies:
3326 1142 3471 1198 itane
3494 1152 3701 1199 arctam

2089 1222 2247 1292 jttbes
2278 1239 2376 1278 nos
2421 1224 2619 1281 ducere
2650 1228 2853 1282 vitam?
2894 1228 3011 1283 Non
3052 1230 3236 1299 jubeo,
3281 1232 3377 1288 sed
3418 1234 3621 1295 suadeo
3649 1243 3705 1291 et

2094 1313 2305 1369 hortor.
2338 1316 2491 1383 Quod
2518 1319 2563 1371 si
2598 1318 2649 1372 id
2681 1318 2857 1374 facere
2884 1334 2990 1374 non
3022 1322 3267 1390 potestis,
3311 1324 3499 1387 saltem
3541 1324 3595 1380 itt
3628 1327 3708 1382 ci-

2096 1406 2351 1462 vitatibus
2395 1408 2652 1480 drgentes
2714 1412 3087 1481 paenitentiam
3146 1414 3531 1483 exhibeamus;
3581 1432 3707 1471 nam

2090 1497 2352 1569 judicium
2379 1511 2461 1556 est
2494 1503 2547 1556 in
2571 1503 2752 1572 januis
2785 1522 2799 1558 :
2845 1505 3057 1561 etiamsi
3086 1522 3214 1562 vero
3252 1509 3508 1564 remotius
3537 1520 3703 1572 esset,

2097 1608 2163 1647 ne
2194 1595 2272 1648 sic
2309 1594 2527 1663 quidem
2580 1598 2825 1651 securius
2861 1612 3022 1668 agere
3064 1608 3361 1670 oporteret.
3404 1600 3536 1655 Nam
3586 1602 3710 1657 finis

2096 1686 2221 1740 vitae
2251 1687 2581 1757 singulorum
2612 1689 2857 1745 eamdem
2891 1692 2994 1746 vim
3024 1707 3152 1762 erga
3190 1709 3460 1765 quemque
3513 1695 3707 1761 habet,

2098 1794 2257 1847 qttam
2287 1780 2683 1834 consummatio
2710 1783 2915 1836 saeculi.
2946 1782 3101 1849 Quod
3126 1793 3304 1839 autem
3337 1786 3387 1839 in
3416 1785 3597 1856 januis
3617 1787 3708 1851 sit,

2096 1872 2218 1927 andi
2253 1873 2476 1927 l‘anlum
2529 1874 2799 1929 dicentem
2833 1893 2845 1928 :
2879 1875 3003 1929 No.1:
3045 1879 3321 1945 prwcessit,
3372 1880 3481 1933 dies
3540 1890 3708 1933 autent

2097 1967 2561 2036 approqninquarit
2597 1967 2771 2037 (Rom.
2828 1969 2915 2023 15.
2957 1969 3045 2037 l2)
3082 1988 3094 2024 :
3128 1985 3191 2025 ac
3218 1986 3423 2036 rursus,
3456 1972 3561 2039 Qui
3592 1988 3711 2027 ren-

2098 2068 2242 2112 turns
2276 2070 2369 2125 est,
2417 2061 2575 2114 veniet
2600 2103 2613 2126 ,
2653 2073 2699 2113 et
2729 2079 2829 2115 non
2862 2061 3081 2115 tardabit
3122 2062 3277 2132 (Hrb.
3318 2064 3537 2136 l0.37).
3583 2066 3711 2121 Ete-

2100 2150 2209 2204 nim
2264 2151 2411 2221 signa
2438 2152 2545 2220 jam
2585 2153 2803 2220 impleta
2843 2165 2969 2207 sunt
2997 2170 3059 2208 ea
3089 2172 3207 2224 qua:
3237 2155 3380 2211 dicm
3408 2157 3551 2212 illam
3582 2173 3706 2213 evo-

2097 2250 2241 2297 cant.
2274 2242 2407 2297 Natn
2451 2244 2527 2296 ait
2559 2261 2571 2296 :
2606 2242 2977 2303 Prtrdicabitar
3020 2248 3115 2299 hoc
3146 2249 3462 2318 evangelium
3488 2251 3629 2321 regni
3658 2251 3711 2305 in

2100 2332 2332 2387 universo
2377 2333 2568 2388 mundo
2603 2335 2657 2387 in
2688 2336 3038 2390 testimonium
3079 2338 3310 2393 omnibus
3348 2340 3579 2410 gentibus
3614 2357 3629 2395 .'
3664 2350 3713 2397 et

2098 2431 2216 2475 tunc
2269 2423 2432 2477 veniet
2474 2427 2843 2478 consummatio
2876 2424 3088 2496 (Matth.
3121 2425 3213 2482 2i.
3241 2429 3353 2497 14).

2171 2514 2224 2570 6.
2259 2515 2582 2570 Audiendum
2612 2517 2859 2585 fet'vorem
2885 2519 3130 2585 stimulat,
3162 2536 3276 2574 cum
3305 2523 3560 2589 terrendo,
3608 2534 3715 2578 tam

2101 2606 2439 2661 exhortando.
2468 2637 2538 2646 —
2571 2608 2739 2663 Dictis
2762 2609 3050 2679 diligenter
3078 2611 3359 2667 attendite.
3391 2612 3511 2668 Non
3541 2614 3711 2681 dixit,

2100 2698 2233 2752 Cum
2272 2699 2537 2754 creditum
2580 2700 2740 2755 fuerit
2777 2702 2846 2756 ab
2893 2702 3181 2768 omnibus;
3222 2705 3339 2769 sed,
3387 2705 3524 2761 Cum
3559 2708 3713 2762 fuerit

2100 2789 2239 2858 apud
2268 2805 2457 2844 omnes
2490 2791 2856 2860 prmdicatttm.
2900 2794 3189 2864 Propterea
3220 2797 3454 2863 dicebat,
3484 2797 3547 2851 In
3579 2801 3715 2854 trsti~

2103 2882 2328 2933 monium
2354 2882 2605 2950 gentibus,
2639 2882 2918 2939 declarans
2935 2900 2993 2938 se
3025 2903 3129 2939 non
3150 2898 3584 2957 exspectaturum
3613 2890 3715 2945 do-

2052 2995 2064 3006 -
2105 2989 2202 3027 nec
2232 2988 2421 3028 omnes
2463 2975 2708 3041 credant,
2738 2988 2793 3029 ut
2824 2987 3011 3045 postea
3040 2978 3237 3033 veniat.
3274 2980 3408 3036 Illud
3437 2974 3604 3047 eitim,
3649 2982 3717 3038 In

2103 3065 2472 3128 testimonium,
2507 3065 2607 3119 hoc
2635 3077 2736 3129 est,
2772 3068 2825 3121 itt
2864 3070 3290 3135 accusationem,
3334 3073 3390 3125 in
3417 3073 3717 3127 convictio-

2104 3171 2247 3218 nem,
2281 3157 2331 3210 in
2361 3157 2871 3233 condemnationem
2895 3173 3081 3213 eorum
3108 3160 3199 3230 qui
3230 3176 3336 3215 non
3369 3162 3716 3219 crediderint.

2104 3251 2173 3302 At
2219 3264 2337 3314 nos,
2380 3251 2470 3318 qui
2514 3252 2629 3303 hanc
2667 3248 2913 3305 audimus
2956 3261 3013 3305 et
3042 3251 3308 3318 videmus,
3338 3254 3716 3323 dormitatnus,

2105 3342 2559 3409 somniamnsque,
2589 3350 2643 3396 et
2661 3343 2813 3409 quasi
2840 3341 2891 3395 in
2919 3342 3332 3411 profundissitna
3362 3354 3518 3401 nocte
3544 3346 3719 3402 ebrie-

2107 3440 2214 3486 tate
2264 3448 2567 3501 gravantur.
2626 3431 2839 3487 Etenim
2893 3448 2981 3487 res
3032 3444 3327 3503 prmsentes
3382 3437 3550 3492 nihilo
3592 3449 3719 3495 sunt

2105 3521 2329 3578 sitniniis
2358 3523 2638 3589 meliores,
2670 3523 2783 3577 sive
2820 3523 2922 3578 illa:
2950 3522 3104 3580 bona:
3144 3525 3257 3581 sive
3305 3528 3545 3583 molesta:
3585 3530 3712 3585 sint.

2110 3615 2421 3683 Propterea,
2452 3616 2699 3681 obsecra,
2730 3616 2841 3685 jam
2865 3619 3334 3688 expergiscamini,
3370 3632 3424 3675 et
3444 3621 3509 3676 ad
3533 3622 3717 3679 Solem

2101 3704 2322 3773 justitim
2351 3706 2667 3773 resiticiatis.
2696 3706 2867 3762 Nemo
2894 3709 3093 3778 quippe
3115 3709 3388 3767 dormiens
3417 3712 3588 3769 solem
3621 3732 3721 3785 po-

2110 3804 2214 3849 test
2241 3796 2443 3862 videre,
2492 3812 2665 3867 neque
2696 3798 3095 3867 pulchritudine
3137 3800 3409 3857 radiorum
3441 3803 3559 3872 ejus
3584 3820 3715 3862 ocu-

2111 3889 2190 3942 los
2219 3887 2523 3951 tlelectarc;
2557 3890 2648 3945 sed
2680 3890 2723 3965 si
2757 3905 2858 3961 qua
2889 3891 3051 3956 videt,
3082 3894 3236 3964 quasi
3269 3895 3321 3948 in
3351 3897 3565 3951 somnio
3598 3913 3723 3953 om-

2112 3981 2196 4034 nia
2241 3980 2404 4037 videt.
2456 3981 2580 4036 ldeo
2620 3982 2785 4037 multa
2843 3982 2997 4039 nobis
3042 3999 3181 4054 opus
3227 3994 3311 4041 est
3347 3985 3726 4063 confessione,

2103 4077 2584 4149 mttltis'laerymis,
2622 4088 2733 4132 tum
2778 4079 2897 4146 quia
2946 4081 3066 4135 sine
3109 4077 3221 4135 ullo
3259 4099 3422 4141 sensu
3455 4088 3713 4155 jacetnus

2112 4167 2251 4221 mala
2283 4178 2683 4235 perpetrantes;
2717 4180 2828 4221 tum
2858 4169 2982 4238 quia
3027 4184 3218 4241 magna
3246 4182 3373 4228 sunt
3401 4188 3620 4244 peccata
3650 4190 3709 4237 et

2112 4257 2264 4310 venia
2314 4256 2553 4329 indigna.
2592 4256 2744 4331 Quod
2787 4272 2915 4313 vero
2946 4274 3052 4314 non
3099 4261 3354 4329 mentiar,
3384 4274 3551 4321 testes
3581 4278 3713 4324 suttt

2115 4347 2334 4416 plurimi
2367 4363 2429 4403 es
2459 4348 2837 4417 praesentibus.
2877 4350 3123 4405 Attamen
3148 4352 3274 4407 licet
3303 4355 3455 4407 venia
3486 4353 3711 4425 indigna

2118 4452 2145 4491 s
2169 4444 2247 4500 nt,
2281 4441 2653 4505 ptrnitentiam
2698 4453 2946 4509 agamus,
2974 4450 3029 4494 et
3057 4444 3273 4496 coronis
3302 4443 3563 4499 fruemur.
3598 4446 3724 4503 Pte-

2119 4530 2399 4584 nitentiam
2431 4542 2609 4585 autem
2643 4546 2797 4596 voco,
2818 4547 2924 4586 non
2953 4548 2978 4584 τι
3008 4532 3276 4603 prioribus
3300 4536 3573 4592 abstinere
3602 4554 3721 4592 ina-

2136 4624 2202 4681 lis
2230 4632 2464 4690 tantum,
2491 4620 2585 4676 sed
2620 4622 2784 4675 etiam
2818 4620 3025 4689 majora
3084 4620 3225 4674 bona
3278 4623 3531 4688 operari:
3600 4638 3732 4675 nam

2136 4718 2211 4770 ait
2236 4712 2290 4765 8.
2343 4714 2530 4769 Facite
2585 4714 2792 4781 fructus
2839 4706 3025 4779 dignos
3044 4710 3387 4779 ptenitcntiar.
3433 4714 3736 4781 Qtommln-

2122 4797 2419 4853 faciemus?
2452 4798 2507 4852 Si
2560 4798 2825 4850 contraria
2878 4796 3138 4852 faciamus
3178 4814 3192 4850 :
3237 4801 3472 4868 exempli
3522 4814 3684 4857 causa
3711 4818 3731 4857 ι

2129 4891 2353 4958 rapuisti
2381 4890 2589 4943 aliena?
2617 4888 2735 4943 Jam
2763 4897 2850 4943 tua
2882 4888 3095 4958 largire.
3134 4890 3317 4960 Longo
3342 4899 3586 4959 tempore
3615 4891 3729 4946 for-

2131 4983 2341 5034 nicatus
2388 4980 2486 5033 es?
2518 4983 2599 5033 Ab
2648 4992 2819 5034 uxore
2858 4979 3073 5035 abstine
3120 4980 3273 5033 statis
3319 4980 3731 5047 diebus,conti~

2130 5072 2366 5126 nentiam
2397 5086 2610 5125 exerce.
2653 5069 3046 5124 Contumeliam
3097 5071 3346 5134 intulisti,
3384 5073 3463 5126 vel
3497 5084 3730 5141 [περιετε-

2128 5176 2319 5219 θιιιιτεε
2363 5161 2712 5230 petcussisti?
2741 5162 3135 5216 Contumeliam
3192 5162 3542 5218 inferentibus
3568 5164 3731 5218 dein.

2134 5268 2261 5322 ceps
2292 5252 2540 5312 bettetlic,
2566 5261 2620 5305 et
2668 5251 3089 5319 percutientilms
3122 5261 3172 5303 te
3204 5252 3465 5307 beneficia
3511 5253 3722 5307 confer.

2137 5346 2323 5414 Neque
2349 5344 2492 5398 enim
2520 5345 2651 5399 satis
2675 5352 2761 5397 est
2787 5342 2852 5396 ad
2885 5343 3190 5404 sanitatem,
3219 5342 3262 5396 si
3288 5342 3454 5396 telum
3481 5344 3738 5397 exttalta-

2140 5451 2287 5496 mus;
2314 5435 2407 5487 sed
2434 5434 2640 5487 vulneri
2663 5434 2823 5486 etiam
2849 5432 3082 5486 remedia
3107 5432 3433 5486 adhibenda.
3459 5432 3750 5487 Conviviis

2134 5531 2187 5576 et
2214 5520 2462 5576 ebrietati
2502 5535 2719 5590 operam
2752 5518 2945 5573 dedisti
2978 5519 3246 5573 antehae?
3276 5519 3463 5588 Jejuna
3494 5530 3543 5573 ct
3584 5535 3745 5588 aqua:

2135 5622 2317 5684 potum
2346 5612 2557 5666 adhibe.
2590 5610 2818 5665 Attende
2846 5620 2902 5665 ttt
2934 5610 3055 5664 inde
3072 5622 3242 5664 ortam
3273 5610 3563 5681 per..ieirtn
3591 5628 3745 5665 utnu-

2136 5724 2279 5762 veas.
2318 5706 2502 5761 Vidisti
2551 5706 2837 5775 itttputlit'is
2875 5704 3044 5760 oculis
3093 5706 3324 5758 alienant
3377 5704 3637 5756 l'nrtitatn?
3667 5705 3744 5761 Ne

2137 5802 2417 5858 mulierem
2461 5799 2677 5871 quidem
2724 5801 2885 5856 ullam
2936 5800 2988 5854 in
3040 5809 3312 5870 poSlcrum
3360 5798 3636 5867 respicias,
3689 5812 3745 5855 ut
