4124 6302
433 337 527 393 191

449 452 618 520 magis
658 453 769 501 tuto
799 440 1046 497 vcrseris.
1095 437 1321 494 Declina,
1373 429 1562 500 inquit,
1604 443 1635 478 a
1681 424 1831 484 maio,
1873 429 1918 473 et
1950 419 2033 487 {ac

449 515 633 595 bonum
667 536 837 606 (Psal.
871 534 958 588 '56.
989 531 1114 600 27);
1159 543 1218 580 ar.
1262 539 1472 579 rursum
1505 538 1517 573 τ
1555 516 1772 573 Prohibe
1807 515 2032 606 (inquiin.

446 640 584 684 nam
629 601 843 688 a‘ntalo,
875 632 918 676 rt
939 621 1072 676 labia
1111 629 1198 671 tua
1238 633 1299 669 ne
1328 616 1598 684 loquantur
1638 607 1807 660 doluit!
1856 601 2029 669 (l’sal.

448 719 536 774 55.
568 714 679 787 N).
711 714 812 771 Sed
843 713 1039 766 bonum
1070 721 1280 776 quoque
1309 704 1468 755 dicito
1497 698 1623 751 mihi
1659 714 1671 748 :
1705 693 1913 763 Inquire
1943 709 2035 760 pa-

450 827 574 874 cem,
618 818 662 862 et
708 819 998 876 persequere
1039 817 1145 853 eam
1179 797 1336 868 (Ibid.
1369 809 1414 846 ι’.
1446 791 1566 857 15);
1596 804 1702 841 non
1750 800 1866 840 eam
1916 798 2032 876 qua:

451 873 572 955 cum
604 873 908 953 hominibus
934 901 1155 951 tantum,
1190 887 1280 940 sed
1306 898 1426 938 eam
1445 881 1601 934 etiam
1629 891 1746 947 quae
1773 890 1892 928 cum
1923 873 2034 927 Deo

452 990 696 1044 habetur.
732 964 960 1040 Pulchre
1001 990 1176 1033 autem
1208 977 1367 1035 dixit,
1407 972 1707 1036 Persequar:
1737 984 1753 1020 :
1787 981 1908 1019 nam
1937 979 2034 1017 εκτ

453 1080 601 1148 pulsa
630 1076 716 1129 illa
742 1082 798 1129 et
826 1069 1097 1141 proﬂigata
1127 1075 1228 1128 est,
1260 1081 1322 1118 ac
1352 1064 1532 1117 relicta
1570 1069 1728 1120 terra,
1761 1059 1812 1109 in
1844 1055 2033 1109 culum

451 1169 598 1224 abiit.
631 1165 736 1226 Sed
780 1174 1068 1232 possumus
1109 1159 1249 1212 illam
1286 1155 1560 1217 reducere,
1597 1155 1640 1207 si
1671 1153 1917 1214 velimus,
1948 1163 2035 1201 ar-

454 1259 773 1328 rogantiam,
824 1252 1125 1323 superbiam
1166 1259 1219 1304 et
1243 1249 1419 1304 omnia
1450 1246 1829 1316 impedimenta
1858 1257 2034 1296 remo—

456 1362 580 1403 vere
599 1387 614 1411 ,
649 1361 712 1399 ac
739 1358 926 1413 puram
955 1348 1443 1411 temperantemque
1469 1335 1661 1392 sectari
1691 1336 1868 1388 vitam.
1898 1330 2034 1385 Nihil

467 1439 609 1493 enim
637 1437 712 1490 ira
736 1435 1036 1501 ferociaque
1055 1430 1309 1484 deterius.
1332 1428 1455 1482 llaec
1480 1427 1622 1482 enim
1651 1426 1857 1480 inﬂatos
1880 1421 2038 1476 simul

453 1539 507 1582 et
536 1527 754 1581 serviles
780 1524 984 1578 animos
1014 1521 1195 1586 cilici',
1225 1521 1349 1573 hinc
1370 1518 1638 1578 ridiculos,
1669 1517 1790 1571 inde
1822 1515 2036 1570 odiosos

457 1607 712 1679 reddens,
735 1624 788 1669 et
809 1613 906 1667 sibi
927 1611 1192 1666 contraria
1221 1609 1477 1662 inducens
1497 1608 1656 1671 mala,
1680 1607 2037 1674 arrogantiam

463 1720 655 1774 nempe
680 1713 733 1758 et
760 1703 1135 1756 adulationem.
1168 1698 1271 1754 Sed
1305 1700 1348 1752 si
1385 1698 1605 1752 aﬂ‘ectns
1640 1697 2035 1751 immoderatio-

458 1811 580 1850 ncm
607 1791 999 1856 exscindamus,
1031 1801 1084 1845 et
1112 1789 1353 1844 modeste
1379 1788 1626 1849 humiles,
1658 1795 1713 1840 et
1737 1795 1848 1840 tuto
1879 1785 2042 1838 subli-

460 1897 574 1939 mes
601 1882 818 1936 erimus.
848 1881 977 1933 Nam
1008 1881 1059 1933 in
1087 1879 1399 1947 corporibus
1424 1877 1585 1930 etiam
1617 1876 1814 1930 nostris
1853 1890 1916 1928 ex
1959 1889 2044 1927 rc-

460 1974 745 2028 dundantia
790 1973 942 2028 mala:
984 1973 1264 2026 bumorum
1309 1968 1716 2024 commixtioncs
1757 1969 2040 2022 oriuntur:

461 2069 720 2122 elementa
759 2079 964 2133 quoque
990 2079 1114 2118 cum
1159 2061 1403 2130 proprios
1440 2059 1541 2114 sibi
1572 2058 1828 2112 terminos
1853 2056 2045 2109 transi-

463 2157 611 2222 linnt,
644 2164 695 2209 et
727 2155 1032 2209 innumeros
1055 2152 1289 2212 morbos,
1312 2160 1365 2204 et
1390 2148 1575 2202 futiera
1597 2148 1774 2216 gravia
1803 2145 2040 2216 pariunt;

464 2245 515 2300 id
545 2245 686 2314 quod
713 2244 870 2298 etiam
902 2243 1159 2296 inanima
1186 2238 1430 2295 accidere
1459 2227 1724 2298 videmus.

533 2337 586 2390 7.
631 2332 1130 2390 lmmodcrationem
1170 2331 1348 2399 itaque
1385 2327 1781 2392 abscindamus,
1822 2334 1878 2380 et
1904 2326 2046 2378 salu.

471 2429 586 2473 tare
620 2421 1008 2474 moderationis
1038 2421 1392 2489 pharmacum
1422 2426 1693 2486 potantes,
1735 2416 1787 2468 in
1824 2424 2032 2483 tempe-

468 2511 644 2564 rantia
667 2513 985 2580 congruenti
1009 2525 1347 2574 maneamus,
1369 2509 1732 2578 precibusque
1748 2507 2035 2576 diligenter

472 2601 869 2656 incumbamus.
900 2602 956 2655 Si
1006 2602 1335 2670 postulatum
1386 2615 1492 2653 non
1523 2599 1877 2666 accipiamus,
1910 2610 2034 2664 per-

469 2704 796 2754 severemus,
850 2697 910 2742 ut
953 2688 1326 2756 accipiamus;
1389 2686 1430 2739 si
1474 2687 1861 2755 acceperimus,
1911 2687 2032 2739 ideo

470 2797 878 2852 perseveremus
935 2782 1062 2849 quia
1116 2779 1443 2847 accepimus.
1503 2778 1688 2847 Neque
1726 2779 1870 2832 enim
1928 2780 2037 2830 vult

472 2872 561 2927 ille
611 2873 940 2943 postulatum
981 2872 1183 2924 donum
1222 2870 1462 2931 ditl'erri;
1531 2871 1623 2923 sed
1695 2870 2036 2923 cunctatione

473 2965 840 3019 assiduitatem
889 2965 1156 3032 sagaciter
1206 2963 1366 3031 parit.
1440 2961 1561 3014 Ideo
1612 2960 1790 3014 diﬂ‘ert
1849 2971 2037 3029 postu-

475 3056 580 3110 lata
611 3055 924 3116 concedere,
967 3069 1031 3107 ac
1059 3068 1200 3121 saepe
1245 3055 1592 3106 tentationem
1635 3051 1870 3106 incidere
1917 3065 2037 3118 per--

469 3140 650 3205 mittit,
684 3150 739 3192 ut
769 3139 1068 3206 h-emtentcr
1092 3138 1157 3191 ad
1186 3152 1306 3191 eum
1335 3136 1722 3206 confugiamus,
1747 3145 1800 3191 et
1828 3136 1903 3189 sic
1932 3151 2054 3205 pero

470 3242 794 3284 sereremus.
825 3229 912 3282 Sic
937 3243 1146 3297 quoque
1171 3226 1366 3282 faciunt
1393 3243 1424 3296 p
1443 3239 1565 3281 utres
1585 3237 1637 3280 ct
1668 3237 1863 3281 matres
1891 3228 2054 3296 prolis

472 3328 739 3372 amantes:
763 3333 882 3372 cum
911 3319 1155 3385 parvulos
1181 3333 1305 3371 suos
1330 3316 1553 3369 viderint
1582 3317 1648 3368 ab
1673 3330 1731 3369 se
1757 3317 2051 3380 discedere,

479 3419 536 3463 ut
557 3425 677 3463 cum
706 3408 992 3476 mqnahbus
1021 3410 1130 3459 suis
1158 3405 1370 3470 ludant,
1403 3407 1448 3458 id
1483 3415 1671 3460 curant
1699 3415 1754 3459 ut
1778 3407 2053 3461 domestici

480 3499 729 3554 terricula
769 3499 929 3551 multa
979 3497 1250 3559 simulent,
1298 3505 1354 3549 ut
1405 3511 1510 3563 prae
1563 3497 1751 3550 timore
1800 3506 2056 3566 cogantur

473 3592 677 3661 pueruli
716 3590 782 3644 ad
823 3600 1117 3644 maternum
1161 3589 1334 3642 sinum
1363 3589 1665 3656 confugere.
1713 3587 1800 3642 Sic
1837 3598 1888 3642 et
1919 3589 2054 3641 lteus

473 3697 614 3751 smpe
642 3682 812 3736 minas
842 3682 1082 3744 intentat,
1116 3695 1222 3733 non
1266 3689 1325 3732 ut
1365 3681 1500 3732 mala
1529 3678 1752 3747 inﬂigat,
1785 3679 1876 3732 sed
1910 3690 1965 3730 ut
1989 3679 2052 3731 ad

472 3786 531 3828 se
561 3771 846 3841 pertrahat.
873 3771 1004 3824 Cum
1027 3781 1204 3824 autem
1233 3769 1298 3822 ad
1327 3769 1472 3821 illum
1498 3769 1853 3838 confugimus,
1876 3770 2052 3821 statim

475 3870 670 3915 luctum
703 3862 861 3916 solvit
884 3881 897 3911 :
919 3861 1058 3930 quod
1083 3862 1128 3914 si
1156 3859 1288 3914 tales
1314 3871 1553 3913 essemus
1580 3858 1629 3910 in
1656 3858 2049 3916 tentationilms,

477 3952 659 4022 quales
681 3952 734 4007 in
766 3951 1163 4019 tranquillitate,
1195 3955 1605 4018 nonegeremns
1634 3947 2053 4002 tentationvdiie-

1203 332 1259 375 δ.
1298 317 1570 378 JOANNIS
1605 302 2072 370 CHanosrout
2111 303 2427 362 ARCtllEP.
2466 299 2999 358 CONSTANTINOP.

1593 4230 2648 4255 Μ

3609 295 3714 353 τοί

2124 404 2250 474 quid
2281 405 2347 458 de
2372 401 2525 457 nobis
2550 400 2738 468 loquor
2770 398 2823 437 ιν
2843 396 2976 453 Nam
3003 393 3203 450 sanctis
3227 407 3442 463 quoque
3471 392 3576 447 illis
3607 409 3718 446 ma-

2127 511 2228 565 gna
2257 496 2379 548 hinc
2407 491 2746 562 proveniebant
2778 487 3144 556 temperantia:
3173 483 3405 540 occasio.
3439 481 3564 537 Ideo
3593 481 3722 536 dicit

2129 585 2386 655 propheta
2416 599 2428 633 :
2461 579 2656 634 Bonum
2677 579 2802 631 mihi
2829 578 2946 648 quia
2974 574 3254 630 [inmitiain
3285 589 3362 626 me
3391 572 3563 643 (Psal.
3590 573 3716 625 118.

2132 677 2242 747 71).
2284 676 2507 742 ipseque
2540 670 2791 740 apostolis
2818 667 3030 722 dicebat
3057 684 3070 720 :
3101 665 3168 719 In
3199 664 3387 719 mundo
3432 663 3720 717 tribulatio-

2133 783 2245 822 nem
2273 767 2511 819 habebitis
2542 764 2719 832 (Joan.
2747 763 2833 816 16.
2859 761 2970 830 35).
3001 757 3112 813 Hoc
3134 756 3512 827 porroPaulus
3536 755 3723 810 subin-

2136 860 2305 922 dicat,
2338 873 2456 910 cum
2487 857 2560 909 ait
2589 873 2601 908 :
2638 853 2801 907 Datus
2829 862 2900 907 est
2929 851 3053 904 milii
3080 850 3314 906 stimulus
3344 850 3532 910 carnis,
3562 863 3722 918 ange-

2135 952 2211 1005 lus
2259 959 2472 1009 satanw,
2518 948 2601 1017 qui
2645 963 2722 998 me
2762 943 3041 1013 colaphizet
3071 942 3148 1014 (2.
3196 940 3313 996 Cor.
3359 939 3444 993 12.
3481 939 3555 1010 7).
3601 938 3724 993 Ideo

2134 1053 2385 1113 precatus
2415 1051 2468 1094 ut
2497 1058 2526 1093 a
2559 1038 2849 1092 tentatione
2879 1037 3215 1098 liberaretur,
3245 1030 3297 1086 id
3332 1045 3433 1084 non
3464 1029 3725 1097 impetra-

2132 1137 2228 1198 vit,
2259 1137 2381 1204 quia
2425 1129 2547 1188 i‘nde
2579 1145 2822 1199 magnam
2867 1127 3118 1196 carpebat
3148 1127 3454 1180 utilitatem.
3484 1124 3538 1178 Si
3596 1139 3725 1177 vero

2136 1235 2299 1280 totam
2347 1224 2558 1278 Davidis
2601 1224 2763 1274 vitam
2814 1219 3171 1289 exploremus,
3216 1217 3546 1271 inveniemus
3577 1216 3722 1270 illum

2135 1316 2275 1370 inter
2324 1313 2554 1384 pericula
2604 1311 2905 1373 clariorem,
2948 1323 3122 1378 neque
3163 1307 3309 1361 illum
3357 1314 3582 1370 tantum,
3629 1306 3747 1366 sed,

2135 1407 2293 1460 etiam
2321 1405 2454 1458 alios
2478 1417 2663 1456 omnes
2691 1401 2790 1469 ipsi
2815 1385 3036 1454 similes.
3074 1397 3282 1454 Etenim
3314 1396 3415 1449 Job
3446 1395 3547 1449 hoc
3574 1405 3726 1463 pacto
3769 1431 3771 1433 ι

2137 1495 2303 1561 magis
2347 1492 2571 1554 refulsit,
2613 1489 2813 1558 Joscpb
2842 1489 2920 1542 sic
2963 1486 3130 1557 magis
3170 1487 3444 1555 magisque
3483 1485 3676 1538 claruit
3709 1502 3722 1537 :

2137 1586 2299 1642 Jacob
2333 1582 2456 1639 item
2489 1595 2541 1638 et
2565 1592 2715 1650 pater
2745 1581 2935 1650 ipsius,
2976 1589 3028 1634 et
3055 1594 3204 1641 avus,
3233 1588 3288 1632 et
3314 1587 3573 1647 quotquot
3601 1591 3728 1630 con-

2138 1677 2305 1746 spicui
2349 1676 2580 1740 filerunt,
2627 1671 3186 1742 splendidioribusqne
3223 1671 3437 1725 coronis
3477 1679 3598 1723 Sttnl
3641 1684 3728 1722 or—

2141 1770 2271 1835 nati,
2304 1786 2367 1822 ex
2411 1769 2662 1821 aerumnis
2701 1774 2860 1836 atque
2902 1763 3286 1819 tentationibus
3329 1771 3382 1816 et
3411 1762 3647 1816 coronati
3677 1769 3731 1816 et

2142 1860 2450 1930 proclamati
2475 1867 2618 1910 sunt.
2643 1855 2767 1909 Haec
2796 1869 2914 1909 cum
2948 1855 3178 1907 sciamus
3208 1851 3408 1917 omnia,
3439 1851 3728 1906 secundum

2141 1952 2432 2019 Sapientem
2479 1949 2622 2002 illum
2666 1960 2990 2008 sermonem,
3028 1943 3111 1998 Ne
3137 1947 3428 2015 festinemus
3458 1945 3508 1996 in
3540 1944 3619 1995 die
3650 1946 3730 1995 in-

2141 2043 2356 2096 vasionis
2376 2040 2557 2110 (Eccli.
2581 2041 2637 2094 2.
2658 2040 2739 2110 2),
2763 2039 2857 2093 sed
2879 2038 2944 2093 ad
2973 2054 3133 2092 unum
3158 2045 3359 2091 tantum
3380 2052 3476 2090 nos
3499 2036 3733 2090 institna.

2142 2151 2276 2198 mus,
2299 2143 2354 2186 nt
2372 2133 2546 2186 omnia
2569 2130 2775 2186 fortiter
2797 2133 3046 2195 l'eramus,
3068 2144 3164 2183 nec
3183 2129 3391 2182 curiose
3406 2129 3733 2198 inquiramns

2142 2225 2223 2277 vel
2242 2234 2538 2277 scrutemur
2553 2238 2614 2276 ea
2633 2236 2749 2290 qua:
2765 2221 3030 2276 accidunt.
3045 2210 3175 2274 Nam
3193 2223 3348 2283 scire,
3371 2234 3473 2288 quo
3496 2229 3735 2289 tempore

2142 2316 2390 2369 desiturac
2411 2314 2514 2367 sint
2538 2327 2811 2373 aerumna»,
2836 2310 2928 2364 Dei
2951 2319 3055 2376 est,
3081 2310 3168 2378 qui
3192 2309 3429 2378 permisit
3462 2309 3577 2363 illas
3599 2311 3734 2363 acci-

2145 2406 2314 2470 dere'r
2354 2407 2522 2459 illatas
2556 2419 2682 2457 vero
2724 2417 2843 2456 cum
2887 2403 3177 2471 gratiarum
3227 2402 3436 2455 actione
3477 2399 3636 2462 ferre,
3683 2399 3733 2453 id

2148 2497 2423 2565 probitatis
2444 2504 2636 2548 nostrm
2659 2503 2742 2546 est
2769 2507 2919 2560 opus.
2940 2491 3092 2559 Quod
3119 2493 3160 2546 si
3186 2491 3293 2553 fiat,
3314 2492 3489 2544 omnia
3511 2506 3734 2559 sequen-

2151 2575 2427 2649 tur'bona;
2468 2596 2522 2638 ut
2556 2599 2684 2638 vero
2711 2596 3028 2652 sequantur,
3063 2593 3224 2652 utque
3268 2583 3352 2635 hic
3382 2582 3733 2652 probatiores,

2145 2677 2252 2732 illic
2281 2692 2407 2730 vero
2438 2675 2831 2745 splendidiores
2862 2661 3183 2739 efﬁciamur,
3216 2673 3590 2742 quodcumque
3623 2674 3735 2726 illa-

2147 2777 2257 2821 tum
2288 2766 2442 2820 fuerit
2484 2767 2829 2834 excipiamus,
2859 2766 3056 2834 gratias
3093 2764 3158 2817 de
3195 2765 3438 2816 omnibus
3483 2763 3737 2818 habentes

2148 2858 2220 2921 ci,
2248 2857 2335 2926 qui
2380 2856 2567 2909 melius
2608 2856 2748 2908 novit
2787 2870 2945 2924 quam
2977 2869 3076 2908 nos
3112 2855 3208 2923 ipsi
3237 2853 3362 2924 quid
3397 2853 3547 2906 nobis
3576 2871 3736 2924 cxpe-

2149 2950 2276 3012 diat,
2324 2949 2518 3019 quique
2557 2957 2833 3016 parentum
2861 2962 2984 3016 erga
3030 2963 3129 3000 nos
3171 2947 3332 2999 vincit
3378 2961 3655 3000 amorem:
3685 2955 3738 3000 et

2150 3041 2251 3096 hoc
2297 3051 2578 3109 utrumque
2627 3040 2961 3094 ratiocinium
3013 3040 3062 3092 in
3113 3039 3437 3108 quibuslibet
3487 3040 3739 3093 utrumuis

2148 3135 2300 3189 nobis
2340 3133 2468 3204 ipsis
2506 3141 2861 3198 recantantcs,
2889 3132 3305 3200 comprimantus
3342 3146 3652 3196 maerorem,
3687 3143 3739 3184 ct

2147 3226 2367 3296 gloriam
2399 3224 2690 3277 referamus
2718 3223 2846 3287 Deo,
2875 3222 2964 3291 qui
2994 3222 3044 3275 in
3069 3222 3314 3275 onmibus
3343 3222 3518 3274 omnia
3546 3221 3610 3274 ad
3641 3238 3740 3275 no-

2152 3325 2314 3370 stram
2364 3316 2642 3368 utilitatem
2686 3312 2976 3383 dispensat.
3022 3313 3112 3367 Sic
3141 3315 3278 3365 enim
3310 3323 3360 3366 et
3396 3302 3615 3367 insidias
3660 3313 3740 3366 fa-

2151 3407 2253 3461 cile
2291 3406 2641 3473 depcllenms,
2689 3414 2742 3458 ct
2777 3403 3247 3457 immarcescibiles
3284 3418 3511 3457 coronas
3551 3419 3738 3458 conse-

2151 3513 2373 3565 qucmur
2404 3515 2415 3546 :
2447 3511 2576 3566 quas
2607 3509 2705 3548 nos
2731 3509 2918 3548 omnes
2947 3493 3157 3561 assequi
3189 3493 3459 3563 contingat
3485 3496 3651 3562 gratia
3680 3505 3733 3548 et

2151 3587 2472 3655 benignitate
2502 3585 2708 3638 Domini
2737 3584 2902 3637 nostri
2941 3584 3065 3638 Jcsu
3093 3583 3309 3649 Christi,
3350 3585 3563 3652 quicum
3599 3586 3736 3639 Patri

2161 3679 2348 3747 gloria,
2384 3660 2684 3743 imperium,
2727 3677 2918 3739 honor,
2961 3689 3080 3728 cum
3110 3684 3298 3728 sancto
3332 3675 3554 3743 Spiritu,
3600 3691 3741 3730 nunc

2153 3777 2207 3821 et
2234 3782 2466 3835 semper,
2497 3777 2547 3819 et
2577 3766 2627 3818 in
2651 3765 2843 3818 saecula
2868 3765 3204 3819 Stcculorum.
3230 3765 3420 3818 Amen.

2218 3886 2230 3915 ί
2269 3881 2344 3929 sic
2366 3886 2500 3928 recte
2519 3877 2657 3927 savii.
2677 3884 2728 3926 et
2749 3877 2933 3940 aliquot
2966 3878 3290 3940 Manuseripti.
3317 3875 3402 3926 Alii
3428 3890 3548 3927 vero
3569 3887 3619 3928 et
3643 3885 3734 3928 Mo-

2151 3945 2267 4004 rel.,
2293 3945 2349 3992 Et
2371 3940 2488 4002 quid
2509 3939 2570 3990 de
2587 3939 2845 3988 tentatione
2881 3939 3045 4002 loquor
3063 3939 3087 3988 1'

1856 4423 2200 4488 HOMILIA
2241 4421 2361 4482 XL

475 4595 603 4650 Car.
618 4595 671 4650 ὅ.
691 4609 744 4648 v.
760 4594 811 4646 7.
830 4593 1011 4645 Videtis
1031 4602 1192 4644 autent
1216 4591 1396 4644 multos
1415 4590 1812 4646 Sodduca'orum
1839 4575 1884 4641 et
1919 4587 2061 4640 Pha-

548 4687 803 4740 risaeorum
839 4685 1080 4737 uenientes
1107 4682 1174 4735 ad
1213 4681 1512 4749 baptismum
1554 4696 1721 4745 suum,
1769 4680 1896 4732 dixit
1941 4679 2056 4733 eis:

548 4775 813 4830 Genimina
847 4776 1150 4844 viperarum,
1188 4774 1299 4840 quis
1327 4773 1683 4827 demonstravit
1724 4771 1860 4826 vobis
1886 4775 2062 4842 fugere

547 4881 581 4919 a
608 4872 816 4918 uentura
839 4863 947 4919 ira?

549 5019 600 5072 1.
633 5015 741 5073 Cur
778 5032 906 5087 ergo
931 5017 1004 5070 ait
1025 5016 1291 5084 Christus,
1324 5031 1420 5072 eos
1442 5031 1546 5071 non
1574 5017 1865 5074 credidisse
1899 5019 2058 5075 Joan-

479 5108 568 5163 ni?
607 5108 738 5175 Quia
780 5123 884 5160 non
910 5115 1026 5161 erat
1070 5106 1197 5161 illud
1240 5106 1481 5173 credere,
1517 5122 1637 5161 cum
1689 5124 1812 5162 eum
1857 5111 1943 5179 qui
1989 5111 2058 5164 ab

481 5197 593 5267 ipso
619 5196 1022 5267 prcedicabatur,
1057 5210 1160 5248 non
1194 5196 1515 5265 acciperent.
1544 5198 1677 5253 Nam
1700 5208 1754 5254 et
1785 5200 2055 5269 pr0pbetis

477 5297 530 5340 et
577 5286 860 5354 lcgislatori
889 5287 1164 5340 attendere
1213 5287 1523 5343 videbantur
1563 5309 1577 5343 ε
1621 5301 1673 5344 et
1714 5301 1888 5346 tamen
1927 5293 2056 5348 dixit

477 5375 567 5430 ille
607 5392 711 5451 non
748 5376 1058 5440 attendisse,
1085 5378 1206 5447 quia
1239 5393 1361 5433 eum
1389 5381 1478 5448 qui
1505 5383 1573 5437 ab
1605 5383 1705 5436 illis
1737 5384 2056 5451 prmdicaba-

478 5473 562 5518 tur
594 5480 698 5519 non
731 5475 1041 5536 receperunt
1071 5484 1083 5519 :
1113 5468 1171 5522 Si
1199 5473 1330 5522 enim
1358 5472 1619 5525 crederetis
1652 5471 1837 5542 Moysi,
1866 5477 2052 5544 inquit,

476 5553 738 5608 crederetis
762 5556 929 5625 utique
952 5565 998 5610 et
1024 5557 1145 5610 mihi
1167 5556 1346 5627 (Joan.
1375 5559 1428 5614 5.
1453 5561 1565 5629 16).
1597 5562 1663 5616 Et
1688 5572 1867 5630 postea
1894 5566 2054 5620 inter-

477 5645 645 5718 rogati
664 5661 694 5702 α
715 5646 1227 5730 Christo,_Baptisma
1244 5649 1460 5707 Joannis
1485 5654 1616 5708 unde
1642 5656 1751 5710 est?
1776 5654 2052 5711 dicebant:

2167 4581 2227 4636 Si
2253 4581 2546 4647 dixerimus,
2576 4581 2652 4634 De
2672 4583 2823 4642 terra,
2853 4590 3080 4632 timemus
3109 4581 3305 4632 turbam
3328 4598 3348 4644 ;
3393 4583 3437 4636 si
3467 4598 3581 4638 vero
3608 4586 3752 4640 dixe-

2165 4673 2348 4735 rimus,
2380 4670 2453 4725 De
2482 4673 2622 4736 ca'to,
2655 4673 2783 4724 dicet
2810 4671 2971 4732 nobis,
3005 4670 3174 4735 Quare
3199 4688 3316 4741 ergo
3342 4689 3442 4726 non
3472 4675 3752 4730 credidistis

2163 4764 2209 4817 ei
2236 4759 2450 4841 (Matth.
2483 4761 2568 4814 ΩΙ.
2598 4763 2687 4816 ‘25.
2740 4762 2869 4830 26)?
2899 4761 2974 4813 Ex
3009 4763 3088 4814 his
3131 4776 3260 4831 ergo
3300 4764 3546 4819 omnibus
3577 4766 3750 4834 palam

2164 4863 2244 4910 cst
2272 4855 2416 4927 ipsos
2445 4855 2654 4909 venisse
2678 4865 2727 4909 et
2751 4854 3045 4922 baptizatos
3073 4853 3253 4915 fuisse,
3288 4855 3380 4910 sed
3404 4857 3453 4910 in
3487 4856 3588 4911 fide
3619 4865 3751 4927 prac-

2161 4945 2444 5001 dicationis
2473 4960 2578 4999 non
2601 4947 2878 5000 mansisse.
2915 4945 3122 5000 Etenim
3153 4946 3389 5002 Joannes
3421 4948 3631 5004 illorum
3658 4965 3748 5004 ne-

2159 5039 2380 5108 quitiam
2421 5038 2670 5103 ostendit,
2718 5039 2929 5108 quando
2959 5039 3032 5091 illi
3068 5038 3132 5093 ad
3165 5041 3455 5110 Baptistam
3491 5044 3751 5099 miserunt

2159 5129 2399 5185 dicentes
2423 5147 2436 5181 :
2467 5129 2528 5184 Si
2554 5139 2604 5183 tu
2628 5148 2678 5184 es
2702 5131 2860 5192 Elius,
2889 5133 2929 5183 si
2951 5141 3002 5183 tu
3029 5148 3078 5185 es
3109 5131 3339 5187 Christus
3365 5133 3522 5204 (Joan
3547 5135 3597 5188 1.
3631 5134 3745 5207 Si);

2157 5223 2504 5292 quamqbrem
2538 5223 2742 5288 intulit,
2779 5223 2876 5288 Qui
2904 5234 3070 5277 autem
3097 5225 3234 5277 missi
3265 5229 3488 5296 fuerant,
3521 5241 3663 5279 erant
3689 5244 3751 5281 ex

2163 5313 2436 5368 P/taristeis
2466 5313 2622 5386 (Ibid.
2657 5332 2702 5369 υ.
2727 5316 2840 5383 24).
2863 5316 2995 5381 Quid
3026 5317 3215 5386 igitur?
3244 5332 3420 5372 annon
3452 5319 3618 5371 turba:
3648 5334 3746 5386 po-

2159 5407 2268 5475 puli
2297 5406 2520 5475 idipsum
2554 5408 2803 5474 putabant
2822 5407 2845 5458 ’ἶ
2887 5408 3054 5460 Etiam
3081 5424 3094 5460 :
3123 5422 3305 5462 verum
3334 5408 3483 5477 plebs
3517 5409 3745 5478 simplici

2161 5504 2338 5551 m‘ente
2387 5495 2500 5548 bare
2550 5496 2946 5565 suspicabatur;
2995 5495 3247 5549 Pharisaei
3290 5511 3419 5550 vero
3470 5498 3642 5566 ipsum
3690 5501 3744 5553 in

2152 5601 2404 5641 sermone
2427 5599 2620 5654 capere
2649 5586 2915 5640 volebant.
2945 5587 3077 5652 Quia
3103 5587 3245 5640 enim
3278 5587 3329 5640 in
3359 5588 3609 5643 confesso
3629 5603 3737 5643 crat

2155 5677 2425 5732 Christum
2467 5691 2586 5732 esse
2632 5686 2906 5733 venturum
2948 5694 3010 5733 ex
3055 5679 3172 5734 vico
3211 5677 3444 5746 Davidis,
3485 5678 3572 5735 hic
3616 5695 3743 5733 vero
