4124 6302
352 320 458 377 193

347 448 418 487 ex
444 428 682 488 Levitica
715 426 854 483 tribu
885 431 1022 490 erat,
1060 415 1439 489 interrogando
1471 414 1692 470 insidias
1714 412 1817 486 ipsi
1860 427 1951 482 pa-

352 525 574 588 rabant;
615 530 673 575 ut
699 519 743 573 si
773 515 900 587 quid
930 530 1089 570 secus
1110 511 1481 583 responderet,
1513 508 1566 563 in
1595 507 1745 562 illum
1766 498 1951 560 insur-

347 622 555 684 gerent.
583 611 694 664 Hoc
714 608 856 661 enim
883 607 1046 662 etiam
1072 620 1138 660 ex
1170 601 1514 673 sequentibus
1530 598 1769 655 declarat
1793 618 1806 652 :
1830 613 1952 652 nam

350 720 474 761 eum
502 701 630 758 nihil
658 714 847 755 eorum
877 713 996 767 qua:
1023 698 1123 768 ipsi
1153 692 1539 765 exspectabant
1563 691 1951 763 respondisset,

353 805 530 851 tamen
562 793 736 864 ipsum
781 792 1055 860 culpantes
1099 788 1332 843 dicunt:
1378 783 1514 851 Quid
1554 800 1673 855 ergo
1704 782 1951 852 baptismi,

350 887 395 943 si
420 896 476 941 tu
499 881 601 939 non
629 901 680 939 es
701 884 930 939 Christus
960 880 1141 951 (Joan.
1166 877 1218 934 Ι.
1244 877 1381 948 25)?
1405 886 1462 932 ut
1487 892 1617 932 vero
1646 875 1823 930 discas
1850 874 1953 927 alia

350 986 536 1034 mente
562 977 881 1040 Pharisaeos,
910 975 1012 1027 alia
1042 974 1249 1044 plebem
1278 970 1512 1034 venisse,
1541 968 1663 1024 audi
1686 966 1957 1037 queinodo

351 1069 680 1142 evangelista
721 1069 824 1123 hoc
863 1068 1026 1122 etiam
1069 1064 1325 1120 declaret.
1366 1064 1499 1118 Cum
1532 1076 1726 1132 nempe
1761 1060 1827 1114 de
1860 1075 1954 1129 pu-

353 1161 482 1232 pnlo
508 1160 604 1226 ait,
636 1161 781 1228 ipsos
819 1157 1031 1212 venisse
1058 1164 1114 1210 et
1136 1154 1205 1210 ab
1232 1155 1321 1208 illo
1344 1153 1640 1223 baptizatos
1678 1166 1799 1205 esse
1828 1165 1957 1202 con-

356 1251 569 1306 ﬁtentes
599 1258 820 1320 peccata
840 1263 969 1311 sua;
997 1246 1067 1302 de
1088 1244 1374 1300 Pharisznis
1402 1259 1529 1298 vero
1552 1259 1657 1297 non
1685 1240 1950 1303 similiter,

352 1340 450 1395 sed
483 1339 567 1395 bis
591 1338 770 1395 verbis
799 1357 811 1392 :
867 1335 1055 1392 Videas
1078 1335 1263 1390 inultos
1292 1333 1699 1390 Saddttcteorunt
1725 1341 1771 1387 et
1816 1331 1957 1384 I’Ita-

354 1432 621 1485 risa'orttm
649 1430 916 1492 venientes,
949 1427 1144 1481 dicebat
1164 1444 1184 1482 :
1218 1426 1487 1481 Cenimina
1515 1426 1821 1496 viperarum,
1844 1423 1957 1493 quiis

357 1522 494 1575 vobis
522 1520 880 1575 demonstravit
926 1519 1099 1590 fugare
1127 1535 1159 1571 a
1188 1526 1396 1571 ventura
1425 1516 1545 1570 ira?
1570 1516 1729 1583 Papa:
1751 1516 1765 1569 !
1790 1531 1958 1584 quau-

357 1625 465 1670 tam
487 1614 651 1669 animi
680 1612 1097 1684 magnitudinem
1120 1613 1133 1665 !
1157 1609 1438 1679 Quomodo
1459 1608 1751 1678 alloquitur
1778 1607 1957 1662 homi-

356 1719 456 1760 nes
485 1703 801 1774 sanguinem
829 1700 1196 1772 propheticum
1224 1716 1439 1768 semper
1459 1700 1728 1764 sitientes,
1757 1699 1957 1768 quique

357 1808 467 1851 non
507 1803 661 1850 erant
687 1794 1027 1863 serpentibus
1058 1791 1341 1845 mitiores?
1369 1806 1490 1845 cum
1525 1798 1721 1860 qua-nia
1753 1797 1808 1844 et
1838 1789 1959 1843 illus

356 1897 411 1943 et
440 1896 691 1958 parentes
720 1886 932 1942 illorum
959 1885 1201 1941 libertate
1227 1883 1578 1941 criminatur?

440 1976 548 2033 Car
593 1975 822 2032 Joannes
878 1976 1111 2049 Baptista
1153 1975 1445 2029 Plini-imos
1492 1973 1841 2043 increpaverit.
1887 2002 1960 2012 —

357 2070 556 2137 Etiam,
572 2070 799 2139 inquies,
822 2067 1072 2137 loquendi
1095 2068 1315 2122 libertas
1329 2065 1556 2120 maxima
1570 2075 1654 2121 est
1672 2083 1687 2121 :
1710 2063 1803 2120 sed
1821 2079 1958 2133 quaa-

357 2159 586 2216 rendutn
610 2175 678 2215 an
709 2158 930 2214 libertas
974 2157 1274 2226 bujusmodi
1305 2156 1478 2225 aliqua
1498 2157 1708 2210 ratione
1735 2155 1954 2210 nitatur.

356 2249 546 2321 Neque
568 2250 714 2305 enim
754 2258 1040 2319 peccantes
1067 2248 1219 2313 vidit,
1250 2249 1343 2301 sed
1368 2246 1751 2315 re~ipiscentvs
1775 2263 1788 2298 :
1820 2259 1953 2315 qua.

357 2354 582 2413 propter
619 2355 724 2395 non
773 2340 994 2410 culpare
1036 2339 1340 2409 oportebat,
1383 2336 1477 2393 sed
1530 2336 1751 2391 laudare
1800 2346 1961 2406 atque

358 2434 656 2502 suscipere,
703 2432 826 2502 quia
869 2430 1055 2486 relicta
1098 2429 1233 2485 urbe
1282 2438 1335 2487 et
1379 2427 1564 2494 domo,
1612 2436 1961 2483 acenrrerant

359 2523 797 2592 prtedicationem
844 2519 1095 2576 audituri.
1128 2519 1264 2589 Quid
1294 2534 1422 2589 ergo
1453 2518 1737 2574 dicamus?
1779 2516 1958 2587 Ipsum

361 2614 629 2679 videlicet,
669 2630 775 2669 non
804 2613 1178 2684 praesulibus,
1228 2628 1403 2683 neque
1430 2612 1589 2668 rebus
1626 2626 1748 2681 qua:
1785 2610 1961 2680 palam

357 2706 704 2777 gerebantur,
735 2703 1048 2770 attendisse,
1077 2704 1169 2758 sed
1200 2719 1393 2757 arcana
1423 2702 1618 2757 mentis
1643 2715 1829 2755 eorum
1860 2715 1959 2752 no-

360 2799 524 2863 visse,
552 2798 603 2852 id
631 2797 905 2853 revelante
933 2796 1063 2851 Deo.
1092 2794 1354 2863 Quoniam
1384 2793 1543 2862 igitur
1565 2791 1633 2845 de
1668 2790 1962 2857 majoribus

361 2889 476 2944 suis
496 2888 665 2943 altum
695 2886 997 2957 sepiebant,
1022 2885 1184 2954 idque
1212 2883 1345 2953 ipsis
1373 2880 1625 2951 perniciei
1652 2893 1812 2934 causa
1844 2878 1963 2933 fuc-

360 2988 465 3045 rat,
499 2981 753 3049 ipsosque
780 2977 833 3031 in
860 2976 1122 3032 desidiam
1153 2974 1482 3042 conjecerat,
1525 2972 1846 3041 arrogantia:
1873 2984 1963 3023 ra-

358 3070 535 3125 dicem
566 3068 811 3124 succidit.
840 3067 1129 3137 Propterea
1161 3063 1324 3119 Isaias
1344 3064 1462 3118 illos
1493 3063 1761 3132 principes
1790 3059 1964 3115 Sodo.

360 3174 601 3223 morum,
629 3165 687 3212 et
730 3157 983 3227 pupulum
1009 3153 1326 3221 Gomorrbu:
1356 3163 1511 3207 vocat
1553 3151 1709 3223 (lsai.
1740 3151 1793 3227 ,i.
1826 3150 1911 3220 l0)
1946 3167 1959 3203 :

360 3259 417 3304 et
440 3249 583 3303 alter
609 3247 869 3318 propheta
892 3247 1052 3300 dicit:
1078 3243 1265 3298 Nonne
1282 3246 1409 3297 sicut
1426 3244 1524 3312 ﬁlii
1543 3242 1618 3296 1E
1626 3242 1853 3310 tln'opnm
1875 3258 1962 3296 vos

361 3340 480 3393 estis
503 3339 682 3410 (Antor
710 3338 764 3393 9.
794 3337 896 3407 '1)?
925 3349 1223 3405 omnesque
1266 3333 1335 3387 ab
1372 3333 1470 3387 bac
1511 3332 1766 3401 opinione
1792 3331 1963 3407 dedu-

364 3440 494 3486 cunt
539 3430 683 3494 illos,
734 3437 997 3484 tumorem
1043 3422 1254 3481 illorum
1286 3433 1635 3488 evacnantes,
1667 3424 1757 3494 qui
1809 3424 1968 3477 innu-

364 3518 704 3575 merabilium
732 3518 862 3587 ipsis
892 3516 1152 3571 malorum
1184 3530 1343 3571 causa
1368 3514 1565 3569 fuerat.
1608 3516 1699 3581 At,
1730 3514 1961 3585 inquies,

367 3612 417 3665 id
442 3611 568 3679 jure
599 3607 878 3678 propheta:
909 3605 1200 3671 faciebant,
1232 3606 1321 3675 qui
1353 3605 1471 3659 illos
1500 3612 1784 3675 peccantes
1812 3604 1965 3659 vides

367 3704 493 3759 bant
524 3718 539 3755 :
574 3701 663 3756 hic
687 3715 816 3756 vero
841 3716 938 3754 cur
960 3708 1015 3754 ct
1041 3714 1144 3768 qua
1172 3697 1238 3753 de
1265 3712 1448 3761 causa,
1484 3713 1603 3752 cum
1639 3698 1760 3753 illos
1785 3697 1968 3753 videat

366 3794 824 3862 obtemperantes.
851 3790 1079 3860 idipsum
1124 3788 1285 3843 facit?
1314 3787 1385 3844 Ut
1426 3788 1545 3841 illos
1579 3789 1967 3844 moderatiores

372 3881 580 3937 reddat.
611 3880 672 3935 Si
700 3880 821 3950 quis
841 3888 1019 3933 autem
1047 3886 1295 3932 accurate
1318 3877 1476 3931 dictis
1516 3878 1778 3944 attendat,
1811 3879 1968 3933 laude

368 3971 793 4043 ittcrcpationem
835 3971 1186 4042 temperavit.
1229 3969 1515 4024 Admirans
1560 3970 1759 4041 quippe
1813 3969 1964 4035 illos,

370 4063 513 4134 quod
556 4078 681 4118 sero
720 4061 937 4117 tandem
967 4076 1030 4116 ea
1061 4061 1239 4116 facere
1284 4061 1604 4131 potuissent,
1647 4075 1768 4129 quae
1814 4074 1967 4113 num-

370 4169 531 4223 quam
576 4167 735 4223 pusse
776 4152 892 4207 ﬁeri
922 4152 1263 4215 videbantur,
1302 4150 1422 4205 haec
1466 4150 1621 4205 dixit.
1667 4148 1968 4220 lncrcpatio

372 4243 533 4313 igitur
559 4243 843 4299 allicientis
874 4243 993 4297 illos
1022 4242 1197 4311 potius
1225 4255 1347 4297 esse
1382 4240 1614 4305 videtur,
1648 4250 1704 4295 et
1729 4240 1968 4294 curantis

372 4344 431 4389 ut
453 4334 793 4404 resipiscam.
820 4323 952 4388 Cum
979 4334 1124 4388 enim
1164 4333 1284 4387 illos
1324 4332 1609 4401 objurgare
1652 4330 1884 4396 videtur,
1914 4340 1971 4385 et

375 4442 623 4499 magnam
652 4427 803 4497 prius
842 4427 1055 4481 illorum
1088 4426 1390 4489 nequitiam
1421 4423 1587 4478 fuisse
1627 4422 1883 4481 ostendit.
1916 4431 1971 4478 et

370 4517 724 4572 mutationem
773 4516 1010 4585 ipsorum
1068 4514 1368 4569 mirabilem
1414 4525 1574 4583 atque
1627 4516 1966 4583 stupendum.

372 4606 652 4676 Quomodo
681 4607 877 4664 factum
900 4618 999 4669 est,
1028 4608 1217 4677 inquit,
1252 4620 1309 4661 ut
1332 4622 1453 4661 eum
1474 4608 1688 4663 illorum
1718 4608 1809 4661 lilii
1836 4610 1965 4673 sint,

376 4712 431 4757 et
459 4710 568 4755 tam
600 4702 738 4756 male
776 4699 1010 4765 educati,
1045 4698 1411 4768 paenitentiam
1450 4700 1649 4769 agant?
1685 4700 1826 4754 unde
1856 4700 1972 4755 brec

375 4799 520 4846 tanta
553 4789 688 4844 facta
723 4801 807 4845 est
848 4792 1074 4845 mutatio
1094 4793 1119 4843 't
1163 4791 1283 4859 quis
1312 4792 1653 4855 a<peritatein
1680 4791 1845 4845 animi
1874 4807 1969 4846 eo-

374 4898 494 4939 rum
524 4880 921 4937 sic-emollivit!
950 4882 1068 4955 quis
1108 4881 1517 4936 itutnedicaiiilia
1550 4883 1769 4937 vulnera
1810 4900 1971 4938 cura-

378 4973 495 5027 vit?
524 4971 593 5027 Et
623 4971 744 5027 vide
768 4972 1040 5041 quomodo
1067 4972 1189 5027 illos
1227 4986 1255 5025 a
1302 4972 1563 5051 principio
1592 4974 1769 5028 statim
1802 4973 1976 5029 incre-

379 5065 549 5132 pavit,
578 5062 844 5133 gehennae
863 5072 1139 5117 sermones
1168 5063 1380 5118 exteris
1410 5067 1759 5133 prtetnittens.
1793 5064 1976 5137 Neque

377 5157 525 5213 enim
554 5155 689 5211 dixit
716 5169 803 5219 ea,—
831 5169 952 5234 quag
980 5153 1086 5209 dici
1114 5164 1543 5211 consueverant:
1573 5157 1705 5223 Quis
1741 5159 1976 5213 ostendit

381 5248 536 5303 vobis
564 5246 747 5315 fugere
767 5246 929 5313 bella,
954 5246 1299 5301 barbarorum
1329 5248 1590 5308 incursare.
1614 5249 1973 5319 captivitates,

383 5342 572 5407 fames,
616 5339 987 5411 pestilentias?
1035 5340 1129 5395 sed
1172 5341 1313 5394 aliud
1341 5339 1607 5410 quoddam
1655 5343 1974 5413 supplicium
2017 5346 2019 5349 ’

382 5430 649 5493 obtendit,
673 5432 816 5501 quod
844 5444 1131 5499 numquam
1157 5430 1286 5500 ipsis
1312 5430 1651 5486 manifestum
1680 5433 1870 5497 fuerat,
1905 5433 1977 5487 ita

385 5527 573 5582 dicens
601 5541 614 5577 :
646 5522 772 5591 Quis
804 5523 1163 5578 demonstravit
1201 5523 1337 5580 vobis
1364 5528 1536 5594 Mere
1561 5541 1592 5578 a
1627 5535 1833 5579 uentura
1860 5523 1979 5579 ira?

454 5614 512 5673 ε.
549 5614 680 5672 Jurc
722 5624 901 5675 autem
930 5616 1050 5671 illos
1100 5616 1367 5687 genitnina
1406 5619 1705 5687 viperarum
1747 5630 1977 5675 voravit.

334 5766 337 5767 ν
385 5710 662 5783 Siquidem
693 5709 795 5767 hoc
838 5719 1147 5781 serpentum
1177 5724 1346 5780 genus
1384 5713 1767 5781 partiirimitem
1799 5730 1855 5768 re
1894 5729 1973 5771 tn-

1534 300 1599 357 ΙΝ
1640 298 2048 355 ΜΑΤΤΙΙᾸΞΕΜ
2092 296 2319 359 liOMlL.
2364 305 2455 375 XIV.

3564 318 3668 375 illi

2064 415 2276 482 terficit,
2304 426 2359 472 et
2390 418 2594 475 viscera
2628 420 2816 477 matris
2841 421 3140 479 cor-rodens
3170 424 3368 482 dicitur
3409 427 3462 484 in
3491 430 3666 487 lucem

2062 508 2278 577 prodire
2310 528 2324 563 :
2356 510 2407 564 id
2431 511 2572 583 quod
2603 522 2657 567 et
2691 514 2764 567 illi
2790 513 3080 585 faciebant,
3112 527 3322 587 patrum
3351 530 3406 576 et
3432 533 3663 578 matrum

2063 601 2461 669 interfectores,
2495 606 2583 670 qui
2610 606 2861 663 doctores
2888 624 3015 664 suos
3048 611 3279 680 propriis
3302 613 3547 668 manibus
3576 632 3668 668 oc-

2059 693 2327 749 cidebant.
2365 694 2471 751 Sed
2503 697 2555 751 in
2579 700 2922 768 correptione
2965 703 3189 770 gradum
3224 718 3331 757 non
3363 705 3525 770 sistit,
3568 706 3665 762 scil

2061 786 2345 841 consilium
2389 788 2572 858 adjicit
2603 791 2699 845 :8.
2747 789 2949 859 Facite,
2994 793 3187 863 inquit,
3238 796 3421 867 digitos
3465 801 3667 869 fructm

2063 878 2387 945 paenitentiae.
2416 878 2530 933 Non
2566 881 2710 934 enim
2742 887 2874 937 satls
2898 892 2981 937 est
3005 882 3189 955 fugere
3210 886 3411 942 malum
3438 905 3452 953 ;
3494 892 3667 945 sedet

2079 966 2336 1023 virtutem
2396 984 2648 1040 magnam
2707 970 2965 1028 exhibere
3008 986 3241 1044 oportet.
3310 976 3389 1032 Ne
3439 979 3572 1031 mibi
3637 995 3672 1035 ο

2075 1068 2266 1114 contra
2312 1061 2391 1115 sic
2448 1076 2543 1117 vos
2581 1063 2781 1134 geratis
2824 1074 2885 1120 ut
2916 1068 3069 1122 vobis
3103 1069 3329 1125 solitum
3355 1080 3496 1135 erat,
3538 1088 3664 1127 cum

2075 1147 2289 1203 modico
2320 1166 2415 1206 vos
2446 1161 2691 1222 tempore
2712 1157 3093 1225 reprimentes,
3116 1157 3183 1213 ad
3211 1162 3458 1229 eamdem
3475 1156 3671 1232 neqnii

2074 1241 2203 1295 tiam
2239 1242 2520 1298 redibatis.
2557 1242 2679 1300 Non
2708 1247 2855 1305 enim
2874 1249 2941 1303 ad
2963 1251 3153 1306 eadem
3176 1251 3291 1322 ipsa
3306 1253 3579 1317 venimus,
3597 1256 3663 1309 ad

2071 1346 2195 1400 quae
2213 1331 2425 1400 priores
2441 1336 2737 1405 propheta.
2770 1337 2991 1393 Diversa
3007 1348 3137 1394 sunt
3153 1344 3441 1412 praseutia
3460 1352 3515 1397 et
3534 1355 3665 1397 sub-

2071 1421 2307 1485 limiora,
2328 1428 2597 1509 quiaipse
2611 1428 2785 1486 ludes
2803 1441 2859 1486 et
2872 1432 2987 1503 ipse
3000 1433 3424 1503 regniDominus
3440 1436 3659 1489 advi-nit

2068 1515 2134 1570 ad
2151 1518 2411 1585 majorem
2433 1520 2712 1576 deducens
2724 1520 3209 1593 pliiloSOpliiam,in
3222 1524 3414 1579 caelum
3434 1539 3658 1588 vorans,

2065 1609 2199 1661 etad
2219 1609 2305 1661 illa
2328 1611 2897 1667 trabensitabitacnla.
2936 1616 3057 1667 Ideo
3088 1616 3154 1668 de
3178 1616 3422 1683 gc-ltenna
3449 1632 3660 1668 sermo-

2065 1710 2187 1748 nem
2227 1696 2411 1763 aperio
2439 1711 2454 1749 :
2487 1712 2609 1750 nam
2653 1706 2706 1753 et
2745 1698 2883 1753 bona
2915 1710 2968 1753 et
3000 1701 3138 1755 mala
3170 1712 3371 1757 {eterna
3416 1714 3561 1758 Sunt.
3592 1706 3672 1761 Ne

2066 1782 2245 1853 itaque
2291 1784 2342 1839 in
2373 1785 2562 1839 iisdem
2614 1787 2768 1841 malis
2794 1790 3173 1857 perseveretis,
3226 1807 3325 1847 nec
3353 1795 3543 1849 solitos
3584 1797 3674 1850 ob-

2066 1886 2246 1932 tentus
2272 1878 2579 1948 proferatis,
2611 1880 2923 1947 Abrahami,
2959 1880 3144 1946 lsaaci,
3188 1883 3396 1949 Jacobi,
3442 1900 3673 1955 proavo-

2066 1986 2183 2027 rum
2220 1983 2521 2026 vestrorum
2550 1972 2907 2028 nobilitatem.
2938 1972 3062 2027 llmc
3088 1983 3265 2029 autem
3291 1975 3525 2041 dicebat,
3557 1993 3665 2033 non

2065 2069 2173 2133 quo
2216 2064 2498 2133 impediret
2539 2063 2659 2119 illos
2702 2079 2770 2117 ne
2814 2078 2876 2119 se
2920 2064 3164 2119 dicerent
3209 2082 3273 2120 ex
3325 2068 3524 2121 sanctis
3564 2068 3673 2122 illis

2068 2154 2395 2223 progenitos,
2445 2153 2539 2208 sed
2571 2154 2833 2209 cohibens
2863 2153 2985 2208 illos
3014 2170 3082 2209 ne
3120 2154 3247 2209 huic
3283 2155 3470 2224 generi
3513 2158 3675 2212 contis

2065 2243 2275 2309 tierent,
2323 2259 2427 2298 neu
2468 2244 2662 2299 anima:
2707 2245 2957 2299 virtutem
3005 2246 3374 2316 negligerent;
3420 2244 3579 2301 simul
3618 2257 3671 2303 et

2066 2352 2185 2404 qum
2218 2338 2269 2389 in
2308 2344 2488 2390 mente
2514 2336 2805 2414 versabant
2836 2334 3131 2404 proferens,
3153 2367 3157 2371 ν
3177 2346 3231 2392 et
3261 2338 3435 2392 futura
3469 2340 3671 2410 praedi-

2066 2443 2217 2482 cens.
2250 2428 2383 2483 Nam
2414 2436 2469 2483 et
2494 2438 2681 2498 postea
2714 2426 2981 2498 prodeunt
3010 2427 3252 2484 dicentes
3286 2447 3299 2485 :
3336 2428 3448 2484 Nos
3475 2443 3674 2500 patrem

2069 2518 2313 2573 habemus
2326 2516 2619 2584 Abraham,
2630 2528 2677 2572 rt
2688 2519 2827 2575 nulli
2836 2519 3145 2576 seruiuimus
3157 2532 3403 2587 umquam
3417 2518 3598 2591 (Joan.
3618 2523 3675 2575 8.

2068 2611 2183 2679 3'5).
2216 2610 2480 2676 Quoniam
2524 2610 2683 2677 igitur
2723 2607 2827 2665 boc
2874 2620 2991 2663 erat
3020 2610 3161 2678 quod
3196 2610 3318 2666 illos
3346 2613 3578 2667 maxime
3624 2614 3682 2666 in

2069 2699 2426 2769 arrogantiam
2453 2700 2641 2753 extulit
2668 2710 2721 2753 et
2762 2699 3030 2767 perdidit;
3067 2700 3168 2754 boc
3196 2701 3424 2769 primum
3454 2702 3568 2770 ipse
3594 2715 3653 2755 re
3671 2704 3702 2748 -’

2069 2790 2272 2858 primit.
2304 2788 2436 2843 Vide
2465 2800 2644 2842 autem
2673 2789 2944 2856 quotnodo
2984 2800 3103 2857 post
3142 2800 3413 2844 servatum
3446 2791 3676 2860 patriar-

2068 2880 2187 2933 chae
2207 2878 2446 2934 debitum
2472 2880 2754 2943 honorem,
2784 2880 2884 2935 hos
2916 2890 3101 2950 postea
3128 2884 3422 2937 emendare
3453 2885 3672 2939 nitatur.

2068 2972 2204 3025 Cum
2252 2972 2477 3025 dixisset
2517 2974 2683 3036 enim,
2726 2970 2901 3024 Nolite
2958 2972 3147 3026 dicere.
3187 2972 3397 3029 Patrem
3432 2975 3681 3027 hnbcmns

2070 3061 2349 3126 Abraham,
2382 3078 2486 3114 non
2508 3060 2736 3125 addidit,
2763 3059 2904 3115 Nibil
2932 3062 3075 3115 enim
3101 3078 3196 3116 vos
3222 3065 3419 3131 poterit
3446 3066 3677 3131 patriar-

2070 3153 2169 3206 eha
2193 3152 2417 3221 juvare:
2446 3151 2540 3205 sed
2578 3151 2762 3205 mitius
2791 3160 2848 3206 et
2874 3152 3154 3207 honestius
3196 3153 3300 3208 hoc
3343 3156 3518 3222 ipsum
3549 3158 3683 3209 sub-

2073 3244 2326 3297 indicavit
2366 3243 2589 3295 dicens:
2626 3242 2802 3295 Potest
2832 3243 2967 3295 enim
2999 3242 3132 3297 Deus
3160 3245 3225 3296 de
3268 3245 3526 3311 lapidibus
3570 3248 3682 3299 istis

2074 3336 2323 3391 suscitare
2346 3333 2482 3402 ﬁlios
2514 3334 2749 3388 Abt-altat.
2781 3333 3008 3401 Quidam
3037 3334 3223 3388 dicunt
3250 3336 3300 3390 id
3326 3336 3392 3388 de
3430 3339 3683 3405 gentibus

2071 3426 2199 3490 dici,
2244 3442 2377 3497 quas
2409 3425 2610 3494 lapides
2652 3423 3021 3493 mt-ttiphorice
3070 3436 3225 3480 vocat
3264 3442 3407 3495 :rgo
3451 3442 3582 3481 vero
3628 3436 3684 3481 et

2072 3518 2230 3573 aliam
2258 3518 2385 3573 dicti
2414 3519 2739 3572 sententiam
2778 3530 2902 3570 esse
2929 3525 3081 3585 puto.
3126 3517 3349 3592 Qualem
3384 3517 3569 3571 illam?
3604 3517 3682 3571 Ne

2075 3612 2292 3681 putetis.
2325 3610 2515 3679 inquit,
2545 3609 2589 3663 si
2620 3624 2714 3663 vos
2738 3609 2991 3678 pereatis,
3024 3608 3386 3679 patriarehain
3415 3612 3533 3664 sine
3560 3610 3683 3663 liliis

2075 3700 2207 3756 fore.
2234 3700 2352 3756 Non
2393 3702 2483 3764 ita,
2517 3716 2623 3753 non
2654 3702 2722 3752 ita
2748 3698 2929 3767 utique
2956 3715 3044 3753 res
3070 3714 3129 3754 se
3160 3698 3337 3754 habet.
3368 3701 3507 3753 Deus
3535 3702 3679 3754 enim

2076 3803 2249 3864 potest
2282 3810 2345 3847 cx
2378 3792 2644 3862 lapidibus
2687 3793 2829 3845 lilios
2858 3792 2957 3860 ipsi
2990 3792 3142 3851 dare,
3186 3802 3239 3846 et
3271 3793 3335 3843 ad
3365 3793 3482 3860 ejus
3512 3808 3685 3862 genus

2072 3891 2553 3954 cognationemque
2581 3883 2701 3936 illos
2740 3881 3034 3948 deducere,
3066 3881 3333 3951 siquidem
3363 3882 3465 3937 boe
3503 3885 3680 3952 ipsum

2074 3991 2102 4029 a
2132 3974 2395 4043 principio
2441 3972 2637 4026 factum
2686 3979 2788 4025 est.
2838 3968 2970 4024 Nam
3012 3986 3080 4025 ex
3124 3972 3391 4039 lapidibus
3438 3972 3687 4028 homines

2078 4066 2192 4119 lli-ri
2226 4066 2331 4119 tale
2361 4074 2467 4128 est,
2498 4064 2655 4132 quale
2686 4077 2750 4115 ex
2778 4061 2933 4115 vulva
2974 4062 3145 4115 sterili
3179 4065 3413 4132 puellum
3444 4064 3683 4131 prodire.

2075 4155 2229 4221 Quod
2276 4165 2331 4210 et
2366 4152 2624 4223 propheta
2666 4153 3016 4207 subindicans
3055 4152 3309 4206 dicebat:
3344 4153 3594 4224 Respicite
3631 4156 3683 4207 in

2076 4247 2295 4301 solidam
2323 4256 2537 4315 petram,
2569 4260 2632 4296 ea:
2659 4260 2761 4313 qua
2780 4243 2937 4297 excisi
2955 4244 3095 4306 estis,
3125 4253 3175 4295 et
3199 4242 3268 4295 ad
3288 4248 3486 4313 foveam
3514 4244 3681 4308 Iactis,

2076 4354 2139 4391 ea:
2179 4353 2281 4406 qna
2322 4335 2496 4402 cﬂ'ossi
2534 4337 2651 4389 estis
2678 4351 2695 4387 :
2721 4334 2958 4404 respicite
2997 4334 3051 4385 in
3080 4333 3340 4405 Abraham
3370 4347 3565 4405 patrem
3594 4352 3683 4388 τιθο-

2078 4439 2257 4493 stram,
2286 4437 2333 4481 et
2370 4429 2423 4480 in
2451 4426 2641 4481 Suram
2662 4440 2779 4494 qua
2802 4438 2889 4478 vos
2916 4426 3181 4492 parturirit
3210 4424 3360 4495 (luti.
3397 4426 3489 4481 5i.
3518 4430 3568 4481 ί.
3599 4429 3681 4499 '2).

2079 4521 2228 4575 llinc
2274 4537 2403 4589 ergo
2446 4519 2783 4588 proptetiam
2826 4517 2934 4573 illis
2978 4528 3195 4573 revocat
3240 4520 3292 4573 in
3340 4520 3683 4587 memoriam,

2078 4612 2418 4682 ostenditque
2443 4612 2581 4665 sicut
2608 4624 2638 4663 a
2669 4610 2931 4680 principio
2954 4611 3106 4664 illum
3137 4611 3215 4665 sic
3237 4611 3558 4666 mirabiliter
3585 4628 3681 4683 pa-

2080 4716 2216 4759 trem
2246 4703 2442 4769 eliccit,
2469 4702 2624 4773 quasi
2667 4717 2736 4759 ex
2768 4702 3059 4773 lapidibus,
3089 4704 3170 4759 sic
3193 4714 3247 4759 et
3277 4719 3419 4761 nunc
3459 4721 3683 4777 quoque

2080 4798 2129 4851 id
2159 4812 2314 4866 p035?
2343 4796 2476 4851 lieri.
2511 4796 2616 4850 Sed
2642 4796 2763 4850 vide
2782 4795 3056 4865 quomodo
3083 4805 3137 4850 et
3170 4805 3369 4851 terreat
3389 4808 3443 4849 et
3471 4800 3685 4853 esscin.

2078 4889 2190 4943 dat.
2232 4888 2349 4943 Non
2379 4889 2521 4941 enim
2549 4888 2705 4951 dixit,
2736 4887 2854 4941 iam
2885 4889 3160 4954 excitavit,
3205 4904 3275 4945 nc
3301 4888 3400 4958 ipsi
3442 4889 3646 4944 anime;

2077 4980 2510 5048 desponderent;
2564 4978 2682 5043 sed,
2742 4977 3010 5033 Suscitare
3054 4988 3239 5047 potest.
3287 4978 3473 5050 Neque
3524 4980 3677 5036 dixit.

2083 5072 2340 5125 Homines
2381 5070 2557 5125 facere
2583 5078 2757 5137 potest
2798 5084 2864 5123 ex
2896 5068 3184 5138 lapidibus,
3224 5069 3321 5125 sed
3345 5070 3489 5141 quod
3517 5074 3690 5128 multo

2081 5161 2254 5230 majus
2277 5171 2415 5225 erat,
2439 5171 2494 5216 et
2520 5173 2776 5231 cognatos
2803 5170 2857 5215 et
2886 5160 3025 5215 libos
3054 5161 3305 5216 Abrahae.
3340 5160 3530 5217 Viden'
3553 5180 3686 5233 quc-

2082 5254 2244 5309 modo
2273 5255 2393 5309 illos
2424 5253 2650 5308 abduxit
2689 5268 2719 5306 a
2758 5254 2961 5307 carnali
3004 5253 3094 5307 illa
3134 5254 3517 5324 imaginatione
3559 5270 3615 5311 et
3657 5276 3686 5311 a

2084 5345 2335 5417 prmsidio
2374 5359 2719 5415 proavorum,
2766 5355 2826 5398 ut
2858 5344 2911 5398 in
2942 5344 3155 5415 propria
3203 5346 3518 5416 paenitentia
3551 5358 3689 5403 tein-

2084 5438 2431 5508 perantiaque
2472 5450 2622 5506 Spem
2667 5435 2863 5491 salutis
2889 5435 3192 5491 baberent?
3219 5436 3393 5491 viden‘
3415 5442 3683 5508 quonde

2081 5529 2453 5600 cognationem
2484 5528 2661 5583 carnis
2688 5527 3001 5597 excludens,
3032 5528 3160 5583 ﬁdei
3187 5531 3565 5599 cognationem
3604 5533 3683 5588 in-

2083 5620 2267 5677 ducit?

2160 5714 2215 5771 ὃ.
2255 5713 2520 5780 Quantum
2549 5713 2811 5767 rehcntcns
2832 5713 2895 5769 sit
2926 5692 3204 5784 increpatio
3234 5728 3326 5783 7nd
3350 5711 3563 5770 ludatis
3581 5730 3678 5769 ex—
