4124 6302
495 314 601 374 195

488 431 608 484 citat
636 425 860 481 Joannes
897 420 1146 493 Baptista.
1178 418 1349 473 Timor
1368 417 1435 471 ad
1464 414 1800 487 ptenitentiam
1826 412 2067 467 ducit.—

489 517 766 588 Perpende
795 516 973 585 itaque
1011 511 1277 583 quomodo
1319 511 1370 564 in
1398 508 1741 579 sequentibus
1770 505 1956 579 borum
1996 504 2064 557 ti-

487 622 691 664 morem
712 615 920 677 augeat,
952 614 1007 660 et
1031 601 1441 659 sollicitudinem
1468 599 1719 653 intendat.
1744 595 1875 651 Cum
1901 594 2066 650 dixis-

484 706 569 754 set
608 698 771 762 enim,
801 695 973 749 Potest
1002 693 1143 749 Deus
1170 708 1231 747 ea:
1256 692 1505 761 lapidibus
1531 689 1640 741 istis
1662 688 1904 742 suscitare
1929 686 2065 755 ﬁlios

481 790 720 855 Abraha,
747 789 1023 859 subjunxit
1053 804 1067 840 :
1104 785 1188 840 i0.
1210 784 1329 837 Jam
1366 782 1554 835 securis
1582 782 1651 833 ad
1668 780 1891 833 radicem
1917 780 2065 831 arbo-

481 898 592 935 rum
620 882 783 957 posita
810 888 879 934 est
906 895 924 932 :
949 893 1041 946 per
1062 875 1235 933 omnia
1279 872 1570 927 terribilem
1609 884 1910 925 sermonem
1939 868 2063 923 red-

481 972 638 1030 dens.
669 972 801 1027 Nam
844 986 908 1025 ex
940 970 1059 1021 vitae
1101 981 1299 1037 genere
1339 980 1581 1034 magnam
1609 962 1819 1017 dicendi
1850 962 2069 1017 liberta-

482 1072 587 1116 tem
617 1069 801 1115 nactus
839 1069 988 1123 erat;
1021 1059 1099 1110 illi
1128 1073 1255 1111 vero
1285 1055 1588 1110 vehementi
1616 1052 1847 1123 egebant
1890 1047 2087 1115 inero?

480 1151 897 1221 patione,'quia
947 1163 976 1202 a
1026 1147 1195 1202 multo
1226 1148 1335 1214 jam
1389 1154 1627 1215 tempore
1679 1144 2060 1198 obduruerunt.

479 1240 613 1308 Quid
643 1242 787 1295 enim
817 1238 956 1303 dico,
982 1238 1169 1307 inquit,
1192 1236 1303 1291 fore
1330 1244 1386 1290 ut
1405 1234 1662 1289 excidatis
1689 1248 1718 1287 a
1748 1233 2061 1302 patriarcha:

478 1330 816 1399 cognatione,
857 1339 911 1383 et
936 1328 1068 1381 alios
1098 1326 1321 1403 videatis
1362 1341 1426 1379 ex
1456 1326 1715 1394 lapidibus
1744 1326 1795 1377 in
1827 1334 2058 1378 vestram

478 1418 766 1473 succedere
810 1417 1153 1487 dignitatem?
1192 1416 1321 1470 Nam
1349 1431 1470 1481 ,‘nou
1511 1415 1612 1469 hoc
1661 1422 1862 1469 tantum
1911 1413 2059 1467 vobis

477 1510 581 1564 erit
610 1524 799 1579 ptent,
840 1508 936 1563 sed
975 1517 1028 1563 et
1065 1508 1287 1562 ulterius
1317 1507 1488 1560 adhuc
1516 1505 1767 1574 procedet
1804 1504 2055 1559 vindicta.

475 1601 597 1655 Jaut
631 1602 795 1666 enim,
836 1600 1024 1671 inquit,
1054 1599 1239 1654 securis
1276 1600 1343 1651 ad
1370 1598 1591 1651 radicem
1627 1599 1866 1651 arborum
1896 1596 2060 1666 posita

477 1702 571 1747 est.
602 1692 741 1747 Nihil
774 1692 1060 1748 terribilius
1083 1691 1180 1745 hac
1211 1690 1456 1760 loquendi
1495 1690 1679 1759 figura.
1712 1688 1826 1744 Jam
1858 1690 2055 1757 quippe

479 1798 585 1838 non
617 1784 753 1838 ultra
788 1782 979 1840 falcem
1017 1782 1302 1845 volantem,
1346 1796 1451 1835 non
1496 1795 1677 1850 sepem
1706 1780 2054 1846 destructum,

484 1890 590 1929 non
617 1875 977 1930 conculcatam
1026 1876 1258 1937 vineam,
1300 1888 1521 1927 eernere
1548 1882 1664 1935 est;
1694 1871 1787 1926 sed
1827 1870 2056 1924 securim

475 1967 759 2022 admodum
783 1974 1080 2029 exacutam,
1109 1964 1357 2035 quodque
1377 1966 1609 2035 gravius,
1636 1964 1747 2032 jam
1774 1963 1837 2017 ad
1862 1964 2055 2031 januas

478 2058 724 2127 positam.
772 2056 903 2120 Quia
940 2057 1081 2109 enim
1125 2055 1402 2124 prophetis
1450 2070 1555 2108 non
1583 2054 2058 2120 credentes,~smpe

474 2146 721 2201 dicebant
754 2163 766 2197 :
800 2145 897 2199 Ubi
926 2154 997 2198 est
1038 2145 1145 2199 dies
1173 2144 1421 2197 Domini?
1463 2154 1536 2208 et,
1577 2142 1749 2196 Veniat
1788 2142 2053 2195 consilium

474 2238 633 2290 sancti
668 2234 848 2299 Israel,
892 2246 948 2289 ut
988 2238 1207 2290 sciamus
1248 2234 1397 2307 (Isai.
1431 2236 1482 2289 5.
1516 2233 1605 2304 i9)
1632 2252 1644 2287 :
1673 2249 1739 2289 eo
1782 2234 1923 2305 quod
1966 2248 2052 2300 ea,
2102 2298 2106 2302 _

473 2343 593 2397 quae
615 2327 1062 2397 prtedicebantur,
1096 2337 1215 2396 post
1257 2327 1452 2379 multos
1478 2339 1649 2379 annos
1676 2340 1819 2393 smpe
1843 2322 2053 2379 accide-

473 2426 727 2471 rent:ut
772 2417 872 2471 hac
928 2416 1048 2470 illos
1100 2416 1467 2471 consolatione
1520 2417 1771 2484 privaret,
1828 2414 2054 2469 vicinam

474 2508 604 2577 ipsis
638 2507 989 2563 calamitatem
1043 2508 1335 2561 constituit.
1390 2506 1521 2560 lllnd
1562 2520 1722 2573 porro
1768 2505 2055 2559 declaravit

475 2598 590 2653 htec
615 2592 737 2663 vox,
766 2596 886 2651 Jam
908 2612 928 2659 ;
955 2596 1150 2650 indicat
1176 2596 1321 2655 item,
1350 2596 1490 2664 quod
1519 2596 1626 2664 jam
1658 2596 1861 2649 securis
1888 2594 2052 2649 radici

472 2687 685 2740 admota
726 2687 813 2741 sit.
844 2685 979 2739 Nihil
1006 2686 1147 2739 enim
1197 2685 1564 2739 intermedium
1594 2695 1695 2749 est,
1726 2686 1915 2754 inquit,
1958 2685 2052 2741 sed

470 2776 578 2845 jam
610 2776 772 2831 radici
802 2777 983 2830 inStat.
1015 2776 1129 2830 Non
1155 2775 1307 2841 dixit,
1351 2778 1550 2841 ltatnis,
1587 2791 1710 2840 non,
1741 2776 2049 2841 Fructibus,

472 2866 590 2934 sed,
620 2867 839 2931 Radici;
872 2866 1160 2921 ostendens
1187 2866 1348 2935 ipsos,
1392 2866 1436 2920 si
1466 2867 1699 2936 segniter
1740 2875 1917 2936 agant,
1949 2867 2051 2920 im-

475 2958 806 3012 medicabilia
833 2957 971 3011 mala
1016 2971 1268 3025 passuros
1296 2972 1439 3021 esse,
1489 2959 1604 3012 sine
1636 2958 1738 3011 ulla
1778 2972 1872 3027 spe
1900 2972 2054 3012 cura-

474 3049 658 3103 tionis.
685 3048 866 3116 Neque
891 3048 1031 3101 enim
1060 3062 1247 3100 servus
1271 3058 1352 3100 est
1380 3048 1421 3099 is
1443 3049 1529 3112 qui
1554 3048 1787 3111 advenit,
1820 3058 1875 3101 ut
1907 3050 1938 3100 ii
1962 3050 2050 3117 qui

472 3146 663 3203 antea;
710 3138 803 3193 sed
850 3139 963 3206 ipse
1012 3138 1380 3191 universorum
1425 3138 1699 3201 Dominus,
1751 3137 1839 3206 qui
1884 3136 2049 3192 vehe-

473 3242 705 3285 mentem
746 3241 799 3285 et
824 3229 1194 3301 gravissimam
1237 3228 1427 3295 inﬂigit
1449 3229 1755 3281 vindictam.
1803 3230 2047 3282 Attamen

475 3329 749 3387 postquam
792 3320 912 3373 illos
942 3317 1221 3382 exterruit,
1252 3331 1356 3370 non
1383 3317 1513 3371 sinit
1545 3318 1595 3371 in
1621 3317 2048 3385 desperationem

474 3410 742 3473 incidere;
798 3410 891 3464 sed
920 3409 1367 3478 quemadmodum
1400 3424 1558 3477 supra
1604 3426 1709 3464 non
1739 3411 1893 3473 dixit,
1944 3410 2048 3463 Su-

472 3500 701 3564 scitavit,
730 3500 844 3563 sed,
877 3498 1051 3552 Potest
1078 3499 1323 3553 suscitare
1360 3500 1493 3567 [ilics
1518 3500 1752 3563 Abralue,
1789 3509 2045 3555 terrorem

469 3589 627 3646 simul
668 3600 718 3646 et
747 3593 1177 3650 consolationem
1208 3590 1499 3647 imminens
1531 3607 1543 3639 :
1572 3592 1651 3643 sic
1693 3600 1747 3643 et
1795 3592 1895 3645 hoc
1931 3592 2049 3646 loco

471 3693 573 3734 non
610 3682 766 3744 dixit,
801 3682 1055 3736 Radieem
1104 3684 1298 3750 attigit,
1341 3683 1456 3748 sed,
1505 3684 1585 3735 Ad
1625 3682 1843 3737 radicem
1888 3683 2048 3754 posita

469 3781 561 3835 est,
591 3787 682 3825 seu
712 3772 876 3825 radici
907 3771 1118 3827 admota
1143 3783 1258 3837 est;
1289 3785 1344 3827 et
1368 3774 1563 3827 nullam
1592 3774 1705 3829 fore
1740 3776 2046 3830 dilationem

468 3863 720 3917 ostendit.
770 3863 1037 3917 Caeterum
1089 3864 1189 3917 etsi
1231 3864 1374 3917 illam
1414 3856 1483 3916 ita
1526 3879 1691 3932 prope
1730 3864 2043 3931 admoverit,

467 3956 757 4007 sectionem
787 3952 839 4006 in
872 3963 1051 4007 vestro
1078 3953 1225 4022 ponit
1264 3953 1504 4008 arbitrio.
1535 3954 1665 4008 Nam
1699 3956 1740 4007 si
1767 3966 2046 4011 converta-

467 4042 616 4106 mini,
654 4051 708 4097 et
749 4044 803 4098 in
830 4043 1019 4098 melius
1064 4043 1363 4106 mutemini,
1396 4043 1526 4095 nihil
1573 4054 1790 4111 operata
1841 4045 2047 4100 securis

465 4135 857 4197 removebitur;
901 4135 946 4187 si
994 4144 1170 4187 autem
1208 4134 1259 4186 in
1306 4133 1491 4187 iisdem
1537 4134 1728 4187 studiis
1757 4136 2039 4199 maneatis,

466 4226 723 4280 radicitus
750 4226 994 4280 arborem
1031 4226 1243 4280 avellet.
1279 4224 1403 4279 Ideo
1430 4225 1634 4279 securis
1678 4240 1777 4282 nec
1804 4241 1832 4279 a
1864 4227 2042 4283 radice

464 4326 761 4383 amovetur,
822 4331 997 4386 neque
1022 4325 1169 4370 secat
1212 4315 1446 4381 admota,
1504 4325 1614 4369 tum
1653 4332 1719 4371 ne
1764 4317 2041 4383 deeidatis,

464 4416 574 4459 tum
622 4416 680 4461 ut
718 4407 955 4473 dissatis,
995 4420 1151 4475 posse
1199 4420 1291 4459 vos
1333 4406 1481 4460 brevi
1528 4416 1767 4475 tempore
1811 4416 2043 4463 mutatos

464 4496 692 4550 salutent
741 4497 1015 4564 consequi.
1056 4494 1179 4550 Ideo
1218 4494 1447 4565 undique
1486 4497 1732 4551 timorem
1774 4508 1952 4567 auget,
1988 4509 2044 4553 ut

455 4588 659 4642 excitet
700 4588 843 4655 ipsos
868 4584 1210 4655 impellatque
1240 4587 1303 4639 ad
1330 4587 1713 4655 paenitentiam
1740 4588 1870 4643 Nam
1898 4599 1949 4643 et
1976 4590 2042 4645 ab

461 4692 679 4734 arm-tr.
713 4678 964 4746 dignitate
1006 4678 1271 4739 excidere,
1306 4686 1361 4731 et
1398 4678 1530 4730 alios
1559 4676 1609 4731 in
1642 4680 1720 4731 sui
1753 4682 1924 4733 iocum
1955 4682 2038 4734 in-

462 4773 651 4825 ductos
678 4785 897 4824 cernere
950 4779 1005 4823 et
1030 4770 1161 4821 mala
1193 4769 1438 4837 injanuis
1467 4784 1606 4831 esse,
1640 4781 1695 4824 et
1733 4772 2039 4827 intolerabi-

465 4862 531 4915 lia
578 4868 708 4912 mata
762 4860 975 4917 instare,
1029 4874 1144 4927 quae
1186 4870 1407 4928 utraque
1452 4874 1545 4927 per
1586 4860 1815 4915 radicem
1865 4874 1912 4916 et
1944 4878 2039 4932 per

462 4950 688 5004 securim
714 4948 985 5009 indicavit;
1017 4948 1147 5014 haec,
1181 4951 1415 5018 inquam,
1447 4961 1711 5018 paterant,
1742 4954 1823 5005 vel
1852 4955 2037 5010 admo-

462 5045 589 5096 dum
619 5043 667 5095 in
713 5042 1008 5095 socordiam
1054 5041 1231 5109 lapsos
1258 5044 1512 5103 excitare.
1546 5054 1598 5096 et
1624 5045 1885 5099 sollicitos
1911 5049 2034 5102 red-

460 5134 603 5188 dere.
648 5134 757 5187 lloe
783 5134 957 5203 itaque
984 5133 1259 5188 declarans
1286 5134 1493 5199 Paulus,
1523 5136 1734 5191 dicebat
1764 5155 1777 5191 :
1820 5138 2033 5193 Verbum

460 5226 795 5277 abbreviolnm
842 5226 989 5295 faciet
1036 5225 1283 5279 Dominus
1330 5245 1478 5295 super
1535 5231 1816 5283 universum
1864 5233 2029 5286 orbem

464 5310 637 5377 (Rom.
667 5315 719 5367 9.
747 5316 855 5383 28).
907 5316 1011 5370 Sed
1056 5332 1122 5371 ne
1157 5319 1375 5379 timeas;
1420 5319 1525 5373 imo
1556 5323 1731 5388 potius
1776 5326 1901 5377 time
1926 5324 2035 5391 qui-

458 5405 602 5469 dem,
630 5406 720 5458 Sed
765 5422 827 5460 ne
853 5408 1125 5473 desperes.
1160 5409 1289 5462 Nam
1334 5408 1507 5463 adhuc
1545 5426 1692 5479 spem
1728 5414 2035 5468 mutationis

462 5498 655 5554 babes:
692 5514 861 5567 neque
889 5504 1028 5553 enim
1071 5502 1332 5555 sententia
1380 5503 1428 5555 in
1457 5518 1587 5571 opus
1630 5504 1828 5572 prodit,
1862 5520 2031 5575 neque

460 5588 660 5640 securis
688 5587 750 5639 ad
776 5589 1057 5641 secandum
1092 5592 1251 5644 venit.
1284 5592 1414 5655 Quid
1440 5593 1581 5645 enim
1610 5610 1676 5647 ne
1706 5606 1911 5650 secaret
1942 5596 2031 5651 im-

470 5672 717 5739 pediebat
750 5678 889 5734 illam
935 5680 1095 5735 radici
1142 5682 1450 5737 atlrttttL'tm?
1490 5684 1592 5740 Sed
1637 5695 1692 5741 ut
1742 5697 1792 5742 te
1836 5687 2023 5743 timore

1212 304 1266 361 S.
1309 301 1585 359 JOANNIS
1631 295 2100 358 CHRYSOSTOSII
2145 295 2459 353 ARClllEP.
2501 296 3039 357 CONSTANTINOP.

3657 304 3761 359 |96

2182 412 2457 467 meliorem
2496 414 2762 479 redderet,
2793 430 2847 471 et
2865 416 2931 471 ad
2962 415 3240 472 ferendum
3269 415 3497 471 fructum
3530 425 3758 482 atttret,

2179 502 2391 559 admota
2422 505 2534 558 fuit.
2575 504 2699 559 ideo
2728 506 2904 559 intulit
2936 524 2947 560 :
2982 505 3161 559 Omms
3192 513 3343 559 arbor
3368 522 3480 576 quae
3505 523 3605 559 non
3639 506 3763 574 facit

2178 600 2397 667 fructum
2428 599 2609 650 bonum
2655 598 2934 662 excidetur,
2981 608 3028 652 et
3063 600 3117 651 in
3156 600 3322 668 ignem
3353 600 3595 652 mittetur.
3624 598 3760 652 Cum

2178 701 2338 756 porro
2362 687 2507 751 dicit,
2535 685 2733 752 Omnis,
2756 698 2971 741 amovet
2995 703 3207 743 omnem
3238 688 3532 743 nobilitatis
3556 704 3760 758 pra-ro-

2176 778 2423 848 gativam.
2456 778 2675 832 Etiamsi
2704 778 2845 832 enim
2876 778 3042 847 ipsius
3074 778 3303 832 Abrahtc
3334 794 3501 846 nepos
3546 780 3642 842 sis,
3674 778 3759 830 in-

2176 871 2309 940 quit,
2341 872 2549 924 etiamsi
2581 871 2720 924 inter
2745 884 2876 923 avos
2907 870 3103 923 multos
3123 884 3439 922 enumerare
3473 868 3643 935 possis
3667 883 3759 937 pa-

2174 963 2452 1027 triarchas,
2487 962 2682 1030 duplex
2706 963 3023 1032 supplicium
3054 963 3189 1025 lues,
3218 962 3262 1014 si
3290 962 3405 1014 sine
3436 958 3608 1015 fructu
3640 976 3761 1013 nta-

2174 1069 2323 1108 neas.
2358 1053 2451 1108 llis
2477 1054 2651 1109 verbis
2677 1054 2987 1123 publicanos
3016 1052 3227 1115 terruit,
3260 1052 3485 1106 militum
3518 1051 3758 1104 animum

2172 1149 2477 1208 commovit,
2521 1162 2626 1201 non
2664 1147 2716 1199 in
2743 1146 3173 1215 desperationem
3204 1145 3518 1213 conjicicns,
3552 1143 3645 1198 sed
3687 1143 3757 1196 ab

2173 1240 2317 1292 omni
2360 1240 2583 1309 segnitie
2610 1238 2920 1295 detrudens.
2968 1239 3099 1294 Nam
3144 1240 3195 1293 id
3225 1240 3366 1308 quod
3397 1239 3598 1292 dictum
3640 1244 3760 1291 erat

2170 1344 2291 1384 cum
2322 1330 2511 1383 timore
2552 1345 2797 1399 magnam
2823 1330 3131 1399 atljnnctant
3162 1329 3394 1383 habebat
3431 1328 3759 1383 consolatio-

2172 1435 2313 1473 nem.
2343 1420 2477 1473 Cum
2506 1419 2641 1472 dixit
2668 1420 2833 1483 enim,
2870 1420 2997 1486 Qum
3021 1436 3121 1473 non
3142 1420 3265 1490 facit
3294 1421 3517 1491 [metunt
3544 1420 3753 1483 bonum,

2170 1508 2404 1564 ostendit
2450 1510 2615 1573 illam,
2658 1526 2777 1580 qua!
2829 1509 3057 1564 fructum
3098 1510 3296 1565 bonum
3350 1510 3569 1579 profert,
3622 1508 3753 1563 nulli

2170 1601 2429 1670 supplicio
2454 1616 2574 1655 esse
2597 1602 2900 1655 obnoxiam.

2240 1691 2292 1745 4.
2320 1691 2680 1758 thnomodo,
2698 1691 2921 1759 inquies,
2943 1690 3167 1743 fructum
3186 1690 3324 1743 ferre
3345 1688 3655 1758 poterimus,
3676 1689 3750 1743 in-

2169 1791 2342 1837 stante
2354 1782 2607 1849 sectipne,
2624 1792 2671 1835 et
2691 1782 2739 1834 in
2757 1790 2859 1833 tam
2875 1790 3095 1850 angusto
3110 1789 3376 1847 tempore,
3391 1787 3753 1835 cumstatutus

2170 1876 2427 1928 terminus
2454 1876 2521 1926 sit
2546 1874 2612 1925 ita
2644 1873 2954 1942 proximus?
2981 1871 3207 1938 Poteris,
3234 1873 3436 1941 inquit;
3471 1888 3576 1927 nou
3608 1872 3747 1927 enim

2171 1964 2287 2017 talis
2309 1972 2392 2017 est
2413 1964 2518 2027 ille,
2537 1964 2705 2031 qualis
2721 1963 2969 2017 arborum
2989 1961 3301 2032 frhetns,qni
3323 1949 3547 2019 multum
3573 1972 3754 2031 postu-

2169 2053 2241 2107 lat
2256 2064 2481 2121 tempus,
2498 2062 2646 2107 etest
2663 2055 2786 2107 anni
2806 2053 3205 2121 tempestatibus
3222 2054 3485 2113 subditus,
3506 2068 3568 2106 ac
3584 2052 3750 2105 multa

2166 2152 2285 2211 eget
2300 2143 2633 2210 operatione;
2655 2144 2745 2197 sed
2763 2143 2954 2196 sufficit
2969 2143 3127 2206 velle,
3145 2152 3195 2196 et
3208 2142 3382 2196 statim
3400 2141 3551 2197 ﬂoret
3568 2143 3746 2195 arbor.

2165 2232 2346 2300 Neque
2367 2234 2506 2287 enim
2527 2234 2718 2288 radicis
2742 2244 2926 2288 natura
2950 2243 3173 2299 tantum,
3201 2233 3294 2289 sed
3317 2234 3475 2289 etiam
3498 2249 3586 2286 ars
3605 2234 3746 2303 agri-

2166 2324 2296 2377 col-.c
2319 2324 2382 2377 ad
2403 2324 2628 2378 frnctmn
2650 2324 2922 2379 ferendum
2945 2326 3172 2381 maxime
3178 2326 3347 2394 juvat.
3371 2325 3568 2380 Idcirco
3590 2341 3655 2378 ne
3671 2324 3751 2379 die

2168 2423 2350 2469 cerent
2369 2435 2381 2467 :
2399 2414 2506 2469 Nos
2527 2417 2726 2482 turbas,
2745 2431 2919 2485 urges,
2941 2417 3102 2484 cogis,
3126 2416 3336 2469 admota
3360 2416 3533 2469 securi
3556 2415 3750 2469 sectio-

2166 2522 2287 2563 nem
2315 2509 2707 2572 comminando,
2729 2518 2782 2562 et
2804 2510 2854 2561 in
2881 2509 2995 2576 ipso
3016 2508 3259 2577 supplicii
3286 2519 3525 2577 tempore
3546 2507 3751 2563 fructus

2166 2606 2480 2665 preventum
2505 2598 2705 2667 exigis;
2732 2596 3023 2666 subiunxit,
3048 2597 3339 2652 ostendens
3359 2597 3613 2651 afferendi
3637 2599 3748 2651 fru-

2162 2694 2281 2741 ctus
2300 2686 2605 2743 facilitatem
2628 2704 2639 2739 :
2662 2690 2677 2739 Ι
2700 2689 2743 2741 l.
2768 2687 2875 2757 ligo
2899 2706 2982 2741 vos
3002 2688 3201 2757 baptizo
3224 2690 3277 2741 in
3300 2705 3430 2756 aqua
3446 2706 3463 2741 :
3480 2690 3566 2759 qui
3580 2698 3749 2742 autem

2164 2787 2273 2844 post
2296 2794 2370 2831 me
2390 2779 2539 2837 venit,
2570 2780 2748 2847 fortior
2767 2796 2842 2831 tne
2860 2789 2951 2843 est,
2978 2780 3121 2849 cujus
3139 2796 3238 2833 non
3256 2796 3365 2832 sum
3383 2780 3566 2849 dignus
3587 2781 3749 2833 corri-

2163 2868 2299 2937 giam
2326 2868 2647 2921 culceamenti
2671 2870 2878 2921 solvere.
2914 2868 2937 2920 Ι
2948 2886 3033 2937 pse
3057 2886 3141 2923 vos
3170 2870 3439 2939 baptizabit
3468 2871 3517 2921 iu
3550 2867 3751 2938 Spiritu

2163 2967 2335 3010 sancto
2366 2968 2410 3009 et
2435 2959 2487 3010 in
2512 2960 2659 3027 igne:
2681 2960 2762 3013 his
2791 2960 3067 3013 declarans
3099 2961 3370 3015 voluntate
3397 2961 3551 3014 simul
3575 2970 3626 3015 et
3648 2961 3748 3014 fide

2162 3061 2296 3114 opus
2316 3063 2457 3113 esse,
2479 3066 2581 3102 non
2602 3051 2870 3104 laboribus
2892 3036 3310 3121 sudoribusqne';
3335 3063 3495 3122 atque
3524 3062 3579 3106 ut
3595 3050 3751 3108 facile

2160 3147 2240 3190 cst
2264 3138 2535 3207 baptizari,
2556 3141 2624 3194 ita
2647 3139 2800 3195 facile
2824 3157 2941 3195 esse
2963 3143 3199 3195 converti
3224 3152 3277 3196 et
3299 3144 3549 3197 meliores
3566 3142 3746 3198 evade

2160 3244 2237 3284 re.
2260 3230 2542 3295 Postquam
2562 3233 2720 3299 igitur
2736 3231 2945 3285 illorum
2964 3234 3170 3285 animos
3182 3244 3545 3288 commoverat
3560 3235 3747 3288 timore

2154 3319 2337 3387 jndicii
2352 3322 2814 3389 etexspectatinne
2826 3323 3091 3389 supplicii,
3113 3326 3314 3377 securis
3332 3328 3567 3389 nomine,
3590 3326 3747 3393 majo-

2160 3426 2276 3463 rum
2316 3413 2627 3476 amissione,
2665 3412 2892 3465 aliorum
2933 3414 3237 3469 inductione
3265 3416 3519 3482 ﬁliarum,
3550 3416 3745 3485 duplici

2156 3500 2440 3569 supplicio,
2464 3502 2719 3555 sectionis
2748 3514 2801 3557 et
2831 3503 3083 3567 incendii,
3112 3514 3165 3559 et
3190 3516 3370 3573 postea
3406 3506 3595 3559 horum
3625 3523 3741 3557 oin-

2156 3592 2301 3644 nium
2315 3592 2561 3646 duritiem
2576 3596 3021 3663 asperitatemque
3038 3595 3391 3664 mitigaverat,
3406 3596 3742 3649 aemulorum

2157 3680 2815 3751 depulsionisdesiderium
2832 3683 3111 3740 indmerat
3127 3702 3139 3737 :
3157 3693 3278 3739 tum:
3292 3685 3505 3741 demtuu
3519 3686 3744 3740 derri-

2157 3787 2240 3829 Sto
2263 3776 2421 3829 verba
2446 3777 2586 3837 facit,
2622 3794 2725 3829 non
2753 3779 3087 3846 simpliciter,
3118 3780 3211 3833 sed
3235 3782 3603 3835 excellentiam
3626 3783 3741 3851 ejus

2156 3868 2446 3931 extollens;
2465 3868 2656 3923 deinde
2674 3879 2927 3937 quantum
2947 3872 3211 3925 intervalli
3229 3884 3372 3927 esset
3390 3876 3527 3930 inter
3544 3891 3603 3929 se
3619 3888 3672 3931 et
3690 3878 3743 3932 il-

2154 3958 2263 4013 lum
2294 3959 2593 4023 declamas,
2620 3976 2685 4015 ne
2715 3963 2989 4015 videretur
3014 3965 3062 4018 id
3096 3965 3161 4018 ad
3190 3968 3415 4035 gratiam
3446 3968 3735 4029 dicerem:

2154 4052 2553 4117 comparatione
2576 4051 2835 4105 donorum
2862 4070 2978 4119 quae
3011 4054 3079 4106 ab
3108 4065 3330 4123 utroque
3357 4070 3653 4121 manarent,
3688 4062 3735 4115 id

2157 4139 2376 4207 peragit.
2392 4138 2505 4192 Non
2520 4142 2660 4193 enim
2678 4146 2851 4194 statim
2868 4142 3017 4205 dixit,
3032 4143 3187 4213 Cujus
3200 4162 3299 4198 non
3311 4163 3418 4200 sum
3434 4148 3740 4219 όὲθηιιεωγ-

2152 4231 2332 4300 rigiam
2358 4230 2681 4292 calceamenti
2705 4236 2911 4297 solvere,
2939 4238 3031 4290 sed
3071 4248 3348 4306 postquam
3379 4239 3624 4307 baptismi
3654 4244 3736 4298 sui

2151 4321 2539 4389 simplicitatem
2574 4324 2767 4390 posuit,
2800 4334 2851 4377 et
2881 4326 3115 4379 ostendit
3154 4327 3299 4380 illum
3331 4329 3459 4383 nihil
3491 4332 3607 4400 plus
3636 4333 3734 4387 ita-

2148 4411 2295 4475 bere,
2318 4426 2473 4480 quam
2496 4414 2634 4481 quod
2660 4414 2722 4466 ad
2750 4417 3110 4482 pcunitentiam
3142 4420 3284 4485 ipsos
3306 4418 3590 4474 deduceret
3614 4424 3734 4492 (ne-

2148 4519 2251 4570 que
2281 4504 2421 4555 enim
2450 4504 2600 4561 dixit.
2656 4504 2709 4557 In
2751 4521 2882 4574 aqua
2915 4507 3263 4573 remissionis,
3309 4509 3427 4575 sed,
3458 4510 3733 4565 Pmniteu-

2150 4593 2278 4663 tim},
2309 4592 2504 4649 ChriSti
2549 4596 2864 4663 baptismum
2910 4598 3056 4664 ponit
3099 4598 3351 4654 ineffabili
3394 4599 3537 4655 dono
3564 4602 3733 4659 refer-

2148 4692 2277 4737 tum.
2322 4684 2418 4746 Ite,
2451 4685 2638 4754 inquit,
2668 4702 2786 4739 cum
2826 4688 2999 4749 audis,
3045 4689 3215 4755 ipsum
3244 4699 3365 4760 post
3406 4705 3491 4746 me
3519 4694 3724 4759 venire,

2149 4777 2292 4828 illum
2321 4776 2608 4844 despicias,
2649 4779 2787 4845 quod
2821 4792 3127 4845 postremus
3157 4783 3361 4833 venerit
3390 4799 3402 4833 :
3432 4783 3578 4838 disce
3617 4786 3723 4841 vim

2144 4868 2267 4923 doni
2307 4869 2496 4937 ipsius,
2538 4880 2587 4923 et
2623 4871 2767 4924 clare
2794 4873 2931 4923 scies
2976 4888 3059 4924 me
3091 4888 3187 4925 nec
3216 4872 3424 4943 dignius
3452 4857 3725 4946 quidpiam

2146 4963 2223 5015 vel
2254 4978 2502 5031 magnum
2535 4963 2841 5030 protulisse,
2876 4980 2994 5015 cum
3027 4963 3155 5027 diti,
3188 4964 3345 5035 Cujus
3373 4983 3473 5019 non
3501 4984 3612 5020 sum
3634 4969 3721 5022 di-

2140 5072 2269 5125 gnus
2295 5054 2559 5124 corrigiam
2591 5054 2910 5107 calceamenti
2937 5056 3143 5109 solvere.
3179 5055 3357 5125 Itaque
3386 5072 3506 5113 cum
3533 5050 3720 5115 audie-

2140 5150 2213 5200 ris
2236 5150 2404 5215 ipsum
2427 5146 2694 5199 fortiorem
2724 5160 2808 5200 me
2830 5160 2968 5211 esse,
2996 5162 3059 5200 ne
3087 5156 3239 5215 putes
3268 5149 3317 5201 id
3344 5165 3427 5203 me
3454 5165 3552 5219 per
3572 5166 3722 5207 com-

2139 5239 2468 5306 paratidnem
2491 5237 2703 5291 dixisse.
2730 5238 2907 5306 Neque
2931 5241 3069 5291 enim
3095 5239 3427 5309 dignnssum
3452 5244 3588 5295 inter
3611 5258 3719 5297 ser-

2143 5342 2234 5381 vos
2248 5328 2364 5394 eius
2387 5327 2701 5395 computari,
2732 5327 2838 5382 imo
2861 5343 2927 5382 ne
2949 5329 3085 5383 inter
3108 5329 3322 5383 ultimos
3343 5344 3527 5385 servos
3550 5348 3721 5403 neque

2141 5417 2417 5477 ministerii
2464 5410 2547 5472 vet
2576 5420 2881 5474 vilissimam
2912 5430 3113 5488 partem
3158 5421 3327 5475 obire.
3361 5422 3719 5490 Quamobrem

2138 5524 2245 5563 non
2278 5510 2587 5578 simpliciter
2609 5512 2758 5577 dixit,
2791 5510 3181 5577 Caleeamenta,
3212 5512 3324 5580 sed,
3344 5513 3525 5584 Neque
3552 5516 3722 5571 corri-

2137 5601 2298 5672 giam,
2328 5603 2467 5672 quod
2495 5614 2789 5659 extremum
2818 5594 3055 5659 omnium
3084 5607 3291 5663 videtur
3319 5623 3460 5665 esse.
3494 5609 3717 5676 Deinde,

2139 5707 2205 5748 ne
2234 5700 2388 5765 putes
2414 5693 2525 5749 httc
2558 5711 2653 5765 per
2690 5696 3036 5753 humilitatem
3076 5698 3235 5756 fuisse
3260 5700 3421 5768 dicta,
3459 5718 3524 5757 ex
3555 5702 3715 5759 rebus
