4124 6302
306 293 406 349 197

307 410 438 469 ipsis
497 410 1010 467 demonstrationem
1063 412 1290 483 adjicit:
1341 428 1463 467 nam
1507 413 1602 479 ait,
1659 411 1780 482 Ipse
1814 428 1904 468 vos

306 501 584 569 baptizabit
609 504 662 556 in
681 502 885 572 Spiritu
909 513 1084 557 sancto
1113 504 1233 557 etin
1253 505 1388 575 igne.
1413 503 1600 559 Viden’
1619 512 1814 574 quanta
1833 504 1904 559 sit

307 590 562 659 Baptistae
599 593 898 661 sapientia?
923 594 1147 661 Quando
1175 594 1290 666 ipse
1332 594 1607 666 praedicat,
1639 597 1895 677 terribilia

305 684 482 735 omnia
507 682 726 750 praefert
753 700 873 762 qua:
895 685 947 738 in
969 686 1298 741 anxietatem
1325 687 1652 756 conjiciant;
1684 686 1900 759 quando

305 783 486 826 autem
523 774 588 825 ad
615 765 889 829 Christum
917 776 1098 842 mittit,
1131 777 1270 832 bona
1294 780 1597 845 annuntiat,
1625 797 1744 851 qua:
1783 782 1900 837 ani-

301 877 419 916 mos
457 863 664 931 possint
707 880 977 921 recreare.
1022 865 1206 935 Neque
1247 869 1392 922 enim
1437 870 1690 936 securim,
1721 887 1898 942 neque

300 953 538 1009 excisam
563 954 834 1022 arborem,
858 957 940 1010 vel
977 957 1310 1024 combustam
1342 968 1396 1014 et
1427 958 1482 1014 in
1509 961 1685 1030 ignem
1711 964 1898 1034 conje-

298 1053 466 1105 ctam.
502 1061 677 1115 neque
721 1046 952 1102 futuram
982 1050 1114 1104 iram
1161 1048 1215 1104 in
1257 1050 1492 1104 medium
1534 1052 1771 1119 adducit,
1799 1054 1894 1109 sed

299 1144 645 1206 peccatorum
702 1141 1096 1210 remissionem,
1152 1143 1398 1211 supplicii
1452 1146 1689 1211 veniam,
1738 1147 1895 1215 justi-

299 1226 450 1291 tiam,
500 1228 996 1293 sanctilicationem,
1041 1232 1491 1302 redemptionem,
1520 1236 1887 1306 adoptionem,

297 1317 718 1383 fraternitatem,
779 1319 1094 1375 hereditatis
1134 1325 1465 1379 consortium
1491 1366 1508 1392 ,
1560 1336 1615 1382 et
1659 1327 1892 1398 Spiritus

296 1410 467 1466 sancti
497 1410 768 1478 copiosam
792 1410 1148 1480 largitionem.
1180 1413 1306 1468 limo
1328 1417 1504 1469 omnia
1533 1403 1916 1474 subindicavit.

295 1502 504 1565 dicens,
550 1500 838 1570 Baptizabit
882 1518 967 1557 vos
995 1504 1049 1556 in
1079 1502 1282 1574 Spiritu
1326 1518 1524 1570 sancto,
1559 1509 1670 1576 ipsa
1718 1522 1889 1563 meta-

293 1592 463 1662 phora
480 1595 666 1662 gratiae
682 1595 890 1662 copiam
915 1595 1215 1651 declarans.
1244 1597 1361 1652 Non
1387 1600 1530 1652 enim
1554 1600 1708 1665 dixit,
1734 1602 1888 1657 Dabit

291 1683 444 1739 vobis
470 1684 727 1754 Spiritum
758 1695 1040 1753 sanctum;
1072 1689 1189 1755 sed,
1220 1687 1512 1759 Baptizabit
1552 1708 1637 1746 vos
1673 1698 1726 1747 tn
1753 1694 1883 1764 Spi-

288 1773 390 1825 ritu
418 1785 632 1835 sancto;
656 1783 711 1829 et
737 1776 873 1846 ignis
897 1777 1172 1835 additione
1194 1780 1596 1837 vehementiam
1626 1793 1680 1838 et
1705 1783 1885 1839 eflica-

287 1862 426 1917 ciam
449 1867 634 1932 gratia:
657 1867 1054 1924 demonstrans.

357 1953 413 2007 5.
458 1952 736 2022 Perpende
776 1957 948 2026 igitur.
969 1973 1075 2027 quo
1113 1959 1293 2016 animo
1321 1963 1609 2020 verisimile
1634 1975 1718 2021 est
1757 1957 1884 2023 tunc

284 2043 454 2100 fuisse
481 2047 786 2114 auditores,
814 2051 1109 2119 cogitantes
1135 2064 1193 2107 se
1232 2053 1438 2109 similes
1465 2057 1738 2125 prophetis
1770 2074 1883 2112 ma-

283 2136 509 2205 gnisque
549 2136 653 2190 illis
683 2138 809 2193 viris
840 2155 961 2193 mox
1005 2141 1209 2197 futuros
1243 2158 1381 2199 esse.
1416 2145 1539 2200 Ideo
1570 2148 1712 2201 enim
1745 2149 1880 2218 ignis

283 2229 609 2284 mentionem
638 2232 794 2298 fecit,
822 2242 879 2286 ut
908 2233 1014 2288 illis
1045 2235 1280 2304 ipsorum
1310 2238 1624 2292 memoriam
1654 2254 1878 2295 revoca-

281 2331 384 2376 ret.
427 2322 559 2377 Nam
601 2325 829 2379 maxima
860 2340 985 2394 pars
1009 2341 1192 2381 earum
1213 2367 1228 2393 ,
1263 2344 1397 2397 quas
1425 2328 1680 2397 habuere,
1716 2331 1880 2386 visio-

281 2429 412 2469 num
433 2454 447 2478 ,
480 2429 577 2483 per
607 2415 780 2484 ignem
806 2430 1104 2485 apparuere
1127 2436 1140 2471 :
1166 2419 1243 2474 sic
1262 2419 1426 2491 Moysi
1450 2423 1501 2475 in
1525 2423 1661 2478 ru‘bo
1684 2425 1877 2495 loquu-

281 2514 368 2559 tus
397 2515 483 2559 est
512 2505 686 2572 Deus,
729 2508 806 2562 sic
844 2510 990 2562 omni
1033 2511 1229 2578 populo
1269 2512 1336 2566 in.
1365 2525 1546 2568 monte
1591 2515 1748 2581 Sina;
1798 2519 1878 2572 sic

279 2592 550 2651 Ezechieli
579 2612 700 2651 cum
740 2599 1081 2654 Cherubinis.
1120 2603 1503 2660 Animadverte
1547 2623 1706 2674 porro
1744 2623 1877 2677 quo-

278 2686 444 2739 modo
468 2687 766 2742 auditorem
803 2691 1031 2755 excitet,
1079 2693 1306 2760 primum
1355 2706 1597 2751 statuens
1636 2697 1687 2750 id
1732 2699 1874 2767 quod

277 2785 400 2846 post
430 2778 531 2832 alia
561 2781 738 2834 omnia
771 2780 1004 2836 futurum
1030 2793 1161 2839 erat.
1191 2785 1486 2853 Oportebat
1511 2792 1654 2844 enim
1684 2792 1874 2846 immo-

278 2866 373 2922 lari
399 2869 628 2939 Agnum,
649 2880 702 2924 et
727 2884 1004 2941 peccatum
1029 2874 1215 2942 deleri,
1247 2877 1576 2933 inimicitiam
1603 2882 1760 2947 solvi,
1789 2899 1876 2939 se-

275 2958 546 3026 pulturam
576 2963 864 3018 succedere
883 2975 937 3019 et
962 2968 1433 3030 resurrecﬁonem,
1463 2979 1516 3023 et
1544 2980 1726 3038 postea
1754 2973 1876 3039 Spi-

275 3047 438 3102 ritum
469 3059 710 3105 sanctum
748 3054 1020 3108 advenire.
1066 3059 1135 3109 At
1172 3073 1358 3110 eorum
1399 3057 1529 3112 nihil
1569 3059 1730 3126 dicit;
1776 3061 1871 3116 sed

274 3136 420 3204 quod
451 3147 779 3206 postremum
807 3136 953 3208 erat,
987 3144 1216 3211 primum
1247 3148 1452 3213 posuit,
1485 3159 1704 3216 propter
1727 3151 1870 3219 quod

275 3236 472 3282 caetera
504 3230 685 3283 omnia
713 3230 850 3286 facta
879 3243 1038 3299 sunt,
1083 3236 1333 3304 quodque
1362 3240 1593 3292 maxime
1620 3240 1868 3296 idoneum

272 3327 391 3371 erat
417 3317 485 3371 ad
510 3318 628 3387 ejus
657 3321 1047 3388 [medicandum
1079 3324 1392 3398 dignitatem
1424 3346 1437 3381 :
1472 3339 1528 3381 ut
1565 3345 1685 3383 cum
1728 3332 1869 3386 didi-

273 3409 406 3461 cerit
438 3408 671 3473 auditor,
703 3425 762 3465 se
791 3420 993 3466 tantum
1032 3413 1288 3483 Spiritum
1327 3430 1666 3487 accepturmn
1707 3438 1826 3478 esse
1851 3466 1866 3489 ,

272 3510 479 3568 quaerat
517 3501 656 3569 apud
683 3504 1028 3572 semetipsum
1054 3508 1322 3575 quomodo
1363 3509 1412 3563 id
1455 3511 1689 3568 futurum
1728 3527 1872 3571 esset

275 3599 496 3655 peccato
526 3591 630 3646 late
658 3605 944 3662 regnante;
977 3606 1034 3649 ut
1063 3597 1422 3667 illunrpostea
1452 3604 1725 3670 reperiens
1757 3608 1868 3660 sol-

275 3679 480 3735 licitum
501 3723 516 3747 ,
549 3691 602 3738 et
638 3685 705 3738 ad
746 3686 1067 3741 audiendum
1111 3703 1350 3756 paratum
1372 3735 1386 3758 ,
1421 3694 1497 3748 sic
1526 3696 1592 3749 de
1625 3698 1871 3764 passione

274 3787 585 3828 sermonem
614 3775 918 3842 induceret,
949 3780 1161 3832 nemine
1188 3792 1366 3848 postea
1398 3785 1448 3836 in
1489 3787 1867 3842 oll‘eudiculum

275 3866 489 3921 labente
509 3869 578 3921 ob
596 3868 899 3924 diuturnam
925 3870 1048 3925 doni
1073 3871 1370 3940 hujusmodi
1394 3880 1865 3944 exspectationem.

276 3955 404 4010 Ideo
451 3972 662 4012 rursum
702 3959 964 4014 clamabat
1013 3979 1026 4014 :
1070 3962 1204 4016 Ecce
1240 3981 1403 4034 agnus
1447 3966 1576 4036 Dei,
1636 3970 1722 4037 qui
1771 3972 1867 4024 tol-

275 4048 333 4100 tit
363 4057 622 4116 peccatum
667 4051 844 4103 mundi
881 4049 1065 4120 (Joan.
1095 4054 1145 4106 l.
1167 4052 1294 4125 29).
1326 4055 1440 4110 Non
1470 4057 1634 4123 dixit,
1664 4059 1763 4128 Qui
1788 4078 1874 4117 re-

277 4139 477 4204 mittit,
508 4138 602 4193 sed
631 4141 772 4208 quod
799 4142 1018 4211 majoris
1057 4155 1172 4198 erat
1207 4161 1352 4202 curae
1386 4163 1450 4203 ac
1491 4153 1867 4219 providentim,

281 4228 384 4294 Qui
429 4227 583 4281 tollit.
627 4227 746 4283 Non
785 4230 927 4284 enim
957 4231 1182 4302 idipsum
1214 4246 1298 4290 est
1338 4239 1650 4308 simpliciter
1690 4243 1873 4299 remit-

279 4327 430 4382 tere,
469 4325 527 4372 et
570 4328 751 4387 postea
793 4337 1088 4378 resumere.
1147 4325 1277 4379 Nam
1325 4328 1451 4382 Illud
1501 4329 1619 4384 sine
1661 4333 1872 4401 pericu-

280 4408 333 4461 lo
375 4406 571 4470 flebat,
615 4408 717 4463 hoc
745 4421 922 4465 autem
956 4429 1050 4480 per
1089 4425 1313 4471 mortem
1355 4416 1455 4489 (ll).
1500 4419 1704 4478 Rursus
1741 4438 1872 4478 vero

277 4497 529 4566 dicebat,
577 4500 718 4569 quod
757 4500 922 4556 Filius
968 4503 1061 4560 Dei
1099 4517 1242 4563 esset
1270 4507 1433 4575 (Ibid.
1459 4527 1507 4565 υ.
1533 4512 1647 4583 54).
1672 4514 1870 4571 Verum

341 4737 534 4809 (a)_Slt_:_
562 4737 960 4809 Latine_llontf.;
991 4744 1191 4809 _Grzece
1223 4749 1429 4809 autem:
1456 4746 1558 4809 “0'5
1598 4747 1686 4809 γάρ
1729 4752 1858 4799 ἐστιν

272 4799 384 4874 gica
425 4799 609 4874 ἀῖςῖναι
632 4803 812 4874 ᾁπξῶς,
946 4799 1037 4874 ’ξρν
1085 4806 1227 4874 αῷτρν
1249 4807 1516 4874 ἆξναλαϐςὶν.
1566 4799 1635 4874 Te
1662 4799 1745 4871 inv
1769 4814 1857 4874 γὰρ

273 4861 366 4915 Eii»
386 4860 605 4936 κινδύνοις
637 4862 841 4936 irem,
857 4865 930 4936 ¹τὸ
956 4867 1008 4912 δὲ
1032 4869 1150 4936 μετὰ
1437 4869 1556 4936 Quae
1598 4860 1672 4918 sle
1691 4860 1856 4932 explli-

272 4932 375 4985 αι’)
400 4925 644 4990 possunt:
685 4924 798 4994 Non
820 4923 949 4974 idem
979 4923 1049 4975 ea
1073 4926 1362 4990 simpliciter
1394 4923 1640 4979 remittere
1661 4938 1705 4999 et
1722 4923 1857 5000 eum-

271 4981 389 5053 dem
427 4981 514 5053 ,ρὰ
531 4989 621 5053 est
649 4986 992 5053 remittenteml
1049 5000 1293 5053 assumere
1355 4989 1504 5049 (quod
1553 4997 1853 5053 remittitur).

272 5038 544 5115 ῃ
677 5042 894 5115 periculo
913 5038 1074 5107 ﬁebat,
1083 5061 1146 5097 ea:
1155 5049 1244 5098 hoc
1255 5038 1418 5115 autem
1428 5062 1561 5115 mors
1571 5038 1858 5115 sequimni

274 5101 628 5171 (adlitteram,
647 5100 738 5171 Ii'oc
776 5100 935 5155 autem
953 5100 1072 5156 cum
1100 5113 1294 5171 morte).
1334 5112 1470 5168 Quod
1499 5113 1558 5166 si,
1591 5100 1857 5165 nim—torum

273 5164 504 5235 codicum
521 5167 863 5235 auctoritatem
887 5172 1062 5235 secuti,
1086 5164 1470 5235 legami'isaa‘no'v
1483 5164 1573 5233 pro
1589 5177 1669 5235 τὸν
1694 5164 1855 5235 αὐτὸν,

272 5227 348 5291 sic
403 5220 877 5300 intgrpretabimur:
944 5220 1060 5300 Non
1098 5220 1243 5300 enim
1268 5230 1400 5299 idem
1441 5220 1512 5282 est
1565 5220 1854 5300 tchniidﬁii

271 5280 582 5362 simpliciter"
604 5280 1169 5362 (peceatajfemittere,
1196 5280 1245 5362 et
1269 5280 1455 5362 ipsum
1478 5280 1860 5362 (inihiééé'i'iiii

272 5343 903 5432 B§’-,-..§£ii‘.l‘£'i59
928 5355 1077 5432 6’1"“.
1105 5343 1315 5432 οξὲιείίοὶιξ
1359 5355 1579 5432 εὲξειζὶυί,
1590 5343 1739 5432 Perse
1754 5343 1858 5432 1+4»

271 5407 424 5463 αὐτήν
459 5407 673 5468 (scilicet.
692 5410 942 5473 ἁμαρτίαν)
965 5407 1235 5471 ἀναλαϐεἰῦ,
1266 5421 1320 5463 et
1363 5416 1526 5476 ittlerp
1555 5407 1679 5468 eiari
1703 5435 1712 5468 :
1747 5407 1859 5472 Νόη

270 5463 579 5542 ξᾴξρξαξηιεδε
601 5476 846 5542 peccatum
867 5471 1111 5542 dimittere
1129 5483 1176 5542 et
1204 5476 1360 5542 ipsum
1381 5489 1856 5542 DI_IIEI_>IO_TOLLERE;

273 5528 404 5575 hunc
432 5529 567 5640 agna
594 5541 793 5580 sensum
816 5536 1020 5584 minime
1061 5528 1239 5589 licebai
1265 5535 1411 5586 verbo
1435 5528 1683 5590 ἀναλαϐεῖῆ
1719 5528 1859 5594 {nihl

273 5601 415 5640 gere.
507 5603 601 5638 οη.

269 5601 415 5650 gere.
463 5601 601 5640 non.

1423 292 1490 349 lN
1518 290 1927 348 nummus
1966 255 2200 348 Homo.
2242 296 2334 352 χι.

3513 325 3614 378 195

2009 421 2186 475 neque
2213 410 2343 466 illud
2379 413 2527 471 clare
2553 416 2865 489 dignitatem
2899 407 3041 478 illius
3068 426 3406 484 audientibus
3437 437 3617 502 expri-

2009 499 2208 555 mebat.
2248 502 2496 560 Nondum
2523 510 2667 563 enim
2696 510 2940 568 Sciebant
2969 515 3142 584 ipsum
3165 533 3287 576 esse
3315 499 3611 592 genuinum

2005 588 2200 646 Filium
2234 611 2248 647 :
2277 609 2343 650 ex
2371 596 2514 652 dono
2541 608 2718 655 autem
2750 601 2982 672 Spiritus
3025 610 3196 664 sancti
3250 612 3300 665 id
3319 588 3436 682 iam
3477 631 3613 671 con-

2005 681 2201 737 stabat.
2248 683 2481 757 ldeoque
2523 690 2682 746 Pater
2732 693 2993 751 Joannem
3036 699 3289 768 mittens,
3328 681 3611 776 dignitatis

2004 771 2143 840 ejus,
2172 774 2263 844 qui
2292 777 2628 846 adveniebat,
2661 783 2762 839 hoc
2788 799 3163 856 argumentum
3187 793 3357 861 dedit,
3380 771 3567 854 dicens
3591 819 3605 856 :

2004 862 2173 934 Super
2199 883 2348 934 quem
2383 872 2565 926 videris
2605 873 2857 944 Spiritum
2895 879 3276 939 descendentem
3315 897 3365 941 et
3390 905 3608 945 attinen-

2002 960 2121 1021 tem,
2140 955 2320 1050 Iticl'est
2338 962 2425 1029 qui
2449 964 2672 1029 baptizat
2701 968 2754 1020 in
2780 969 2982 1039 Spiritu
3010 985 3187 1028 sancto
3207 976 3385 1044 (Joan.
3412 982 3604 1053 1.35).

2000 1038 2337 1117 Quapropter
2356 1059 2410 1105 et
2435 1052 2550 1122 ipse
2574 1055 2703 1111 dicit
2731 1077 2744 1112 :
2773 1038 2881 1128 Ego
2907 1063 3010 1115 vidi
3038 1038 3459 1125 et‘testimonium
3482 1038 3607 1143 per-

1983 1133 2142 1189 -hibui
2165 1140 2285 1227 quia
2305 1141 2388 1193 hic
2407 1155 2477 1195 est
2497 1141 2669 1200 Filius
2692 1145 2789 1202 Dei
2810 1149 2974 1214 (Ibid.
3005 1169 3052 1205 υ.
3082 1154 3152 1209 54
3169 1156 3209 1224 ),
3238 1160 3391 1227 quasi
3412 1133 3606 1219 ex'hoc

1999 1235 2055 1279 et
2081 1225 2212 1281 illud
2243 1244 2457 1300 quoque
2491 1234 2600 1302 jam
2632 1237 2835 1292 clarum
2876 1242 3150 1299 evaderet.
3197 1225 3430 1313 Deinde,
3476 1252 3603 1320 quia

1997 1314 2134 1369 bona
2154 1318 2317 1385 dixit,
2340 1322 2748 1394 auditoremque
2767 1331 2972 1384 remisit
2992 1341 3153 1402 atque
3173 1327 3390 1406 laxavit,
3416 1314 3603 1396 rursus

1997 1405 2146 1462 illum
2179 1413 2480 1483 restringit,
2526 1432 2595 1470 ne
2624 1417 2674 1470 iu
2712 1418 2971 1474 desidiam
3014 1423 3186 1478 cadat.
3234 1426 3364 1482 Tale
3402 1430 3602 1500 quippe

1993 1509 2104 1552 erat
2134 1498 2444 1559 Juda‘orom
2472 1521 2640 1575 genus
2671 1525 2683 1562 :
2715 1525 2779 1563 ex
2808 1514 3079 1580 prosperis
3108 1515 3215 1569 cito
3255 1498 3600 1576 cmollieban-

1996 1594 2101 1654 tur,
2129 1590 2537 1664 deterioresqne
2565 1595 2786 1653 flebant.
2833 1599 3066 1671 Ideoque
3103 1620 3292 1660 rursus
3337 1611 3596 1666 terribilia

1993 1678 2198 1735 inducit
2240 1682 2322 1736 bis
2364 1685 2539 1740 verbis
2575 1705 2589 1740 :
2625 1688 2713 1742 12.
2756 1690 2918 1755 Cuius
2960 1695 3292 1751 ventilabrum
3336 1700 3390 1753 in
3440 1718 3596 1758 manu

1989 1785 2102 1821 sua.
2135 1771 2390 1840 Superius
2415 1775 2524 1844 jam
2552 1779 2872 1847 supplicium
2897 1798 3316 1854 memoraverat;
3356 1789 3442 1847 hic
3465 1808 3595 1847 vero

1988 1860 2229 1918 Judicem
2259 1866 2480 1934 inducit,
2508 1869 2916 1942 immortaleque
2939 1878 3257 1946 supplicium
3291 1898 3304 1935 :
3333 1897 3454 1936 nam
3481 1886 3594 1940 ait:

1988 1951 2255 2008 Comburet
2286 1957 2459 2030 paleas
2488 1961 2603 2028 igne
2639 1963 3056 2034 inexstinguibili.
3093 1967 3248 2024 Vides
3291 1972 3463 2039 ipsum
3510 1990 3593 2028 re—

1988 2059 2104 2097 rum
2134 2048 2374 2102 omnium
2408 2049 2691 2105 Dominum
2729 2056 3012 2123 agricolam
3042 2073 3167 2115 esse
3209 2078 3223 2114 :
3266 2077 3590 2134 quamquam

1987 2135 2200 2194 Patrem
2231 2141 2332 2195 hoc
2356 2143 2528 2210 ipsum
2557 2160 2679 2199 esse
2705 2147 2828 2199 alibi
2861 2150 3055 2203 dixerit
3087 2170 3099 2204 :
3135 2151 3293 2207 Pater
3321 2172 3481 2218 utens,
3518 2159 3592 2212 in-

1985 2229 2133 2297 quit,
2165 2232 2390 2300 agn'cola
2417 2244 2493 2286 est
2517 2234 2535 2303 (
2556 2234 2695 2288 Ibid.
2729 2237 2859 2290 15.1
2892 2241 2909 2306 )
2960 2239 3092 2306 Quia
3125 2243 3268 2297 enim
3296 2245 3459 2313 dixit,
3491 2247 3590 2303 Se-

1985 2321 2120 2375 curis
2139 2360 2152 2384 ,
2185 2337 2255 2376 ne
2284 2332 2498 2390 putares
2528 2341 2638 2378 rem
2673 2326 2855 2382 labore
2885 2345 3020 2397 epns
3047 2333 3266 2402 habere,
3309 2352 3407 2393 nec
3432 2339 3589 2398 facile

1985 2408 2213 2465 discerni
2246 2426 2400 2480 posse
2422 2453 2437 2477 ,
2469 2414 2572 2466 alio
2598 2417 2846 2485 exemplo
2876 2419 3184 2477 facilitatem
3219 2425 3450 2494 inducit,
3492 2445 3587 2484 os-

1987 2501 2211 2555 tendens
2237 2503 2490 2556 mundmn
2516 2513 2684 2559 totum
2712 2507 2855 2562 illius
2875 2524 2995 2565 esse
3022 2528 3036 2564 :
3063 2529 3174 2567 non
3200 2517 3343 2570 enim
3374 2521 3588 2586 puniret

1983 2589 2210 2646 alienos.
2230 2592 2378 2647 Nunc
2397 2610 2524 2649 vero
2545 2597 2720 2650 omnia
2745 2602 3007 2668 permixta
3029 2615 3170 2658 sunt.
3198 2605 3420 2663 Etiamsi
3440 2613 3583 2666 enim

1981 2679 2305 2736 frumentum
2331 2683 2523 2747 luceat,
2548 2695 2782 2740 attamen
2804 2704 2925 2743 cum
2950 2692 3101 2760 palea
3128 2697 3357 2762 [insitum
3381 2710 3482 2760 est.
3503 2711 3584 2756 ut-

1984 2777 2108 2836 pote
2134 2769 2185 2822 in
2215 2786 2338 2825 area
2362 2813 2377 2836 ,
2406 2789 2512 2826 non
2546 2774 2598 2827 in
2632 2776 2847 2832 horreo.
2883 2780 3034 2836 Tunc
3059 2794 3236 2838 autem
3269 2790 3448 2843 omnia
3476 2791 3588 2846 dis-

1979 2869 2291 2914 cernentur.
2324 2861 2421 2916 Ubi
2453 2879 2596 2919 nunc
2621 2879 2748 2920 sunt
2776 2869 2849 2922 illi
2877 2873 2966 2941 qui
2993 2867 3295 2942 gehennam
3327 2894 3450 2935 esse
3475 2897 3582 2937 non

1978 2950 2248 3005 credunt?
2276 2952 2488 3008 Etenim
2515 2955 2622 3011 duo
2654 2961 2851 3026 posuit,
2882 2970 2937 3016 et
2964 2963 3354 3033 haptizaturum
3383 2985 3504 3026 esse
3529 2973 3581 3027 in

1979 3038 2180 3106 Spiritu
2222 3052 2442 3107 sancto,
2492 3055 2545 3098 et
2587 3049 2992 3104 combusturnm
3038 3069 3142 3107 non
3189 3059 3492 3115 credentes.
3525 3064 3581 3117 Si

1977 3129 2137 3198 igitur
2166 3131 2293 3185 illud
2324 3135 2682 3202 credendum,
2725 3150 2778 3193 et
2825 3141 2926 3196 hoc
2966 3145 3127 3199 etiam
3171 3164 3412 3216 prorsus.
3438 3154 3574 3210 Pro-

1976 3229 2094 3286 pter
2153 3219 2254 3273 hoc
2309 3222 2455 3276 enim
2515 3233 2798 3295 ntrmnqne
2851 3232 3134 3300 prtedixit,
3189 3247 3246 3291 ut
3297 3239 3366 3295 ab
3418 3246 3579 3300 unius

1976 3308 2337 3376 przedictionis
2365 3324 2560 3367 eventu
2580 3355 2594 3376 ,
2630 3316 2783 3371 alteri
2817 3320 2950 3375 fides
2977 3337 3082 3377 non
3110 3339 3414 3396 negaretur.
3444 3333 3579 3389 Nam

1975 3408 2029 3452 et
2057 3397 2302 3454 Christus
2333 3401 2384 3456 id
2414 3417 2519 3457 non
2551 3421 2672 3459 raro
2699 3406 2822 3461 facit
2851 3429 2864 3462 :
2896 3426 3039 3479 saepe
3068 3415 3117 3467 in
3152 3416 3216 3470 iis
3243 3418 3370 3487 ipsis
3395 3423 3573 3490 rebus,

1975 3501 2119 3554 saepe
2148 3490 2308 3544 etiam
2344 3491 2394 3543 iu
2422 3495 2704 3549 contrariis
2725 3539 2740 3562 ,
2772 3499 2904 3553 duas
2930 3517 3207 3571 apponens
3233 3512 3575 3581 prophetias,

1976 3593 2199 3647 quarum
2228 3595 2385 3634 uuam
2416 3584 2634 3640 exhibet
2661 3589 2929 3656 impletam
2952 3633 2964 3654 ,
2994 3594 3223 3650 alteram
3250 3599 3575 3668 implendam

1978 3670 2269 3736 promittit,
2300 3682 2356 3725 ut
2385 3673 2452 3727 ab
2477 3690 2539 3729 ea
2561 3717 2574 3738 ,
2605 3693 2723 3745 quae
2743 3680 2854 3746 jam
2896 3685 3106 3750 evenit,
3151 3687 3372 3745 alteram
3398 3735 3412 3758 ,
3459 3712 3579 3764 qum

1978 3762 2211 3816 nondum
2251 3767 2448 3832 evenit,
2481 3768 2567 3821 vel
2611 3773 3058 3830 contentiosiores
3085 3780 3326 3835 credant.
3363 3762 3576 3842 Etenim

1979 3854 2040 3905 iis
2064 3854 2148 3920 qui
2181 3863 2398 3922 propter
2422 3857 2592 3924 ipsum
2624 3863 2803 3914 omnia
2828 3864 3156 3933 reliquerint,
3181 3876 3492 3942 centuplum
3522 3879 3575 3932 in

1979 3945 2227 4009 praasenti
2254 3946 2452 3999 sacculo
2479 3961 2539 4000 se
2567 3948 2813 4002 datm-nm
2857 3953 3122 4021 pollicitos
3161 3971 3274 4027 est,
3320 3976 3375 4018 et
3414 3966 3576 4022 vitam

1977 4041 2230 4085 arternam
2265 4034 2528 4093 inluturo
2558 4036 2766 4104 (Marc.
2801 4043 2884 4096 l0.
2918 4044 3027 4114 50)
3051 4087 3066 4110 ,
3094 4063 3159 4102 ex
3206 4052 3299 4115 iis,
3342 4070 3460 4125 qua:
3489 4059 3576 4113 hie

1976 4122 2190 4188 dantur,
2225 4123 2402 4193 futura,
2425 4125 2528 4181 fide
2549 4126 2704 4198 digna
2740 4131 2990 4187 reddens.
3017 4137 3070 4190 ld
3095 4142 3236 4206 quod
3259 4122 3417 4199 etiam
3450 4146 3578 4204 fecit

1965 4202 2210 4272 'Joaunes
2233 4259 2248 4282 ,
2280 4229 2564 4289 utrumque
2593 4237 2826 4290 ponens,
2868 4235 2921 4279 et
2951 4230 3091 4297 quod
3111 4202 3354 4302 baptizet
3377 4239 3428 4292 in
3453 4241 3576 4310 Spi-

1977 4308 2079 4361 ritu
2107 4318 2311 4371 sancto,
2344 4317 2400 4362 et
2427 4312 2566 4380 quod
2597 4314 2878 4368 comburat
2910 4319 3028 4387 igne
3059 4321 3499 4396 inexstinguibili.

2049 4400 2102 4452 6.
2143 4400 2197 4455 Si
2246 4402 2422 4471 itaque
2453 4419 2558 4456 non
2589 4404 2874 4472 baptizavit
2922 4410 2972 4462 in
3019 4410 3218 4480 Spiritu
3265 4422 3572 4491 apostolos,

1978 4505 2150 4558 neque
2182 4491 2328 4555 illos,
2372 4494 2460 4561 qui
2506 4495 2741 4562 quotidie
2783 4496 3037 4566 baptizari
3080 4505 3308 4573 vellent,
3356 4511 3423 4563 de
3471 4512 3576 4568 illis

1976 4583 2136 4636 etiam
2165 4585 2436 4638 dubitandi
2471 4586 2644 4640 locum
2678 4587 2935 4653 haberes;
2965 4593 3006 4644 si
3039 4608 3168 4647 vero
3197 4597 3248 4650 id
3280 4603 3421 4668 quod
3457 4621 3572 4658 ma-

1972 4674 2061 4741 jus
2105 4684 2158 4730 et
2199 4675 2468 4731 difﬁcilius
2506 4692 2626 4732 esse
2665 4679 2960 4747 videbatur,
3004 4693 3057 4739 et
3098 4688 3238 4754 quod
3267 4705 3570 4752 sermonem

1976 4759 2191 4819 onmem
2222 4775 2474 4834 superat,
2515 4779 2567 4820 ct
2598 4767 2795 4824 factum
2833 4781 2943 4832 est.
2985 4788 3040 4834 et
3061 4778 3300 4849 quotidie
3322 4781 3571 4847 ellicitur,

1977 4858 2102 4926 quid
2131 4872 2305 4912 causa:
2334 4867 2420 4913 est
2445 4875 2540 4914 cur
2566 4861 2616 4914 id
2643 4862 2783 4930 quod
2816 4863 2970 4920 facile
2998 4876 3051 4920 et
3079 4871 3371 4926 secundum
3407 4879 3572 4930 ratio-

1977 4964 2100 5002 nem
2140 4958 2251 5014 est,
2281 4965 2466 5003 verum
2511 4966 2618 5010 non
2660 4966 2779 5006 esse
2813 4953 2999 5008 dicas?
3023 4957 3157 5022 Quia
3207 4962 3349 5015 enim
3389 4964 3525 5019 dixit
3559 5010 3569 5021 .

1978 5036 2260 5104 Baptizabit
2289 5041 2341 5092 in
2372 5040 2572 5110 Spiritu
2597 5054 2772 5096 sancto
2798 5053 2842 5097 et
2881 5045 2933 5097 in
2976 5046 3123 5115 igne,
3164 5057 3218 5103 ct
3258 5067 3445 5122 magna
3489 5055 3575 5111 hic

1978 5129 2224 5196 promisit
2252 5128 2421 5196 bona,
2453 5146 2520 5185 ne
2562 5132 2742 5185 animo
2788 5136 3120 5199 concideres,
3157 5141 3422 5207 prioribus
3452 5162 3572 5200 om-

1979 5219 2136 5273 nibus
2165 5220 2440 5288 neglectis,
2466 5222 2817 5276 ventilabrum
2845 5223 3069 5288 induxit,
3098 5237 3150 5281 et
3172 5228 3430 5297 judicimn
3459 5237 3574 5292 sive

1979 5313 2243 5365 delectum
2274 5327 2372 5382 per
2400 5313 2500 5367 hoc
2531 5313 2643 5368 fieri
2671 5316 2908 5370 solitum.
2940 5317 3018 5372 Ne
3048 5321 3245 5387 putetis
3274 5326 3416 5377 enim
3439 5367 3454 5388 ,
3473 5331 3572 5392 jn-

1978 5405 2120 5473 quit,
2149 5405 2467 5473 baptismum
2494 5406 2742 5462 sullicere
2761 5448 2774 5471 ,
2805 5409 2850 5461 si
2877 5410 3104 5478 improbi
3133 5425 3314 5480 postea
3344 5416 3572 5484 fueritis;

1981 5512 2112 5563 opus
2138 5498 2335 5566 quippe
2357 5496 2513 5552 nobis
2537 5509 2619 5552 est
2642 5509 2695 5553 et
2720 5500 2915 5554 virtute
2940 5512 2990 5556 el
3022 5505 3182 5559 multa
3214 5509 3571 5578 philosophia.

1977 5582 2262 5656 Propterea
2307 5589 2575 5644 lavacrum
2603 5591 2654 5644 in
2682 5592 2904 5660 gratiam
2939 5593 3084 5662 ipsos
3112 5610 3140 5647 a
3173 5599 3343 5651 securi
3375 5601 3457 5651 illa
3488 5603 3569 5658 de
