4124 6302
582 324 683 382 190
1275 312 1333 369 8.
1370 304 1648 368 JOANNIS
1681 291 2157 360 CHRYSOS’I‘OII
2195 285 2513 346 ARCHIEP.
2552 279 3087 339 CONSTANTINOP.
3742 278 3849 333 2m

578 440 730 512 pellit
757 437 832 509 (α)
860 445 914 493 et
942 430 1191 489 transfert
1217 443 1233 480 :
1267 434 1386 497 post
1409 424 1631 497 gratiam
1668 427 1844 512 autem
1871 408 2155 512 a-ventila-

582 498 681 585 bro
706 498 908 596 et‘igne
935 517 1347 591 inexstiuguibili
1377 522 1573 575 terret,
1604 517 1660 565 et
1679 506 1873 562 nullam
1896 502 2021 557 facit
2042 498 2155 596 dis-

580 586 892 674 tinctionem
937 627 1121 670 eorum
1167 586 1257 679 qui
1300 605 1530 662 nondum
1573 596 1820 669 baptizati
1854 601 2015 656 sunt,
2063 586 2154 642 sed

581 708 901 779 generaliter
942 705 1011 757 ait
1044 719 1058 755 :
1096 697 1459 779 Omnisarbor,
1489 705 1602 758 qua
1628 704 1728 742 non
1771 685 1893 756 facit
1940 687 2155 779 fructum

581 771 767 854 bonum
787 839 802 864 ,
832 796 1103 855 excidatur,
1131 774 1366 844 inﬁdeles
1392 797 1580 837 onmes
1604 779 1856 849 puniens;
1886 780 2008 845 post
2031 771 2158 864 bap-

585 892 739 945 tisma
784 860 958 941 autem
1011 880 1399 936 distinctionem
1452 870 1735 943 quamdam
1789 864 1985 927 efficit;
2036 860 2157 931 quia

584 1173 755 1227 neque
785 1157 963 1226 pravis
991 1151 1360 1221 cupiditatibus
1387 1148 1457 1202 sit
1484 1145 1723 1199 addictus
1741 1182 1755 1206 ,
1783 1141 1854 1195 ita
1877 1147 1933 1191 ut
1955 1137 2024 1192 ab
2058 1134 2161 1189 illis

584 1248 742 1303 facile
768 1247 998 1316 undique
1020 1245 1264 1313 iactetur.
1292 1238 1346 1299 Si
1371 1239 1509 1293 enim
1549 1236 1870 1290 frumentum
1908 1237 2158 1286 maneas,

587 1338 792 1393 etiamsi
826 1336 1045 1390 teutatio
1071 1335 1297 1401 ingruat,
1329 1328 1457 1383 nihil
1485 1326 1607 1380 mali
1635 1335 1885 1393 passurus
1912 1334 1971 1373 es
1996 1336 2009 1371 :
2036 1332 2157 1371 nam

584 1428 640 1481 in
671 1441 793 1481 area
837 1436 969 1479 rotae
1014 1438 1204 1476 currus
1245 1418 1481 1473 sulcandi
1523 1415 1822 1469 facultatem
1869 1410 2155 1472 habentes,

587 1519 907 1573 frumentum
931 1529 1035 1569 non
1060 1512 1334 1574 scindunt;
1358 1510 1403 1563 si
1429 1522 1553 1562 vero
1576 1507 1627 1559 in
1654 1500 2162 1575 paleaefragilitatem

588 1605 871 1667 incideris,
916 1613 971 1659 et
1013 1604 1099 1658 hic
1138 1598 1465 1656 intoleranda
1517 1596 1763 1666 patieris,
1806 1592 1874 1646 ab
1915 1589 2164 1645 omnibus

588 1702 855 1763 concisus,
886 1710 938 1752 et
970 1696 1076 1749 illic
1103 1692 1414 1763 supplicium
1446 1691 1559 1744 lues
1584 1696 1859 1741 aatcrnum.
1888 1682 1989 1750 Qui
2018 1676 2163 1735 enim

590 1791 725 1844 tales
749 1798 905 1852 sunt,
929 1797 1210 1856 antequam
1233 1783 1499 1837 fornacem
1528 1780 1670 1834 illam
1696 1778 1920 1830 futuram
1946 1771 2163 1835 adeant,

593 1878 1029 1934 irrationabilium
1057 1876 1336 1931 affectuum
1366 1872 1453 1927 hic
1479 1886 1597 1925 esca
1625 1868 1944 1929 elﬁciuntur,
1967 1870 2028 1918 ut
2066 1876 2165 1933 pa—

594 1970 692 2025 lea:
708 1978 831 2024 sunt
858 1968 1129 2022 brutorum
1152 1966 1301 2018 cibus
1330 1981 1343 2017 :
1374 1973 1426 2016 et
1452 1961 1559 2015 illic
1577 1974 1759 2013 rursus
1776 1956 1994 2011 materia
2010 1964 2063 2009 et
2078 1953 2157 2008 ci-

594 2064 695 2118 bus
723 2062 857 2131 ignis
886 2070 1060 2116 erunt.
1092 2059 1146 2114 Si
1172 2057 1346 2111 statim
1378 2055 1598 2110 dixisset
1631 2071 1643 2104 :
1675 2051 1791 2120 Ipse
1816 2048 2075 2119 iudicabit
2097 2045 2165 2100 de

592 2153 833 2215 actibus;
865 2164 1167 2205 sermonem
1211 2162 1316 2201 non
1350 2148 1419 2198 ita
1452 2142 1775 2213 probabilem
1807 2138 2163 2201 reddidisset;

594 2258 713 2297 cum
739 2250 914 2295 autem
946 2237 1246 2308 parabolam
1274 2235 1584 2297 admiscuit,
1624 2241 1677 2287 et
1715 2248 1808 2301 per
1835 2247 1952 2285 eam
1991 2229 2168 2283 omnia

597 2331 947 2401 dispensavit,
977 2328 1029 2383 id
1058 2326 1123 2381 ad
1154 2323 1577 2397 persuadendum
1602 2322 1770 2391 magis
1806 2329 1984 2388 aptum
2024 2327 2165 2380 erat;

596 2430 651 2475 et
678 2435 796 2474 cum
837 2417 1024 2487 majori
1065 2415 1431 2471 consolatione
1468 2413 1763 2466 auditorem
1795 2410 2054 2463 trahebat.
2090 2406 2171 2460 ld-

594 2512 738 2566 circo
767 2509 884 2563 illos
911 2522 1052 2577 smpe
1081 2505 1181 2561 hac
1207 2505 1412 2560 ratione
1436 2502 1740 2572 alloquitur,
1781 2514 1987 2560 aream,
2031 2512 2169 2552 mes-

595 2616 708 2656 sem
732 2638 747 2661 .
798 2600 1038 2665 vineam,
1083 2597 1333 2661 torcular,
1378 2609 1560 2665 agrum
1580 2633 1596 2659 ,
1628 2607 1876 2663 sagenam
1896 2632 1911 2657 ,
1942 2590 2168 2660 piscium

596 2699 896 2758 capturam,
928 2698 980 2743 et
1005 2687 1181 2741 omnia
1209 2701 1325 2754 qua:
1351 2686 1402 2738 in
1442 2700 1537 2738 usu
1573 2693 1760 2748 erant,
1803 2690 1855 2737 et
1895 2683 1946 2735 in
1981 2681 2172 2751 quibus

597 2780 968 2845 versabantur,
997 2779 1174 2833 verbis
1214 2778 1326 2832 suis
1366 2776 1683 2831 admiscens.
1735 2776 1790 2829 ld
1836 2774 1976 2843 quod
2013 2775 2203 2847 etiam,

598 2870 831 2939 Baptista
862 2868 948 2923 hic
975 2868 1115 2932 fecit,
1139 2868 1505 2936 dictorumque
1531 2865 1811 2920 maximam
1840 2864 2175 2919 demonstra-

598 2962 797 3014 tionem
841 2959 1094 3027 protulit,
1142 2959 1371 3027 Spiritus
1413 2959 1579 3012 sancti
1626 2956 1844 3010 donum.
1888 2955 1986 3021 Qui
2029 2954 2171 3007 enim

599 3056 799 3104 tantum
831 3056 1039 3117 posset,
1067 3056 1123 3100 ut
1151 3048 1308 3101 etiam
1337 3040 1548 3113 peccata
1579 3045 1888 3107 dimitteret,
1920 3053 1975 3098 et
2001 3042 2169 3111 Spiri-

599 3146 709 3192 tum
737 3139 907 3201 daret,
942 3138 1053 3192 haec
1084 3136 1250 3192 multo
1288 3136 1454 3205 magis
1496 3135 1669 3190 facere
1694 3134 1926 3203 poterit,
1974 3133 2169 3188 aiebat.

600 3228 787 3283 Viden'
809 3227 1076 3297 quomodo
1095 3226 1203 3295 iam
1230 3226 1638 3294 prmmitterctur
1657 3223 1971 3293 mysterium
1998 3236 2174 3276 resur-

602 3318 852 3373 rectionis
879 3326 931 3371 et
960 3315 1182 3383 iudicii?
1209 3314 1276 3369 Et
1302 3328 1403 3383 qua
1443 3312 1510 3368 de
1546 3328 1737 3380 causa,
1784 3313 2024 3382 inquies,
2070 3326 2176 3366 non

602 3410 845 3481 praedixit
862 3424 922 3462 ea
946 3423 1061 3475 qua:
1083 3421 1202 3460 mox
1226 3406 1294 3460 ab
1318 3406 1411 3460 illo
1432 3406 1633 3460 edenda
1654 3412 1809 3460 erant
1826 3405 1976 3473 signa
1998 3412 2051 3458 et
2074 3404 2174 3456 mi-

601 3502 813 3556 racula?
841 3502 973 3569 Quia
1006 3502 1105 3555 hoc
1134 3501 1198 3556 iis
1224 3501 1467 3557 omnibus
1494 3501 1662 3567 maius
1688 3507 1836 3563 erat,
1864 3508 1919 3553 et
1961 3505 2176 3567 propter

601 3591 703 3646 hoc
727 3592 814 3646 illa
841 3592 1016 3646 omnia
1047 3592 1185 3644 edita
1214 3600 1357 3645 sunt.
1385 3590 1515 3643 Nam
1558 3604 1677 3643 cum
1717 3600 1874 3656 caput
1916 3595 2173 3657 poneret,

601 3682 778 3735 omnia
807 3679 1283 3747 complectebatur,
1316 3680 1501 3733 mortis
1538 3679 1913 3744 solutionem,
1935 3685 2183 3746 peccato:

603 3787 718 3825 rum
744 3771 1195 3833 destructionem;
1222 3769 1603 3823 maledictionis
1624 3769 1944 3823 amotionem
1961 3809 1976 3835 ,
2002 3784 2031 3822 a
2059 3768 2193 3822 diu-i

605 3864 774 3917 turnis
800 3863 950 3917 hellis
978 3861 1342 3915 liberationem
1367 3899 1383 3923 ,
1426 3858 1719 3928 ingressum
1752 3860 1803 3913 in
1831 3859 2130 3929 paradisum
2157 3900 2171 3925 ,

602 3968 879 4009 ascensum
904 3953 957 4007 in
984 3951 1207 4017 calum,
1250 3950 1409 4004 vitam
1447 3965 1566 4004 cum
1605 3951 1805 4018 angelis
1841 3950 2172 4013 ducendam,

604 4046 899 4101 futurorum
950 4044 1208 4095 bonorum
1252 4039 1598 4092 consortium.
1643 4038 1773 4092 Nam
1818 4039 1920 4092 hoc
1967 4039 2179 4092 illorum

604 4137 805 4225 pignus,
821 4144 929 4187 est:
954 4132 1085 4187 Cum
1106 4145 1243 4225 ergo
1273 4128 1400 4225 illud
1432 4129 1649 4225 dixisset
1669 4169 1682 4190 ,
1713 4128 1847 4181 dixit
1873 4128 2033 4182 etiam
2062 4142 2181 4183 cor-

606 4218 793 4295 porum
836 4220 1314 4284 resurrectionem,
1342 4220 1489 4287 signa
1518 4218 1601 4272 hic
1644 4219 1813 4280 edita,
1855 4220 2002 4288 regni
2045 4218 2180 4274 coni-

604 4316 860 4380 sortiutn,
888 4325 942 4369 et
967 4314 1103 4368 bona
1126 4353 1141 4377 ,
1179 4312 1307 4378 Quae
1345 4310 1519 4364 oculus
1558 4326 1660 4365 non
1701 4310 1859 4375 vidit,
1904 4311 2041 4365 auris
2080 4327 2179 4363 non

607 4405 817 4468 audivit,
839 4414 886 4457 et
908 4404 961 4457 in
978 4419 1065 4456 cor
1080 4401 1294 4454 hominis
1314 4416 1412 4453 non
1430 4400 1757 4453 ascenderunt
1778 4401 1853 4468 (1.
1879 4400 1995 4453 Cor.
2020 4400 2073 4453 2.
2100 4400 2177 4469 9).

609 4496 736 4550 lia'c
762 4494 955 4563 quippe
980 4492 1154 4546 omnia
1184 4505 1280 4559 per
1305 4489 1505 4543 donum
1544 4488 1670 4542 illud
1714 4488 1863 4543 nobis
1892 4490 2177 4558 praebebat.

605 4582 942 4654 Superlluum
975 4583 1148 4649 itaque
1175 4587 1289 4634 erat
1316 4578 1382 4632 de
1410 4577 1570 4647 signis
1609 4578 1749 4645 loqui
1788 4593 1911 4634 mox
1952 4578 2176 4646 futuris,

606 4690 660 4735 ct
687 4677 960 4733 oculorum
987 4674 1187 4744 indicio
1215 4670 1528 4741 probandis;
1576 4670 1669 4726 sed
1698 4670 1765 4725 de
1806 4671 1909 4725 illis
1946 4683 2062 4726 erat
2103 4674 2180 4726 lo-

607 4768 877 4839 quendum
899 4767 967 4821 de
989 4766 1178 4834 quibus
1203 4761 1513 4817 dubitabant
1534 4760 1641 4824 illi;
1670 4776 1889 4830 nempe,
1927 4762 2067 4831 quod
2096 4762 2183 4817 [τί-

610 4860 714 4913 lius
742 4858 834 4913 Dei
861 4865 1029 4921 esset,
1061 4855 1200 4924 quod
1226 4852 1485 4907 Joannem
1512 4850 1628 4905 sine
1654 4849 1759 4903 ulla
1786 4853 2182 4921 comparatione

612 4948 935 5019 prmcederet
953 4987 970 5013 ,
1000 4946 1140 5015 quod
1168 4944 1375 4999 tolleret
1403 4951 1675 5012 peccatum
1705 4942 1906 5010 mundi,
1937 4944 2079 5013 quod
2116 4945 2183 4998 de

612 5040 864 5109 operibus
894 5038 1153 5091 rationem
1179 5044 1460 5091 exacturus
1486 5042 1663 5098 esset,
1696 5034 1835 5100 quod
1861 5042 2041 5088 nostra
2077 5051 2180 5090 non

613 5138 795 5185 essent
819 5127 1169 5199 prtesentibus
1194 5126 1350 5179 rebus
1377 5124 1794 5191 circumscripta,
1821 5124 1914 5179 sed
1948 5124 2055 5180 illic
2075 5126 2184 5181 sin-

612 5222 719 5291 guli
770 5221 982 5290 dignum
1030 5217 1341 5287 supplicium
1390 5216 1570 5271 luituri
1619 5225 1815 5272 essent.
1864 5218 1991 5273 [hec
2039 5218 2183 5273 enim

612 5313 783 5367 oculis
809 5311 1071 5379 subiicere
1101 5318 1224 5361 tunc
1250 5324 1355 5362 non
1386 5308 1594 5363 licebat.

686 5402 739 5452 7.
779 5398 989 5452 Moralis
1019 5398 1329 5461 exhortatio;
1372 5396 1613 5454 bonorum
1654 5400 1815 5469 gratia
1847 5399 1982 5454 Deus
2022 5398 2184 5454 malos

642 5641 651 5650 _
679 5580 750 5641 (α)
788 5588 1044 5650 Lavacrum
1064 5596 1095 5632 a
1120 5581 1277 5632 securi
1311 5579 1506 5644 depellit
1528 5592 1607 5631 eos
1624 5614 1639 5640 ,
1673 5580 1719 5630 id
1754 5589 1848 5641 est,
1872 5592 1900 5629 a
1923 5582 2181 5631 commina-

614 5643 751 5690 tione
783 5643 987 5692 scutris.

2261 406 2361 473 fert
2398 402 2667 470 patienter.
2698 426 2772 438 —
2799 395 2923 451 Hmc
2951 396 3125 465 itaque
3149 408 3269 450 cum
3298 392 3527 447 sciamus
3550 430 3567 458 ,
3591 408 3844 464 magnum

2261 492 2608 546 adhibeamus
2636 488 2889 549 studium,
2908 487 3033 540 dum
3059 488 3110 539 in
3132 500 3255 539 area
3281 498 3464 539 sumus
3497 500 3512 535 :
3546 481 3671 536 licet
3696 483 3841 534 enim

2262 582 2349 638 hic
2363 581 2699 637 versantibus
2719 595 2785 633 ex
2806 578 2961 648 palea
2979 579 3029 631 in
3057 578 3286 630 triticum
3311 575 3569 637 c‘onverti,
3591 572 3845 641 quemad-

2264 674 2478 729 modum
2509 689 2576 726 ex
2607 673 2780 725 tritico
2825 670 2974 727 multi
3014 668 3161 738 palea
3201 677 3327 721 sunt
3364 666 3507 721 facti.
3553 664 3631 722 Na
3669 664 3847 732 itaque

2263 766 2625 827 caucidamus,
2651 777 2821 831 neque
2841 761 2985 815 onmi
3014 769 3173 814 vento
3194 758 3649 817 circnmferamur,
3676 769 3849 823 neque

2264 854 2610 911 seindamura
2636 852 2885 915 fratribus
2910 850 3128 912 nostris,
3156 849 3278 901 licet
3296 848 3467 916 exigui
3491 857 3545 899 et
3569 848 3703 900 viles
3731 859 3850 899 esse

2266 946 2562 1001 videantur.
2589 942 2718 997 Nam
2749 951 2803 995 ct
2836 941 3155 997 frumentum
3183 940 3329 1006 palea
3362 939 3538 989 minus
3563 944 3665 997 est,
3685 950 3851 1004 quan-

2268 1046 2376 1091 tum
2408 1035 2475 1089 ad
2507 1048 2830 1097 mensuram,
2854 1040 3105 1099 quantum
3134 1028 3199 1082 ad
3230 1037 3473 1082 naturam
3501 1036 3701 1088 autem,
3734 1041 3849 1078 me-

2268 1127 2387 1181 lius.
2427 1123 2503 1177 Ne
2529 1122 2707 1177 smeuli
2736 1135 2956 1191 pompas
2987 1116 3239 1187 respicias
3272 1135 3285 1169 :
3318 1132 3440 1170 nam
3470 1116 3571 1169 illa:
3594 1116 3699 1183 igni
3730 1122 3852 1167 sunt

2266 1227 2494 1289 paratm;
2529 1215 2622 1270 sed
2653 1229 2770 1268 eam
2798 1228 2914 1281 quae
2943 1210 3236 1265 secundum
3270 1209 3436 1263 Deum
3460 1216 3541 1261 est
3580 1204 3851 1259 bumilita-
3872 1271 3903 1281 ἦ

2269 1286 2371 1363 teni
2397 1347 2411 1370 ,
2444 1305 2667 1361 solidam
2700 1304 2843 1357 illam
2864 1343 2880 1367 ,
2918 1301 3334 1356 indissolubilem
3357 1340 3373 1364 ,
3406 1316 3525 1369 qua:
3556 1296 3727 1350 scindi
3754 1311 3847 1349 nc-
3888 1286 3927 1291 ”’

2266 1405 2459 1466 queat,
2502 1410 2674 1463 neque
2718 1394 2783 1446 ab
2827 1393 2949 1461 igne
2988 1391 3250 1444 comburi.
3303 1390 3523 1457 Propter
3568 1388 3665 1441 hos
3708 1388 3850 1440 enim

2267 1491 2451 1560 paleas
2477 1488 2739 1558 patienter
2756 1484 2874 1547 fert,
2894 1494 2948 1539 ut
2975 1499 3037 1537 ex
3072 1482 3281 1536 illorum
3303 1482 3575 1534 consortio
3604 1479 3855 1532 meliores

2269 1580 2414 1633 fiant.
2459 1578 2582 1633 Ideo
2625 1575 2860 1631 nondum
2898 1574 3158 1643 iudicium
3196 1581 3313 1637 est,
3357 1580 3413 1625 ut
3441 1583 3628 1623 omnes
3660 1568 3856 1637 pariter

2266 1682 2621 1733 coronemur,
2658 1674 2717 1720 ut
2751 1680 2781 1718 a
2816 1663 3051 1733 nequitia
3082 1661 3229 1715 multi
3261 1659 3327 1714 ad
3354 1659 3600 1713 virtutem
3628 1671 3855 1711 conver-

2270 1769 2465 1813 tantur.
2500 1758 2928 1811 lnhorrescamus
2948 1755 3123 1823 igitur,
3146 1752 3281 1805 hanc
3308 1750 3612 1820 parabolam
3634 1749 3856 1802 audien-

2270 1860 2370 1906 tes.
2400 1848 2609 1903 Etenim
2633 1844 3076 1914 inexstiuguihilis
3092 1851 3174 1896 est
3199 1843 3285 1895 ille
3313 1842 3467 1911 ignis.
3497 1840 3559 1894 Et
3584 1840 3857 1911 quomodo

2271 1938 2750 2008 inexstinguibilis?
2799 1935 3023 2006 inquies.
3072 1935 3263 1987 Annon
3302 1931 3454 1985 vides
3503 1931 3645 1985 hunc
3686 1930 3855 1985 solem

2269 2047 2481 2100 semper
2507 2032 2815 2095 ardentem,
2853 2036 2906 2081 et
2950 2040 3238 2094 numquam
3280 2022 3640 2085 exstinctum?
3676 2037 3855 2074 annon

2270 2124 2446 2179 vidisti
2475 2122 2663 2177 rubum
2689 2121 3003 2184 ardentem,
3036 2127 3084 2172 et
3120 2133 3223 2171 non
3249 2114 3624 2170 omnibustum?
3661 2112 3717 2168 Si
3758 2114 3857 2166 ita-

2272 2233 2374 2284 que
2410 2225 2465 2269 et
2502 2215 2612 2282 ipse
2639 2214 2720 2266 vis
2756 2211 3021 2266 ﬂammam
3066 2208 3332 2277 effugere,
3380 2204 3857 2260 immisericordem

2274 2320 2393 2359 esse
2420 2304 2563 2374 prius
2588 2304 2782 2357 desiste
2806 2343 2820 2367 ,
2861 2301 3043 2369 sicque
3087 2299 3286 2352 nullum
3318 2310 3495 2349 sumes
3538 2296 3675 2364 ignis
3722 2295 3860 2347 illius

2274 2397 2715 2463 experimentum.
2743 2390 2872 2445 Nam
2900 2391 2945 2444 si
2978 2390 3061 2443 hic
3089 2402 3151 2442 ea
3175 2402 3292 2457 quae
3319 2387 3589 2449 dicuntur,
3613 2384 3861 2439 credide-

2278 2484 2370 2547 ris,
2400 2496 2519 2536 cum
2547 2481 2669 2534 illuc
2697 2478 3129 2547 transmigrabis,
3162 2475 3432 2530 fornacem
3467 2490 3570 2528 non
3604 2473 3811 2528 videbis
3842 2490 3856 2526 :

2274 2572 2317 2625 si
2344 2580 2522 2626 autem
2553 2570 2637 2624 hic
2661 2585 2765 2623 non
2787 2569 3100 2635 credideris,
3127 2569 3236 2622 illic
3258 2575 3509 2636 expertus
3528 2576 3676 2621 certo
3698 2566 3859 2632 scies,

2275 2660 2485 2731 quando
2513 2661 2743 2731 effugere
2766 2660 2899 2713 ultra
2924 2675 3028 2712 non
3053 2660 3268 2729 poteris.
3301 2658 3606 2712 luevitabile
3631 2671 3867 2727 namque

2277 2752 2593 2819 supplicium
2634 2761 2715 2805 est
2759 2753 2820 2802 iis
2860 2750 2949 2818 qui
2987 2758 3132 2804 recte
3173 2752 3332 2803 vitam
3361 2764 3463 2801 non
3497 2748 3858 2801 instituerunt.

2276 2841 2461 2911 Neque
2497 2841 2636 2894 enim
2678 2839 2872 2894 sufficit
2912 2848 3113 2893 tantum
3158 2838 3406 2902 credere;
3436 2852 3556 2891 nam
3587 2836 3863 2892 daemones

2281 2932 2445 2985 Deum
2477 2930 2754 2984 horrentes
2784 2932 3005 2994 timent,
3039 2930 3131 2983 sed
3169 2928 3514 2981 nihilominus
3539 2926 3864 2980 cruciabun-

2279 3032 2379 3075 tur.
2429 3019 2788 3087 Quamobrem
2831 3020 2994 3071 multa
3040 3017 3192 3071 nobis
3231 3017 3500 3086 diligentia
3527 3026 3609 3069 est
3633 3030 3770 3083 opus
3794 3014 3861 3068 ad

2277 3111 2437 3165 vitam
2465 3108 2862 3163 instituendam.
2899 3107 3024 3161 Ideo
3052 3121 3280 3175 namque
3308 3106 3393 3159 hic
3426 3120 3521 3158 vos
3557 3106 3865 3173 frequenter

2277 3212 2681 3271 congregamus,
2721 3214 2825 3249 non
2858 3204 2915 3249 ut
2955 3197 3059 3250 huc
3100 3194 3467 3264 ingrediamini
3509 3203 3736 3258 tantum,
3768 3194 3863 3248 sed

2281 3299 2338 3342 ut
2380 3304 2445 3343 ex
2491 3288 2591 3345 hac
2630 3288 2857 3341 statione
2898 3286 3127 3353 aliquem
3167 3282 3393 3337 fructum
3440 3282 3786 3351 percipiatis:
3821 3284 3865 3338 si

2283 3395 2410 3434 vero
2434 3393 2648 3446 semper
2683 3376 2970 3441 accedatis,
3002 3390 3064 3429 ac
3085 3376 3201 3429 sine
3241 3374 3348 3428 ullo
3373 3373 3543 3428 fructu
3579 3374 3864 3438 recedatis,

2280 3469 2410 3523 nihil
2438 3483 2502 3523 ex
2532 3469 2773 3537 ingressu
2803 3475 2857 3522 et
2882 3479 3137 3521 consessu
3165 3464 3315 3519 vobis
3342 3464 3471 3518 lucri
3500 3463 3737 3518 accedet.
3772 3462 3866 3518 Et-

2280 3560 2423 3613 enim
2448 3558 2493 3611 si
2512 3572 2632 3611 cum
2658 3571 2848 3625 pueros
2864 3556 2929 3609 ad
2947 3555 3340 3623 ludimagistros
3363 3553 3641 3615 mittimus,
3660 3553 3704 3607 si
3736 3553 3865 3609 nihil

2283 3664 2376 3704 eos
2401 3648 2523 3702 inde
2554 3641 2755 3701 fructus
2783 3644 2984 3701 referre
3009 3644 3282 3698 videamus
3302 3684 3317 3707 ,
3348 3642 3743 3711 ludimagistros
3770 3659 3864 3699 ve-

2283 3740 2560 3792 hementer
2602 3738 2903 3791 incusamus
2923 3756 2951 3800 ,'
2984 3744 3034 3790 et
3080 3734 3147 3789 ad
3188 3736 3324 3790 alios
3370 3748 3515 3805 saepe
3556 3734 3861 3789 mittimus:

2280 3842 2437 3899 quam
2473 3815 2869 3884 excusationem
2911 3824 3262 3896 proferemus,
3301 3825 3345 3880 si
3389 3840 3494 3879 non
3537 3825 3780 3879 eamdem
3811 3825 3864 3879 in
3927 3884 3933 3892 _

2280 3922 2494 3986 virtute,
2539 3935 2697 3990 quam
2737 3919 2791 3973 in
2824 3917 3049 3973 terrenis
3085 3916 3244 3971 rebus
3269 3915 3615 3970 adhibeamus
3644 3914 3866 3984 diligen-

2285 4011 2432 4076 tiam,
2452 4011 2543 4065 sed
2567 4023 2759 4064 vacuas
2783 4020 2997 4075 semper
3026 4005 3231 4059 tabulas
3250 4004 3467 4059 domum
3489 4003 3865 4074 reportamus?

2284 4096 2611 4165 Quamquam
2640 4098 2818 4165 plures
2840 4102 2895 4150 et
2919 4095 3147 4164 maiores
3177 4094 3262 4147 hic
3290 4093 3527 4161 magistri
3557 4101 3699 4148 sunt.
3730 4093 3864 4148 Nam

2286 4189 2572 4260 prophetas
2596 4196 2651 4242 et
2677 4188 2947 4257 apostolos
2975 4196 3027 4240 et
3049 4186 3397 4254 patriarchas,
3414 4193 3467 4238 et
3483 4183 3657 4255 iustos
3676 4172 3867 4239 omu'cs

2288 4278 2341 4331 in
2367 4273 2591 4346 singulis
2615 4275 2961 4330 conventibus
2987 4274 3321 4330 adhibemus.
3363 4275 3432 4330 At
3458 4290 3523 4329 ne
3543 4276 3619 4329 sic
3648 4274 3865 4345 quidem

2286 4367 2475 4435 aliquis
2512 4364 2780 4436 profectus
2809 4364 3259 4434 deprehenditur;
3292 4364 3386 4420 sed
3421 4378 3698 4434 postquam
3730 4366 3867 4421 duos

2288 4465 2463 4510 tresve
2500 4456 2733 4524 psalmos
2769 4454 3139 4508 succinueritis
3161 4495 3177 4521 ,
3209 4462 3263 4509 et
3285 4462 3568 4507 consuetas
3596 4455 3868 4509 orationes

2286 4544 2640 4615 perfunctorie
2667 4545 2971 4608 emiseritis,
2994 4544 3195 4613 egressi
3223 4541 3437 4607 deinde,
3469 4544 3661 4612 putatis
3692 4542 3744 4598 id
3772 4560 3865 4597 vo-

2287 4634 2371 4690 bis
2400 4632 2465 4687 ad
2494 4635 2715 4689 salutem
2755 4646 2878 4687 esse
2919 4632 3067 4686 satis.
3107 4631 3221 4687 Non
3265 4633 3488 4686 audistis
3528 4631 3863 4701 prophetam,

2289 4727 2395 4779 imo
2428 4724 2589 4779 Deum
2620 4740 2711 4793 per
2738 4722 3051 4793 prophetam
3079 4723 3343 4778 dicentem
3371 4742 3385 4777 :
3417 4722 3650 4794 Populus
3676 4725 3759 4777 hic
3785 4725 3863 4776 la-

2289 4816 2382 4869 biis
2405 4831 2481 4869 me
2500 4815 2711 4869 honorat
2735 4831 2752 4867 :
2772 4832 2860 4867 cor
2878 4824 3043 4868 autem
3065 4829 3235 4868 eorum
3255 4815 3402 4885 longe
3424 4824 3496 4867 est
3526 4832 3557 4866 a
3584 4830 3661 4868 me
3694 4812 3713 4882 (
3734 4813 3863 4868 lsoi.

2290 4906 2377 4961 29.
2412 4906 2523 4973 15).
2550 4905 2627 4960 Ne
2655 4906 2811 4976 igitur
2840 4904 2967 4958 illud
2993 4906 3152 4959 etiam
3176 4904 3331 4959 nobis
3355 4903 3580 4969 accidat,
3601 4903 3722 4959 dele
3748 4903 3867 4958 lite—

2291 5012 2395 5060 ras,
2425 4998 2535 5051 sive
2565 4997 2741 5064 potius
2770 4996 3128 5061 cbaracteres,
3158 5010 3295 5065 quos
3320 4994 3565 5049 diabolus
3593 4995 3864 5063 impressit

2290 5089 2343 5142 in
2369 5088 2541 5142 anima
2573 5096 2681 5154 tua,
2700 5097 2754 5141 et
2772 5085 2902 5139 affer
2920 5086 3045 5138 mihi
3069 5102 3161 5141 cor
3181 5086 3528 5141 smcularibus
3554 5087 3867 5141 tumultibus

2290 5193 2509 5231 vacuum
2531 5216 2547 5243 ,
2576 5186 2635 5230 ut
2660 5190 2757 5244 pro
2788 5175 2954 5228 lnbito
2980 5191 3099 5243 quae
3123 5176 3255 5230 mihi
3285 5177 3526 5245 placeant
3556 5174 3864 5231 inscribam.

2290 5266 2439 5320 Nunc
2456 5252 2663 5334 'quippe
2686 5263 2816 5318 nihil
2842 5264 2912 5318 ibi
2939 5264 3080 5317 aliud
3106 5264 3321 5333 agnosci
3352 5272 3562 5333 potest,
3590 5264 3695 5319 nisi
3726 5264 3869 5318 illius

2290 5356 2475 5417 literae,
2496 5354 2694 5422 rapina:
2708 5353 2971 5419 videlicet,
2989 5354 3229 5418 avaritia,
3250 5352 3465 5419 invidia,
3486 5353 3640 5408 livor.
3665 5351 3870 5408 Idcirco

2288 5460 2409 5502 cum
2432 5445 2635 5501 tabulas
2651 5453 2856 5500 vestras
2874 5444 3097 5513 accipio,
3114 5459 3180 5498 ne
3198 5444 3371 5514 legere
3391 5443 3603 5515 quidem
3627 5455 3865 5512 possunt.

2290 5535 2472 5606 Neque
2496 5535 2637 5589 enim
2668 5534 2787 5588 illas
2812 5534 2881 5588 ibi
2910 5534 3122 5589 invenio
3157 5534 3339 5590 literas
3357 5576 3372 5601 ,
3401 5547 3535 5605 quas
3558 5546 3657 5589 nos
3680 5530 3869 5588 diebus

2293 5627 2570 5685 dominicis
2600 5624 2954 5683 inscribentes
2983 5626 3053 5682 ibi
3081 5626 3459 5697 relinquimus;
3489 5625 3583 5681 sed
3612 5624 3744 5680 alias
3772 5636 3870 5694 pro
