4124 6302
276 385 374 441 20!

270 493 414 561 aliis,
439 484 696 552 infames
721 502 776 551 et
803 493 1074 549 distortas.
1109 489 1310 545 Deinde
1336 504 1482 554 cum,
1517 488 1622 542 illis
1647 486 1860 548 deletis,

273 588 458 644 literas
498 606 566 645 ex
611 589 813 658 Spiritu
863 586 1125 657 profectas
1171 585 1574 655 inscripsimus,
1605 583 1863 637 abeuntes

272 696 392 746 vos,
422 691 478 736 et
513 681 706 737 diaboli
737 680 1135 750 operationibus
1158 678 1319 732 corda
1347 689 1524 731 vestra
1569 675 1860 733 tradentes,

271 769 575 828 fauiltatem
620 772 718 840 ipsi
761 771 1010 842 prtehetis
1037 780 1095 826 ut
1124 770 1322 824 nostris
1347 769 1643 823 contrarias
1683 768 1864 821 literas

271 879 486 920 rursum
525 863 800 917 inscribat.
831 863 932 930 Qui
961 864 1168 917 futurus
1188 862 1259 916 sit
1289 861 1478 914 horum
1508 859 1630 913 finis
1653 859 1862 912 etiarnsi

270 967 374 1025 ego
402 967 506 1007 non
537 954 763 1008 dixerim
783 994 799 1020 ,
829 953 1156 1023 singulorum
1187 951 1512 1006 conscientia
1550 950 1716 1003 novit.
1747 948 1863 1017 Ego

268 1055 419 1098 certe
447 1059 731 1114 tuttttquam
754 1046 976 1100 cessabo
996 1059 1116 1115 qua:
1132 1045 1235 1099 mei
1254 1053 1376 1098 sunt
1397 1042 1556 1097 officii
1580 1050 1858 1111 prtestare,

269 1143 552 1203 rectasque
573 1136 755 1190 literas
779 1136 1095 1191 inscribere.
1127 1136 1182 1190 Si
1211 1144 1388 1189 autem
1413 1149 1506 1189 vos
1532 1134 1861 1202 diligentiam

269 1233 511 1278 nostram
554 1225 909 1289 labefactetis,
960 1225 1117 1280 nobis
1161 1226 1375 1296 quidem
1424 1239 1631 1278 merces
1682 1231 1860 1275 nostra

267 1325 455 1370 manet
476 1317 782 1381 immobilis,
806 1319 956 1371 vobis
976 1327 1150 1372 autem
1169 1333 1273 1371 non
1293 1331 1513 1387 parvum
1537 1315 1858 1384 periculum:

267 1423 456 1463 verum
485 1409 614 1464 nihil
644 1412 765 1464 volo
787 1412 1000 1478 gravius
1029 1409 1288 1480 proferre.

339 1499 394 1554 8.
425 1498 492 1553 In
526 1501 707 1554 virtute
745 1517 1042 1570 progressus
1075 1501 1163 1570 qui
1198 1501 1308 1568 ﬁat.
1341 1498 1528 1553 Contra
1544 1499 1860 1568 juramenta.

277 1587 425 1642 Vana
463 1591 628 1660 gloria
662 1592 978 1644 oitanda.—
1001 1590 1107 1645 Sed
1147 1605 1241 1644 vos
1279 1589 1504 1644 obsecro
1540 1598 1594 1643 et
1632 1602 1730 1641 oro
1753 1628 1769 1652 ,
1807 1595 1865 1639 nt

265 1679 610 1749 parvulorum
653 1682 839 1735 saltem
879 1681 1207 1751 diligentiam
1247 1680 1348 1734 hac
1384 1681 1434 1734 in
1465 1695 1525 1734 re
1556 1676 1857 1733 imitemini.

265 1768 400 1824 Nam
440 1770 518 1824 illi
561 1773 731 1840 primo
759 1772 974 1841 quidem
1005 1772 1278 1826 literarum
1320 1771 1542 1824 formam
1581 1768 1859 1830 ediscunt;

264 1858 466 1914 deinde
510 1857 767 1916 distortos
814 1860 932 1915 illas
979 1875 1273 1930 agnoscere
1305 1859 1554 1924 student;
1583 1866 1768 1928 postea
1793 1859 1861 1913 ad

261 1952 552 2008 lectionem
582 1955 720 2007 viam
753 1963 958 2023 parant.
1001 1953 1091 2009 Sic
1116 1963 1170 2010 et
1199 1969 1298 2008 nos
1327 1954 1588 2008 faciamus
1620 1972 1634 2008 :
1665 1956 1863 2010 virtute

261 2043 318 2097 in
348 2052 532 2114 partes
561 2042 751 2109 divisa,
786 2046 957 2113 primo
982 2045 1253 2099 discamus
1278 2059 1385 2098 non
1409 2043 1615 2114 jurare,
1645 2059 1743 2099 nec
1771 2060 1863 2114 pe-

256 2132 439 2203 ierare
460 2175 476 2196 ,
505 2148 680 2196 neque
707 2135 1059 2200 maledicere;
1088 2135 1282 2191 deinde
1306 2177 1320 2201 ,
1353 2135 1421 2190 ad
1482 2138 1662 2196 alium'
1720 2157 1859 2196 ver-

256 2238 381 2280 sum
403 2227 697 2295 progressi,
723 2243 828 2280 non
854 2227 1094 2282 invidere
1117 2229 1256 2293 aliis,
1278 2243 1383 2281 non
1401 2242 1627 2296 corpora
1653 2242 1858 2291 amare,

263 2329 373 2369 non
403 2317 580 2370 ventri
609 2316 905 2387 indulgere,
937 2331 1041 2370 non
1071 2317 1345 2381 inebriari,
1375 2332 1480 2370 non
1513 2318 1854 2380 inhumanos,

264 2419 372 2458 non
400 2408 658 2461 socordes
684 2423 832 2472 esse;
865 2419 919 2461 ut
937 2408 1062 2463 hinc
1088 2423 1271 2462 rursus
1291 2408 1352 2462 ad
1372 2409 1663 2477 spiritualia
1688 2417 1862 2462 trans-

262 2506 478 2561 euntes,
500 2514 716 2566 opemtn
740 2500 930 2555 demus
953 2501 1336 2570 temperantiae,
1353 2501 1556 2554 ventris
1573 2501 1858 2568 neglectui,

266 2589 524 2654 castitati,
550 2590 734 2660 gloriae
756 2593 1107 2660 contemptui,
1127 2591 1429 2657 modestim,
1458 2593 1638 2646 cordis
1661 2594 1862 2646 contri-

267 2677 437 2742 tioni;
485 2689 535 2732 et
576 2680 690 2735 hate
725 2681 880 2734 simul
907 2682 1084 2734 omnia
1127 2682 1469 2750 copulemus,
1499 2691 1554 2736 et
1591 2682 1643 2736 iu
1684 2684 1861 2736 anima

257 2770 451 2822 nostra
475 2768 850 2826 inscribamus.
874 2772 1047 2841 Atque
1070 2771 1184 2826 htec
1199 2774 1377 2827 omnia
1399 2773 1564 2838 domi,
1585 2789 1705 2828 cum
1727 2774 1865 2827 auti-

265 2861 365 2926 cis,
397 2875 520 2916 cum
549 2877 720 2916 uxore
744 2903 759 2926 ,
793 2877 914 2916 cum
963 2863 1082 2916 filiis
1121 2877 1490 2920 exerceamus.
1522 2865 1564 2917 Α
1595 2863 1863 2932 prioribus

263 2959 447 3006 autem
485 2961 544 3006 et
587 2951 917 3006 facilioribus
964 2953 1315 3021 incipiamus;
1367 2953 1597 3022 exempli
1621 2969 1802 3014 causa,
1830 2968 1860 3004 a

263 3041 694 3110 jurameulorum
714 3042 1034 3096 abstinentia
1053 3059 1066 3095 :
1088 3041 1188 3096 hoc
1205 3044 1527 3096 elementum
1552 3044 1863 3112 frequenter

265 3132 413 3187 domi
443 3133 786 3189 meditemur.
817 3131 952 3186 Huic
983 3147 1142 3201 porro
1161 3130 1493 3187 meditationi
1523 3132 1685 3187 multa
1716 3131 1862 3186 domi

265 3224 513 3280 ofﬁciunt
540 3243 554 3278 :
584 3241 706 3278 nam
730 3225 958 3278 famulus
981 3223 1046 3276 ad
1071 3224 1400 3277 iracundiam
1423 3232 1704 3294 provocat.
1731 3239 1864 3278 uxor

267 3319 498 3372 mlesta
527 3318 662 3370 iram
685 3317 902 3379 excitat,
937 3317 1076 3369 filius
1098 3317 1470 3383 immorigerus
1499 3325 1554 3369 et
1584 3316 1861 3368 inordina-

267 3416 356 3460 tus
385 3405 456 3460 ad
482 3407 656 3460 minas
683 3416 737 3460 et
758 3407 1121 3476 juramentum
1157 3405 1395 3461 deducit.
1427 3404 1483 3460 Si
1515 3405 1692 3473 itaque
1717 3404 1862 3459 domi

266 3496 466 3565 schius
484 3497 553 3550 ab
577 3497 661 3552 his
685 3497 1002 3561 concitatus,
1035 3480 1309 3551 abstineas
1333 3505 1510 3551 tamen
1538 3512 1567 3550 a
1592 3497 1867 3565 iuramen-

269 3589 358 3653 tis,
385 3587 540 3642 facile
561 3589 762 3658 poteris
789 3591 949 3643 etiam
982 3591 1033 3643 itt
1063 3591 1176 3643 foro
1208 3590 1437 3643 invictus
1466 3603 1812 3656 perseverare
1847 3606 1859 3640 :

269 3678 379 3733 imo
424 3683 584 3732 etiam
632 3679 682 3733 id
729 3682 1111 3749 consequeris,
1154 3690 1212 3733 ut
1256 3679 1455 3733 nemini
1487 3679 1866 3732 contumeliam

269 3767 471 3824 inferas
493 3809 511 3835 ,
554 3785 662 3823 non
697 3771 872 3834 uxori,
907 3786 1011 3824 non
1043 3769 1264 3834 famulo,
1303 3785 1409 3822 non
1445 3769 1862 3823 domesticorum

269 3859 522 3928 cuipiam.
557 3857 769 3913 Etenim
789 3875 923 3913 uxor
944 3875 1086 3927 smpe
1105 3861 1268 3914 alium
1290 3859 1596 3935 quempiam
1620 3859 1861 3920 laudans,

269 3959 326 4004 et
363 3963 490 4005 sese
531 3951 780 4003 miseram
822 3950 1118 4019 praadicans
1141 3993 1154 4016 ,
1185 3952 1354 4004 virum
1387 3948 1653 4015 incendit,
1692 3957 1750 4002 ut
1791 3948 1865 4001 illi

272 4040 576 4096 maledicat.
608 4039 686 4093 Tu
717 4056 844 4094 vero
873 4056 939 4095 ne
971 4041 1138 4094 iratus
1168 4057 1234 4095 eo
1267 4042 1525 4107 procedas
1547 4081 1562 4101 .
1596 4049 1650 4091 ut
1680 4039 1864 4091 lauda-

273 4143 386 4187 tum
420 4132 692 4200 vituperes
714 4171 730 4197 ,
771 4131 865 4185 sed
893 4133 1070 4185 munia
1100 4133 1310 4185 fortiter
1339 4133 1510 4194 feras;
1542 4131 1753 4185 etiamsi
1785 4131 1864 4181 fa-

273 4229 446 4277 mulos
470 4232 589 4275 tuos
610 4222 792 4276 videas
819 4221 1060 4277 laudibus
1083 4223 1242 4276 heros
1267 4222 1401 4274 alios
1423 4220 1636 4285 efferre,
1661 4237 1729 4273 tte
1757 4228 1867 4273 tur-

273 4315 441 4381 heris,
466 4312 560 4367 sed
591 4315 813 4368 viriliter
837 4317 1061 4370 sustine.
1091 4316 1173 4369 Sit
1205 4315 1294 4368 tibi
1328 4315 1520 4368 domus
1549 4314 1792 4383 palaestra
1816 4320 1870 4364 et

273 4406 585 4460 certaminis
616 4404 784 4472 locus,
809 4415 868 4458 ut
890 4405 960 4459 ibi
993 4409 1158 4475 probe
1182 4407 1523 4468 exercitatus,
1550 4421 1670 4458 cum
1700 4405 1867 4458 multa

536 4576 898 4588 ἰι-*-

1409 377 1476 433 IN
1512 371 1919 432 MATTIIJEUM
1962 373 2191 429 IIOMIL.
2236 375 2349 432 XII.

1569 4575 1904 4586 ...σιν-μ...-

3464 380 3570 433 οὶοἲ

1973 487 2160 555 peritia
2200 489 2253 542 in
2295 490 2412 543 foro
2439 504 2558 544 cum
2587 490 2710 548 aliis
2740 493 3126 561 congrediaris.
3163 493 3396 565 idipsum
3429 501 3571 556 circa

1969 596 2161 636 vanam
2183 582 2407 652 gloriam
2431 584 2609 637 facito.
2644 584 2697 637 Si
2727 586 2874 639 enim
2900 587 3169 642 studueris
3189 602 3219 641 a
3243 604 3376 643 vana
3402 591 3572 660 gloria

1970 673 2243 728 abstinere
2267 688 2387 727 cum
2420 689 2586 730 uxore
2610 666 2874 730 et'liberis
2895 718 2910 739 ,
2940 685 2994 730 et
3021 678 3235 731 famulis
3258 718 3274 743 ,
3303 680 3442 748 apud
3471 697 3572 735 ne—

1971 765 2168 819 minem
2196 765 2358 818 alium
2382 766 2471 819 tali
2501 767 2691 821 morbo
2716 765 2874 821 facile
2904 768 3157 836 capieris.
3193 768 3401 839 Ubique
3429 771 3573 825 enim

1971 856 2059 910 hic
2098 856 2316 912 morbus
2354 859 2532 926 gravis
2574 861 2986 930 tyrannicusque
3024 870 3140 928 est,
3179 845 3412 918 maxime
3445 880 3576 919 vero

1970 961 2092 1000 cum
2147 946 2298 1002 adest
2354 963 2506 1001 uxor.
2565 947 2622 1004 Si
2674 963 2803 1017 ergo
2857 959 2984 1004 tunc
3031 950 3181 1004 illum
3228 967 3573 1022 superemus,

1971 1041 2119 1093 nullo
2157 1040 2371 1110 negotio
2405 1041 2530 1096 alibi
2577 1042 2996 1112 proﬂigabimus.
3039 1041 3192 1097 Circa
3235 1044 3370 1097 alios
3408 1045 3570 1099 etiam

1969 1133 2134 1188 animi
2173 1135 2390 1190 morbos
2426 1135 2657 1204 idipsum
2701 1144 3019 1205 praestemus
3043 1177 3058 1202 ,
3090 1136 3344 1206 domique
3376 1136 3570 1192 adver-

1972 1239 2062 1277 sus
2094 1224 2213 1278 illos
2245 1239 2345 1279 nos
2369 1240 2717 1281 exerceamus
2738 1267 2754 1292 ,
2795 1227 3033 1296 quatidie
3078 1228 3378 1295 palaestram
3427 1221 3571 1282 illam

1968 1313 2246 1368 adeuntes.
2306 1314 2476 1383 thue
2505 1315 2713 1372 facilior
2740 1317 3052 1371 exercitatio
3084 1317 3173 1370 illa
3198 1318 3428 1382 evadat,
3472 1334 3571 1372 no-

1972 1403 2053 1457 bis
2104 1404 2236 1474 ipsis
2278 1407 2683 1474 castigationem
2728 1408 3103 1477 assignemus,
3142 1409 3186 1461 si
3229 1409 3283 1462 in
3319 1411 3572 1479 quopiam

1969 1496 2301 1566 propositum
2333 1498 2817 1568 transgrediamnr.
2864 1499 2946 1554 Sit
2975 1515 3136 1568 porro
3163 1501 3446 1570 castigatio
3479 1502 3565 1554 illa

1970 1600 2076 1639 non
2099 1586 2376 1652 damnum,
2410 1589 2502 1643 sed
2532 1590 2837 1644 mercedem
2864 1600 2920 1646 et
2949 1591 3158 1645 lucrum
3187 1592 3412 1646 multum
3443 1592 3574 1647 affe-

1969 1693 2129 1744 rens;
2159 1681 2394 1750 exempli
2424 1697 2610 1746 causa,
2634 1683 2677 1735 si
2701 1682 2921 1751 jejttniis
2947 1683 3156 1752 asperis
3187 1699 3285 1738 nos
3313 1684 3460 1753 ipsos
3481 1683 3576 1738 da—

1971 1783 2237 1834 mnemus,
2285 1772 2330 1825 si
2379 1769 2524 1825 humi
2573 1772 2978 1836 decumbamus,
3021 1775 3105 1827 vel
3154 1773 3571 1828 macerationem

1967 1861 2126 1915 aliam
2153 1860 2524 1916 adhibeamus.
2553 1862 2641 1916 Sic
2671 1864 2813 1916 enim
2841 1863 3004 1916 multa
3031 1863 3267 1931 undique
3296 1864 3450 1918 nobis
3479 1878 3570 1917 ac-

1968 1950 2165 2004 cedent
2196 1952 2360 2015 lucra,
2384 1961 2439 2006 et
2464 1953 2542 2006 sic
2574 1954 2624 2005 in
2655 1955 2849 2008 virtute
2873 1954 3032 2006 vitam
3064 1955 3301 2008 suaviter
3328 1969 3571 2024 agemus,

1970 2046 2143 2098 futura
2171 2059 2568 2114 consequemur
2597 2046 2755 2106 bona,
2786 2061 2849 2099 ac
2877 2057 3136 2114 perpetuo
3163 2045 3258 2100 Dei
3283 2045 3438 2099 amici
3465 2045 3572 2101 eri-

1969 2149 2108 2189 mus.
2155 2134 2260 2190 Sed
2289 2151 2356 2190 ne
2383 2137 2569 2190 eadem
2601 2138 2712 2201 ipsa
2745 2153 2931 2192 rursus
2966 2139 3248 2204 eveniant,
3285 2153 3389 2192 neu
3423 2148 3570 2207 post-

1969 2240 2126 2293 quam
2149 2240 2211 2279 ea
2239 2241 2356 2295 qua:
2386 2225 2469 2280 hic
2496 2227 2632 2279 dicta
2661 2238 2786 2279 sunt
2814 2227 3061 2280 admirati
3092 2225 3317 2292 fueritis,
3343 2228 3572 2296 egressi,

1969 2315 2302 2384 negligenter
2327 2318 2724 2384 oscitanterque
2747 2357 2762 2378 ,
2801 2317 3007 2385 abjecta
3045 2318 3239 2371 mentis
3266 2327 3461 2372 vestra:
3491 2328 3572 2371 la-

1971 2404 2092 2458 bula
2116 2446 2129 2469 ,
2167 2405 2280 2458 haec
2310 2405 2521 2458 delendi
2560 2421 2746 2458 ansam
2785 2406 2999 2459 diabolo
3041 2407 3359 2474 przebeatis;
3462 2423 3568 2460 tus-

1971 2496 2198 2564 quisque
2241 2494 2460 2548 domum
2500 2510 2776 2564 regressus
2800 2535 2815 2561 ,
2845 2505 3000 2549 vocet
3045 2511 3261 2550 uxorem
3286 2537 3300 2560 ,
3343 2498 3459 2550 ha'c
3501 2497 3575 2550 illi

1970 2586 2271 2651 denuntiet,
2304 2588 2581 2657 ipsamque
2608 2598 2847 2642 assumat
2874 2588 3228 2656 adjutricctn;
3259 2589 3325 2643 ab
3351 2590 3450 2643 hac
3474 2605 3570 2643 auo

1971 2686 2076 2730 tem
2102 2678 2190 2732 die
2217 2679 2267 2730 in
2298 2678 2578 2747 pulchram
2609 2679 2751 2731 illam
2779 2679 3082 2747 palmstram
3111 2679 3425 2743 descendat,
3453 2680 3578 2734 oleo

1970 2783 2100 2822 usus
2125 2769 2357 2838 Spiritus
2385 2769 2556 2823 sancti
2589 2770 2810 2824 auxilio.
2844 2771 2951 2824 Etsi
2977 2786 3108 2825 vero
3132 2771 3324 2830 semel,
3358 2780 3450 2823 aut
3473 2771 3574 2835 bis,

1968 2866 2062 2912 aut
2104 2858 2306 2928 pluries
2347 2859 2398 2913 in
2445 2860 2536 2913 tali
2583 2860 2847 2914 exercitio
2886 2862 3160 2926 concidas,
3199 2878 3263 2916 ne
3293 2862 3573 2930 desperes,

1969 2951 2064 3005 sed
2091 2959 2170 3004 sta
2200 2966 2414 3004 rursum
2445 2962 2499 3005 et
2530 2951 2779 3016 decerta;
2815 2968 2914 3006 nec
2939 2953 3086 3021 prius
3113 2949 3346 3006 absis'tas
3370 2995 3384 3019 ,
3415 2969 3576 3023 quam

1970 3041 2308 3111 Splendidam
2334 3050 2521 3096 contra
2552 3041 2825 3096 diabolum
2853 3043 3133 3096 victoriam
3167 3045 3525 3111 reportaveris
3561 3063 3576 3099 :

1969 3142 2025 3185 et
2055 3133 2105 3186 in
2139 3133 2406 3188 tutissimo
2428 3133 2641 3187 virtutis
2672 3133 2926 3186 thesauro
2953 3132 3258 3202 depositum
3291 3133 3577 3189 recondas.

1970 3222 2102 3276 Nam
2132 3223 2176 3275 si
2204 3222 2330 3276 huic
2355 3224 2595 3291 pulchrae
2623 3223 2978 3292 philosophice
3008 3238 3318 3289 assuescas,
3355 3240 3460 3278 non
3491 3228 3579 3279 ul-

1973 3321 2051 3366 tra
2093 3313 2294 3381 poteris
2323 3328 2389 3368 ex
2416 3313 2647 3382 segnitie
2689 3312 2940 3368 mandata
2975 3314 3228 3382 quaelibet
3255 3317 3577 3385 transgredi,

1970 3402 2362 3456 consuetudine
2406 3413 2610 3455 natura:
2653 3401 2962 3454 firmitatem
3005 3402 3268 3456 imitante.
3303 3402 3577 3469 Quemad-

1973 3493 2191 3548 modum
2237 3494 2380 3548 euim
2428 3493 2585 3547 facile
2626 3504 2710 3548 est
2734 3493 3006 3560 dormire,
3033 3493 3334 3557 comedere,
3369 3494 3576 3560 bibere,

1975 3586 2242 3653 respirare
2264 3626 2278 3649 ,
2310 3586 2380 3637 ita
2415 3585 2571 3637 nobis
2596 3584 2771 3638 facilia
2797 3595 2956 3637 erunt
2993 3600 3056 3637 ea
3092 3600 3209 3653 quae
3236 3585 3302 3639 ad
3327 3586 3579 3640 virtutem

1973 3683 2238 3743 spectant,
2263 3689 2561 3744 puramque
2592 3675 2736 3728 illam
2768 3689 3121 3743 assequemur
3148 3676 3492 3744 voluptatem,
3527 3677 3578 3729 in

1977 3775 2088 3818 tuto
2121 3774 2274 3834 portu
2301 3765 2612 3831 constituti,
2642 3775 2696 3818 et
2724 3775 2978 3833 perpetua
3007 3764 3246 3818 fruentes
3275 3764 3579 3833 tranquilli-

1977 3869 2083 3914 tate
2111 3902 2123 3923 ,
2164 3860 2449 3926 navitnquc
2478 3859 2684 3927 magnis
2714 3858 2907 3926 opibus
2939 3850 3184 3911 onustam
3216 3856 3268 3909 itt
3300 3857 3573 3910 civitatem

1977 3953 2118 4004 illam
2151 3950 2482 4019 appellentes
2523 3951 2575 4002 in
2623 3950 2711 4002 die
2756 3949 2883 4013 illa,
2926 3962 3155 4002 coronas
3183 3962 3582 4016 consequemur

1977 4057 2082 4096 non
2115 4042 2286 4094 ﬂuxas
2321 4059 2331 4092 :
2363 4056 2496 4110 quas
2537 4041 2739 4092 utinam
2792 4040 2948 4092 nobis
2989 4039 3226 4092 nancisci
3260 4038 3537 4104 contingat
3565 4080 3580 4104 ,

1973 4135 2143 4205 gratia
2173 4143 2225 4186 et
2257 4133 2583 4200 benignitate
2617 4131 2822 4182 Domini
2863 4131 3030 4183 nostri
3071 4129 3200 4183 Jestt
3239 4129 3462 4193 Christi,
3496 4130 3583 4184 cui

1976 4225 2142 4294 gloria
2174 4233 2229 4279 et
2256 4223 2565 4292 imperium,
2595 4237 2734 4276 nunc
2755 4230 2810 4275 et
2828 4235 3062 4290 semper,
3090 4229 3146 4275 et
3174 4222 3225 4274 in
3258 4221 3455 4275 smcula
3483 4235 3584 4276 scc-

1975 4318 2241 4372 culorum.
2274 4316 2466 4368 Amen.

1680 4691 2025 4756 HOMILIA
2071 4683 2220 4746 XII.

281 4887 413 4945 Car.
441 4889 494 4943 5.
527 4903 575 4939 γ.
611 4891 693 4943 l3.
737 4889 879 4944 Tunc
927 4892 1057 4944 uertit
1098 4888 1250 4945 Iesus
1284 4906 1315 4941 a
1363 4889 1579 4943 Galiltza
1604 4888 1656 4941 in
1681 4884 1872 4939 Iorda-

501 4995 612 5031 nrm
641 4979 707 5031 ad
729 4978 1012 5046 Joannem,
1043 4993 1095 5033 ut
1126 4981 1464 5044 baptizaretur
1489 4980 1550 5033 ab
1577 4995 1655 5033 eo.

359 5159 410 5213 i.
453 5155 588 5213 Cum
624 5156 834 5211 famulis
877 5157 1150 5221 Dominus,
1185 5175 1304 5213 cum
1349 5160 1453 5213 reis
1491 5159 1663 5213 Iudex
1704 5159 1876 5226 bapti-

291 5249 493 5303 zandus
535 5249 700 5303 venit.
743 5247 848 5302 Sed
881 5264 947 5302 ne
999 5250 1228 5302 tut-heris
1263 5268 1273 5302 :
1307 5267 1428 5302 nam
1480 5250 1530 5303 itt
1588 5249 1877 5302 humiHnts

295 5337 596 5406 huiusmodi
623 5339 782 5394 rebus
811 5338 927 5408 ejus
968 5338 1229 5393 celsitudo
1278 5339 1507 5393 maxime
1547 5339 1874 5405 resplendet.

292 5429 394 5496 Qui
440 5429 583 5483 enim
629 5429 683 5483 in
715 5429 955 5498 virginali
1003 5429 1154 5482 vulva
1203 5439 1348 5482 tanto
1395 5441 1633 5505 tempore
1680 5430 1876 5497 gestari

295 5532 484 5588 passus
504 5528 608 5584 est,
639 5529 695 5572 et
722 5518 845 5572 inde
864 5533 985 5572 cum
1017 5527 1205 5572 natura
1238 5528 1417 5574 nostra
1451 5520 1685 5588 prodire,
1711 5520 1879 5588 alapis

296 5609 427 5665 cedi
454 5619 509 5665 et
536 5612 771 5682 crucifigi
799 5611 839 5674 ί,
862 5611 1030 5664 ctalia
1050 5611 1248 5680 perpeti
1272 5627 1392 5680 qua:
1415 5625 1602 5681 passus
1627 5622 1729 5674 est,
1753 5612 1878 5683 quid

365 5787 381 5821 ι
405 5782 610 5846 Quidam
631 5797 738 5849 post
752 5799 943 5849 vocent,
968 5788 1205 5855 crnriﬁgi,
1227 5787 1424 5849 addunt,
1452 5795 1494 5838 ct
1518 5789 1725 5852 sepeliri.

1984 4873 2195 4929 miraris
2216 4873 2259 4925 si
2291 4867 2547 4939 baptizari
2592 4866 2840 4932 dignatus
2869 4865 2960 4927 sit,
2991 4876 3045 4920 et
3073 4880 3194 4918 cum
3217 4865 3334 4919 aliis
3361 4866 3426 4920 ad
3463 4880 3584 4921 ser-

1981 4983 2106 5019 vum
2158 4961 2456 5017 accedere?
2500 4960 2634 5014 Illud
2687 4958 2831 5013 enim
2881 4957 3207 5026 stupendum
3255 4966 3392 5022 erat,
3439 4960 3585 5029 quod

1985 5056 2126 5109 Dens
2152 5067 2273 5107 cum
2305 5061 2466 5116 esset,
2494 5049 2654 5103 vellet
2679 5048 2840 5101 homo
2871 5047 2985 5101 fieri
3018 5065 3029 5099 :
3061 5056 3252 5102 uetera
3285 5064 3412 5102 vero
3427 5049 3586 5104 dein-

1984 5159 2113 5215 ceps
2141 5141 2435 5199 secundum
2482 5149 2680 5194 rectam
2708 5138 2971 5192 rationem
3000 5149 3425 5206 consequuntur.
3461 5140 3590 5195 ideo

1989 5237 2131 5291 enim
2154 5233 2390 5289 Joannes
2418 5232 2598 5285 statim
2620 5229 2773 5293 dixit,
2803 5244 2862 5283 se
2889 5244 2994 5283 non
3024 5244 3145 5284 esse
3171 5230 3392 5298 dignum
3425 5235 3587 5286 corri-

1989 5333 2131 5400 giam
2182 5325 2531 5382 calceamenti
2573 5324 2690 5392 ejus
2740 5324 2972 5388 solvere,
3024 5332 3329 5392 t-azteraqne
3382 5327 3586 5390 omnia,

1993 5437 2187 5490 nempe
2212 5419 2352 5489 quod
2378 5418 2542 5486 jndex
2569 5417 2660 5482 sit,
2692 5415 2834 5485 quod
2866 5432 2961 5484 pro
2995 5418 3189 5469 tnerito
3213 5418 3439 5482 singulis
3468 5419 3593 5472 red-

1987 5513 2096 5566 dat.
2126 5510 2375 5580 quodque
2401 5508 2656 5576 Spiritum
2699 5506 2900 5559 affatim
2931 5506 3155 5560 tlaturus
3194 5510 3264 5560 sit
3290 5509 3586 5573 omnibus;

1990 5613 2048 5657 ut
2081 5617 2202 5656 cum
2249 5599 2446 5654 videris
2478 5613 2600 5651 eum
2627 5597 2694 5652 ad
2725 5597 3048 5664 baptismum
3089 5590 3427 5659 venientem,
3457 5599 3587 5652 nihil

1991 5694 2097 5747 vile
2128 5691 2439 5760 suspiceris.
2473 5689 2677 5745 Idcirco
2719 5697 3040 5758 prtesentcm
3084 5689 3229 5742 illum
3257 5689 3469 5744 cohibet
3504 5690 3585 5742 tli-

1992 5798 2121 5839 ectis
2146 5801 2160 5837 :
2182 5783 2267 5836 H.
2308 5781 2413 5851 Ego
2441 5797 2472 5833 a
2503 5790 2548 5834 te
2570 5779 2721 5835 debeo
2763 5779 3030 5848 baptizari,
3064 5791 3109 5832 ct
3137 5788 3189 5832 tu
3217 5780 3353 5832 renis
3380 5780 3446 5830 ad
3472 5796 3548 5831 mc
3573 5800 3582 5830 :
