4124 6302
562 359 670 411 205

564 472 698 536 Quia
737 468 877 522 enim
923 464 1217 534 baptismus
1266 460 1591 532 pauitantia:
1622 463 1855 519 eratpet
1892 453 1943 506 in
1985 465 2141 504 accuo

570 560 824 613 sationem
870 542 1207 626 peccatorum
1258 551 1542 605 inducebat
1586 565 1601 601 :
1652 560 1719 601 ne
1773 542 1892 613 quis
1935 549 2145 611 putaret

572 653 739 719 ipsum
768 650 958 703 eodem
978 648 1157 701 animo
1182 645 1246 699 ad
1269 643 1558 699 Jordane'm
1599 638 1800 701 venire,
1834 634 1971 688 hanc
1996 632 2144 700 cogi-

569 742 821 796 tationem
849 740 1090 808 corrigit,
1114 738 1239 790 dum
1278 748 1473 805 agnum
1519 738 1693 793 vocat,
1724 736 1778 783 et
1804 734 2141 795 peccatorum

568 845 665 900 per
690 830 875 884 orbem
924 828 1160 881 omnium
1206 824 1616 891 redemptorem.
1647 818 1747 886 Qui
1796 815 1941 869 enim
1987 814 2143 866 totius

572 924 789 979 humani
816 920 1029 991 generis
1063 926 1279 987 peccata
1302 914 1488 968 tollere
1528 919 1739 982 potest,
1773 907 1942 962 multo
1979 906 2146 973 magis

571 1017 686 1082 ipse
728 1008 1081 1080 impeccabilis
1118 1016 1250 1061 erat.
1284 1004 1513 1072 Ideoque
1544 1018 1647 1056 non
1675 1000 1807 1054 dixit
1837 1018 1850 1052 :
1880 997 2015 1051 Ecce
2044 994 2145 1047 im-

572 1102 886 1171 peccabilis;
916 1099 1011 1152 sed
1050 1098 1189 1166 quod
1242 1096 1409 1150 multo
1461 1092 1631 1163 majus
1684 1099 1817 1153 erat,
1872 1088 1972 1154 Qui
2014 1085 2145 1138 tollit

568 1201 771 1261 peccata
798 1190 973 1244 mundi
996 1188 1175 1257 (Joan.
1214 1190 1262 1241 l.
1296 1185 1411 1254 29),
1443 1194 1501 1237 ut
1526 1196 1649 1237 cum
1671 1181 1772 1234 hoc
1796 1187 1851 1233 et
1879 1176 2008 1232 illud
2030 1190 2147 1231 om-

566 1282 693 1335 nino
712 1293 912 1336 certum
938 1280 1151 1341 habeas,
1183 1276 1465 1343 videasque
1494 1270 1639 1326 illum
1667 1268 1771 1323 alia
1788 1266 2031 1338 quaedam
2053 1266 2149 1319 ad-

566 1374 955 1427 ministrantem
998 1368 1065 1422 ad
1094 1365 1411 1434 baptismum
1456 1362 1658 1416 venire.
1688 1359 1892 1415 Idcirco
1913 1357 2144 1411 venienti

568 1467 642 1518 illi
665 1465 872 1517 dicebat
906 1478 919 1514 :
950 1460 1062 1529 Ego
1090 1476 1121 1512 α
1162 1467 1209 1511 te
1252 1456 1401 1511 debeo
1430 1456 1696 1523 baptizari,
1738 1464 1783 1507 et
1814 1463 1867 1507 tu
1902 1452 2039 1505 aenis
2076 1450 2146 1502 ad

567 1570 645 1606 me
666 1554 692 1607 Ρ
718 1553 899 1620 Neque
928 1551 1080 1615 dixit,
1128 1549 1196 1603 Et
1224 1559 1277 1603 tu
1307 1548 1595 1616 baptizaris
1632 1560 1661 1599 a
1700 1560 1786 1599 me
1820 1559 1833 1596 :
1861 1558 1981 1597 nam
2012 1542 2143 1596 illud

568 1645 756 1697 metuit
798 1642 977 1696 dicere
1010 1640 1140 1695 :sed
1184 1639 1353 1708 quid?
1384 1638 1449 1691 Et
1472 1648 1525 1690 tu
1553 1637 1691 1691 venis
1738 1636 1807 1689 ad
1857 1635 1981 1688 me?
2007 1633 2144 1700 Quid

572 1734 733 1800 igitur
758 1731 1040 1785 Christus?
1078 1730 1230 1797 Quod
1256 1743 1379 1798 erga
1412 1728 1628 1781 Petrum
1676 1734 1894 1795 postea,
1937 1726 1987 1779 id
2021 1735 2147 1780 tunc

568 1822 729 1875 etiam
760 1820 904 1874 fecit.
935 1818 1065 1873 Nam
1101 1826 1157 1871 et
1198 1818 1311 1887 ipse
1358 1816 1637 1870 cohibebat
1668 1814 1839 1881 illum,
1892 1831 1960 1869 ne
1986 1814 2148 1882 pedes

568 1923 695 1963 suos
734 1909 968 1972 lavaret;
996 1907 1091 1962 sed
1138 1921 1257 1961 cum
1288 1907 1521 1961 audisset
1552 1923 1565 1958 :
1599 1905 1749 1972 Quod
1785 1918 1878 1975 ego
1920 1906 2054 1975 facio
2096 1914 2149 1957 tu

571 1999 750 2065 neseis,
771 2000 896 2052 scies
920 2007 1087 2051 autem
1109 2006 1279 2065 postea
1300 1994 1478 2068 (Joan.
1511 1996 1597 2049 15.
1618 1996 1704 2065 7);
1726 2003 1781 2049 et
1806 2036 1819 2058 ,
1854 1992 1971 2048 Non
1998 1994 2151 2047 Imbe-

571 2090 648 2143 bis
674 2099 867 2158 partem
892 2104 1086 2141 mecum
1110 2086 1129 2161 (
1152 2087 1290 2141 Ibid.
1321 2102 1366 2140 υ.
1397 2085 1473 2158 8)
1503 2103 1517 2139 :
1549 2088 1725 2159 statim
1754 2102 1784 2139 a
1808 2086 2149 2141 contentione

572 2179 793 2241 destitit,
823 2188 877 2233 et
907 2178 957 2231 in
972 2178 1295 2232 contrarium
1320 2185 1553 2229 mutatus
1582 2185 1683 2229 est.
1720 2174 1816 2229 Hic
1843 2189 2055 2243 quoque
2075 2174 2150 2227 si-

571 2270 770 2323 militer
800 2276 856 2320 ut
878 2268 1119 2321 audivit:
1154 2267 1236 2321 15.
1270 2268 1396 2321 Sine
1414 2266 1563 2319 ntodo
1597 2266 1703 2319 :sic
1728 2266 1861 2319 enim
1895 2266 2032 2319 decet
2059 2282 2151 2320 nos

571 2358 782 2423 implere
836 2374 1032 2411 omnem
1074 2357 1329 2423 justitiam
1388 2374 1405 2409 :
1457 2356 1636 2410 statim
1673 2357 2003 2425 obsequutus
2046 2364 2146 2410 est.

573 2446 757 2513 Neque
782 2447 924 2499 enim
953 2446 1294 2512 pertinaciter
1316 2455 1469 2499 erant
1495 2444 1834 2509 etintentiosi,
1886 2444 1978 2497 sed
2006 2459 2153 2497 amu—

576 2551 689 2590 rem
711 2536 943 2590 simulet
974 2535 1689 2600 obedientiatncxbibcbant,
1719 2536 1771 2588 in
1799 2537 2153 2605 omnibusque

581 2626 805 2679 Omnino
855 2614 1223 2693 obtemperare
1271 2624 1576 2678 studebant.
1633 2624 1924 2701 considera
1974 2635 2150 2678 autem

574 2714 843 2782 quomodo
875 2713 1021 2767 illum
1048 2713 1116 2767 ab
1143 2728 1208 2767 eo
1233 2713 1467 2777 inducat,
1492 2727 1520 2765 a
1547 2728 1653 2782 quo
1675 2714 1904 2768 maxime
1933 2715 2153 2783 putabat

576 2821 680 2859 nam
705 2821 800 2875 par
826 2821 946 2859 esse
992 2806 1065 2858 ita
1096 2806 1206 2858 fieri
1239 2824 1251 2857 :
1284 2820 1389 2859 non
1434 2806 1575 2859 enim
1621 2806 1773 2870 dixit,
1814 2806 1903 2859 Sic
1949 2806 2151 2872 jUallllll

574 2906 693 2959 est;
720 2894 836 2962 sed,
862 2895 952 2949 Sic
975 2894 1133 2948 decet.
1166 2893 1299 2961 Quia
1327 2895 1468 2948 enim
1494 2895 1765 2965 indignum
1795 2896 2014 2950 omnino
2037 2912 2156 2951 esse

578 2986 818 3054 putabat,
849 2984 895 3038 si
920 2983 1010 3038 ille
1038 2998 1067 3037 a
1092 2998 1249 3039 servo
1275 2984 1651 3052 baptizaretur,
1677 2984 1778 3040 hoc
1804 2988 2035 3042 maxime
2056 2988 2157 3057 ipsi

578 3087 764 3131 contra
790 3077 1059 3144 opposuit,
1112 3091 1174 3130 ac
1202 3077 1245 3130 si
1277 3076 1501 3130 dixisset
1530 3093 1545 3131 :
1572 3076 1759 3131 Nonne
1786 3078 1836 3130 id
1870 3080 2068 3147 refugis
2101 3091 2155 3134 ct

576 3165 797 3219 cohibes
821 3166 971 3233 quasi
1000 3164 1348 3218 indecorum?
1376 3164 1661 3235 Propterea
1690 3181 1818 3237 ergo
1844 3167 2001 3232 Sine,
2033 3171 2152 3237 quia

577 3256 860 3310 admodum
887 3255 1138 3309 decorum
1161 3265 1264 3310 est.
1294 3255 1474 3323 Neque
1493 3259 1808 3325 simpliciter
1827 3259 1981 3323 dixit,
2008 3261 2153 3324 Sine;

579 3346 673 3403 sed
704 3346 922 3408 addidit,
970 3344 1142 3397 Nunc.
1170 3344 1284 3398 Non
1330 3348 1472 3398 enim
1501 3356 1756 3415 perpetuo
1800 3350 1869 3401 ita
1923 3351 2047 3415 erit,
2082 3352 2160 3403 iu-

580 3439 695 3505 quit
724 3455 736 3489 :
761 3436 853 3491 sed
885 3438 935 3490 in
958 3450 1026 3491 eo
1050 3445 1190 3490 statu
1222 3452 1307 3491 me
1336 3438 1539 3493 videbis
1562 3480 1576 3501 ,
1607 3455 1712 3507 quo
1757 3438 2032 3495 desideras
2058 3459 2073 3502 ;
2105 3454 2160 3496 at

583 3542 721 3581 nunc
750 3530 851 3581 hoc
877 3536 1147 3594 exspecta.
1196 3525 1397 3581 Deinde
1437 3528 1673 3581 ostendit
1700 3530 1971 3599 quomodo
2027 3531 2157 3585 illud

580 3618 786 3674 deceat.
833 3616 1112 3683 Quomodo
1163 3617 1319 3686 igitur
1344 3618 1534 3673 decet?
1578 3619 1710 3686 Quia
1766 3621 1936 3690 legem
1991 3632 2154 3676 totum

582 3707 893 3774 implemus;
928 3706 979 3760 id
1008 3708 1201 3775 quippe
1217 3708 1532 3775 signiﬁcavit
1560 3709 1810 3777 dicendo,
1841 3710 2053 3765 Omnem
2066 3716 2158 3782 ju-

578 3799 784 3855 stitiam.
820 3796 1031 3851 Justitia
1078 3800 1218 3852 enim
1268 3808 1351 3852 est
1403 3798 1776 3853 mandatorum
1830 3800 2153 3857 observatio.

578 3890 711 3955 Quia
735 3889 911 3956 igitur,
944 3888 1133 3957 inquit,
1165 3890 1265 3941 alia
1294 3891 1473 3943 omnia
1505 3890 1749 3947 mandata
1779 3892 2115 3959 implevimus
2139 3936 2154 3958 ,

581 3980 683 4031 hoc
724 3987 899 4032 autem
950 3994 1111 4031 unum
1159 3988 1420 4047 superest,
1450 3988 1505 4033 et
1536 3979 1661 4033 illud
1692 3995 1902 4050 quoque
1941 3983 2155 4053 adjungi

578 4079 809 4137 oportet.
842 4069 971 4123 Veni
998 4072 1194 4138 quippe
1240 4069 1447 4123 solvere.
1474 4069 1812 4125 maledictum
1833 4113 1849 4136 ,
1882 4088 1942 4126 ex
1979 4083 2156 4128 trans-

577 4160 853 4225 gressione
891 4159 1022 4229 legis
1057 4159 1383 4226 impositum.
1415 4158 1636 4226 Oportet
1665 4160 1824 4227 igitur
1843 4176 1929 4213 me
1961 4162 2155 4230 ipsum,

579 4266 699 4303 cum
726 4259 888 4302 totam
928 4250 1102 4316 legem
1143 4248 1455 4315 implevero,
1503 4254 1556 4299 et
1608 4261 1701 4300 vos
1742 4260 1773 4300 a
1808 4246 2153 4303 damnatiOne

581 4341 899 4402 liberavero,
923 4339 998 4391 sic
1028 4338 1172 4392 illam
1217 4338 1497 4406 abrogare.
1525 4335 1687 4390 Decet
1722 4354 1850 4405 ergo
1876 4353 1963 4391 me
1994 4346 2156 4392 totum

578 4432 802 4499 itnplere
828 4430 997 4499 legem
1026 4447 1038 4481 τ
1070 4433 1189 4496 quia
1219 4428 1370 4483 decet
1392 4431 1550 4485 etiam
1581 4428 1919 4483 maledictum
1953 4429 2159 4485 solvere

578 4532 759 4575 contra
788 4536 883 4573 vos
914 4521 964 4573 in
992 4521 1107 4589 lege
1135 4520 1461 4587 inscriptum.
1495 4520 1619 4574 ideo
1646 4536 1861 4575 carnem
1890 4521 2156 4588 assumpsi

574 4614 623 4661 et
660 4608 869 4663 adveni.
906 4608 1045 4661 Tum:
1069 4610 1255 4663 dimisit
1280 4626 1409 4663 eum.
1442 4610 1529 4664 16.
1563 4611 1625 4663 Et
1665 4612 1945 4678 baptizatus
1984 4608 2155 4676 Iesus,

574 4701 839 4767 confestim
870 4700 1091 4753 ascendit
1121 4702 1184 4753 de
1210 4717 1360 4767 aqua,
1386 4711 1434 4753 et
1474 4718 1585 4755 ecce
1611 4706 1771 4771 aperti
1796 4714 1914 4757 sunt
1934 4704 1980 4758 ei
2007 4707 2116 4759 cali
2139 4722 2157 4759 :

574 4798 621 4842 et
654 4793 772 4844 vidit
798 4791 1047 4861 Spiritum
1076 4790 1171 4844 Dei
1196 4792 1575 4846 descendentem
1618 4794 1747 4846 sicut
1786 4795 2085 4859 columbam,
2111 4806 2159 4848 et

575 4883 847 4935 venientem
866 4898 1019 4947 super
1037 4898 1171 4933 cum.

648 4973 704 5025 ‘2.
745 4970 974 5024 Christus
1020 4988 1110 5024 cur
1156 4970 1357 5025 Joanne
1404 4973 1570 5026 minor
1616 4974 1901 5041 putabatur.
1931 4977 2153 5045 —-Quia

579 5068 725 5121 enim
752 5065 917 5117 multo
945 5066 1203 5131 majorem
1232 5064 1323 5117 illo
1345 5062 1606 5118 Joannem
1635 5079 1755 5117 esse
1779 5067 2061 5135 putabant,
2092 5086 2161 5125 eo

580 5157 725 5225 quod
758 5156 811 5208 in
844 5154 1059 5209 deserto
1089 5169 1304 5223 semper
1332 5154 1577 5219 vixisset,
1612 5164 1665 5209 et
1695 5155 1834 5211 ﬁlius
1864 5161 2160 5217 sacerdmis

580 5254 748 5307 esset,
794 5243 995 5312 talique
1024 5243 1247 5297 indutus
1275 5243 1619 5308 vestimento,
1664 5256 1825 5313 atque
1858 5262 2050 5303 omnes
2091 5252 2157 5306 ad

584 5334 917 5401 baptismum
945 5343 1187 5397 vocaret,
1215 5347 1389 5402 exque
1418 5333 1586 5387 sterili
1615 5343 1777 5389 natus
1802 5347 1976 5399 esset;
2001 5337 2160 5394 Jesus

588 5440 724 5480 vero
746 5441 810 5478 ex
854 5426 1083 5479 obscura
1117 5426 1294 5494 puella
1326 5434 1487 5480 natus
1516 5444 1526 5478 :
1562 5435 1748 5495 partus
1778 5429 1920 5482 enim
1949 5445 2010 5482 ex
2038 5429 2161 5483 Vir-

585 5515 704 5585 gine
730 5516 983 5569 nondum
1016 5518 1271 5571 omnibus
1316 5525 1432 5571 erat
1472 5526 1666 5582 notus;
1705 5519 1959 5587 quodque
2008 5521 2156 5576 domi

586 5603 839 5666 nutritus,
863 5619 983 5657 cum
1002 5606 1255 5659 omnibus
1278 5616 1525 5660 versatus
1547 5616 1600 5661 et
1623 5608 1825 5678 vulgari
1847 5620 1995 5663 veste
2016 5622 2161 5665 esset

587 5692 845 5749 indutus:
877 5696 1139 5750 minorem
1174 5697 1350 5764 ipsum
1382 5714 1503 5754 esse
1536 5701 1797 5769 putabant
1847 5704 1973 5770 quia
2020 5702 2155 5757 nihil

1275 350 1333 404 s.
1372 343 1649 403 manuus
1684 335 2159 400 cnnvsos'rout
2197 332 2513 391 uacuum.
2552 304 3093 399 conss-ammon

3730 347 3835 404 20$

2251 450 2424 505 adhuc
2466 466 2530 505 ex
2576 454 2784 507 arcanis
2828 453 2936 508 illis
2980 454 3239 511 viderant.
3290 454 3525 526 Contigit
3569 468 3747 513 autem
3779 466 3837 513 et

2248 546 2421 613 ipsum
2448 559 2477 597 a
2503 543 2707 599 Joanne
2726 544 2982 614 baptizari
3007 563 3021 601 :
3052 546 3105 601 id
3134 547 3274 615 quod
3306 547 3449 602 illam
3478 547 3711 603 maxime
3736 549 3831 603 lir-

2249 635 2431 691 mabat
2451 637 2776 706 opinionem,
2803 638 2961 691 etiam
2991 638 3037 692 si
3066 639 3196 693 nihil
3224 640 3368 695 aliud
3404 656 3469 696 ex
3512 640 3670 696 dictis
3694 657 3835 710 prae-

2248 728 2516 782 cessisset.
2561 726 2876 797 Cogitabant
2923 730 3067 783 enim
3107 746 3227 785 eum
3274 746 3394 787 esse
3448 734 3750 801 quempiam
3804 750 3833 786 a

2249 818 2409 887 vulgo
2442 837 2453 871 :
2487 819 2722 888 alioquin
2755 819 2921 883 enim,
2948 820 3048 873 nisi
3077 820 3145 875 de
3178 821 3337 890 vulgo
3376 831 3543 889 esset,
3574 838 3679 877 non
3709 838 3831 877 eum

2251 908 2400 962 turba
2448 908 2515 961 ad
2558 908 2875 976 lmptismum
2931 918 3185 965 venturus
3228 920 3343 965 erat
3376 928 3389 963 :
3423 911 3657 968 Joannes
3706 928 3833 967 vero

2252 997 2421 1065 major
2443 1007 2496 1051 et
2523 996 2680 1067 longe
2725 999 3020 1053 mirabilior
3062 1014 3183 1054 esse
3213 1001 3515 1070 putabatur.
3548 1001 3626 1057 Ne
3672 1002 3835 1073 igitur

2252 1087 2337 1140 illa
2367 1086 2505 1157 apud
2552 1088 2749 1141 multos
2776 1092 3037 1144 sententia
3062 1090 3380 1157 przevaleret
3400 1131 3413 1155 ,
3443 1106 3565 1146 cum
3597 1091 3712 1160 ipse
3740 1092 3835 1146 ba-

2251 1178 2478 1247 ptizatus
2517 1178 2722 1245 fuisset,
2751 1180 2867 1234 cadi
2890 1182 3057 1249 aperti
3083 1190 3228 1243 sunt,
3254 1180 3486 1250 Spiritus
3530 1182 3835 1248 descendit,

2255 1279 2310 1321 et
2340 1284 2439 1322 vox
2485 1282 2605 1323 cum
2651 1269 2854 1336 Spiritu
2880 1270 3178 1338 prmdicans
3204 1270 3424 1339 hujusce
3457 1270 3723 1342 Unigeniti
3752 1272 3841 1331 dig

2248 1360 2527 1430 gnitatem.
2551 1360 2681 1425 Quia
2709 1362 2852 1415 enim
2881 1360 2996 1415 haec
3042 1376 3146 1417 vox
3190 1377 3308 1431 qua:
3336 1362 3584 1430 dicebat,
3612 1364 3700 1418 Π.
3734 1361 3839 1417 Hic

2249 1462 2321 1506 est
2350 1450 2514 1505 Filius
2537 1469 2675 1505 meus
2694 1452 2924 1519 dilectus,
2940 1453 3110 1509 multo
3133 1456 3302 1524 magis
3320 1454 3511 1509 Joanni
3528 1464 3839 1525 competere

2249 1541 2388 1609 apud
2420 1542 2673 1610 plurimos
2702 1542 2814 1596 visa
2857 1543 3078 1607 fuisset;
3112 1558 3284 1611 neque
3328 1544 3472 1597 enim
3522 1543 3839 1611 addiderat,

2250 1632 2349 1688 Hic
2372 1632 2461 1703 qui
2494 1634 2809 1703 baptizatur,
2833 1634 2927 1689 sed
2953 1634 3052 1688 Hic
3072 1636 3391 1706 simpliciter
3410 1674 3425 1701 ,
3454 1645 3507 1689 et
3531 1636 3838 1690 auditorum

2250 1721 2445 1791 singuli
2492 1722 2543 1776 id
2589 1722 2762 1791 potius
2787 1723 2853 1778 de
2907 1723 3229 1795 baptizante,
3257 1740 3418 1793 quam
3461 1724 3529 1779 de
3572 1722 3841 1795 baptisato

2252 1812 2357 1867 dici
2383 1814 2637 1882 suspicati
2671 1813 2916 1881 fuissent,
2950 1824 3061 1869 tum
3089 1816 3158 1869 ob
3180 1816 3349 1884 ipsam
3382 1816 3633 1885 Baptista:
3659 1815 3838 1885 digni—

2253 1912 2414 1959 tatem
2446 1904 2486 1969 ',
2516 1912 2624 1958 tum
2652 1904 2723 1958 ob
2750 1920 2813 1959 ea
2842 1905 3019 1959 omnia
3048 1921 3168 1974 quae
3191 1905 3302 1973 jam
3331 1905 3471 1959 dicta
3499 1912 3623 1959 sunt
3652 1922 3665 1958 :
3699 1906 3843 1959 venit

2251 1992 2479 2062 Spiritus
2490 1994 2749 2049 columbae
2765 1995 2963 2064 specie,
2982 1996 3071 2064 qui
3094 2009 3282 2050 vocem
3299 1996 3533 2050 traheret
3551 1995 3618 2048 ad
3633 1994 3838 2062 Jesum,

2251 2085 2605 2153 omnibusque
2647 2083 2944 2139 declararet
2973 2099 3158 2140 vocem
3212 2086 3399 2152 illam,
3442 2084 3575 2149 Hic,
3624 2100 3731 2140 non
3773 2085 3842 2141 de

2251 2172 2457 2229 Joanne
2486 2173 2784 2243 baptizante
2804 2213 2819 2238 ,
2850 2174 2949 2229 sed
2998 2175 3065 2230 de
3117 2175 3243 2231 Jesu
3276 2176 3542 2245 baptizata
3592 2173 3838 2244 proferri.

2253 2266 2323 2321 Et
2342 2282 2524 2337 quare,
2557 2268 2785 2336 inquies,
2836 2267 2920 2323 his
2973 2270 3042 2323 ita
3087 2268 3251 2337 gestis
3304 2284 3413 2322 non
3464 2267 3844 2324 crediderant?

2254 2359 2388 2425 Quia
2416 2362 2575 2414 etiam
2597 2361 2697 2414 sub
2732 2360 2914 2430 Moyse
2959 2361 3126 2415 multa
3153 2370 3359 2430 patrata
3389 2370 3516 2415 sunt
3561 2360 3839 2426 miracula,

2256 2454 2463 2509 etiamsi
2490 2469 2594 2506 non
2625 2453 2747 2506 talia
2778 2469 2793 2509 z
2825 2461 2879 2507 et
2910 2461 3088 2508 tamen
3117 2455 3345 2521 post-illa
3373 2458 3572 2514 omnia,
3605 2462 3727 2523 post
3753 2468 3843 2505 v0-

2257 2557 2347 2597 ces
2375 2552 2431 2597 et
2462 2542 2635 2607 tubas,
2666 2551 2717 2597 et
2747 2542 2974 2610 fulgura,
3002 2544 3225 2596 vitulum
3252 2543 3573 2620 eonilaruut,
3602 2554 3656 2596 et
3685 2542 3843 2598 Beel-

2255 2631 2476 2701 phegori
2506 2632 2695 2686 initiati
2726 2641 2868 2685 sunt.
2902 2630 3112 2701 Ipsique
3135 2634 3320 2699 etiam,
3352 2634 3442 2703 qui
3470 2644 3580 2688 tum
3604 2648 3845 2703 praesen-

2256 2730 2339 2777 tes
2358 2733 2530 2785 erant,
2558 2737 2679 2776 cum
2706 2722 2962 2777 Lazarum
2990 2725 3304 2777 suscitatum
3332 2725 3612 2788 vidissent,
3640 2731 3843 2778 tantum

2257 2815 2422 2869 abfuit
2446 2824 2502 2869 ut
2528 2815 2809 2869 crederent
2851 2815 2973 2867 talia
3011 2816 3262 2883 patranti,
3298 2825 3351 2869 ut
3379 2815 3542 2869 etiam
3573 2815 3721 2868 illum
3748 2794 3845 2868 oc-

2258 2906 2439 2961 cidere
2466 2922 2608 2976 sazpe
2635 2915 2924 2961 tentarent.
2956 2906 3011 2959 Si
3042 2906 3202 2976 igitur
3231 2921 3341 2975 pra:
3366 2905 3541 2960 oculis
3586 2906 3846 2960 habentes

2261 3006 2591 3053 mortuorum
2646 2997 3116 3063 resurrectionem,
3171 2997 3242 3051 ita
3294 3007 3448 3051 erant
3485 2997 3746 3052 increduli
3791 3006 3848 3051 et

2261 3089 2429 3157 pravi,
2458 3088 2581 3156 quid
2608 3089 2818 3142 miraris
2847 3088 2890 3141 si
2920 3104 3103 3142 vocem
3132 3089 3274 3144 illam
3300 3104 3587 3157 supernam
3621 3104 3726 3143 non
3753 3104 3849 3143 ex-

2260 3181 2546 3248 ceperunt?
2567 3179 2699 3234 Cum
2721 3182 2863 3235 enim
2896 3180 3135 3249 improba
3165 3191 3219 3236 et
3261 3195 3508 3249 perversa
3538 3191 3621 3235 est
3644 3183 3843 3243 anima,

2260 3271 2549 3338 livorisque
2578 3271 2764 3323 morbo
2790 3270 2997 3335 affecta,
3028 3270 3155 3323 nulli
3183 3271 3326 3326 cedit
3347 3271 3637 3335 miraculo;
3660 3282 3845 3324 contra

2264 3377 2390 3416 vero
2413 3376 2535 3415 cum
2566 3362 2729 3428 proba
2755 3372 2860 3427 est,
2889 3362 3067 3416 omnia
3094 3379 3213 3417 cum
3246 3363 3346 3415 fide
3378 3362 3591 3432 accipit,
3623 3364 3730 3417 imo
3757 3380 3849 3417 ne-

2263 3468 2366 3521 que
2392 3452 2473 3507 bis
2502 3453 2789 3506 admodum
2820 3469 2955 3522 opus
2984 3454 3162 3508 habet.
3197 3454 3272 3508 Ne
3302 3455 3464 3523 igitur
3501 3469 3711 3523 qumras
3754 3471 3848 3510 cur

2264 3558 2368 3596 non
2400 3543 2743 3596 crediderunt
2782 3560 2794 3595 :
2827 3543 2955 3598 illud
2989 3544 3082 3597 tibi
3109 3544 3456 3612 quaerendum
3499 3555 3643 3598 esset
3667 3546 3711 3598 si
3741 3560 3844 3599 non

2263 3633 2404 3687 facta
2447 3632 2674 3687 fuissent
2702 3636 2916 3696 .omnia,
2949 3649 3070 3703 qua:
3109 3634 3173 3688 ad
3220 3636 3546 3690 credendum
3594 3634 3847 3691 inducere

2264 3726 2550 3781 debebant.
2602 3727 2805 3779 Etenim
2863 3742 2957 3793 per
3004 3726 3317 3794 prophetam
3355 3726 3494 3780 Deus
3522 3740 3684 3794 super
3732 3726 3848 3783 [HEC

2262 3816 2463 3880 omnia,
2492 3831 2608 3884 qua-
2636 3815 2703 3868 ab
2722 3831 2779 3869 se
2807 3816 3043 3883 praestari
3071 3816 3389 3881 debuerunt,
3422 3815 3846 3871 huncdefeusio-

2266 3907 2347 3960 nis
2374 3906 2589 3960 modum
2616 3907 2791 3960 alfert.
2840 3906 2975 3971 Quia
3004 3908 3147 3961 enim
3176 3908 3408 3961 futurum
3444 3917 3561 3961 erat
3600 3916 3655 3960 ut
3676 3907 3846 3961 Judaei

2264 4000 2519 4063 perirent,
2551 4005 2605 4048 et
2646 4005 2892 4049 extremo
2939 3996 3201 4065 supplicio
3227 3995 3601 4061 traderentur;
3635 4013 3703 4051 ne
3727 3999 3847 4067 quis

2262 4104 2326 4142 ex
2355 4088 2589 4156 ipsorum
2620 4090 2851 4156 nequitia
2884 4089 2999 4155 ejus
3031 4088 3417 4156 providentiam
3436 4090 3698 4156 culparet,
3731 4092 3843 4144 ait:

2266 4176 2401 4239 Quid
2428 4194 2505 4230 me
2521 4187 2741 4242 oportutt
2778 4180 2944 4246 facere
2984 4177 3140 4230 vinea:
3168 4178 3303 4241 huic,
3347 4190 3517 4232 etnon
3548 4180 3641 4250 feci
3673 4178 3844 4250 (lsai.

2263 4265 2320 4320 5.
2351 4267 2453 4334 4)ἳ
2487 4266 2715 4334 ldipsntn
2751 4267 2835 4320 hic
2861 4268 3173 4323 consideres
3201 4278 3432 4336 oportet,
3476 4270 3602 4339 quid
3629 4282 3845 4339 oporte~

2263 4356 2349 4411 bat
2375 4356 2512 4421 fieri,
2559 4366 2616 4411 et
2645 4372 2748 4410 nou
2782 4356 2977 4411 factum
3008 4368 3111 4413 est.
3145 4358 3213 4412 Et
3236 4360 3282 4412 si
3312 4360 3527 4429 quando
3561 4360 3629 4415 de
3656 4363 3839 4431 provi-

2260 4450 2437 4505 dentia
2460 4452 2550 4505 Dei
2572 4466 2848 4505 sermones
2861 4462 3192 4517 moveantur,
3214 4452 3317 4507 hoc
3336 4450 3662 4508 defensionis
3684 4453 3844 4507 modo

2266 4549 2415 4595 utere
2457 4541 2716 4595 adversus
2762 4556 2856 4593 eos
2904 4542 2993 4607 qui
3045 4542 3113 4593 de
3172 4543 3454 4595 multorum
3504 4545 3841 4609 improbitate

2266 4631 2431 4699 ipsam
2457 4631 2724 4685 criminari
2756 4638 3033 4685 conantur.
3068 4630 3345 4700 Perpende
3376 4631 3534 4699 igitur
3559 4648 3720 4701 quam
3745 4634 3842 4686 mi-

2266 4720 2448 4771 rabilia
2480 4732 2867 4788 perpetrantur,
2909 4732 2962 4774 et
3009 4720 3307 4774 futurorum
3343 4722 3488 4776 initia
3520 4740 3533 4775 :
3562 4738 3667 4776 non
3694 4724 3836 4777 enim

2264 4809 2564 4878 paradisus,
2600 4811 2691 4865 sed
2734 4812 2924 4865 cadum
2972 4812 3227 4878 aperitur.
3266 4811 3457 4865 Verum
3507 4810 3622 4865 bam
3654 4824 3836 4867 cctttra

2260 4897 2477 4953 Judteos
2524 4902 2694 4953 oratio
2744 4902 2795 4954 in
2841 4900 2983 4953 aliud
3034 4912 3244 4969 tempus
3308 4900 3587 4955 (liberatur
3631 4919 3645 4953 :
3699 4917 3838 4956 nunc

2260 5000 2459 5047 autem.
2488 4990 2595 5044 Deo
2617 4993 2854 5057 juvantc,
2889 4992 2952 5045 ad
2983 5007 3044 5046 ea
3065 5008 3181 5060 intra
3205 4992 3315 5060 jam
3338 5002 3630 5047 tractamus
3659 5009 3837 5048 sermo

2264 5081 2527 5135 referatur
2556 5100 2567 5133 :
2601 5082 2665 5135 Et
2713 5084 2995 5151 baptizatus
3020 5083 3191 5149 Iesus,
3220 5085 3445 5139 ascendit
3472 5085 3738 5153 confestim
3775 5104 3835 5140 ea:

2260 5186 2391 5238 aqua
2410 5187 2430 5233 ;
2460 5183 2505 5223 et
2528 5189 2635 5225 ecce
2653 5176 2815 5239 aperti
2843 5184 2958 5225 sunt
2983 5175 3027 5227 ei
3048 5175 3175 5228 ca'ti.
3202 5173 3310 5229 Cur
3338 5176 3505 5244 aperti
3532 5186 3653 5228 sunt
3678 5177 3788 5230 czcli
3813 5179 3835 5229 ’ἐ

2260 5260 2327 5315 Ut
2353 5262 2549 5324 discos.
2582 5278 2700 5318 cum
2738 5274 2793 5319 tu
2824 5265 3139 5333 baptizaris,
3187 5267 3414 5335 idipsum
3462 5267 3572 5321 ﬁeri
3599 5310 3614 5333 ,
3647 5268 3755 5322 Deo
3782 5282 3833 5324 te

2260 5352 2324 5404 ad
2376 5352 2640 5407 exuli-stem
2679 5358 2896 5424 patriam
2945 5370 3189 5419 vocante,
3232 5367 3286 5411 ct
3336 5360 3593 5414 suadente
3619 5369 3676 5413 ttt
3704 5360 3831 5413 nihil

2258 5456 2377 5496 cum
2406 5451 2541 5497 terra
2568 5458 2848 5499 Commune
2870 5445 3086 5499 habeas.
3112 5446 3265 5513 Quod
3292 5447 3334 5501 si
3358 5447 3409 5500 id
3438 5463 3545 5503 non
3570 5448 3740 5510 vides.
3769 5464 3835 5506 ne

2322 5666 2337 5694 ‘
2372 5664 2563 5729 Quidam
2581 5665 2778 5722 habent,
2792 5664 2851 5711 0b
2874 5664 3026 5729 ipsam
3048 5663 3269 5725 baptism:
3292 5662 3593 5729 ἀίφιίιανηις
3610 5666 3699 5719 sed
3717 5666 3831 5717 tnui-

2258 5726 2306 5770 to
2334 5729 2524 5774 vastat
2548 5725 2692 5776 lectio
2716 5739 2823 5787 qua:
2851 5734 2925 5773 est
2959 5726 3005 5773 in
3030 5733 3189 5776 textu.
