4124 6302
278 384 384 440 ξτες

279 531 461 578 tamen
491 519 649 578 ﬁdem
677 532 860 590 neges.
886 517 1020 574 Nam
1050 518 1104 574 in
1130 503 1404 590 principiis
1452 532 1668 587 semper
1700 518 1874 572 admi-

279 613 569 668 randarum
613 610 1076 680 spiritualiumque
1125 624 1305 664 rerum
1355 608 1591 662 visiones
1621 616 1878 678 apparent

278 718 497 758 sensum
528 710 806 757 moventes
833 710 889 756 et
912 703 1062 772 signa
1086 692 1415 770 hujusmodi,
1440 700 1598 768 idque
1627 700 1872 768 stupido-

278 808 395 848 rum
428 776 705 846 hominum
730 807 911 857 causa,
941 792 1031 861 qui
1051 790 1236 845 sensili
1263 791 1466 845 visione
1492 804 1627 860 Opus
1652 790 1871 857 habent,

259 889 455 950 neque
476 892 702 952 possunt
721 883 950 952 aliquam
979 883 1315 951 incorporea:
1340 892 1543 937 naturae
1574 883 1747 938 idenm
1777 883 1875 937 ad-

278 974 519 1038 mittere,
568 975 661 1028 sed
704 973 776 1027 ad
823 972 1053 1028 visibilis
1102 982 1307 1027 tantum
1356 974 1763 1043 obstupescunt,
1815 984 1870 1028 ιιι

273 1064 485 1119 etiamsi
518 1072 703 1133 postea
746 1064 871 1118 talia
900 1080 1007 1117 non
1038 1065 1308 1129 eveniant,
1339 1080 1402 1119 ea
1444 1079 1566 1133 quae
1608 1065 1773 1120 semel
1817 1075 1871 1120 et

275 1155 328 1207 in
358 1154 619 1224 principio
644 1153 783 1209 facta
810 1166 936 1208 sunt
962 1155 1179 1216 similia.
1201 1155 1269 1209 ad
1288 1155 1446 1210 ﬁdem
1478 1156 1542 1209 iis
1569 1156 1868 1221 habendam

273 1248 560 1302 deducant.
618 1245 750 1301 Nam
778 1255 834 1302 et
876 1261 1039 1313 super
1079 1247 1354 1317 apostolus
1382 1263 1546 1303 sonus
1575 1248 1747 1303 iactus
1788 1258 1871 1303 est

272 1339 493 1406 Spiritus
519 1338 885 1403 vehementis,
914 1346 971 1392 et
1013 1339 1310 1407 linguarum
1349 1339 1624 1409 ignearum
1660 1341 1869 1409 species

273 1443 589 1497 apparuere,
618 1444 721 1482 non
771 1440 990 1498 propter
1041 1430 1335 1497 apostolos,
1382 1429 1476 1484 sed
1508 1440 1728 1500 propter
1773 1446 1868 1487 eos

270 1522 360 1590 qui
394 1531 519 1575 tunc
548 1532 838 1590 prazsentes
859 1530 1012 1575 erant
1035 1520 1269 1576 intimos.
1303 1522 1551 1575 Attamen
1590 1521 1711 1576 licet
1737 1536 1867 1575 sen—

269 1610 389 1665 siiia
416 1612 567 1681 signa
598 1628 701 1665 non
745 1611 894 1677 ﬁant,
924 1628 1043 1682 qua:
1070 1626 1166 1681 per
1191 1612 1279 1666 illa
1306 1614 1472 1668 semel
1502 1613 1863 1667 demonstrata

266 1701 765 1756 suntadmittlmus.
793 1702 925 1757 Nam
952 1713 1004 1757 et
1024 1701 1275 1758 columba
1308 1702 1428 1758 ideo
1451 1712 1577 1757 tunc
1609 1703 1721 1756 visa
1760 1713 1861 1769 est,

268 1803 326 1848 ut
353 1794 505 1863 quasi
533 1794 699 1864 digito
720 1794 953 1865 quodam
986 1794 1339 1863 praesentibus
1364 1806 1414 1849 et
1445 1793 1638 1849 Joanni
1669 1794 1862 1849 Filium

266 1884 363 1941 Dei
387 1895 735 1942 monstraret.
759 1885 944 1956 Neque
975 1887 1095 1941 ideo
1117 1896 1320 1941 tantum
1343 1928 1359 1953 ,
1397 1889 1489 1942 sed
1538 1888 1697 1942 etiam
1729 1896 1779 1942 ut
1808 1897 1865 1942 tu

262 1976 538 2043 disceres,
570 1980 730 2033 etiam
781 1993 944 2049 super
988 1988 1040 2034 te
1091 1978 1436 2049 baptizatum,
1467 1980 1721 2049 Spiritum
1770 1980 1865 2035 de-

261 2067 545 2123 scandere.

332 2160 390 2212 5.
413 2158 573 2214 Fides
600 2178 701 2215 non
728 2178 855 2233 opus
871 2162 1019 2216 habet
1046 2163 1252 2217 uisione.
1273 2162 1497 2234 Spiritus
1525 2172 1729 2217 sanctus
1760 2178 1863 2215 non

262 2249 431 2303 minor
479 2249 703 2305 Christo.
768 2251 999 2307 Christus
1049 2253 1352 2315 Judworum
1405 2266 1449 2309 et
1506 2256 1755 2323 baptisma
1816 2267 1864 2311 et

262 2337 473 2394 Pascha
501 2343 1039 2412 abrogat.—Demnm
1071 2360 1177 2398 non
1204 2359 1339 2414 OptIS
1384 2345 1538 2400 nobis
1566 2356 1649 2400 est
1674 2348 1859 2402 sensili

262 2434 493 2499 visione,
541 2451 663 2491 cum
714 2437 846 2493 ﬁdes
892 2439 1010 2494 vice
1056 2441 1294 2494 omnium
1346 2441 1478 2496 satis
1524 2441 1591 2495 sit
1643 2460 1655 2495 :
1709 2445 1859 2512 signa

260 2526 462 2596 quippe
494 2543 601 2582 non
628 2529 973 2585 credentibus
996 2573 1013 2597 ,
1043 2532 1138 2585 sed
1172 2533 1459 2587 incredulis
1488 2534 1704 2588 dantur.
1754 2533 1862 2590 Cur

258 2628 439 2671 autem
474 2618 525 2672 in
554 2619 818 2674 Columbae
856 2621 1076 2690 specie?
1104 2621 1435 2677 Mansuetum
1466 2635 1546 2678 est
1577 2626 1773 2678 animal
1804 2634 1861 2681 et

261 2706 541 2761 mundum.
589 2708 723 2776 Quia
790 2709 949 2779 igitur
990 2710 1260 2780 Spiritus,
1309 2714 1732 2767 mansuetudinis
1777 2723 1860 2769 est

258 2797 490 2867 Spiritus
515 2837 533 2865 ,
574 2799 695 2855 ideo
742 2800 830 2854 illa
878 2800 1047 2856 forma
1090 2804 1357 2871 apparuit.
1392 2804 1641 2873 Alioquin
1676 2817 1855 2858 autem

260 2898 501 2945 veterem
534 2890 815 2945 historiam
843 2892 999 2947 nobis
1030 2893 1081 2946 in
1110 2894 1423 2947 memoriam
1455 2903 1690 2950 revocat.
1720 2894 1854 2950 Nam

259 2993 384 3034 cum
431 2981 559 3035 olim
603 2984 875 3036 communi
924 2983 1203 3053 naufragio
1249 2995 1415 3040 totum
1468 2987 1654 3041 orbem
1711 2988 1858 3041 inva-
1930 3050 1931 3053 η

256 3071 441 3135 dente,
476 3081 643 3127 totum
673 3088 893 3143 prorsus
921 3074 1193 3130 homintun
1225 3092 1394 3151 genus
1420 3076 1814 3146 periclitaretur
1836 3117 1853 3142 ,

261 3162 363 3217 hoc
391 3162 590 3217 animal
620 3164 905 3233 apparuit,
935 3174 990 3220 et
1021 3167 1353 3233 tempestatis
1395 3168 1553 3221 linem
1586 3169 1817 3222 ostendit
1836 3209 1853 3235 ,

258 3267 323 3308 ac
370 3268 580 3308 ramum
629 3254 785 3309 olivae
827 3265 1002 3310 rostro
1048 3266 1235 3312 tenens
1262 3297 1277 3321 ,
1324 3254 1662 3312 communem
1712 3260 1857 3313 orbis

259 3347 697 3415 tranquillitatem
743 3348 1006 3403 nuntiavit
1040 3369 1051 3401 :
1087 3366 1206 3419 qme
1232 3353 1409 3406 omnia
1457 3351 1622 3423 ﬁgura
1653 3352 1856 3406 l'uturo-

260 3449 376 3489 rum
422 3445 597 3491 erant.
647 3435 798 3493 Tunc
840 3439 985 3495 enim
1033 3442 1199 3494 m‘nlto
1240 3440 1507 3497 deteriore
1548 3445 1855 3501 conditione

257 3542 347 3582 res
374 3527 650 3587 hominum
680 3538 869 3598 erant,
899 3546 962 3585 ac
986 3532 1155 3587 multo
1193 3534 1395 3602 majore
1438 3535 1509 3590 illi
1535 3521 1703 3590 erant
1729 3552 1856 3605 sup-

258 3618 421 3689 plicio
450 3619 618 3690 digiti.
664 3620 743 3675 Ne
769 3620 1024 3691 desperes
1053 3623 1213 3692 igitur
1238 3665 1254 3689 ,
1289 3625 1425 3680 hanc
1454 3626 1545 3679 tibi
1575 3616 1852 3680 historiam

258 3710 310 3763 in
355 3711 674 3765 memoriam
709 3722 941 3766 revocat.
988 3712 1120 3767 Nam
1150 3723 1274 3768 tunc
1316 3715 1611 3785 desperatis
1656 3709 1849 3783 rebus,

257 3802 435 3856 exitus
488 3809 664 3856 tamen
706 3803 923 3873 quidam
964 3814 1018 3859 et
1060 3805 1365 3861 emendatio
1411 3806 1508 3861 fuit
1539 3829 1553 3863 :
1586 3809 1679 3863 sed
1731 3820 1856 3864 tunc

257 3909 357 3966 per
397 3896 715 3965 supplicium
741 3937 756 3961 ,
790 3913 931 3952 nunc
972 3913 1100 3953 vero
1140 3914 1240 3968 per
1281 3901 1506 3970 gratiam
1554 3909 1609 3955 et
1651 3901 1850 3956 donum

259 3986 551 4043 ineli'ahile.
603 3987 832 4058 ideoque
874 3989 1120 4043 columba
1171 4002 1437 4059 apparet,
1488 4007 1593 4044 non
1641 4006 1851 4045 ramum

254 4077 413 4132 oliva:
435 4076 634 4145 ferens,
656 4078 750 4133 sed
778 4081 1015 4134 omnium
1044 4082 1305 4157 malorum
1334 4082 1672 4137 liberatorem
1701 4083 1854 4137 nobis

255 4168 569 4237 ostendens,
592 4171 893 4241 bonamque
921 4188 1073 4241 spem
1098 4171 1379 4229 exhibens.
1410 4173 1592 4243 Neque
1618 4174 1761 4228 enim
1781 4190 1849 4229 ex

258 4277 382 4318 arca
421 4278 585 4317 unum
614 4263 792 4319 educit
822 4262 1113 4330 hominem,
1138 4266 1232 4320 sed
1262 4282 1383 4321 cum
1412 4275 1654 4337 apparet,
1683 4275 1851 4323 totum

258 4352 447 4409 orbem
474 4354 670 4410 attollit
692 4355 745 4409 in
776 4356 966 4410 calum
988 4398 1003 4420 ,
1035 4366 1089 4411 et
1119 4372 1216 4427 pro
1244 4357 1398 4427 oliva:
1427 4374 1575 4411 ramo
1605 4357 1854 4428 adoptio-

260 4460 383 4499 nem
415 4443 645 4498 ﬁliorum
678 4436 953 4499 communi
977 4446 1123 4501 orbis
1149 4448 1335 4516 generi
1374 4447 1547 4501 aii‘ert.
1592 4448 1852 4519 Magnitu-

258 4534 441 4590 dinem
480 4548 611 4604 ergo
635 4532 761 4588 deni
805 4544 980 4589 tecum
1011 4546 1266 4606 reputans
1291 4578 1306 4600 ,
1348 4553 1412 4592 ne
1442 4531 1703 4593 minorem
1735 4540 1853 4605 ejus

259 4626 572 4696 dignitatem
598 4626 908 4689 existimes,
955 4627 1095 4698 quod
1128 4629 1179 4681 in
1220 4629 1311 4682 tali
1358 4630 1537 4699 specie
1570 4639 1850 4700 appareat.

261 4710 394 4772 Nam
423 4717 683 4787 quosdam
708 4718 870 4773 audio
894 4719 1155 4782 dicentes,
1191 4729 1391 4774 tantum
1433 4736 1555 4777 esse
1582 4722 1851 4777 hominem

262 4810 405 4865 inter
437 4816 492 4863 et
530 4809 833 4864 columbam
862 4809 1149 4865 discrimen
1170 4849 1185 4874 ,
1232 4820 1487 4880 quantum
1532 4813 1671 4867 inter
1699 4811 1855 4868 Chri-

263 4907 410 4952 stum
442 4906 499 4952 ct
521 4896 777 4967 Spiritum
805 4942 819 4963 ,
861 4900 981 4968 quia
1009 4900 1097 4954 ille
1123 4902 1173 4952 iu
1203 4911 1388 4954 natura
1415 4912 1596 4956 nostra
1620 4944 1634 4967 ,
1687 4902 1774 4963 hic
1801 4903 1852 4958 in

263 4987 448 5055 specie
485 4987 747 5042 columine
786 4989 1053 5058 apparuit.
1118 4988 1254 5056 Quid
1304 4990 1369 5044 ad
1418 4992 1533 5046 haec
1571 4991 1854 5047 dicendum

261 5077 389 5131 est?
437 5074 655 5142 Scilicet
701 5077 890 5131 Filium
937 5078 1032 5133 Dei
1082 5091 1325 5133 naturam
1377 5081 1608 5136 hominis
1650 5096 1857 5138 assum-

264 5166 476 5234 psisse;
504 5166 764 5236 Spiritum
791 5182 921 5223 vero
941 5184 1045 5224 non
1077 5179 1322 5224 naturam
1346 5173 1624 5242 accepisse
1650 5174 1857 5229 colum-

270 5263 371 5311 δίη.
404 5257 530 5313 ideo
554 5257 877 5328 evangelista
906 5273 1012 5314 non
1043 5260 1094 5314 in
1123 5270 1330 5326 natura,
1356 5262 1451 5317 sed
1480 5263 1533 5316 in
1559 5264 1736 5333 specie
1760 5282 1855 5319 co-

273 5347 465 5401 lumba:
489 5346 623 5402 dixit
651 5365 665 5402 :
698 5363 870 5417 neque
896 5360 1080 5418 poSIea
1108 5366 1356 5421 umquam
1390 5354 1487 5407 hac
1518 5353 1683 5424 ﬁgura
1714 5356 1858 5410 visus

265 5430 353 5489 est
382 5479 396 5501 ,
424 5438 519 5493 sed
551 5451 678 5494 tunc
708 5446 933 5493 tantum.
966 5438 1021 5494 Si
1052 5454 1210 5509 porro
1239 5441 1353 5510 ejus
1385 5442 1505 5497 ideo
1549 5444 1857 5514 dignitatem

272 5528 537 5584 minorem
565 5530 734 5597 dicas,
767 5531 869 5587 hoc
892 5532 1241 5588 ratiocinandi
1270 5537 1428 5593 modo
1456 5538 1744 5596 Cherubini
1771 5544 1862 5597 illo

276 5619 511 5688 majores
535 5623 872 5692 reperientur
898 5665 913 5689 ,
962 5633 1016 5679 et
1045 5636 1301 5696 quantum
1337 5630 1511 5700 aquila
1561 5634 1732 5704 major
1779 5646 1864 5692 est

272 5711 519 5769 C(Dltlmba
552 5728 569 5769 :
598 5728 721 5769 nam
750 5714 824 5770 illi
869 5714 1007 5773 hanc
1038 5732 1326 5790 suscepere
1364 5722 1596 5793 Speciem
1617 5741 1631 5793 ;
1661 5716 1715 5781 si
1756 5742 1855 5781 an-

1381 379 1447 436 iN
1482 375 1891 434 MATTiiEUM
1930 371 2157 449 IiOMiL.
2198 377 2314 436 ΧΠ.

3479 398 3589 456 206

1989 495 2093 565 geli
2120 510 2335 569 quoque
2360 501 2782 569 prtestantiores,
2809 502 2901 575 qui
2927 504 3205 563 hominum
3228 508 3410 579 specie
3437 526 3586 583 saepe

1982 598 2361 657 apparuerunt.
2394 593 2468 646 At
2494 608 2600 647 non
2633 594 2728 662 ita,
2756 609 2865 651 non
2886 597 2959 653 ita
2986 599 3170 669 utique
3194 617 3283 657 res
3309 617 3370 658 se
3399 602 3581 658 habet.

1979 677 2115 733 Nam
2153 680 2298 736 aliud
2325 690 2410 738 est
2437 685 2636 741 veritas
2658 690 2977 745 teconomize
2999 731 3015 755 ,
3046 690 3190 747 aliud
3218 701 3583 765 temporaneae

1980 769 2204 826 visionis
2232 774 2531 830 concessio.
2580 775 2658 832 Ne
2678 777 2859 849 itaque
2887 781 3129 850 ingratus
3156 783 3233 838 sis
3255 799 3382 855 erga
3412 788 3581 842 bene-

1980 858 2235 916 iactorem
2260 903 2277 928 ,
2322 879 2499 935 neque
2540 872 2866 924 contrariam
2918 872 3154 941 repende
3183 875 3355 931 vicem
3395 877 3445 932 ei
3485 879 3579 948 qui

1978 952 2073 1006 tibi
2102 954 2448 1013 beatitudinis
2478 960 2677 1015 fontem
2717 961 2956 1018 donavit.
3009 964 3110 1020 Ubi
3154 968 3298 1022 enim
3327 978 3409 1023 est
3447 971 3585 1026 adoo‘

1977 1043 2175 1110 ptionis
2204 1046 2437 1118 dignitas
2459 1090 2476 1117 ,
2520 1051 2593 1105 ibi
2624 1062 2678 1105 et
2707 1055 2972 1109 malorum
2999 1056 3246 1127 depulsio
3269 1100 3284 1124 ,
3326 1072 3381 1115 et
3408 1062 3578 1121 bono-

1977 1151 2094 1190 rum
2139 1139 2379 1195 omnium
2440 1158 2653 1199 munus.
2724 1145 2848 1200 ideo
2894 1145 3178 1225 Judaicum
3216 1151 3438 1227 quidem
3483 1154 3579 1209 ba-

1976 1228 2169 1298 ptisma
2199 1232 2488 1304 abrogatur
2510 1276 2525 1299 ,
2574 1251 2816 1291 nostrum
2843 1246 3020 1293 autem
3051 1240 3335 1297 exordium
3366 1242 3527 1299 habet
3553 1261 3571 1298 :

1974 1331 2136 1393 atque
2179 1324 2410 1395 idipsum
2442 1328 2581 1397 quod
2614 1328 2665 1382 in
2699 1329 2981 1397 Pascbate,
3010 1332 3063 1386 in
3092 1333 3411 1402 baptismate
3436 1350 3570 1405 quo-

1956 1429 2080 1484 que
2102 1417 2345 1488 contigit.
2387 1418 2520 1474 Nam
2546 1436 2669 1474 cum
2699 1432 2987 1492 utrumque
3031 1426 3226 1494 pascha
3258 1427 3574 1483 celebrave-

1975 1508 2063 1575 rit,
2094 1509 2323 1564 alterum
2355 1511 2657 1583 abrogavit,
2688 1514 2844 1570 alteri
2874 1531 3002 1571 vero
3031 1519 3351 1588 principium
3378 1519 3526 1575 dedit
3554 1538 3571 1578 :

1970 1607 2030 1653 et
2077 1599 2163 1654 hic
2200 1616 2456 1668 rursum,
2500 1618 2621 1657 cum
2649 1603 2928 1660 Judaicum
2980 1606 3242 1677 baptisma
3291 1610 3570 1678 implevit,

1974 1700 2100 1745 tunc
2157 1700 2213 1745 et
2256 1692 2512 1748 Ecclesiae
2563 1694 2898 1765 baptismatis
2947 1696 3141 1767 jannas
3182 1702 3387 1768 aperit;
3433 1703 3573 1758 sicut

1973 1788 2099 1834 tunc
2124 1781 2174 1834 in
2204 1797 2305 1836 una
2336 1798 2520 1838 mensa
2546 1825 2560 1849 ,
2592 1785 2678 1841 sic
2695 1801 2837 1841 nunc
2876 1787 2928 1841 in
2957 1804 3065 1842 uno
3088 1788 3309 1844 ﬂumine
3331 1831 3347 1855 ,
3379 1800 3434 1845 et
3455 1807 3573 1846 um-

1968 1870 2119 1926 bram
2150 1873 2450 1938 delineans,
2481 1885 2535 1930 et
2556 1877 2837 1932 veritatem
2868 1878 3090 1934 addens.
3118 1880 3352 1949 Spiritus
3371 1884 3571 1950 quippe

1968 1962 2191 2031 gratiam
2221 1963 2323 2019 hoc
2350 1965 2523 2020 solum
2552 1969 2816 2037 baptisma
2848 1968 3044 2035 habet;
3074 1970 3298 2025 Joannis
3324 1988 3453 2027 vero
3474 1974 3570 2029 ba-

1913 2102 1917 2105 τ
1969 2053 2161 2119 ptisma
2189 2052 2291 2108 hoc
2320 2055 2466 2109 dono
2493 2070 2717 2111 vacuum
2762 2071 2899 2113 erat.
2932 2058 3161 2131 ideoque
3189 2060 3316 2115 dum
3340 2062 3429 2115 alii
3450 2076 3571 2117 om-

1929 2136 1935 2141 “
1967 2156 2065 2196 nes
2091 2142 2516 2214 baptizareutur,
2542 2146 2671 2201 nihil
2704 2148 2811 2203 tale
2830 2150 3088 2218 contigit;
3115 2150 3211 2205 sed
3246 2151 3300 2205 in
3330 2151 3419 2206 illo
3446 2163 3566 2207 tan-

1968 2243 2079 2290 tum
2109 2237 2196 2304 qui
2224 2238 2350 2309 illud
2380 2239 2672 2293 traditurus
2698 2250 2845 2306 erat;
2871 2250 2928 2295 ut
2956 2256 3077 2294 cum
3103 2242 3432 2310 supradictis
3461 2244 3566 2300 hoc

1964 2344 2181 2397 quoque
2206 2329 2405 2393 discas,
2432 2347 2537 2384 non
2564 2330 2851 2399 puritatem
2879 2332 3259 2401 baptizantis‘,
3279 2335 3374 2389 sed
3396 2335 3569 2405 bapti-

1966 2419 2069 2473 zati
2098 2418 2349 2473 virtutem
2392 2420 2443 2474 id
2476 2419 2686 2475 fecisse.
2741 2420 2893 2477 Tune
2937 2424 3117 2494 itaque
3144 2433 3201 2480 et
3228 2426 3346 2481 eteli
3392 2429 3563 2491 aperti

1965 2518 2111 2575 sunt,
2140 2521 2195 2564 et
2221 2509 2452 2580 Spiritus
2474 2512 2803 2579 supervenit.
2825 2512 2957 2566 Nam
2979 2528 3007 2566 a
3039 2516 3208 2570 veteri
3239 2517 3450 2572 vivendi
3472 2533 3566 2588 ge-

1965 2617 2094 2657 nere
2125 2604 2355 2672 nosjam
2404 2603 2633 2658 traducit
2672 2604 2739 2659 ad
2768 2621 2965 2659 novum
2998 2647 3012 2673 ,
3063 2607 3256 2677 januas
3302 2623 3566 2679 supernas

1963 2694 2240 2760 aperiens,
2273 2704 2328 2749 et
2354 2693 2611 2762 Spiritum
2652 2695 2776 2750 inde
2808 2697 3027 2752 mittens
3070 2699 3137 2753 ad
3168 2699 3313 2754 illam
3337 2702 3563 2769 patriam

1964 2791 2244 2836 vocantem
2264 2802 2279 2848 ;
2300 2799 2402 2838 nec
2421 2795 2624 2839 tantum
2646 2796 2950 2854 vocantem,
2969 2787 3066 2843 sed
3086 2800 3142 2844 et
3163 2804 3284 2844 cum
3302 2791 3565 2868 dignitate

1964 2876 2213 2929 maxima.
2268 2875 2381 2929 Non
2413 2877 2557 2931 enim
2586 2878 2808 2948 angelos
2836 2889 2892 2935 et
2918 2881 3270 2952 archangvlos
3288 2884 3431 2946 fecit,
3464 2884 3565 2941 sed

1963 2964 2100 3018 ﬁlius
2128 2965 2219 3019 Dei
2252 2976 2305 3020 et
2325 2967 2553 3023 dilectos
2580 2986 2593 3023 :
2617 2970 2696 3024 sic
2726 2984 2825 3025 nos
2849 2970 2918 3025 ad
2942 2972 3085 3025 illam
3104 2976 3303 3028 sortan
3320 2976 3563 3029 attrahit.

2032 3057 2086 3109 4.
2133 3056 2257 3110 Ιιαεε
2287 3059 2528 3128 cogitans
2547 3060 2724 3113 omnia
2752 3099 2768 3123 ,
2797 3071 2851 3116 et
2880 3060 3170 3117 dilectione
3199 3065 3441 3118 vocantis
3460 3105 3476 3129 ,
3509 3074 3564 3120 et

1961 3147 2237 3199 consortio
2264 3147 2356 3200 illo
2384 3149 2585 3202 eiciein
2612 3158 2667 3202 et
2696 3151 2892 3203 collato
2913 3151 3119 3205 honore
3149 3154 3364 3225 dignam
3396 3155 3564 3210 dums

1961 3236 2124 3288 vitam
2150 3246 2392 3306 oportet;
2425 3238 2627 3293 mundo
2665 3241 2984 3307 cruciﬁxus,
3026 3254 3081 3298 et
3124 3245 3381 3301 mundum
3412 3248 3465 3301 in
3510 3257 3563 3303 te

1960 3326 2302 3397 cruciﬁgens,
2354 3342 2475 3383 cum
2506 3330 2651 3383 omni
2693 3330 2967 3401 diligentia
2999 3334 3212 3390 caeleste
3258 3337 3559 3392 institutum

1960 3418 2185 3474 exhibe:
2214 3418 2534 3491 nequequia
2577 3437 2774 3492 corpus
2801 3430 2946 3478 tuum
2976 3426 3210 3481 nondum
3242 3428 3558 3483 translatum

1960 3518 2043 3563 est
2082 3510 2132 3564 in
2169 3510 2389 3578 ~etclam,
2436 3523 2588 3581 putes
2635 3523 2686 3568 te
2712 3514 2910 3584 aliquid
2932 3531 3054 3570 cum
3088 3525 3228 3572 terra
3268 3534 3560 3576 commune

1962 3598 2177 3655 habere.
2200 3601 2374 3671 Caput
2396 3606 2539 3658 enim
2566 3615 2713 3659 tuum
2736 3604 2903 3675 habes
2926 3607 2979 3662 in
3001 3608 3138 3664 caelo
3162 3609 3378 3664 sedens.
3408 3612 3563 3667 ideo-

1959 3707 2063 3763 que
2090 3693 2346 3749 Dominus
2370 3710 2489 3749 cum
2524 3697 2670 3765 prius
2691 3697 2806 3752 huc
2830 3699 3089 3763 venisset,
3119 3702 3447 3773 angelusque
3466 3720 3557 3759 sc-

1960 3797 2081 3836 cum
2103 3783 2451 3851 adduxisset,
2490 3795 2616 3839 tunc
2643 3797 2695 3842 te
2718 3802 2996 3858 assumpto
3036 3790 3161 3845 illuc
3188 3792 3352 3860 abiit,
3396 3804 3455 3848 ut
3501 3806 3555 3850 tu

1960 3882 2246 3943 antequam
2273 3875 2400 3929 illuc
2424 3876 2686 3930 ascendas
2707 3917 2721 3940 ,
2768 3878 2975 3933 ediscas
3006 3896 3164 3950 posse
3192 3892 3243 3937 te
3273 3892 3470 3938 terram
3499 3895 3556 3940 ut

1959 3968 2148 4021 ca-lum
2218 3967 2477 4021 incolere.
2532 3956 2947 4027 Perseveremus
2992 3973 3172 4044 itaque
3220 3976 3554 4033 nobilitatem

1959 4070 2195 4120 servare,
2224 4072 2384 4125 quam
2413 4059 2480 4112 ab
2506 4059 2657 4116 initio
2685 4064 3041 4131 suscepimus,
3076 4066 3386 4138 regiamqne
3410 4066 3557 4124 illam

1958 4145 2229 4201 crelestem
2272 4148 2513 4217 quotidie
2550 4163 2855 4220 quieramus
2881 4196 2894 4219 ,
2943 4171 3007 4213 ac
3046 4159 3330 4227 prmsentia
3374 4165 3558 4216 omnia

1960 4235 2207 4289 umbram
2256 4246 2312 4291 et
2351 4240 2618 4293 somnium
2647 4257 2767 4295 esse
2799 4255 3067 4313 putemus.
3114 4235 3300 4319 Neque
3326 4252 3469 4305 enim
3510 4253 3557 4308 si

1958 4320 2223 4399 quiﬁiiam
2250 4346 2342 4385 rex
2374 4342 2619 4389 terrenus
2666 4345 2715 4389 te
2746 4340 3051 4394 mendicum
3077 4352 3130 4395 et
3156 4358 3447 4413 pauperem
3474 4362 3561 4402 re-

1961 4431 2119 4484 pente
2147 4419 2198 4473 in
2222 4421 2387 4474 lilium
2414 4422 2722 4491 adoptaret,
2749 4428 3015 4495 tugurium
3044 4439 3191 4483 tuum
3220 4432 3445 4504 ejusque
3474 4437 3556 4489 vi-

1960 4508 2166 4563 litatem
2224 4511 2363 4577 ultra
2413 4516 2746 4583 respiceres,
2792 4517 3002 4573 etiamsi
3048 4520 3165 4575 lucc
3216 4538 3321 4576 non
3365 4527 3555 4594 grandi

1961 4602 2247 4657 intervallo
2297 4614 2634 4673 separantur.
2683 4606 2761 4661 Ne
2807 4609 2987 4679 itaque
3037 4612 3123 4666 hic
3170 4614 3447 4683 quidpiam
3491 4634 3549 4671 ex

1960 4693 2228 4761 prioribus
2274 4693 2326 4746 in
2367 4704 2547 4750 mente
2593 4710 2775 4753 verses
2807 4715 2819 4749 :
2854 4714 2975 4753 nam
3020 4700 3088 4754 ad
3134 4703 3293 4769 longe
3337 4706 3557 4761 meliora

1961 4792 2191 4837 vocatus
2239 4798 2321 4839 es.
2378 4781 2481 4848 Qui
2508 4784 2879 4854 enim'vocat,
2913 4790 3233 4857 angelorum
3290 4793 3558 4849 Dominus

1958 4883 2062 4940 est,
2124 4877 2379 4944 bonaque
2444 4876 2538 4929 tibi
2602 4877 2805 4931 collala
2875 4880 3143 4933 rationem
3223 4899 3440 4937 omnem
3501 4867 3562 4939 'et

1962 4981 2195 5021 mentem
2232 4978 2513 5035 superant.
2571 4966 2692 5021 Non
2724 4969 2871 5023 enim
2901 4986 2929 5023 a
2965 4981 3109 5024 terra
3163 4972 3216 5026 in
3278 4982 3475 5028 terram
3512 4985 3564 5030 te

1963 5056 2253 5123 transit-rt,
2303 5064 2362 5110 ut
2398 5055 2489 5111 ille
2517 5072 2648 5123 rex;
2691 5057 2787 5112 sed
2832 5072 2864 5110 a
2910 5066 3048 5113 terra
3083 5060 3134 5114 in
3164 5061 3380 5128 corium,
3426 5071 3483 5119 et
3528 5082 3557 5118 a

1962 5150 2172 5204 mortali
2203 5131 2391 5204 natura
2436 5150 2488 5203 in
2537 5151 2763 5221 gloriam
2811 5152 3168 5208 immortalem
3216 5167 3271 5211 et
3320 5158 3563 5214 ineil’ahl-

1962 5243 2092 5306 lem,
2125 5258 2243 5311 qua:
2269 5253 2394 5297 tunc
2420 5251 2623 5297 tantum
2651 5234 2793 5299 clare
2822 5248 3015 5312 poterit
3043 5249 3293 5317 perspici,
3322 5266 3442 5304 cum
3472 5253 3557 5306 illa

1967 5334 2224 5387 fruemur.
2268 5333 2415 5388 Talia
2449 5344 2625 5392 tamen
2654 5347 3079 5405 consequuturos
3108 5340 3268 5401 bona,
3304 5343 3562 5410 pecunias

1966 5423 2094 5477 mihi
2126 5439 2557 5490 Commemoras,
2605 5435 2981 5495 terrenamque
3024 5442 3271 5496 pompam
3321 5430 3567 5487 retines?

1968 5529 2067 5567 nec
2119 5523 2273 5582 putas
2318 5515 2433 5569 iure
2470 5516 2647 5568 omnia
2693 5532 2811 5584 qua:
2852 5516 2953 5569 sub
2995 5527 3271 5587 aspectum
3324 5520 3558 5589 cadunt,

1967 5604 2335 5659 mendieorum
2368 5606 2558 5675 pannis
2584 5621 2706 5663 esse
2736 5607 2959 5662 viliora?
2996 5607 3067 5663 Et
3105 5614 3379 5679 quomodo
3414 5620 3567 5667 tanto

2038 5762 2054 5791 ι
2091 5766 2234 5821 Elius,
2257 5772 2353 5811 non
2370 5762 2630 5824 puritatem
2654 5740 2898 5825 baptismi;
2920 5763 3082 5811 minus
3094 5767 3251 5813 recte.
