4124 6302
585 401 691 456 207

584 518 787 572 honore
816 508 1007 578 dignus
1033 500 1311 558 hahearis"
1336 510 1493 567 quam
1518 494 1883 551 defensionem
1926 489 2164 561 proferre

590 602 807 675 possis?
850 600 959 654 imo
985 594 1162 666 potius
1197 604 1329 659 quas
1356 602 1540 661 poenas
1565 602 1669 640 non
1697 585 1813 639 lues
1833 625 1847 648 ,
1878 598 2001 675 cum
2045 590 2165 675 post

583 668 790 751 tantum
842 689 1037 743 donum
1082 682 1148 737 ad
1194 682 1426 749 priorem
1478 675 1732 730 vomitum
1780 671 2005 726 curras?
2046 668 2161 725 Non

585 781 731 836 enim
772 777 909 833 ultra
940 783 999 830 ut
1045 774 1204 826 homo
1230 812 1244 834 ,
1289 768 1381 823 sed
1428 776 1482 821 ut
1512 766 1646 818 illius
1696 762 1787 817 Dei
1819 768 2161 831 peccatorum

580 882 774 940 pcenas
803 866 953 919 dabis
977 905 991 928 ,
1044 862 1242 928 tibique
1274 857 1487 910 honoris
1530 849 1836 921 magnitudo
1878 848 1944 903 ad
1991 847 2165 917 majus

584 955 903 1027 supplicium
932 953 1070 1004 viam
1103 946 1327 1017 parabit.
1372 940 1644 1010 Siquidem
1692 953 1789 993 nos
1813 978 1828 1002 ,
1882 944 2165 1027 peccantes

585 1024 796 1113 servos,
827 1054 880 1099 et
902 1043 1037 1097 tilios
1066 1038 1433 1105 delinquentes
1462 1046 1567 1085 non
1615 1030 1726 1099 pari
1771 1028 2030 1099 supplicio
2056 1024 2165 1096 ple-

582 1131 934 1197 ctin'tus,cum
962 1129 1192 1184 maxime
1213 1126 1287 1180 illi
1318 1138 1502 1193 magna
1528 1130 1647 1175 sunt
1674 1136 1703 1175 a
1734 1120 1884 1174 nobis
1909 1117 2165 1174 beneficia

585 1222 918 1292 consequuti.
946 1219 1077 1274 Nam
1105 1217 1149 1270 si
1176 1218 1222 1269 is
1241 1214 1333 1284 qui
1363 1211 1664 1281 paradisum
1690 1209 1741 1262 in
1769 1219 1967 1263 sortem
2008 1221 2164 1261 acce-

584 1322 755 1385 perat,
792 1310 935 1383 quod
959 1308 1125 1364 semel
1165 1316 1527 1374 transgressus
1548 1309 1691 1359 esset
1714 1343 1726 1362 .
1752 1308 1893 1354 tanta
1920 1307 2038 1369 post
2066 1298 2188 1359 ho-.

585 1420 769 1461 norem
799 1401 1020 1472 pertulit
1048 1398 1184 1453 mala
1208 1415 1223 1463 ;
1255 1411 1350 1450 nos
1377 1396 1465 1464 qui
1493 1394 1680 1449 caelum
1708 1392 2013 1459 accepimus
2044 1431 2058 1453 ,
2087 1397 2168 1441 at-

583 1512 690 1566 que
719 1495 988 1563 Unigeniti
1019 1488 1310 1545 coheredes
1338 1487 1457 1539 facti
1482 1500 1663 1538 sumus
1682 1523 1697 1547 ,
1728 1496 1884 1551 quam
1914 1480 2167 1547 impetra-

584 1586 761 1639 bimus
792 1582 995 1637 veniam
1024 1621 1037 1643 ,
1064 1579 1109 1633 si
1130 1578 1196 1631 ad
1224 1582 1523 1643 serpentem
1566 1574 1749 1627 relicta
1768 1569 2011 1625 columba
2040 1584 2166 1621 cura

586 1672 808 1727 ramus?
833 1670 947 1725 Non
975 1670 1115 1722 enim
1144 1666 1279 1719 ultra
1308 1664 1603 1717 audiemus.
1635 1659 1789 1713 Terra
1816 1676 1886 1722 es,
1911 1667 1957 1711 et
1985 1658 2035 1709 in
2057 1667 2162 1708 ter-

586 1780 700 1817 ram
720 1762 978 1815 reverteris
1004 1758 1153 1829 (Gen.
1199 1756 1255 1811 3.
1287 1754 1399 1825 l9),
1432 1768 1601 1823 neque
1648 1750 1947 1819 θρα-αὐδῆς
1985 1758 2169 1802 terram

588 1856 741 1927 (Gen.
774 1855 826 1909 4.
861 1853 967 1923 η)
994 1894 1010 1918 ,
1040 1850 1122 1905 vel
1148 1850 1248 1903 alia
1276 1847 1400 1901 olim
1426 1845 1588 1908 dicta,
1621 1842 1713 1898 sed
1741 1843 1901 1910 longe
1932 1840 2015 1893 his
2048 1853 2168 1909 gra-

591 1947 741 2000 viora
766 1985 781 2009 ,
811 1944 1054 1999 tenebras
1080 1940 1375 1995 exteriores
1398 1978 1414 2003 ,
1456 1934 1666 1989 vincula
1697 1931 2012 1994 iusolubilia,
2046 1944 2168 1983 ver-

588 2034 728 2090 mem
751 2046 1096 2095 venenosum,
1122 2029 1403 2084 stridorem
1423 2024 1688 2081 dentium;
1712 2030 1767 2075 et
1790 2020 1907 2089 jure
1930 2018 2166 2089 quidem.

588 2129 687 2197 Qui
713 2128 854 2183 enim
883 2142 980 2181 nec
1009 2133 1130 2194 post
1157 2131 1359 2175 tantum
1388 2116 1705 2173 beneficium
1735 2114 1925 2166 melior
1952 2109 2165 2174 evadit,

582 2220 704 2289 jure
728 2227 993 2273 extremas
1034 2222 1089 2267 et
1126 2211 1467 2281 gravissimas
1512 2206 1696 2274 prunas
1734 2202 1901 2256 dabit.
1948 2199 2169 2269 Aperuit

588 2310 715 2364 olim
756 2316 810 2362 et
833 2306 1023 2361 clausit
1052 2304 1240 2358 caelum
1271 2300 1431 2362 Elias,
1462 2296 1557 2351 sed
1589 2295 1661 2349 ita
1700 2302 1759 2347 ut
1797 2292 2025 2361 pluviam
2071 2299 2163 2344 aut

588 2398 891 2465 demitteret
934 2405 1023 2448 aut
1054 2393 1307 2446 retineret
1335 2387 1411 2460 (3.
1444 2385 1571 2455 Reg.
1607 2385 1697 2454 l7)
1726 2401 1739 2437 :
1768 2382 1861 2437 tibi
1890 2396 2017 2434 vero
2062 2395 2167 2433 non

589 2490 660 2557 ita
691 2487 880 2542 natium
921 2468 1201 2553 aperitur,
1230 2479 1324 2534 sed
1356 2486 1410 2532 ut
1439 2476 1563 2531 illuc
1590 2471 1879 2534 ascendas;
1922 2469 2171 2540 quodque

589 2579 760 2647 majus
797 2586 914 2639 est.
962 2589 1067 2627 non
1115 2584 1170 2626 ut
1213 2568 1473 2623 ascendas
1520 2574 1765 2627 tantum,
1798 2562 1892 2616 sed
1940 2569 1996 2614 ut
2035 2559 2171 2612 alios

589 2671 751 2724 etiam
782 2678 956 2721 tecum
983 2665 1166 2726 ducas,
1198 2662 1242 2716 si
1275 2658 1429 2721 velis,
1464 2663 1673 2718 tantam,
1689 2650 1782 2708 tibi
1825 2652 1876 2704 in
1904 2650 2016 2703 suis
2048 2664 2170 2701 ama

588 2758 746 2813 nibus
771 2756 1014 2811 fiduciam
1058 2761 1113 2806 et
1153 2755 1467 2820 potestatem
1509 2744 1672 2798 dedit.
1704 2741 1964 2806 Quoniam
2010 2737 2169 2807 igitur

588 2849 660 2904 ibi
689 2849 879 2901 domus
906 2852 1084 2898 nostra
1113 2852 1211 2903 est,
1244 2838 1351 2891 illic
1372 2835 1549 2891 omnia
1576 2833 1927 2899 deponamus,
1954 2838 2007 2883 et
2038 2827 2168 2881 nihil

592 2940 677 2993 hic
708 2939 1090 3004 relinqpamus,
1125 2947 1189 2985 ne
1221 2930 1309 2983 illa
1332 2926 1635 2997 perdamus.
1668 2922 1764 2976 llic
1792 2922 1931 2975 enim
1962 2919 2168 2974 etiamsi

588 3029 795 3084 clavem
821 3024 1072 3078 adhibeas
1101 3065 1113 3086 ,
1146 3032 1198 3074 et
1227 3028 1407 3089 portas
1432 3025 1483 3071 et
1511 3026 1719 3079 vectes,
1750 3015 1794 3067 si
1821 3011 1965 3066 tnille
1986 3026 2170 3065 servos

586 3118 745 3171 siStas
768 3158 785 3180 ,
830 3124 886 3169 et
920 3112 1253 3166 insidiatores
1281 3122 1470 3164 omnes
1496 3105 1731 3161 declines
1753 3146 1765 3169 ,
1796 3104 2002 3157 etiamsi
2037 3103 2169 3155 invio

587 3208 777 3261 dorum
808 3205 989 3257 oculos
1018 3201 1257 3270 clfugias,
1287 3199 1384 3253 ctsi
1415 3198 1603 3257 tineas.
1633 3194 1843 3250 etiamsi
1877 3194 2165 3261 perniciem

594 3311 751 3365 quam
780 3303 1016 3347 vetustas
1037 3291 1192 3345 affert
1219 3332 1235 3352 ,
1266 3288 1404 3357 quod
1434 3298 1609 3340 tamen
1643 3284 1755 3337 tieri
1788 3283 1990 3351 nequit,
2018 3298 2165 3334 inor—

576 3396 697 3440 ‘tem
726 3394 869 3437 certe
901 3396 1003 3435 non
1034 3377 1254 3447 etl‘iigies
1278 3420 1291 3440 ,
1338 3391 1548 3443 unoque
1600 3373 1855 3442 temporis
1895 3382 2168 3425 momento

598 3477 713 3528 lucc
741 3474 915 3525 omnia
963 3470 1267 3523 auferentur
1298 3485 1311 3520 :
1358 3481 1455 3519 nec
1487 3464 1645 3518 modo
1674 3462 1985 3516 auferentur
2006 3503 2019 3521 ,
2073 3462 2166 3514 sed

588 3567 747 3621 etiam
794 3580 933 3632 ωερε
965 3564 1014 3615 in
1046 3576 1231 3614 manus
1262 3559 1597 3611 inimiCUrum
1632 3555 1923 3608 tradentur.
1954 3555 2008 3607 Si
2038 3569 2166 3607 vero

588 3660 639 3711 iu
667 3656 881 3710 domum
923 3653 1063 3705 illaut
1106 3651 1467 3707 transmittas,
1503 3644 1749 3699 ontnibus
1798 3642 1879 3696 bis
1920 3644 2165 3711 superior

584 3749 712 3801 eris.
755 3745 932 3812 Neque
958 3742 1097 3796 enim
1128 3740 1306 3793 claves
1332 3778 1344 3799 ,
1386 3737 1472 3791 vel
1513 3746 1713 3803 portas,
1747 3735 1828 3786 vel
1856 3744 2036 3787 vectes
2065 3732 2162 3784 ad-

587 3836 770 3889 hibere
799 3841 1006 3901 Oportet
1033 3848 1046 3895 ;
1092 3846 1257 3895 usque
1300 3826 1433 3879 adeo
1460 3828 1658 3877 munita
1699 3836 1781 3877 εει
1824 3824 1910 3876 illa
1940 3824 2127 3877 civitas
2148 3864 2161 3885 ,

588 3936 695 3979 tam
727 3920 1157 3991 inexpugnabilis
1184 3920 1351 3980 locus,
1376 3924 1480 3969 tam
1511 3915 1811 3967 inaccessos
1836 3914 2160 3981 corruptioni

582 4026 638 4070 ct
664 4012 997 4081 malignitati.

652 4104 704 4157 5.
747 4106 935 4154 Annon
981 4107 1231 4153 extrema:
1271 4093 1552 4147 dementia:
1579 4103 1694 4151 est,
1730 4091 1801 4145 ibi
1844 4094 2022 4145 omnia
2064 4107 2151 4144 ac-

582 4193 853 4247 cumulare
877 4191 961 4243 ubi
994 4188 1235 4256 deposita
1265 4190 1487 4250 pereunt
1525 4190 1577 4233 et
1599 4191 2034 4248 corrumpuntur,
2069 4182 2156 4233 ubi

583 4300 711 4340 vero
758 4286 954 4336 intacta
1006 4286 1222 4331 manent
1269 4284 1322 4329 ct
1346 4282 1641 4342 augentur,
1677 4272 1743 4324 ibi
1778 4286 1844 4325 ne
1887 4271 2158 4325 minimam

582 4391 765 4430 eorum
798 4383 1004 4441 partem
1032 4370 1300 4438 deponere
1320 4408 1332 4427 ,
1363 4380 1482 4418 cum
1514 4364 1743 4416 maxime
1790 4362 1857 4415 ibi
1889 4363 2005 4415 sine
2052 4363 2155 4415 fine

582 4466 769 4518 victuri
825 4461 1029 4515 simus?
1076 4459 1197 4511 liteo
1239 4457 1464 4527 gentiles
1516 4454 1669 4504 tidem
1704 4462 1901 4521 negant
1947 4453 2012 4504 iis
2040 4468 2157 4519 qua:

590 4555 816 4610 dicimus
849 4571 861 4605 :
892 4568 1011 4605 nam
1043 4566 1105 4604 ex
1158 4548 1340 4610 factis,
1375 4562 1479 4599 non
1509 4564 1573 4601 cx
1616 4544 1770 4597 dietis
1814 4544 2153 4597 demonstra-

1696 4679 1821 4688 ..ο-ς.-

1831 4678 2151 4687 m

1516 4680 1693 4691 *-

578 4676 1511 4704 W'

1294 383 1349 438 S.
1389 381 1667 440 JOANNIS
1701 376 2179 436 CHRYSOSTOMI
2216 376 2531 435 ARCIIIEP.
2572 374 3108 433 CONSTANTINOP.

2186 4673 2473 4685 Μ

3742 372 3851 427 208

2269 489 2469 544 tionem
2512 503 2542 542 a
2594 488 2748 543 nobis
2778 488 2999 556 exigunt
3032 506 3043 538 :
3071 500 3135 541 ac
3161 500 3284 540 cum
3337 484 3518 540 vident
3562 501 3662 541 nos
3705 485 3851 541 a-des

2268 587 2543 634 exstruere
2568 578 2901 648 splendidas,
2932 576 3118 632 hortos
3144 587 3199 631 et
3228 577 3416 632 balnea
3441 592 3631 647 parare
3651 620 3665 641 .
3693 591 3850 649 agros

2269 684 2469 732 emere,
2501 669 2686 723 nolunt
2724 668 2950 722 credere
2996 682 3093 721 nos
3121 669 3421 736 profectum
3454 670 3506 723 in
3535 668 3696 722 aliam
3724 667 3847 722 civi-

2271 767 2431 813 tatem
2464 773 2673 828 parare.
2721 758 2850 812 Nam
2896 759 2941 813 si
2992 760 3060 812 ita
3104 766 3281 821 esset,
3314 760 3498 825 aiunt,
3525 758 3703 814 omnia
3736 773 3854 828 qna.-

2271 846 2358 903 hic
2384 847 2585 903 habent
2614 849 2666 903 in
2710 857 2987 918 argentum
3034 855 3393 913 commutata,
3442 849 3549 904 illic
3585 849 3854 917 deponere

2273 949 2685 1007 praeverterent;
2732 930 3197 1010 conjecturamque
3243 939 3443 994 ducunt
3485 955 3551 996 ex
3602 940 3702 1004 iis,
3738 956 3854 1010 qua:

2230 1066 2234 1071 λ
2274 1029 2362 1086 hic
2389 1031 2503 1085 fieri
2548 1031 2744 1085 solent.
2772 1029 3151 1097 Opulentiores
3176 1029 3371 1100 quippe
3397 1030 3642 1085 videmus
3672 1031 3725 1085 in
3749 1030 3854 1084 illis
3896 1072 3899 1075 .

2260 1122 2505 1189 ,maxime
2526 1121 2745 1174 urbibus
2775 1120 2965 1174 domos
2983 1160 2998 1185 ,
3044 1134 3205 1190 agros
3225 1160 3239 1183 ,
3265 1120 3473 1189 aliaque
3498 1120 3675 1175 omnia
3704 1134 3854 1174 com-

2275 1226 2462 1282 parare
2487 1250 2500 1274 .
2530 1213 2581 1265 in
2604 1212 2796 1280 quibus
2839 1212 2997 1266 sedes
3027 1213 3246 1281 posituri
3280 1221 3405 1265 sunt
3432 1228 3447 1264 :
3477 1212 3573 1266 sed
3601 1226 3699 1266 nos
3722 1226 3855 1266 con-

2275 1313 2353 1358 tra
2379 1304 2621 1367 facimus,
2650 1318 2865 1369 terram,
2889 1320 3046 1374 quam
3078 1304 3356 1374 paulopost
3378 1304 3615 1359 relicturi
3645 1318 3855 1368 sumus,

2275 1408 2466 1464 magno
2489 1408 2610 1448 cum
2638 1394 2817 1449 studio
2842 1395 3177 1464 possidemus
3195 1436 3210 1457 ,
3238 1410 3338 1449 nec
3382 1395 3635 1463 pecunias
3659 1394 3821 1449 modo
3841 1433 3856 1457 ,

2274 1482 2369 1561 sed
2416 1484 2728 1553 sanguinem
2756 1486 2915 1538 etiam
2963 1500 3061 1552 pro
3092 1485 3272 1554 paucis
3320 1496 3478 1541 terras
3501 1485 3781 1555 iugeribus
3807 1492 3861 1539 ct

2273 1562 2519 1627 domibus
2546 1574 2851 1637 fundimus;
2881 1575 2946 1629 ad
2975 1575 3163 1629 caelum
3193 1591 3319 1629 vero
3342 1575 3761 1643 comparandum
3787 1590 3859 1631 ne

2274 1667 2539 1735 superﬂua
2591 1668 2808 1737 quidem
2855 1684 3077 1739 erogare
3132 1668 3409 1731 volumus.
3464 1669 3671 1723 etiamsi
3729 1668 3860 1724 illud

2275 1771 2444 1826 parvo
2474 1760 2646 1828 pretio
2674 1766 2883 1813 ematur
2908 1801 2922 1823 ,
2948 1768 3004 1814 et
3052 1760 3103 1813 in
3152 1758 3537 1827 sempiternum
3587 1760 3865 1829 possidea-

2276 1860 2380 1914 tur,
2407 1842 2452 1907 si
2472 1868 2735 1908 emamus.
2769 1854 3055 1921 Propterea
3082 1862 3354 1907 extremas
3378 1851 3624 1907 dabimus
3650 1868 3865 1922 poenas,

2273 1959 2395 2000 cum
2422 1944 2547 1999 nudi
2575 1954 2630 1999 et
2651 1958 2911 2013 pauperes
2930 1959 2996 1997 eo
3024 1943 3388 2014 migrabimus;
3419 1943 3527 1998 imo
3553 1943 3733 2013 potius
3755 1959 3865 1998 non

2274 2035 2344 2089 ob
2370 2042 2734 2105 paupertatem
2765 2042 3025 2099 nostram,
3053 2034 3146 2088 sed
3176 2033 3317 2103 quod
3348 2033 3482 2088 alios
3510 2032 3563 2087 in
3592 2035 3733 2087 hanc
3760 2034 3867 2089 mi-

2272 2128 2465 2180 seriam
2494 2126 2908 2196 conjeeerimus,
2939 2123 3258 2180 intolerabili
3293 2124 3580 2179 calamitati
3607 2124 3866 2193 subjicie-

2275 2232 2414 2271 mur.
2443 2216 2574 2271 Nam
2618 2232 2739 2271 cum
2784 2216 3015 2286 gentiles
3059 2216 3275 2271 videant
3301 2216 3384 2271 his
3432 2216 3623 2270 studiis
3653 2216 3868 2273 deditos

2276 2310 2435 2363 tantis
2464 2308 2566 2363 frui
2596 2308 2868 2378 mysteriis
2897 2325 2910 2361 :
2942 2307 3113 2360 multo
3156 2306 3327 2377 magis
3354 2317 3410 2361 et
3457 2307 3555 2376 ipsi
3589 2308 3868 2377 przescnti-

2274 2399 2376 2454 bus
2401 2400 2560 2455 rebus
2598 2399 2930 2461 addicentur,
2982 2400 3250 2467 ingentem
3294 2398 3472 2468 ignem
3502 2412 3661 2465 supra
3708 2406 3867 2465 caput

2279 2500 2519 2546 nostrum
2549 2490 2966 2545 accumulantes.
3010 2488 3143 2543 Cum
3176 2490 3317 2543 enim
3347 2471 3591 2557 nos,‘qui
3622 2502 3866 2556 praesen-

2278 2582 2409 2635 tium
2434 2595 2613 2634 rerum
2657 2588 3026 2646 contemptum
3072 2578 3195 2633 illos
3220 2578 3413 2631 docere
3439 2578 3722 2641 debemus,
3755 2592 3868 2632 ma-

2281 2669 2424 2724 xime
2452 2669 2688 2723 omnium
2723 2669 2932 2722 illarum
2965 2669 3018 2722 in
3050 2668 3129 2724 eis
3153 2667 3500 2737 cupiditatem
3528 2669 3829 2722 excitemus
3850 2708 3867 2733 ,

2275 2758 2541 2827 quomodo
2586 2760 2810 2813 salutem
2854 2758 3106 2825 consequi
3153 2757 3462 2824 poterimus,
3509 2757 3601 2827 qui
3639 2758 3869 2811 aliorum

2279 2850 2529 2919 perniciei
2579 2866 2764 2919 pmnas
2816 2852 2995 2905 subire
3024 2850 3355 2905 debeamus?
3384 2850 3499 2905 Non
3526 2852 3681 2906 audis
3712 2851 3868 2907 Citri-

2278 2949 2417 2993 stum
2442 2939 2709 3013 dicentem
2731 2981 2744 3003 ,
2778 2956 2836 2995 se
2863 2956 2960 3009 pro
2990 2942 3103 2995 sale
3131 2952 3185 2996 et
3231 2941 3566 3010 lampadibus
3604 2956 3703 2996 nos
3736 2942 3869 2997 reli-

2278 3030 2459 3097 quisse
2490 3031 2541 3083 in
2593 3033 2693 3085 hoc
2741 3032 2941 3086 mundo
2963 3074 2976 3095 ,
3012 3042 3067 3085 ut
3097 3034 3370 3101 voluptate
3397 3032 3703 3089 diffluentes
3733 3049 3867 3089 cono

2277 3121 2633 3189 stringamus‘,
2662 3131 2716 3175 et
2750 3123 2987 3190 pecunia:
3018 3122 3208 3175 studiis
3246 3123 3631 3178 obtcnebratos
3661 3124 3867 3180 illumi-

2279 3210 2507 3263 nemus?
2538 3210 2590 3263 Si
2621 3226 2750 3280 ergo
2783 3213 2901 3266 illos
2929 3215 3097 3282 magis
3122 3214 3172 3266 in
3207 3215 3459 3268 tenebras
3488 3216 3867 3284 conjicianius,

2277 3311 2331 3353 et
2358 3301 2631 3356 molliores
2658 3303 2967 3370 reddamus,
2998 3320 3118 3373 qua:
3149 3305 3303 3359 nobis
3346 3320 3472 3375 spes
3504 3307 3869 3363 Salutiserit?

2276 3390 2429 3443 Nulla
2460 3410 2471 3444 :
2500 3392 2592 3445 sed
2640 3395 2905 3461 ejulantcs
2946 3404 3001 3449 et
3039 3394 3287 3450 dentibus
3332 3396 3641 3459 stridentes,
3693 3397 3869 3467 ligatis

2278 3485 2501 3555 pedibus
2529 3486 2881 3552 manibusque
2910 3488 2960 3537 in
2992 3486 3255 3555 gehennae
3283 3487 3457 3549 ignem
3490 3490 3865 3557 eonjiciemur,

2275 3587 2553 3645 postquam
2578 3576 2881 3629 divitiarum
2904 3577 3208 3630 sollicitudo
3236 3593 3335 3631 nos
3358 3579 3513 3647 plane
3545 3580 3861 3636 eonteeerit.

2274 3670 2399 3723 llmc
2440 3669 2618 3737 itaque
2648 3668 2941 3736 cogitantes
2965 3708 2981 3731 ,
3007 3670 3185 3723 omnia
3232 3672 3352 3723 talis
3397 3672 3618 3727 lallacia:
3654 3675 3863 3727 vincula

2274 3761 2571 3819 solvamus.
2611 3777 2679 3813 ne
2706 3760 2756 3812 in
2787 3759 2875 3811 illa
2901 3758 3200 3813 incidamus
3226 3775 3345 3828 quze
3373 3761 3478 3829 igni
3508 3745 3865 3831 inexstingui-

2274 3852 2364 3905 bili
2394 3868 2490 3908 nos
2517 3853 2769 3906 traditnra
2792 3862 2934 3905 sunt.
2974 3848 3105 3903 Nam
3137 3854 3224 3920 qui
3254 3854 3454 3907 divitiis
3480 3854 3668 3917 servit,
3689 3865 3744 3910 et
3769 3870 3863 3911 ca-

2274 3946 2410 3999 tenis
2435 3944 2540 4008 hic,
2560 3956 2615 3999 et
2642 3947 2846 4000 catenis
2874 3949 2979 4001 illic
2998 3957 3253 4016 perpetuo
3279 3946 3567 4000 adstrictus
3591 3946 3696 4001 crit
3726 3968 3739 4001 :
3769 3948 3859 4017 qui

2267 4047 2445 4092 autem
2493 4038 2559 4091 ab
2586 4040 2683 4093 hac
2723 4039 3016 4106 cupiditate
3057 4039 3192 4092 liber
3211 4046 3324 4102 est,
3361 4046 3584 4105 utraque
3616 4037 3861 4093 libertate

2271 4134 2500 4200 potietur
2530 4151 2543 4185 :
2572 4150 2728 4200 quam
2759 4144 2817 4187 ut
2849 4151 2943 4188 nos
2972 4149 3186 4203 quoque
3216 4148 3589 4203 assequamur,
3622 4133 3859 4187 contrito

2270 4224 2416 4290 gravi
2447 4223 2539 4276 illo
2565 4224 2801 4275 maritim
2827 4224 2952 4293 jngo
2976 4266 2989 4287 ,
3019 4224 3083 4277 ad
3116 4227 3305 4277 caelum
3354 4224 3607 4277 advolare.
3628 4233 3855 4277 conten-

2267 4317 2491 4381 damus,
2544 4318 2713 4383 gratia
2768 4326 2821 4369 et
2873 4316 3198 4386 benignitate
3247 4316 3479 4370 Domini.
3510 4316 3679 4369 nostri
3728 4315 3853 4370 .lcsu

2266 4406 2458 4460 (Lhristi
2482 4449 2495 4471 ,
2522 4407 2605 4461 cui
2628 4408 2792 4477 gloria
2826 4417 2877 4460 et
2907 4408 3185 4476 imperium
3214 4408 3267 4460 in
3294 4409 3489 4462 sarcula
3512 4403 3848 4461 sa‘culorutn.

2268 4501 2471 4551 Amen.

2481 4673 3007 4685 ﬁm-‘mm
3034 4672 3843 4686 “Mc—

1925 4791 2268 4851 HOMlHA
2318 4788 2491 4849 XIII.

570 4946 697 5005 Car.
730 4945 782 4999 4.
812 4959 859 4993 v.
897 4942 944 4995 l.
978 4939 1116 4993 Tunc
1138 4937 1289 4991 Jews
1314 4937 1493 4989 ductus
1521 4945 1591 4988 est
1619 4934 1672 4988 in
1697 4932 1945 4987 desertum
1966 4950 1997 4986 a
2026 4932 2147 4999 Spi~

953 5033 1051 5084 ritu
1070 5071 1085 5092 ,
1114 5041 1165 5082 ut
1194 5038 1513 5082 tentaretura
1543 5026 1765 5079 diabolo.

640 5127 689 5179 1.
724 5123 825 5178 Cur
852 5120 1080 5176 Christus
1108 5120 1287 5173 tentari
1307 5127 1353 5171 et
1371 5119 1607 5187 jeiunare
1628 5116 1858 5169 voluerit.
1883 5114 2145 5167 Tentatio-

570 5216 645 5267 uis
693 5218 911 5281 fructus.
946 5210 1344 5277 Intrmperantin
1389 5209 1620 5261 vitiorum
1665 5206 1839 5258 radix.
1866 5204 2141 5259 --—Tuuc:

567 5304 949 5372 quandonam?
979 5313 1097 5370 post
1136 5301 1455 5355 descensum
1501 5300 1647 5354 illum
1688 5299 1918 5368 Spiritus
1937 5301 2141 5364 sancti,

572 5406 692 5464 post
718 5410 901 5448 vocem
933 5394 1074 5447 illam
1106 5408 1339 5462 superne
1364 5392 1591 5446 delatam
1623 5400 1677 5447 et
1701 5392 1964 5445 dicentem
1996 5409 2008 5444 :
2045 5390 2143 5443 llic

566 5497 639 5543 est
668 5484 831 5537 Filius
857 5500 987 5536 metu
1016 5484 1247 5549 dilectus,
1276 5485 1327 5535 in
1350 5500 1447 5551 qua
1475 5484 1597 5535 mihi
1618 5482 1902 5551 complacui
1924 5482 2137 5555 (Manli.

568 5577 620 5631 5.
656 5576 763 5637 l7).
792 5574 1049 5641 Quodque
1094 5575 1284 5629 mirum
1316 5582 1430 5637 est,
1477 5588 1506 5625 a
1551 5574 1753 5643 Spiritu
1800 5583 2023 5628 sancto:
2056 5573 2139 5627 hic

565 5666 709 5719 enim
735 5665 905 5735 ipsum
962 5662 1180 5717 adduxit
1228 5662 1372 5717 illuc.
1402 5662 1535 5727 Quia
1576 5663 1717 5717 enim
1747 5662 1923 5716 omnia
1954 5661 2020 5715 ad
2048 5662 2139 5716 do-

563 5753 792 5808 cendum
820 5767 915 5808 nos
942 5751 1064 5806 fecit
1091 5761 1144 5808 ct
1171 5765 1358 5821 passus
1384 5761 1501 5819 est,
1533 5751 1657 5807 illuc
1678 5751 1906 5820 adduci,
1933 5760 1987 5807 et
2011 5768 2132 5807 eum

2262 4928 2479 4983 diabolo
2510 4940 2735 4996 pugnam
2764 4928 3104 4981 committere
3134 4924 3337 4988 voluit,
3382 4934 3438 4979 ut
3476 4926 3844 4995 unusquisque

2258 5019 2645 5089 baptizatormn
2666 5060 2681 5083 ,
2713 5018 2759 5072 si
2806 5028 2927 5086 post
2969 5017 3291 5085 baptismum
3322 5016 3555 5084 majores
3576 5019 3841 5072 sustineat

2258 5113 2595 5174 tentationes,
2624 5125 2691 5165 ne
2734 5110 2978 5163 turbetur
3000 5151 3013 5171 ,
3046 5108 3195 5176 quasi
3243 5107 3566 5174 insperatam
3597 5122 3709 5161 rem
3741 5122 3838 5161 ex-

2255 5212 2455 5270 pertus,
2489 5201 2581 5255 sed
2609 5211 2819 5254 maneat
2862 5200 3069 5253 fortiter
3094 5198 3273 5253 omnia
3317 5198 3499 5251 ferens
3519 5240 3531 5264 ,
3560 5207 3744 5267 utpote
3777 5212 3837 5251 re

2252 5292 2541 5346 secundum
2569 5300 2766 5346 rectam
2795 5290 2986 5343 seriem
3015 5288 3312 5343 accidente.
3362 5287 3573 5341 Etenim
3604 5288 3723 5343 ideo
3750 5305 3836 5343 ar-

2240 5396 2335 5437 ma
2362 5384 2651 5451 accepisti;
2703 5396 2806 5435 non
2836 5390 2894 5433 ut
2938 5380 3147 5443 otieris,
3188 5378 3281 5433 sed
3328 5393 3551 5449 pugnes.
3597 5377 3720 5433 Ideo
3753 5380 3835 5434 in-

2248 5483 2500 5548 gruentes
2536 5475 2855 5527 tentationes
2882 5485 2987 5525 non
3018 5470 3241 5538 impedit
3284 5470 3423 5523 Deus
3457 5486 3470 5521 :
3503 5469 3673 5536 primo
3716 5469 3833 5537 qui.

2246 5567 2370 5622 dem
2402 5577 2458 5621 ut
2482 5566 2655 5621 discas
2687 5574 2737 5619 te
2762 5564 2933 5619 multo
2956 5562 3230 5617 fortiorem
3272 5560 3501 5625 factum;
3532 5559 3727 5615 deinde
3768 5568 3826 5615 ut

2249 5659 2525 5714 moderate
2550 5658 2760 5725 sapias,
2810 5669 2986 5724 neque
3027 5653 3291 5709 donorum
3332 5648 3701 5721 magnitudine
3730 5666 3822 5703 ex-

2247 5750 2470 5817 tollaris,
2501 5763 2619 5805 cum
2642 5756 2694 5804 te
2723 5749 3047 5804 teutationes
3078 5745 3401 5816 reprimant;
3430 5741 3496 5799 ad
3528 5743 3645 5799 haec
3675 5757 3822 5807 vero,
