4124 6302
291 315 401 374 2ης)

292 442 350 485 ιιι
374 431 642 503 malignus
667 431 755 486 ille
775 431 1008 496 dzemon,
1029 447 1095 486 an
1117 431 1186 487 ab
1201 445 1260 486 se
1281 431 1593 486 discesseris
1612 429 1884 516 dubitans,

291 522 651 581 tentationum
676 525 1046 592 experimento
1070 525 1269 579 certior
1296 524 1405 588 ﬂat,
1436 534 1489 578 te
1519 525 1636 594 ipso
1668 539 1886 595 prorsus

291 611 484 665 relicto
513 611 862 675 abscessisse;
888 622 1081 682 quarto
1107 623 1166 668 ut
1189 613 1378 668 fortior
1406 624 1459 668 et
1488 619 1603 683 ipso
1632 615 1774 670 ferro
1796 631 1886 672 so-

290 699 450 754 lidior
490 699 569 755 sic
607 701 842 768 evadas;
871 705 1060 773 quinto
1084 714 1140 759 ut
1168 704 1402 760 thesauri
1433 706 1526 760 tibi
1555 705 1740 761 crediti
1766 723 1885 762 cer-

293 801 402 846 tum
436 791 636 848 habeas
664 805 1066 864 argumentum.
1114 795 1299 865 Neque
1325 797 1467 852 enim
1497 807 1548 853 te
1595 799 1882 855 invasisset

288 881 565 947 diabolus,
597 883 699 938 nisi
732 891 784 939 te
827 886 879 940 in
905 886 1110 956 majore
1142 887 1370 955 positum
1401 887 1606 944 honore
1633 889 1874 946 vidisset.

290 972 402 1028 Hac
428 973 496 1028 de
519 988 679 1030 causa
705 977 850 1031 enim
987 978 1143 1032 initio
1171 978 1460 1035 insurrexit
1484 981 1542 1052 jn
1573 981 1835 1035 Adamum
1858 1024 1873 1048 ,

286 1064 410 1132 quia
439 1065 602 1120 multa
628 1065 776 1120 illum
800 1066 904 1122 frui
928 1067 1141 1122 videbat
1163 1068 1438 1138 dignitate.
1465 1070 1591 1125 Ideo
1611 1079 1665 1126 et
1688 1080 1873 1126 contra

287 1154 481 1210 Jobum
511 1157 683 1212 aciem
711 1159 992 1220 instruxit,
1021 1161 1144 1230 quia
1186 1161 1337 1215 illum
1377 1173 1694 1218 coronatum
1725 1172 1780 1219 et
1804 1163 1874 1217 ab

285 1247 656 1301 universorum
692 1249 800 1303 Deo
839 1250 1166 1306 celebratum
1209 1251 1442 1306 videbat.
1479 1254 1546 1308 Et
1574 1270 1671 1307 cur
1701 1255 1867 1322 dicit,

287 1335 448 1388 Orate
473 1352 534 1390 ne
560 1337 757 1392 intretis
794 1339 847 1392 in
873 1341 1196 1395 tentationem
1225 1341 1437 1410 (Matth.
1468 1344 1558 1398 26.
1590 1346 1712 1412 41)?
1740 1346 1872 1401 Pro-

287 1436 470 1495 pterea
497 1426 682 1482 Jesum
713 1444 820 1484 non
851 1430 990 1485 ultro
1015 1441 1230 1487 euntem
1273 1434 1526 1499 exhibet,
1557 1436 1650 1491 sed
1697 1437 1868 1492 addu-

281 1527 428 1571 ctum
473 1518 768 1574 secundum
795 1523 1112 1577 teconomiae
1139 1525 1400 1580 rationem
1443 1545 1457 1580 :
1487 1527 1865 1596 subindicans,

281 1623 388 1664 non
414 1609 760 1666 insiliendum
781 1627 924 1678 esse,
949 1612 1044 1669 sed
1067 1614 1114 1668 si
1145 1615 1490 1681 adducamur,
1516 1617 1724 1674 fortiter
1745 1635 1866 1676 esse

279 1697 550 1752 standum.
598 1699 663 1754 Et
704 1701 985 1757 considera
1015 1718 1121 1770 qtto
1165 1705 1313 1759 illum
1359 1706 1590 1777 Spiritus
1615 1709 1860 1774 duxerit;

278 1800 385 1838 non
415 1788 467 1840 itt
499 1788 710 1855 urbem,
743 1806 842 1846 nec
882 1792 937 1847 in
965 1791 1161 1859 forum,
1201 1795 1296 1850 sed
1328 1797 1382 1850 in
1407 1797 1698 1853 desertum.
1728 1800 1862 1867 Quia

276 1877 420 1930 enim
452 1878 723 1934 diabolum
751 1882 927 1951 ipsum
951 1884 1168 1940 volebat
1192 1885 1410 1942 allicere
1435 1927 1449 1952 ,
1480 1902 1586 1943 non
1617 1904 1684 1944 ex
1719 1889 1862 1946 fame

276 1977 482 2024 tantum
506 2010 522 2032 ,
568 1973 660 2026 sed
687 1974 848 2027 etiam
871 1990 938 2028 ex
983 1975 1104 2030 loco
1127 1977 1467 2033 occasionem
1494 1979 1569 2033 illi
1614 1981 1856 2049 pra-buit.

271 2058 427 2114 Tunc
450 2062 593 2114 enim
621 2062 854 2120 maxime
874 2064 1118 2134 diabolus
1145 2068 1366 2138 ingruit,
1397 2084 1518 2124 cum
1547 2071 1690 2126 solos
1717 2071 1859 2128 videt

268 2164 333 2204 ac
380 2151 608 2207 seorsitn
651 2164 893 2224 agentes.
937 2156 1026 2212 Sic
1051 2159 1328 2215 mulierem
1373 2161 1526 2216 initio
1568 2178 1856 2234 aggressus

266 2248 383 2304 est,
414 2241 584 2297 solam
627 2246 835 2312 adiens,
861 2246 1082 2302 absente
1111 2249 1247 2303 viro.
1288 2250 1422 2305 Cum
1459 2253 1601 2306 enim
1645 2255 1854 2325 aliquos

265 2330 428 2384 simul
473 2341 527 2385 et
572 2344 922 2404 congregatos
970 2338 1145 2403 videt,
1199 2354 1305 2394 non
1361 2341 1523 2395 audet
1578 2343 1848 2398 invadere.

263 2418 392 2474 ideo
415 2430 628 2489 Oportet
649 2423 748 2478 hac
775 2426 1004 2481 maxime
1029 2427 1096 2481 de
1119 2443 1276 2482 causa
1301 2429 1608 2502 frequenter
1629 2447 1854 2503 congre-

259 2511 414 2577 gari,
463 2525 532 2566 ne
573 2511 788 2568 diabolo
815 2525 972 2583 captu
1018 2516 1205 2573 faciles
1245 2520 1436 2576 simus.
1487 2521 1691 2577 lnvenit
1720 2538 1849 2594 ergo

257 2600 409 2656 illum
455 2602 700 2660 diabolus
749 2606 803 2659 in
854 2607 1103 2674 deserto,
1147 2617 1204 2664 et
1247 2610 1300 2664 in
1347 2611 1634 2668 solitudine
1682 2612 1844 2668 invia.

255 2693 409 2759 Quod
433 2695 578 2748 enim
602 2697 721 2750 talis
745 2711 888 2752 esset
915 2699 1152 2754 solitudo
1172 2740 1185 2761 ,
1214 2701 1422 2757 Marcus
1464 2703 1730 2774 significat
1761 2706 1846 2759 his

253 2785 432 2839 verbis
465 2803 478 2839 :
507 2785 635 2840 Erat
663 2804 777 2841 cum
799 2789 966 2842 bestiis
989 2790 1177 2861 (Marc.
1203 2794 1252 2846 1.
1284 2794 1393 2863 i3).
1421 2794 1699 2863 Perpende
1719 2811 1842 2850 cum

250 2885 448 2943 quanta
483 2877 688 2933 vafritie
716 2889 771 2934 et
821 2882 1056 2949 nequitia
1087 2884 1330 2948 accedat,
1363 2894 1419 2938 et
1446 2884 1590 2953 quod
1622 2895 1837 2954 tempus

247 2969 518 3023 observet.
544 2969 658 3025 Non
681 2973 822 3026 enim
839 2975 1173 3042 jejuuantem
1195 2977 1338 3043 adit,
1361 2977 1456 3032 sed
1477 2979 1834 3033 esurientem:

249 3072 305 3114 ut
330 3061 510 3118 discas
533 3072 789 3132 quantum
821 3066 1017 3120 bonum
1062 3070 1131 3122 sit
1161 3069 1443 3138 jejunium,
1475 3083 1839 3142 quantumque

245 3154 316 3205 sit
345 3163 532 3206 contra
575 3154 845 3209 diabolum
879 3158 1077 3221 telum;
1107 3169 1164 3211 et
1199 3159 1343 3228 quod
1374 3171 1492 3227 post
1517 3161 1833 3230 baptismum

245 3261 354 3300 non
386 3245 626 3311 deliciis,
661 3263 767 3302 non
796 3249 1082 3313 ebrietati,
1111 3265 1216 3304 non
1249 3267 1448 3306 mensa:
1469 3291 1483 3315 ,
1512 3253 1604 3307 sed
1627 3255 1835 3322 jejunio

245 3353 411 3405 opera
444 3339 516 3391 sit
538 3338 736 3393 danda.
774 3339 1068 3409 Pr0pterea
1097 3342 1239 3396 enim
1285 3344 1373 3398 ille
1405 3332 1694 3414 jejunavit,
1727 3360 1832 3400 non

240 3428 386 3497 quod
432 3428 640 3499 jejunio
683 3445 819 3499 opus
876 3431 1125 3493 haberet.
1167 3433 1273 3488 ‘sed
1328 3443 1387 3489 ut
1438 3451 1537 3490 nos
1575 3436 1829 3490 erttdiret.

240 3520 376 3586 Quia
403 3531 619 3589 peccata
639 3532 765 3577 ante
787 3515 1054 3578 lavacrum
1071 3526 1273 3579 ventris
1299 3527 1514 3596 crapula
1545 3527 1793 3581 intulerat
1816 3545 1829 3581 :

239 3611 698 3680 quemadmodum
727 3615 772 3668 si
800 3615 920 3685 quis
962 3627 1221 3686 mgrotum
1260 3618 1325 3671 ad
1369 3619 1652 3674 sanitatem
1679 3620 1748 3675 ab
1773 3635 1832 3675 se

240 3701 524 3755 reductum
547 3702 734 3772 jubeat
759 3720 864 3759 non
897 3706 984 3760 illa
1022 3705 1200 3761 facere
1231 3708 1372 3762 unde
1401 3709 1621 3764 morbus
1653 3709 1832 3765 illatus

239 3803 321 3846 est
347 3810 362 3846 :
391 3795 471 3847 sic
497 3805 552 3850 et
582 3795 672 3849 ille
704 3805 828 3865 post
855 3798 1122 3852 lavacrum
1153 3800 1359 3854 induxit
1380 3801 1668 3870 jejunium.
1695 3801 1829 3856 Nam

237 3897 291 3939 et
322 3885 585 3940 Atiamum
615 3888 1021 3958 intemperantia
1051 3892 1252 3945 ventris
1281 3907 1348 3947 ex
1375 3892 1620 3962 paradiso
1646 3893 1826 3962 ejecit,

237 3986 294 4032 et
312 3977 574 4032 diluvium
603 3985 841 4046 tempore
877 3978 1005 4034 Noae
1037 3980 1278 4047 induxit,
1310 3991 1469 4052 atque
1500 3983 1551 4036 in
1582 3983 1829 4037 Sodomi-

238 4077 321 4122 tas
353 4068 571 4122 fulmina
608 4071 845 4125 immisit.
876 4071 1096 4124 Etiamsi
1120 4074 1261 4126 enim
1291 4073 1572 4141 utrobique
1599 4072 1830 4127 fornice.-

239 4160 402 4213 tionis
429 4161 635 4214 crimen
665 4169 814 4226 erat,
841 4171 1079 4217 attamen
1102 4164 1374 4232 utriusque
1400 4163 1646 4232 supplicii
1676 4163 1826 4218 radix

237 4251 367 4306 inde
413 4251 612 4321 prodiit
659 4253 845 4320 :quod
891 4261 947 4308 et
991 4253 1236 4308 Ezechiel
1283 4255 1523 4309 indicans
1567 4253 1824 4310 dicebat:

245 4341 606 4397 Verumtamen
645 4344 740 4396 hoc
770 4353 874 4396 erat
905 4354 1164 4414 peccatum
1191 4345 1531 4399 Sodomorum
1551 4386 1565 4409 ,
1586 4347 1824 4412 quoniam

233 4432 290 4485 in
320 4433 558 4500 superbia
597 4442 644 4485 et
686 4433 740 4486 in
780 4435 1041 4486 saturitate
1079 4450 1302 4501 panum,
1331 4444 1378 4486 et
1417 4435 1472 4487 in
1513 4433 1825 4489 abundantia

234 4523 560 4579 lasciviebant
585 4523 796 4594 (Ezech.
822 4525 908 4580 16.
930 4523 1044 4597 49).
1068 4525 1156 4580 Sic
1181 4533 1236 4579 et
1253 4525 1426 4582 Judwi
1440 4527 1667 4581 maxima
1698 4543 1820 4597 per-

235 4622 518 4683 petiarunt
561 4615 698 4670 mala
723 4653 738 4678 ,
782 4615 852 4668 ab
892 4615 1150 4671 ebrietate
1169 4624 1220 4671 et
1247 4615 1486 4671 ciborum
1512 4617 1718 4673 deliciis
1765 4617 1822 4673 in

231 4704 572 4773 iniquitatem
602 4705 979 4775 impiugenles.

305 4793 364 4849 Ξ.
410 4793 535 4849 Ideo
560 4804 616 4849 et
645 4796 758 4865 ipse
777 4797 984 4866 jejunat
1015 4797 1360 4870 quadraginta
1391 4799 1601 4866 diebus,
1633 4799 1820 4854 salutis

230 4885 395 4942 nobis
422 4887 660 4941 remed’a
709 4889 999 4943 ostendens
1020 4929 1037 4955 ,
1062 4906 1237 4958 neque
1283 4892 1507 4947 ulterius
1535 4893 1815 4961 procedit,

229 4993 298 5034 ne
344 4977 416 5032 ob
458 4990 738 5034 excessum
802 4979 1071 5046 miraculi,
1118 4982 1432 5037 oeconomia:
1469 4985 1665 5038 veritas
1708 4999 1815 5038 non

225 5069 567 5126 crederetur.
595 5067 750 5126 Nunc
774 5069 915 5123 enim
943 5071 1162 5126 minime
1188 5071 1318 5125 illud
1341 5072 1652 5136 timendum,
1677 5089 1814 5143 quo-

227 5163 376 5216 niam
407 5159 617 5230 Moyses
642 5167 696 5214 et
710 5157 868 5215 ~Elias
901 5160 998 5213 Dei
1024 5161 1255 5228 potentia
1283 5161 1434 5226 fulti,
1463 5162 1526 5215 ad
1560 5163 1702 5216 illam
1729 5163 1813 5231 je-

221 5253 364 5323 junii
403 5252 806 5308 diuturnitatem
829 5252 1129 5322 pertingere
1177 5263 1481 5321 patuerunt.
1531 5252 1586 5309 Si
1636 5264 1811 5309 autem

225 5343 457 5398 ulterius
487 5357 800 5412 progressus
826 5341 1030 5406 fuisset,
1064 5343 1187 5398 hinc
1216 5345 1457 5412 plurimis
1487 5345 1813 5401 incredibilis

225 5436 342 5490 visa
373 5427 564 5488 fuisset
587 5433 766 5487 carnis
783 5434 1098 5502 assumptio.
1134 5432 1191 5486 2.
1221 5432 1348 5488 Cum
1376 5435 1657 5505 jejunasset
1680 5451 1808 5505 ergo

222 5515 567 5594 quadraginta
592 5521 768 5576 diebus
792 5531 837 5576 et
865 5523 1203 5593 quadraginta
1224 5524 1469 5588 noctibus,
1494 5535 1664 5592 postea
1690 5541 1809 5578 estt-

223 5613 310 5666 rit't
342 5627 355 5666 :
386 5612 722 5667 occasionem
753 5612 1040 5667 accedendi
1068 5612 1280 5665 diabolo
1303 5612 1545 5680 praebens
1566 5655 1580 5677 ,
1608 5623 1664 5668 ut
1689 5631 1811 5671 con-

223 5716 441 5774 gressus
487 5703 838 5770 ostenderet,
865 5702 1134 5773 quomodo
1154 5711 1423 5772 oporteret
1462 5717 1716 5775 superare
1744 5723 1807 5764 ac

1438 317 1501 373 IN
1541 309 1946 372 ΜΑΤἹΊΙᾸΞΕΜ
1987 311 2213 372 ιιοιιιι.
2248 320 2379 382 ΧΙΙΙ.

3491 348 3597 404 210

1995 436 2230 493 vincere.
2281 443 2371 498 Sic
2413 453 2471 499 et
2515 447 2736 504 athleta:
2795 445 3039 510 faciunt:
3072 471 3194 511 nam
3253 468 3311 512 ut
3347 458 3589 532 discipu-

1994 531 2074 584 los
2115 546 2243 588 suos
2288 534 2518 591 doceant
2540 541 2812 608 quomodo
2852 544 3069 598 vincere
3113 557 3402 616 oporteat,
3449 531 3589 606 ultro

1990 637 2111 676 cum
2153 624 2272 678 aliis
2314 626 2366 680 in
2413 629 2663 698 palaestra
2709 646 2769 686 se
2811 635 3177 704 complicant,
3225 639 3278 692 in
3326 639 3588 696 adversa-

1989 716 2191 770 riorum
2245 722 2567 790 corporibus
2616 727 2982 793 spectaculum
3047 727 3176 797 ipsis
3221 730 3584 795 exhibentes,

1989 819 2046 863 ut
2096 811 2341 869 vincendi
2401 816 2618 870 modum
2691 817 2950 873 ediscant.
3009 820 3162 889 Quod
3224 831 3351 878 tunc
3410 825 3584 881 etiam

1987 898 2188 955 factum
2214 912 2312 957 est.
2339 902 2474 971 Quia
2519 907 2662 960 enim
2712 908 2989 969 diabolum
3033 913 3250 967 volebat
3299 913 3366 968 ad
3406 925 3584 970 certa-

1985 995 2416 1069 ntenattrabere,
2466 995 2661 1052 famem
2689 1011 2874 1056 notam
2903 1003 3006 1070 ipsi
3030 1002 3180 1069 fecit,
3227 1007 3581 1063 accedentem

1986 1086 2226 1153 excepit,
2259 1099 2655 1158 exceptumque
2681 1092 2872 1157 semel,
2902 1094 2985 1149 bis
3013 1104 3067 1149 et
3089 1104 3190 1162 ter,
3242 1099 3413 1165 ipsum
3453 1114 3576 1153 cum

1983 1172 2236 1229 facilitate
2281 1177 2380 1231 sibi
2410 1190 2749 1255 competente
2776 1185 3079 1250 prostravit.
3107 1186 3213 1240 Sed
3259 1202 3328 1255 ne
3371 1187 3467 1241 has
3498 1190 3580 1241 vi-

1978 1266 2178 1320 etorias
2222 1277 2695 1333 praetercurrcntcs
2715 1313 2730 1336 ,
2762 1273 2972 1328 utilitati
3023 1285 3218 1330 vestrae
3247 1278 3448 1347 aliquid
3476 1279 3575 1333 de-

1980 1355 2274 1421 trahamus,
2303 1373 2332 1411 a
2364 1359 2537 1428 primo
2578 1376 2869 1432 congressu
2896 1366 3006 1419 orsi
3032 1406 3048 1430 ,
3103 1367 3345 1437 singulos
3373 1369 3575 1426 deinde

1961 1458 2225 1502 accurate
2247 1452 2608 1519 exploremus.
2635 1454 2897 1520 Quoniam
2924 1457 3132 1524 esuriit,
3168 1459 3277 1514 ait:
3318 1461 3372 1516 ὅ.
3414 1463 3571 1516 Acce-

1975 1539 2099 1593 dens
2124 1549 2343 1593 tentator
2369 1542 2498 1595 dixit
2523 1544 2570 1595 ei
2587 1559 2607 1596 :
2648 1543 2708 1598 Si
2739 1544 2908 1599 Filius
2936 1546 3034 1600 Dei
3057 1563 3139 1609 es,
3169 1547 3255 1602 dic
3295 1560 3349 1602 ut
3370 1551 3574 1621 lapides

1970 1631 2056 1684 isti
2077 1647 2231 1700 panes
2251 1634 2398 1699 ﬁant.
2444 1634 2575 1701 Quia
2619 1637 2764 1690 enim
2808 1638 3051 1694 audierat
3079 1656 3266 1696 vocem
3323 1644 3392 1698 de
3430 1645 3567 1698 caelo

1969 1721 2271 1778 dicentem:
2305 1723 2404 1777 Hic
2430 1735 2500 1778 est
2531 1724 2695 1779 Filius
2713 1744 2853 1782 meus
2870 1730 3083 1785 dilectus
3109 1732 3319 1803 (Matth.
3344 1737 3510 1806 3.17)
3542 1752 3564 1803 ;

1968 1810 2211 1864 audierat
2243 1814 2366 1866 item
2397 1813 2659 1869 Joannem
2693 1826 2836 1870 tanta
2866 1819 2937 1874 de
2972 1820 3088 1889 ipso
3136 1822 3555 1893 testiﬁcantem;

1965 1899 2265 1971 deindeque
2290 1902 2422 1957 vidit
2473 1904 2620 1958 illotn
2667 1908 3032 1963 esurientem:
3063 1910 3300 1967 incertus
3342 1913 3561 1970 demum

1964 2004 2114 2055 erat;
2143 2008 2313 2063 neque
2342 1995 2486 2048 enim
2513 1996 2686 2064 ipsum
2716 1998 2988 2052 hominem
3040 2014 3163 2054 esse
3219 2018 3407 2071 purutn
3432 2019 3557 2059 ere-

1962 2082 2091 2136 dere
2118 2092 2347 2151 poterat,
2397 2085 2466 2138 ob
2487 2100 2549 2139 ea
2571 2102 2688 2154 qum
2717 2087 2786 2141 de
2807 2088 2902 2140 illo
2928 2088 3071 2142 dicta
3106 2091 3350 2159 fuerant,
3378 2107 3556 2163 neque

1961 2188 2084 2228 eum
2102 2174 2294 2229 Filium
2321 2176 2413 2230 Dei
2441 2177 2745 2243 admittere,
2766 2179 2906 2247 quod
2926 2180 3131 2235 videret
3151 2183 3301 2237 illum
3322 2185 3553 2240 esurire.

1959 2263 2296 2333 Quapropter
2347 2264 2540 2322 dubius
2578 2266 2765 2333 animi,
2807 2267 2999 2323 dubias
3023 2272 3219 2324 emittit
3250 2288 3429 2328 voces.
3472 2275 3553 2330 Ac

1959 2354 2407 2422 quemadmodum
2437 2356 2646 2410 Adatno
2674 2359 2724 2411 in
2751 2360 3016 2428 principio
3039 2362 3252 2418 obviam
3285 2366 3508 2422 veniens
3529 2407 3548 2433 ,

1957 2460 2078 2514 qua:
2107 2460 2214 2500 non
2246 2456 2402 2500 erant
2428 2446 2596 2516 fingit,
2629 2458 2684 2501 ut
2705 2465 2824 2519 qum
2853 2459 3009 2505 erant
3042 2453 3340 2509 edisceret:
3373 2455 3445 2512 ita
3491 2466 3550 2513 et

1955 2552 2112 2602 nunc,
2133 2553 2253 2590 cum
2295 2553 2398 2591 non
2416 2538 2559 2593 clare
2580 2549 2928 2607 cognosceret
2953 2556 3206 2596 arcanum
3229 2547 3550 2602 oeconomia:

1955 2631 2292 2698 mysterium,
2328 2644 2424 2683 nec
2450 2631 2570 2697 quis
2613 2639 2758 2685 esset
2813 2632 2900 2685 ille
2932 2641 3060 2688 tunc
3114 2649 3352 2702 prmseus
3376 2677 3391 2700 ,
3440 2638 3544 2692 alia

1955 2726 2170 2772 nectere
2197 2720 2329 2772 retia
2360 2720 2598 2780 molitur.
2624 2722 2778 2788 queis
2805 2721 3041 2790 putabat,
3067 2724 3120 2778 id
3148 2726 3290 2794 quod
3317 2727 3548 2782 abscon-

1951 2807 2120 2860 ditum
2152 2807 2549 2877 obscurumque
2599 2820 2714 2863 erat
2753 2826 2812 2864 se
2841 2810 3049 2866 discere
3098 2829 3276 2883 posse.
3336 2817 3542 2885 Ecquid

1950 2897 2062 2951 ait?
2092 2897 2153 2951 Si
2183 2897 2356 2954 Filius
2391 2901 2488 2952 Dei
2511 2901 2684 2967 es,dic
2719 2913 2773 2954 ut
2813 2903 3010 2973 lapides
3045 2907 3130 2959 isti
3182 2924 3364 2971 panes.
3387 2911 3535 2979 ﬁunt.

1945 2986 2060 3040 Non
2088 2987 2241 3051 dixit,
2265 2988 2526 3055 Quoniam
2553 2991 2760 3055 esuris;
2786 2991 2903 3055 sed,
2933 2991 2997 3046 Si
3018 2993 3187 3047 Filius
3206 2995 3303 3049 Dei
3331 3013 3420 3051 es:
3443 3013 3542 3068 pu-

1951 3084 2067 3128 tans
2093 3092 2152 3130 se
2181 3093 2339 3145 posse
2364 3079 2511 3132 illum
2537 3080 2810 3147 pellicere.
2858 3080 2984 3135 Ideo
3006 3082 3202 3140 famem
3232 3087 3419 3153 tacuit,
3467 3106 3539 3145 ne

1942 3167 2213 3222 videretur
2242 3169 2369 3223 illud
2403 3170 2498 3237 ipsi
2528 3172 2766 3238 proferre
2788 3181 2843 3225 ut
2869 3173 3238 3242 exprobraret.
3261 3175 3394 3232 Cum
3426 3195 3536 3234 non

1943 3266 2125 3310 nes-set
2163 3259 2306 3310 enim
2364 3274 2544 3312 rerum
2590 3275 2710 3327 quae
2740 3261 3191 3330 dispensabantur
3211 3269 3540 3335 magnitudi-

1942 3364 2084 3411 nem,
2120 3348 2170 3401 id
2193 3348 2267 3402 illi
2301 3350 2498 3418 probro
2520 3349 2632 3405 fore
2660 3351 2879 3420 putabat
2909 3369 2922 3406 :
2947 3365 3276 3425 quapropter
3307 3357 3536 3412 adulan—

1943 3441 2010 3493 tis
2035 3456 2187 3496 more
2215 3442 2443 3495 subdole
2481 3441 2795 3513 dignitatem
2854 3445 2973 3512 ejus
3022 3447 3190 3501 solam
3242 3461 3530 3505 memorat.

1938 3533 2076 3600 Quid
2123 3533 2281 3602 igitur
2303 3532 2586 3587 Christus?
2605 3532 2824 3588 Fastum
2841 3535 2958 3605 ejus
2979 3536 3284 3606 deprimens
3305 3581 3318 3602 ,
3350 3552 3532 3596 osten-

1938 3625 2178 3694 densque
2205 3640 2304 3679 nec
2327 3625 2645 3693 probrosum
2679 3625 2731 3679 id
2765 3640 2886 3680 esse
2921 3628 3061 3696 quod
3094 3629 3395 3694 acciderat,
3430 3647 3530 3686 uec

1943 3715 2204 3786 sapientia
2235 3729 2331 3768 sua
2360 3715 2658 3784 indignum,
2684 3716 2828 3784 quod
2853 3716 2938 3770 ille
2961 3717 3231 3772 adulando
3251 3728 3529 3788 tacuerat,

1941 3807 2041 3860 hoc
2067 3806 2120 3861 in
2146 3806 2379 3860 medium
2406 3805 2610 3876 profert
2634 3821 2697 3860 ac
2726 3806 2890 3861 dicit:
2923 3808 2977 3861 4.
3008 3807 3129 3862 Non
3156 3810 3207 3863 in
3239 3812 3348 3864 solo
3395 3829 3530 3881 pano

1915 3901 2062 3952 ὐὶυει
2083 3899 2252 3952 homo.
2301 3898 2392 3953 Sic
2415 3914 2442 3949 a
2472 3899 2792 3950 necessitate
2823 3899 3025 3952 ventris
3053 3899 3257 3968 incipit.
3285 3899 3366 3955 Tu
3397 3917 3530 3956 vero

1935 3988 2066 4041 mibi
2094 3985 2313 4054 maligni
2339 3985 2601 4039 daemonis
2621 3987 2911 4040 versutiam
2957 3990 3226 4056 perpende
3249 4032 3265 4056 ,
3296 3999 3350 4046 et
3381 3993 3529 4048 unde

1936 4090 2210 4136 certamen
2242 4077 2479 4145 incipiat,
2532 4086 2586 4129 et
2609 4077 2877 4145 quomodo
2906 4092 3016 4132 sua:
3048 4094 3152 4132 non
3179 4079 3530 4138 obliviscatur

1935 4171 2087 4224 artis.
2114 4169 2195 4222 Ab
2223 4168 2289 4221 iis
2310 4168 2455 4221 enim
2478 4166 2631 4234 queis
2662 4167 2891 4233 primum
2923 4169 3197 4222 hominem
3218 4169 3526 4240 dejecerat,

1933 4277 1997 4318 ac
2022 4261 2288 4317 sexcentis
2315 4261 2468 4314 malis
2497 4259 2923 4314 circumdederat
2948 4259 2986 4325 ι,
3023 4261 3091 4313 ab
3118 4261 3306 4316 iisdem
3336 4263 3526 4319 dolum

1933 4354 2119 4417 nectit,
2147 4353 2215 4407 de
2242 4351 2441 4406 ventris
2468 4349 2871 4418 intemperantia
2902 4350 3112 4418 loquor.
3137 4350 3331 4408 Multos
3356 4353 3526 4410 etiam

1941 4459 2083 4498 nunc
2112 4444 2302 4498 stultos
2326 4441 2514 4496 audire
2535 4451 2637 4505 est,
2670 4442 2757 4510 qui
2780 4441 2959 4494 dicunt
2983 4451 3235 4495 sexcenta
3261 4458 3353 4512 per
3382 4459 3521 4498 von.

1939 4545 2072 4590 trem
2100 4535 2238 4589 mala
2265 4533 2406 4586 illata
2429 4545 2569 4586 esse.
2600 4531 2668 4584 At
2689 4530 2935 4583 Christus
2985 4530 3277 4585 ostendens
3323 4537 3526 4589 virtute

1932 4627 2214 4696 praeditum
2241 4637 2343 4676 non
2368 4637 2526 4691 posse
2552 4621 2649 4674 hac
2668 4619 2949 4691 tyrannide
2984 4621 3232 4690 compelli
3278 4621 3342 4676 ad
3374 4637 3526 4692 qum-

1932 4720 2056 4773 dam
2107 4723 2292 4769 contra
2319 4714 2569 4768 decorem
2600 4712 2949 4773 admittentia,
2977 4721 3030 4766 et
3055 4713 3244 4777 esurit,
3270 4721 3322 4767 et
3344 4713 3524 4782 jussni

1932 4823 2034 4862 non
2065 4815 2232 4875 paret,
2255 4807 2454 4860 docens
2487 4805 2537 4858 in
2583 4805 2730 4858 nullo
2747 4804 2970 4873 obsequi
2998 4804 3210 4858 diabolo
3232 4819 3329 4858 nos
3359 4818 3522 4874 opor-

1930 4909 2062 4954 tere.
2093 4899 2226 4967 Quia
2246 4897 2390 4952 enim
2418 4897 2621 4965 primus
2648 4895 2808 4949 homo
2836 4893 2939 4948 hoc
2966 4904 3119 4963 pacto
3151 4894 3315 4949 Deum
3343 4893 3518 4949 offen-

1927 4992 2082 5046 derat
2111 4991 2282 5060 legem
2329 4996 2713 5056 transgressus,
2762 5001 2825 5039 ex
2857 4984 3151 5040 abundanti
3208 4993 3264 5040 te
3311 4984 3473 5041 docet
3501 5027 3520 5051 ,

1928 5083 2135 5138 etiamsi
2161 5081 2238 5148 id,
2258 5080 2400 5152 quod
2425 5081 2515 5134 ille
2534 5079 2706 5147 jubet,
2730 5080 3089 5148 transgressio
3114 5094 3218 5132 non
3245 5079 3336 5145 sit,
3359 5094 3428 5133 ne
3443 5080 3508 5133 sit

1930 5177 2089 5230 etiam
2120 5173 2597 5244 obtemperandum
2619 5185 2761 5224 esse.
2797 5169 3003 5239 Ecquid
3035 5175 3522 5240 transgressionem

1927 5265 2091 5320 dico?
2115 5265 2230 5319 Etsi
2250 5263 2374 5333 quid
2405 5262 2533 5315 utile
2561 5262 2740 5314 dicant
2764 5259 3070 5324 daemones,
3103 5260 3310 5328 inquit,
3344 5276 3410 5314 ne
3440 5260 3519 5314 sic

1924 5374 2136 5429 quoque
2167 5357 2269 5410 illis
2294 5354 2558 5408 attendas.
2611 5352 2702 5406 Sic
2749 5352 2892 5405 enim
2927 5353 3017 5405 ille
3047 5352 3323 5406 dmmonas
3373 5351 3520 5421 loqui

1923 5450 2110 5510 vetuit,
2143 5445 2502 5518 praedicantes
2529 5443 2850 5512 ipsum'esse
2899 5443 2992 5498 Dei
3033 5443 3222 5496 Filium
3267 5442 3430 5506 (Luc.
3463 5444 3518 5496 Δ.

1923 5541 2046 5609 55).
2105 5537 2305 5592 Paulus
2352 5535 2479 5588 item
2527 5533 2757 5602 idipsum
2830 5533 3126 5590 clamantes
3181 5532 3515 5602 increpavit,

1985 5715 2000 5747 ι
2024 5717 2229 5770 Unus,et
2257 5712 2502 5760 sexcentos
2526 5704 2646 5756 alios
2666 5701 2926 5753 innumeris
2948 5701 3085 5752 malis
3111 5699 3516 5753 circumdederat.
