4124 6302
582 309 677 367 2H

578 418 786 477 etiamsi
823 414 895 477 id,
936 410 1077 484 quod
1130 404 1416 465 dicebam,
1469 399 1600 454 utile
1643 382 1827 457 esset;
1874 389 1968 445 sed
2025 388 2142 441 illos

581 513 747 583 magis
808 506 1074 576 magisque
1120 493 1455 563 deprimens,
1482 499 1774 553 certamque
1802 490 1992 534 contra
2046 490 2146 530 nos

582 572 798 655 insidias
822 572 1124 651 obstructis.
1150 590 1308 643 etiam
1332 597 1453 639 cum
1482 576 1727 636 salutaria
1748 572 1991 642 dogmata
2013 583 2150 637 pne-

583 693 844 750 dicarent,
871 681 1236 755 propulsabat,
1264 690 1447 732 eorum
1477 670 1755 722 obstruens
1782 678 1895 727 ora,
1916 662 2151 732 ipsisque

584 748 855 831 silentium
874 748 1155 839 imperans
1187 768 1318 835 (Act.
1348 762 1433 817 16.
1464 758 1574 826 18).
1602 756 1804 809 Idcirco
1852 765 2021 820 neque
2066 748 2153 839 hic

584 868 828 920 Christus
867 838 1020 916 dictis
1059 855 1285 911 annuit:
1324 850 1416 905 sed
1439 847 1566 917 quid
1613 844 1768 898 ait“?
1800 841 1920 894 Non
1963 842 2016 892 in
2045 838 2154 892 solo

588 973 717 1027 pane
744 956 869 1009 vivet
902 951 1067 1003 homo.
1090 942 1240 1010 Quod
1263 956 1392 996 vero
1407 939 1550 999 dicit,
1582 931 1878 1003 huiusmodi
1907 939 2019 983 est:
2052 927 2155 980 Po-

590 1058 692 1101 test
715 1045 850 1098 Deus
874 1040 1033 1093 etiam
1076 1033 1244 1088 verbo
1273 1029 1597 1085 esurientem
1647 1022 1810 1084 alere,
1858 1033 1924 1071 ex
1977 1016 2154 1069 Veteri

592 1137 866 1204 Scriptura
898 1127 1258 1184 testimonium
1301 1121 1549 1179 adoretis,
1578 1130 1641 1169 ac
1674 1115 1896 1176 docens,
1919 1108 2159 1178 quamvis

597 1229 912 1286 esuriamus,
946 1219 1188 1291 quamvis
1213 1212 1356 1269 aliud
1382 1209 1654 1282 quidpiam
1684 1204 1978 1275 patiamur,
2004 1213 2160 1251 num-

592 1332 746 1389 quam
777 1330 805 1367 a
834 1302 1057 1366 Domino
1080 1302 1441 1360 absistendum
1464 1312 1603 1353 esse.

664 1408 717 1461 ὅ.
748 1401 900 1471 Quod
940 1400 984 1454 si
1028 1398 1145 1467 quis
1168 1393 1394 1455 dixerit,
1440 1389 1599 1444 Certe
1639 1380 1920 1452 oportebat
1936 1378 1987 1432 id
2012 1376 2163 1471 exhi-

588 1465 1121 1561 berez'respondebo
1158 1484 1255 1553 ipsi
1278 1481 1447 1545 ,Cur,
1493 1488 1548 1532 et
1572 1490 1672 1544 qua
1698 1472 1765 1526 de
1799 1470 2001 1525 causa?
2048 1465 2163 1522 Non

596 1589 762 1650 enim,
804 1593 862 1637 ut
882 1560 1145 1642 crederet,
1189 1572 1240 1627 id
1285 1571 1375 1625 ille
1402 1566 1648 1628 dicebat;
1696 1560 1787 1615 sed
1818 1566 1877 1613 ut
1904 1566 2163 1627 quantum

598 1675 947 1744 opinabatur,
1018 1668 1087 1722 de
1150 1659 1518 1744 incredulitate
1576 1656 1745 1723 ipsum
1802 1650 2163 1703 convinceret.

600 1734 1036 1831 Quandoquidem
1081 1738 1282 1824 primos
1300 1749 1545 1803 homines
1574 1745 1651 1797 sic
1706 1738 1945 1807 decepit,
1987 1746 2042 1790 et
2078 1734 2170 1787 de-

602 1827 917 1911 monstravit
943 1850 1085 1918 ipsos
1106 1860 1215 1897 non
1243 1841 1467 1895 multum
1489 1837 1597 1890 Deo
1625 1832 1864 1886 credere.
1885 1827 2017 1882 Nam
2046 1840 2174 1879 con-

606 1946 761 2001 traria
793 1944 856 1996 iis
880 1955 999 2011 qua:
1030 1939 1170 1991 Deus
1204 1934 1411 1989 dixerat
1429 1930 1545 1997 ipse
1576 1924 1877 1994 pollicitus,
1908 1918 2052 1972 inani
2074 1929 2168 1970 eos

604 2049 700 2103 spe
729 2005 939 2091 inﬂans,
972 2034 1132 2094 atque
1173 2023 1225 2076 in
1254 2016 1678 2074 incredulitatem
1722 2010 2011 2076 conjiciens
2036 2045 2051 2068 ,
2096 2005 2174 2057 sic

603 2094 762 2177 etiam
789 2136 852 2173 ex
886 2119 955 2171 iis
985 2130 1101 2185 quae
1130 2108 1475 2183 possidebant
1520 2102 1675 2158 bonis
1704 2098 1919 2167 dejccit.
1974 2094 2169 2147 Verum

606 2212 847 2267 Christus
876 2182 1299 2262 sese—monstrat,
1322 2211 1494 2263 neque
1523 2191 1754 2251 diabolo,
1785 2201 1953 2255 neque
1971 2182 2174 2239 Judmis

604 2302 791 2356 eadem
821 2312 939 2365 quae
959 2292 1197 2347 diabolus
1212 2284 1561 2342 sentientibus
1586 2281 2061 2347 obtemperantem,
2083 2286 2177 2325 nos

608 2391 805 2458 ubique
831 2361 1051 2445 docens,
1086 2376 1293 2433 etiamsi
1314 2373 1580 2445 possimus
1603 2367 1799 2436 aliquid
1826 2364 2061 2433 operari,
2093 2361 2178 2412 ni-

612 2479 687 2532 hil
713 2452 888 2531 tamen
920 2481 1122 2525 temere
1144 2475 1199 2521 et
1220 2466 1336 2519 sine
1361 2476 1518 2515 causa
1540 2455 1843 2510 faciendum
1871 2467 1991 2507 esse
2016 2492 2029 2513 ,
2074 2452 2179 2503 imo

612 2580 714 2622 nec
738 2566 781 2619 si
805 2561 1091 2618 necessitas
1117 2558 1295 2617 instet,
1312 2548 1523 2605 diabolo
1542 2561 1661 2601 esse
1682 2539 2175 2610 obtemperandum.

612 2656 748 2725 Quid
774 2654 946 2722 agitur
973 2644 1334 2705 exsecrandus
1361 2642 1450 2695 ille
1467 2640 1638 2692 victus
1664 2635 1789 2689 fecit
1813 2635 1836 2687 ?
1890 2633 2176 2700 Postquam

612 2722 838 2802 suadere
866 2758 970 2796 non
1001 2744 1253 2809 potuerat
1278 2741 1335 2786 ut
1357 2732 1562 2799 jussum
1589 2730 1991 2794 ex’semteretur,
2022 2722 2181 2774 etiam

617 2848 761 2891 tanta
790 2838 1019 2888 instante
1042 2829 1206 2890 fame,
1240 2825 1308 2878 ad
1332 2820 1475 2876 aliud
1499 2816 1737 2888 procedit
1757 2815 1973 2869 dicens:
2023 2810 2075 2865 6.
2124 2810 2183 2863 Si

617 2928 785 2982 Filius
810 2924 907 2978 Dei
934 2938 1005 2987 es,
1034 2920 1173 2973 mitte
1202 2926 1249 2970 te
1281 2915 1534 2968 deorsum.
1586 2909 1845 2975 Scriptum
1890 2914 1963 2957 est
2005 2905 2135 2954 enim
2163 2916 2179 2952 :

622 3014 870 3082 Quoniam
913 3007 1104 3077 angelis
1150 3004 1254 3059 suis
1296 2998 1553 3053 mandavit
1604 2996 1667 3047 de
1694 3004 1770 3057 te,
1801 2994 1926 3045 etin
1954 2991 2188 3041 manibus

621 3079 791 3156 tollent
813 3109 859 3153 te
894 3097 1055 3167 (Psal.
1085 3091 1312 3159 90.“).
1364 3090 1472 3143 Cur
1528 3085 1753 3154 singulis
1800 3079 2182 3140 mutationibus

626 3192 729 3244 hoc
752 3185 1047 3260 prtcmittit,
1074 3182 1132 3237 Si
1166 3181 1330 3234 Filius
1361 3178 1453 3231 Dei
1477 3176 1573 3229 es?
1618 3173 1767 3240 Quod
1797 3172 1903 3240 jam
1932 3172 2078 3237 prius
2108 3169 2185 3223 ie-

622 3257 787 3343 eeraf,
808 3276 858 3330 id
885 3283 938 3329 et
956 3288 1095 3329 nunc
1121 3271 1265 3325 facit.
1291 3268 1439 3322 Sicut
1466 3266 1607 3319 enim
1628 3272 1754 3317 tunc
1787 3263 1899 3315 Deo
1928 3257 2185 3313 detrahe-

622 3368 714 3423 bat
740 3369 821 3421 Itis
847 3365 1041 3428 verbis,
1090 3362 1409 3427 Quacumque
1433 3356 1515 3409 die
1560 3352 1874 3407 comederitis
1895 3390 1910 3413 ,
1962 3351 2191 3418 aperien-

625 3472 709 3514 tur
755 3458 885 3511 oculi
925 3454 1070 3508 vestri
1112 3450 1265 3520 (Gen.
1291 3450 1344 3504 5.
1376 3446 1482 3516 5);
1532 3445 1615 3499 his
1671 3441 1955 3496 ostendere
2007 3439 2191 3493 volens

626 3553 769 3616 ipsos
813 3548 1062 3614 deceptos
1092 3558 1154 3596 ac
1176 3541 1392 3594 delusos
1437 3536 1631 3595 fuisse,
1674 3531 1909 3598 nihilque
1950 3528 2190 3583 benelicii

627 3640 931 3707 accepisse:
961 3636 1031 3688 ita
1084 3642 1138 3686 et
1162 3631 1251 3684 hic
1284 3628 1511 3696 idipsum
1555 3622 1895 3677 subindicans
1936 3618 2008 3671 ait
2054 3634 2068 3669 :
2120 3617 2195 3670 Te

628 3705 821 3783 frustra
852 3724 1017 3777 lilium
1043 3718 1291 3781 vocavit,
1322 3730 1384 3769 ac
1429 3714 1572 3767 dono
1601 3720 1651 3764 te
1682 3709 1863 3763 fefellit
1895 3728 1907 3762 :
1960 3715 2105 3760 certe
2151 3705 2195 3757 si

628 3832 737 3871 non
771 3815 841 3869 ita
870 3828 930 3868 se
956 3825 1041 3865 res
1062 3810 1273 3871 habeat,
1304 3802 1557 3859 ostendas
1591 3800 1747 3854 nobis
1773 3806 1988 3869 Oportet
2035 3809 2087 3849 te
2114 3808 2195 3848 ta-

629 3907 735 3960 lem
784 3903 979 3956 habere
1033 3904 1369 3967 potestatem.
1402 3889 1600 3946 Deinde
1629 3930 1644 3953 ,
1667 3888 1928 3956 quoniam
1950 3902 2015 3941 ex
2046 3885 2193 3940 Scri-

628 3996 801 4067 pturis
829 3995 996 4061 ipsum
1032 3989 1331 4057 alloquutus
1352 3992 1498 4046 erat,
1527 3982 1640 4048 ipse
1671 3995 1881 4046 quoque
1930 3967 2199 4046 proiihela:

632 4082 989 4142 testimonium
1016 4080 1192 4134 all‘ert.

704 4176 947 4231 Diabolus
966 4189 1051 4238 per
1076 4168 1365 4239 patientiam
1385 4172 1665 4233 superatur.
1680 4189 1751 4199 -—
1770 4159 1877 4214 Cur
1902 4172 2029 4227 ergo
2053 4157 2207 4221 Chri-

637 4276 749 4322 stus
794 4278 898 4317 non
942 4261 1271 4327 indignatus,
1304 4270 1407 4308 non
1435 4258 1775 4319 exasperatus
1803 4256 1921 4311 est,
1955 4246 2046 4301 sed
2085 4262 2206 4299 cum

638 4350 1041 4411 mansuetudine
1070 4348 1231 4403 multa
1263 4356 1444 4398 rursus
1466 4356 1531 4395 ex
1572 4338 1859 4406 Scripturis
1887 4338 2056 4404 ipsum
2080 4335 2208 4387 allo-

639 4446 838 4515 quitur,
867 4442 1089 4494 dicens:
1112 4438 1165 4490 7.
1199 4434 1317 4488 Non
1345 4429 1551 4485 tentabis
1580 4427 1853 4481 Dominum
1881 4423 2040 4477 Deum
2068 4434 2207 4476 tuum

642 4514 817 4604 (Deut.
846 4532 900 4585 ϐ.
926 4530 1049 4599 16)?
1080 4527 1147 4582 Ut
1174 4540 1269 4578 nos
1302 4522 1512 4583 doceat,
1545 4533 1649 4571 non
1674 4531 1765 4585 per
1788 4516 1956 4584 signa,
1990 4514 2083 4567 sed
2117 4528 2210 4582 per

642 4622 949 4694 patientiam
980 4613 1335 4686 superandum
1363 4610 1633 4664 diabolum
1660 4620 1797 4667 esse,
1832 4606 2062 4674 nihilque
2087 4620 2206 4655 om-

643 4716 768 4769 nino
812 4712 878 4765 ad
908 4708 1312 4763 ostentationem
1343 4716 1463 4756 esse
1509 4696 1827 4753 faciendum.
1881 4694 2004 4763 Ejus
2052 4708 2211 4762 porro

644 4801 922 4857 stultitiam
951 4799 1032 4852 vel
1054 4798 1119 4851 ab
1143 4810 1209 4849 eo
1238 4791 1375 4861 quod
1401 4790 1575 4843 attulit
1604 4785 1907 4841 testimonio
1922 4785 2207 4852 perpende.

643 4892 773 4946 Nam
800 4886 1094 4944 testimonia
1120 4900 1150 4937 a
1171 4883 1391 4936 Domino
1417 4879 1573 4932 allata
1606 4877 1763 4930 ambo
1794 4874 2075 4927 admodum
2102 4865 2215 4940 lop-

645 4989 871 5052 portune
890 4976 1121 5031 adhibita
1148 4981 1302 5035 sunt;
1326 4984 1442 5039 quae
1469 4978 1643 5022 autem
1671 4968 1738 5021 ab
1757 4966 1847 5020 illo
1870 4974 2212 5033 usurpantur,

646 5082 847 5125 temere
872 5077 926 5122 et
950 5067 1127 5135 inepte
1152 5061 1510 5130 proferuntur,
1540 5072 1637 5111 nec
1662 5056 1725 5109 ad
1752 5070 1865 5110 rem
1890 5055 2209 5123 propositam

647 5157 1047 5216 accommodata
1076 5163 1216 5209 sunt.
1245 5151 1424 5219 Neque
1448 5149 1588 5202 enim
1621 5145 1746 5200 illud
1768 5187 1783 5210 ,
1825 5145 2078 5213 Scriptum
2108 5151 2215 5208 est,

654 5249 858 5318 Angelis
881 5248 985 5299 suis
1013 5242 1265 5297 mandavit
1307 5240 1369 5292 de
1415 5248 1481 5304 te,
1521 5236 1706 5290 suadet
1729 5248 1849 5288 sese
1893 5233 2214 5301 prtecipitem

652 5340 783 5393 dare
812 5354 827 5392 :
859 5336 1089 5405 alioquin
1114 5347 1241 5387 vero
1268 5346 1372 5384 non
1394 5328 1462 5384 de
1492 5328 1717 5382 Domino
1742 5325 1844 5378 hoc
1881 5324 2090 5377 dicitur.
2120 5326 2216 5376 At-

659 5442 835 5485 tamen
863 5428 963 5481 hoc
989 5427 1076 5481 ille
1118 5439 1224 5478 non
1250 5420 1461 5484 refellit,
1494 5418 1592 5472 etsi
1617 5415 1996 5471 contumeliose
2040 5413 2221 5466 diabo-

661 5522 745 5576 lus
768 5519 909 5573 dicto
934 5532 1058 5570 usus
1074 5513 1277 5577 fuisset,
1304 5511 1557 5578 valdeque
1578 5507 1843 5561 contrario
1860 5520 2037 5560 sensu.
2056 5503 2221 5559 Nemo

721 5632 740 5664 ⁸
775 5638 917 5689 Unus.
940 5628 1025 5679 sed
1047 5625 1183 5677 illum
1203 5621 1393 5688 placide
1413 5617 1676 5681 redarguit,
1700 5616 1879 5665 dicens.

1304 290 1361 347 S.
1398 282 1678 345 JOANNIS
1713 272 2184 336 ClIRYSOSTOMI
2223 267 2533 326 AllClllEP.
2584 259 3121 321 CONSTANTINOP.

3730 253 3838 308 2ίὲ

2255 384 2396 437 enim
2426 396 2456 435 a
2487 380 2622 435 Filio
2652 378 2746 433 Dei
2780 376 2882 430 hoc
2910 374 3075 443 petit,
3103 370 3195 427 sed
3217 369 3413 427 diaboli
3446 375 3501 424 et
3531 368 3841 425 daemonum

2254 473 2536 528 consilium
2552 479 2633 526 est
2652 485 2711 524 se
2736 467 2991 523 deorsum
3021 463 3269 517 mittere:
3300 462 3393 517 Dei
3420 474 3571 526 vero,
3600 460 3845 529 iacentes

2255 566 2482 634 erigere.
2510 564 2641 617 Nam
2675 562 2717 616 si
2750 559 3040 629 potentiam
3067 554 3353 610 ostendere
3392 559 3697 620 oporteret,
3732 566 3844 606 non

2256 658 2490 722 seipsum
2521 650 2803 715 mittendo,
2822 647 2907 703 vel
2929 644 3331 717 praecipitando,
3348 644 3445 698 sed
3462 644 3598 698 alios
3622 657 3843 698 servan-

2256 747 2349 808 do,
2379 744 2429 799 id
2452 744 2682 798 fecisset.
2726 740 2971 808 Seipsum
2996 739 3139 792 enim
3173 737 3224 790 in
3266 744 3533 805 praerupta
3557 744 3611 789 et
3652 734 3843 802 ρι’ωοὶ-

2259 837 2387 906 pitia
2429 835 2659 898 mittere,
2684 831 2753 885 ad
2780 829 2974 885 diaboli
3007 827 3325 897 phalangem
3354 827 3604 895 pertinet.
3628 824 3719 881 Sic
3752 824 3852 893 lgi-

2260 934 2348 979 tnr
2402 924 2494 979 ille
2522 922 2771 977 seductor
2798 920 2993 987 ubique
3021 932 3183 987 agere
3210 916 3362 971 solet.
3398 916 3505 971 Sed
3545 914 3628 969 his
3665 915 3847 983 dictis,

2260 1017 2506 1070 Christus
2532 1028 2637 1067 non
2663 1027 2721 1066 se
2748 1022 2923 1064 tamen
2949 1009 3172 1071 revelat,
3198 1008 3291 1063 sed
3312 1009 3465 1078 quasi
3496 1008 3655 1061 homo
3682 1008 3729 1062 ei
3762 1008 3854 1061 in-

2267 1107 2417 1159 terim
2444 1106 2694 1173 loquitur.
2724 1102 2854 1156 Nam
2872 1101 3010 1169 quod
3039 1100 3191 1163 dixit,
3224 1097 3346 1151 Non
3367 1099 3420 1150 in
3441 1099 3549 1151 solo
3580 1114 3709 1167 pane
3724 1099 3853 1151 vicet

2266 1198 2436 1260 homo,
2466 1204 2624 1262 atque
2645 1193 2795 1256 illud,
2818 1191 2938 1245 Non
2962 1190 3171 1243 tentabis
3201 1188 3471 1241 Dominum
3498 1187 3656 1241 Deum
3683 1197 3850 1249 tuum,

2267 1300 2374 1339 non
2404 1299 2524 1339 sese
2550 1284 2835 1336 admodum
2888 1279 3274 1334 manifestantis
3317 1287 3455 1341 erat,
3494 1279 3587 1333 sed
3621 1292 3741 1332 sese
3783 1293 3854 1331 ex

2268 1383 2581 1427 exterarum
2610 1371 2883 1447 hominum
2910 1384 3132 1424 numero
3159 1368 3503 1423 declarantis.
3532 1368 3610 1422 Ne
3638 1368 3855 1422 mireris

2270 1478 2430 1531 porro
2457 1463 2498 1515 si
2528 1460 2803 1516 Christum
2831 1461 3128 1529 alloquens,
3161 1472 3221 1513 se
3246 1459 3446 1512 circum
3477 1474 3621 1527 saepe
3656 1466 3853 1512 vertat.

2271 1551 2730 1620 Quemadmodum
2761 1551 2903 1603 enim
2934 1550 3160 1618 pugiles,
3205 1563 3327 1602 cum
3361 1548 3536 1604 letalia
3585 1549 3859 1617 accipiunt

2272 1644 2495 1697 vulnera
2520 1683 2533 1705 ,
2566 1641 2880 1709 sanguinem
2939 1640 3468 1705 circumemittcntes,
3500 1650 3553 1693 et
3596 1642 3860 1709 vertigine

2273 1732 2413 1800 capti
2440 1730 2886 1785 circumferuntur
2914 1744 2929 1783 :
2962 1730 3039 1782 sic
3070 1738 3124 1782 et
3153 1729 3241 1781 ille
3281 1744 3311 1781 a
3341 1730 3509 1796 prima
3540 1739 3594 1783 et
3623 1729 3858 1783 secunda

2278 1823 2427 1891 plaga
2450 1821 2850 1883 obtenebratus,
2878 1832 2997 1886 qua:
3027 1819 3080 1871 in
3126 1830 3359 1871 mentem
3389 1818 3611 1873 veniunt
3656 1820 3861 1888 simpli-

2276 1917 2408 1970 citer
2439 1916 2674 1983 profert,
2702 1922 2755 1967 et
2790 1911 2858 1964 ad
2886 1911 3103 1965 tertium
3133 1924 3479 1979 congressum
3511 1911 3773 1979 procedit.
3802 1913 3859 1965 8.

2278 2005 2346 2058 Et
2362 2013 2618 2068 assumpto
2640 2018 2697 2055 eo
2722 2005 2772 2053 in
2800 2011 3015 2053 montem
3042 2002 3294 2054 excelsum
3320 2041 3335 2065 ,
3365 2001 3581 2053 ostendit
3620 2001 3665 2051 ei
3692 2002 3864 2053 omnia

2277 2111 2431 2163 regna
2454 2096 2468 2124 ί
2491 2111 2503 2157 ;
2529 2093 2580 2146 9.
2584 2103 2651 2165 χει
2670 2093 2797 2144 dixit
2826 2106 2845 2144 :
2865 2089 2991 2144 Htec
3013 2092 3183 2143 omnia
3210 2090 3296 2142 tibi
3316 2090 3447 2142 dabo
3472 2091 3513 2143 si
3535 2092 3719 2142 cadens
3737 2092 3865 2142 ado-

2278 2184 2465 2236 raveris
2495 2198 2589 2233 me.
2616 2182 2699 2235 10.
2726 2180 2867 2234 Tunc
2890 2180 3010 2232 dicit
3041 2181 3083 2231 ei
3114 2195 3133 2232 :
3170 2178 3310 2231 Vade
3352 2188 3485 2246 retro
3526 2196 3621 2241 me,
3661 2188 3861 2231 satana.

2283 2275 2540 2339 Scriptum
2560 2283 2631 2325 est
2652 2273 2781 2324 enim
2805 2288 2824 2323 :
2850 2269 3123 2323 Dominum
3158 2269 3319 2321 Deum
3349 2281 3487 2322 tuum
3517 2270 3752 2323 adorabis
3772 2312 3786 2331 ,
3820 2281 3869 2322 et

2283 2367 2358 2418 illi
2386 2365 2479 2417 soli
2510 2364 2690 2434 servies
2712 2360 2887 2433 (Deut.
2908 2363 2959 2415 6.
2988 2362 3097 2429 1'5).
3124 2361 3253 2426 Quia
3284 2361 3425 2413 enim
3447 2362 3557 2428 jam
3577 2362 3627 2413 in
3657 2360 3867 2413 Patrem

2286 2459 2453 2524 ipsum
2486 2462 2797 2523 peccaverat
2820 2494 2837 2520 ,
2888 2455 3063 2507 omnia
3092 2468 3212 2522 qute
3257 2452 3397 2505 illius
3424 2461 3577 2506 erant
3614 2466 3708 2505 sua
3746 2466 3873 2517 esse

2283 2550 2486 2612 dicens,
2518 2555 2573 2600 et
2608 2560 2667 2600 se
2698 2544 2857 2598 deum
2888 2542 3124 2613 profiteri
3149 2542 3431 2606 studebat,
3463 2551 3521 2596 ut
3564 2552 3871 2596 creatorem

2287 2640 2542 2703 universi,
2577 2651 2702 2717 tunc
2750 2637 3082 2706 increpavit;
3139 2651 3312 2704 neque
3341 2651 3462 2689 cum
3505 2636 3871 2699 vehementia,

2287 2731 2378 2785 sed
2408 2730 2720 2798 simpliciter
2746 2744 2758 2780 :
2799 2727 2940 2780 Vade
2964 2738 3095 2779 retro
3123 2742 3219 2791 me,
3263 2736 3463 2779 satana.
3483 2726 3634 2792 Quod
3662 2726 3873 2793 jussum

2290 2822 2456 2889 magis
2495 2827 2648 2881 erat,
2702 2833 2861 2886 quam
2916 2818 3230 2883 increpatio.
3274 2816 3439 2871 Simul
3472 2817 3667 2886 quippe
3714 2816 3872 2881 dixit,

2299 2910 2456 2972 Vade,
2484 2918 2538 2964 et
2566 2909 2761 2978 fugavit
2787 2909 2951 2963 illum.
2978 2907 3158 2975 Neque
3173 2907 3315 2959 enim
3337 2907 3467 2960 alias
3496 2907 3591 2975 ipsi
3626 2909 3877 2961 tentatio-

2289 3014 2384 3053 nes
2414 2999 2622 3052 obtulit.

2358 3092 2410 3144 4.
2440 3089 2703 3155 Quomodo
2732 3089 2959 3143 Christus
2984 3104 3179 3141 omnem
3205 3091 3523 3142 tentationem
3551 3105 3878 3144 consumma-

2292 3183 2434 3235 verit.
2463 3181 2650 3233 Contra
2678 3179 2894 3231 habendi
2913 3180 3330 3249 rupiditatem.—
3351 3179 3418 3233 Et
3441 3181 3742 3247 quomodo,
3789 3183 3877 3235 iu-

2293 3272 2462 3340 quies,
2496 3264 2663 3323 Lucas
2689 3270 2783 3331 ait,
2812 3270 2983 3337 ipsum
3005 3284 3218 3323 omnem
3252 3271 3598 3324 tentationem
3627 3287 3882 3327 consum-

2296 3362 2526 3415 mavisse
2552 3359 2702 3427 (Luc.
2736 3360 2789 3413 ι.
2822 3358 2956 3428 15)?
2990 3358 3209 3413 Videtur
3249 3361 3381 3413 mihi
3413 3370 3470 3415 ut
3494 3362 3665 3428 capita
3706 3372 3883 3418 tenta-

2297 3453 2498 3506 tionnm
2519 3451 2741 3514 diceret,
2758 3464 2945 3504 omnes
2972 3449 3190 3514 dixisse,
3214 3450 3363 3519 quasi
3385 3450 3505 3504 aliis
3528 3450 3627 3506 hoc
3655 3469 3885 3508 numero

2295 3542 2716 3611 comprehensis.
2742 3540 2875 3595 Nam
2900 3540 3010 3594 lucc
3033 3540 3191 3602 mala,
3211 3540 3487 3595 innumera
3515 3542 3615 3595 alia
3644 3545 3886 3612 comple-

2298 3643 2533 3698 ctuntur,
2555 3633 2726 3687 ventri
2750 3632 2971 3695 servire,
2995 3630 3063 3685 ad
3084 3645 3273 3684 vanam
3297 3632 3519 3701 gloriam
3547 3634 3670 3701 quid
3698 3649 3884 3703 agere,

2301 3724 2498 3781 furioso
2536 3722 2874 3791 pecuniarum
2918 3734 3102 3775 amore
3145 3721 3336 3775 teneri.
3386 3720 3537 3786 Quod
3562 3736 3684 3775 cum
3716 3723 3889 3780 sciret

2300 3814 2593 3869 sceleratus
2644 3812 2761 3877 ille,
2812 3810 3060 3866 omnibus
3102 3811 3470 3877 valentiorem,
3527 3813 3887 3871 insatiabilem

2302 3906 2529 3961 habendi
2556 3904 2923 3975 cupiditatem,
2946 3904 3185 3957 ultimam
3215 3905 3419 3972 posuit;
3452 3904 3501 3957 id
3526 3905 3636 3974 jam
3670 3916 3796 3961 ante
3832 3918 3890 3962 ct

2302 4010 2331 4048 a
2362 3996 2619 4063 principio
2657 3994 2977 4063 parturiens,
3026 3993 3120 4045 sed
3164 4004 3491 4061 postremum
3521 4008 3762 4061 servans,
3796 4005 3889 4050 ut-

2308 4094 2428 4153 pote
2456 4083 2679 4137 validius
2714 4084 2943 4136 ercteris.
2990 4081 3117 4135 Haec
3140 4082 3338 4151 quippe
3382 4082 3549 4152 ipsius
3578 4086 3891 4140 certaminis

2309 4175 2389 4227 lex
2416 4183 2518 4239 est,
2565 4182 2621 4226 ut
2648 4188 2766 4241 quae
2786 4172 3033 4225 videntur
3067 4171 3133 4225 ad
3168 4173 3623 4242 'supplantandum
3655 4177 3890 4245 aptiora,

2307 4275 2573 4334 postrema
2599 4264 2805 4317 afferat.
2836 4263 2987 4328 Quod
3018 4264 3178 4317 etiam
3214 4264 3354 4317 circa
3384 4262 3576 4318 Jobum
3622 4264 3769 4321 fecit.
3797 4266 3857 4321 Id

2308 4353 2448 4406 circo
2476 4352 2560 4406 hic
2588 4368 2742 4406 orsus
2762 4354 2829 4407 ab
2857 4353 2920 4407 iis
2948 4368 3064 4423 qua:
3096 4353 3409 4407 videbantur
3431 4355 3725 4410 inﬁrmiora
3742 4372 3892 4426 esse,

2311 4442 2376 4496 ad
2406 4442 2662 4496 valentius
2687 4443 2947 4511 procedit.
2994 4442 3275 4509 Quomodo
3319 4454 3497 4499 autem
3540 4445 3642 4501 hoc
3687 4450 3894 4507 malum

2311 4533 2524 4589 vincere
2553 4533 2795 4601 Oportet?
2827 4532 2893 4587 Ut
2915 4532 3162 4587 Christus
3182 4532 3382 4599 docuit,
3409 4534 3476 4589 ad
3504 4535 3672 4591 Deum
3702 4540 3896 4596 confu~

2313 4625 2503 4693 giendo
2549 4640 2564 4675 :
2616 4624 2683 4677 ita
2711 4633 2894 4679 utnec
2939 4626 3077 4677 fame
3103 4624 3469 4691 concidamus,
3511 4628 3791 4686 credentes
3842 4636 3898 4688 ei

2313 4716 2400 4785 qui
2434 4723 2608 4784 potest
2636 4716 2791 4768 etiam
2823 4715 2984 4769 verbo
3006 4729 3243 4783 pascere,
3280 4730 3379 4769 nec
3412 4717 3462 4770 in
3484 4718 3638 4775 bonis
3665 4738 3785 4790 qua:
3804 4739 3903 4779 ae-

2316 4815 2578 4882 cepimus,
2602 4812 2838 4867 datorcm
2864 4823 3151 4877 tentemus;
3185 4813 3279 4868 sed
3308 4828 3537 4883 superna
3566 4816 3735 4884 gloria
3761 4831 3897 4871 con-

2318 4904 2469 4967 tenti,
2503 4902 2745 4957 humana:
2767 4904 2963 4957 nullam
2997 4904 3283 4959 habeamus
3303 4907 3589 4971 rationem,
3619 4916 3672 4961 et
3700 4907 3901 4978 ubique

2317 4993 2457 5061 quod
2485 4993 2806 5061 superﬂuum
2826 5002 2928 5055 est,
2949 4994 3327 5062 despiciamns.
3350 4994 3490 5050 Nihil
3515 4996 3657 5050 enim
3682 4996 3750 5048 ita
3777 4996 3900 5051 dia-

2319 5082 2443 5136 bolo
2472 5082 2740 5137 subditum
2778 5083 2973 5148 reddit,
3004 5092 3059 5137 ut
3089 5085 3402 5139 insatiabilis
3431 5085 3658 5139 habendi
3686 5086 3902 5155 cupidi-

2322 5184 2424 5238 tas,
2459 5175 2776 5228 eravaritia.
2812 5175 2973 5244 quue
2999 5190 3062 5229 ex
3092 5176 3157 5230 iis
3180 5191 3298 5245 quae
3328 5191 3470 5229 nunc
3493 5176 3746 5229 eveniunt
3776 5192 3904 5232 cer-

2322 5278 2453 5318 nere
2507 5272 2609 5317 est.
2642 5264 2786 5351 Sunt
2828 5264 2969 5319 enim
3018 5266 3109 5333 qui
3162 5265 3341 5319 dicant
3369 5279 3384 5321 :
3416 5264 3542 5318 Haec
3583 5267 3762 5321 omnia
3805 5266 3905 5324 ιῶἰ

2322 5352 2704 5424 ἀίειὴιηιιε,“8ἱ
2758 5354 2955 5408 cadens
3012 5354 3634 5409 adoraveriszhomines
3683 5356 3903 5425 quidem

2324 5453 2534 5507 natura,
2566 5442 2662 5497 sed
2701 5444 3055 5499 instrumenta
3085 5444 3279 5500 diaboli
3305 5444 3501 5500 ell‘ecti.
3536 5444 3668 5500 Nam
3697 5455 3752 5501 et
3776 5456 3909 5505 tunc

2388 5552 2405 5583 ι
2440 5558 2549 5621 gest
2569 5552 2658 5621 bas
2679 5565 2840 5605 voces.
2865 5554 3026 5605 onmia
3044 5566 3211 5617 regna,
3235 5554 3429 5616 quidam
3446 5553 3644 5617 addunt,
3667 5554 3840 5606 nandi
3860 5564 3909 5609 ct

2327 5610 2530 5675 gloriam
2554 5614 2676 5674 ejus.
