4124 6302
305 337 419 398 IIS

308 471 418 510 non
451 468 549 526 per
575 467 640 510 ae
657 452 854 516 solum,
880 447 976 504 sed
995 446 1208 517 per-alia
1235 443 1478 516 quaedam
1497 445 1669 515 ipsum
1695 455 1906 513 aggres-

306 559 403 601 sus
446 552 532 599 est
563 561 578 598 :
607 543 748 614 quod
786 538 1068 594 declarans
1087 535 1261 592 Lucas
1299 535 1509 590 dicebat
1541 551 1554 586 :
1584 535 1666 588 Ad
1711 545 1908 600 tempus

309 635 543 690 discessit
570 636 634 688 ab
657 632 746 686 illo
776 629 936 698 (Luc.
961 630 1016 684 ι.
1046 627 1181 699 I5);
1211 626 1494 684 declarans
1520 623 1695 695 ipsum
1723 633 1906 693 postea

308 743 432 782 cum
458 727 690 797 propriis
714 724 814 777 sibi
845 721 1215 828 instrpmentis
1238 715 1552 774 accessisse.
1585 719 1673 772 Il.
1706 715 1774 771 Et
1793 732 1907 771 ecce

306 818 482 888 angeli
504 825 839 876 accesserunt,
874 823 920 868 et
950 807 1307 866 niiuistrubant
1342 809 1408 863 ei.
1435 807 1570 863 Cum
1596 807 1739 863 cnim
1783 821 1904 862 con-

308 909 486 963 flictus
536 917 686 969 erat,
725 922 830 959 nun
883 905 1009 959 sivit
1046 902 1168 958 illos
1199 916 1497 972 apparere,
1544 914 1612 955 ne
1638 914 1760 953 mos
1813 914 1902 954 ca-

308 999 564 1070 piendum
600 997 1046 1067 perterrefaeeret
1075 1011 1090 1048 :
1123 1001 1403 1065 postquam
1434 1001 1613 1048 auten.
1636 992 1785 1046 illum
1809 1006 1906 1060 per

307 1099 501 1147 cuncta
541 1089 860 1154 confutavit,
900 1098 956 1142 et
983 1087 1204 1158 fugavit,
1240 1095 1368 1141 tunc
1391 1094 1652 1157 apparent
1688 1084 1763 1138 illi
1797 1101 1812 1139 :
1847 1093 1904 1138 ιιι

299 1176 551 1230 discute
565 1186 1100 1247 quoque,postquatn
1113 1177 1179 1232 ad
1195 1178 1505 1247 exemplum
1522 1178 1642 1247 ejus
1661 1179 1905 1242 viceris‘.

300 1281 333 1320 a
342 1268 373 1318 b
383 1266 592 1335 angelis
601 1266 979 1337 excipiendum
993 1280 1116 1322 esse
1127 1267 1603 1338 plaudentibus,ac
1615 1285 1709 1337 per
1724 1269 1908 1324 omnia

300 1357 655 1428 stipantibus.
676 1358 768 1415 Sic
792 1360 937 1414 enim
959 1369 1014 1414 et
1029 1357 1299 1415 Lazarum
1327 1370 1453 1431 post
1479 1360 1755 1417 fornacem
1779 1374 1904 1432 pa'u-

302 1451 718 1520 pertatis,famis
732 1462 783 1506 et
796 1453 1260 1536 aiigustiar,ang_eli
1277 1453 1613 1523 excipientes
1625 1453 1900 1509 abierunt.

300 1541 603 1613 Siquidem,
635 1549 695 1596 ut
709 1539 818 1610 jam
845 1539 979 1606 dixi,
1011 1539 1175 1594 multa
1197 1536 1449 1593 Christus
1472 1551 1613 1592 nunc
1639 1537 1896 1604 ostendit,

299 1635 501 1704 quibus
531 1648 631 1688 nos
661 1632 920 1688 fruemur.
959 1631 1096 1700 Quia
1127 1631 1288 1701 igitur
1314 1628 1432 1684 hace
1472 1629 1650 1683 omnia
1679 1639 1899 1699 promer

298 1734 356 1778 te
377 1723 514 1778 facta
544 1733 690 1788 sunt,
725 1722 861 1777 hanc
912 1721 1124 1776 imitare
1147 1761 1164 1787 ,
1195 1730 1252 1776 et
1293 1720 1548 1776 amulare
1592 1721 1894 1776 victoriam.

299 1811 372 1868 Et
392 1814 438 1867 si
476 1813 598 1883 quis
626 1828 692 1868 ex
717 1811 1161 1884 illius_da:mouis
1191 1810 1450 1866 ministris
1493 1820 1546 1865 te
1584 1809 1760 1876 adeat,
1804 1811 1894 1881 qui

298 1902 424 1956 talia
443 1904 633 1973 sapiat,
660 1902 993 1972 exprobrans
1021 1901 1116 1956 tibi
1137 1917 1200 1956 ac
1228 1901 1452 1957 dicens:
1476 1900 1737 1955 Mirabilis
1781 1917 1895 1955 nia-

293 2007 544 2063 gnusque
575 2007 655 2057 es,
706 2002 945 2047 montem
975 1991 1207 2046 transfer
1235 2009 1249 2046 :
1280 2006 1347 2046 ne
1374 1991 1628 2053 turberis,
1669 2007 1740 2046 ne
1778 2006 1896 2046 iuo-

294 2084 505 2150 vearis;
537 2084 632 2138 sed
650 2098 772 2139 cum
793 2083 1200 2138 mansuetudine
1222 2083 1508 2153 reaponde,
1527 2093 1586 2136 ut
1609 2083 1892 2138 Dominum

289 2174 492 2230 audisti
522 2173 788 2229 dicentem
821 2191 836 2229 :
869 2173 989 2228 Non
1007 2174 1218 2230 lactabit
1238 2172 1514 2228 Demittunt
1535 2173 1699 2229 Deum
1725 2184 1889 2227 tuum.

289 2265 390 2320 Siti
410 2264 502 2320 ille
529 2265 751 2335 gloriam
794 2265 1194 2336 potentiamque
1222 2263 1454 2319 offerens
1477 2273 1638 2335 atque
1662 2263 1890 2318 immen-

286 2371 408 2414 sam
437 2358 544 2412 vim
569 2357 906 2422 divitiarum,
936 2357 1166 2412 adorare
1195 2365 1246 2411 te
1284 2356 1472 2426 jubeat
1494 2395 1508 2421 ,
1542 2366 1621 2409 sta
1655 2355 1887 2410 fortiter.

288 2451 406 2506 Non
431 2451 575 2506 enim
596 2460 784 2506 contra
809 2464 1148 2506 communem
1182 2448 1464 2504 Dominum
1502 2458 1740 2504 nostrum
1773 2463 1888 2500 oni-

287 2543 441 2599 nium
486 2553 688 2598 tantum
720 2546 821 2599 hoc
848 2543 974 2599 fecit
1011 2542 1292 2607 diabolus;
1341 2541 1436 2596 sed
1463 2542 1625 2596 etiam
1649 2540 1888 2610 quotidie

286 2635 342 2690 in
385 2632 626 2705 singulos
655 2634 772 2703 ejus
803 2649 990 2689 servos
1012 2633 1110 2688 has
1139 2631 1394 2687 admovet
1435 2630 1747 2695 machinas;
1777 2647 1887 2686 non

284 2735 494 2784 tantum
514 2727 566 2781 in
598 2726 889 2789 montibus,
913 2724 1237 2792 in'desertis,
1257 2723 1350 2779 sed
1364 2724 1526 2778 etiam
1557 2724 1610 2776 in
1639 2725 1884 2795 urbibus,

283 2822 337 2872 iu
367 2817 525 2883 foris,
555 2818 607 2873 in
639 2816 1023 2881 tribunalibus;
1065 2829 1239 2885 neque
1269 2828 1367 2883 per
1396 2827 1453 2868 se
1491 2816 1666 2872 solum
1709 2818 1802 2870 sed
1831 2824 1886 2868 et

281 2925 380 2979 per
393 2908 646 2965 homines
669 2920 930 2980 cognatos
952 2916 1188 2963 nostros.
1207 2905 1342 2973 Quid
1369 2905 1524 2980 igitur
1539 2906 1884 2962 faciendum?

279 3000 398 3058 Non
429 2999 764 3057 credendum
793 3000 843 3056 ei
870 3041 883 3063 ,
917 3013 1180 3071 auresque
1210 3007 1336 3054 sunt
1361 2996 1725 3062 obstrnendac,
1751 2996 1882 3052 adu-

279 3096 528 3167 latorqtte
571 3091 698 3150 odio
742 3092 1069 3150 habendus:
1103 3100 1159 3146 et
1201 3107 1323 3146 cum
1361 3090 1562 3159 majora
1597 3091 1877 3159 promittit,

279 3199 394 3242 tum
428 3187 595 3257 magis
625 3185 866 3239 aversari
894 3199 1016 3237 eum
1047 3191 1280 3251 oportet.
1310 3180 1585 3250 Siquidem
1617 3189 1672 3234 et
1713 3180 1877 3234 Evam

276 3295 402 3333 cum
435 3293 530 3348 spe
557 3277 762 3346 majore
788 3274 1001 3340 extulit,
1036 3282 1162 3328 tunc
1181 3271 1396 3342 dejecit,
1417 3272 1756 3340 maximaque
1779 3271 1876 3338 ipsi

277 3371 460 3424 intulit
491 3369 651 3423 mala.
687 3366 868 3428 Hostis
898 3367 1100 3435 quippe
1120 3374 1198 3418 est
1245 3363 1612 3426 inexorabilis,
1646 3362 1874 3416 bellum-

275 3478 382 3530 que
409 3471 597 3516 contra
626 3476 724 3515 nos
753 3459 991 3527 suscepit
1014 3455 1370 3526 implacabile.
1405 3455 1514 3511 Nec
1549 3456 1617 3508 ita
1647 3471 1745 3510 nos
1790 3472 1877 3509 sa-

274 3555 372 3609 luti
404 3564 608 3608 nostra:
639 3552 942 3616 studemus,
973 3561 1028 3604 ut
1057 3551 1148 3604 ille
1178 3558 1373 3604 nostra:
1405 3548 1680 3617 perniciei.
1720 3549 1873 3599 Aver-

273 3661 458 3701 semur
499 3647 677 3714 itaque
729 3643 901 3705 illum,
956 3657 1062 3696 non
1095 3640 1272 3695 verbis
1303 3648 1546 3702 tantum,
1590 3637 1682 3692 sed
1711 3638 1871 3692 etiam

271 3737 563 3806 operibus;
619 3751 725 3789 non
765 3742 946 3788 mente
990 3732 1200 3795 solum,
1230 3730 1324 3785 sed
1373 3729 1598 3792 actibus,
1633 3729 1872 3797 nihilque

270 3827 413 3898 quod
445 3826 547 3895 ipsi
590 3825 840 3896 placitum
864 3824 936 3878 sit
965 3822 1219 3878 faciamus
1253 3839 1267 3875 :
1297 3822 1374 3874 sic
1401 3819 1580 3874 omnia
1611 3834 1733 3888 qua:
1763 3818 1872 3873 Dco

273 3918 468 3989 placita
497 3926 622 3970 sunt
649 3916 926 3970 faciemus.
957 3912 1088 3968 Nam
1115 3910 1281 3966 multa
1312 3911 1398 3964 ille
1423 3911 1728 3978 pollicetur,
1763 3924 1868 3962 non

273 4023 332 4069 ut
357 4014 492 4076 det,
523 4011 619 4066 sed
651 4021 708 4064 ut
737 4007 986 4079 accipiat.
1012 4004 1092 4062 Ex
1124 4005 1310 4074 rapina
1341 4003 1643 4072 pollicetur,
1675 4010 1731 4054 ut
1774 4015 1870 4054 au-

271 4105 410 4159 ferat
436 4115 658 4171 regnnm
687 4110 739 4156 et
759 4099 1056 4168 justitiam;
1090 4095 1372 4151 thesauros
1403 4092 1456 4145 in
1489 4101 1632 4146 terra
1657 4106 1753 4145 ceu
1785 4092 1867 4144 la-

269 4209 442 4265 queos
469 4192 695 4248 tendens
725 4199 885 4261 atque
917 4200 1132 4250 casses.
1180 4194 1238 4240 ut
1276 4193 1330 4240 et
1360 4183 1442 4237 his
1482 4191 1536 4239 et
1564 4181 1868 4236 cmlestibus

270 4286 448 4356 privet
501 4281 816 4338 thesauris:
849 4279 962 4335 vult
1012 4291 1112 4334 nos
1159 4278 1245 4331 hic.
1298 4276 1585 4339 ditescere,
1639 4289 1709 4328 ne
1763 4273 1869 4327 illic

270 4377 619 4433 ditescamus.
653 4373 746 4430 Sin
777 4388 880 4427 non
915 4374 1083 4444 posslt
1124 4383 1218 4424 aus.
1269 4385 1365 4439 per
1411 4368 1622 4421 divitias
1666 4369 1732 4421 ab
1779 4366 1865 4421 illa

271 4478 422 4526 sorte
447 4468 670 4539 ejicere,
698 4468 944 4528 alteram,
974 4479 1069 4533 per
1089 4469 1456 4532 paupertatem
1487 4474 1694 4528 nempe,
1729 4460 1864 4512 viam

271 4561 370 4617 init
399 4579 412 4614 :
446 4559 588 4630 quod
621 4559 672 4612 in
704 4552 806 4612 Job
852 4556 995 4609 fecit.
1042 4555 1178 4607 Cum
1219 4551 1409 4606 viderit
1439 4553 1581 4605 enim
1636 4548 1765 4603 nihil
1813 4553 1861 4600 ci

273 4650 522 4706 not-misse
564 4649 775 4705 divitias
800 4688 813 4709 .
851 4661 942 4716 per
971 4651 1338 4714 paupertatem
1369 4644 1496 4695 retia
1529 4642 1715 4702 nectit,
1766 4639 1866 4692 hac

272 4743 355 4796 via
411 4756 632 4811 sperans
680 4754 740 4794 se
781 4738 1062 4793 victoriam
1108 4744 1502 4806 rcportaturum
1563 4745 1681 4785 esse
1715 4749 1728 4784 :
1759 4748 1866 4801 quo

271 4833 398 4906 quid
442 4832 655 4886 stultius
680 4846 798 4885 esse
846 4829 1052 4898 possit?
1084 4826 1182 4895 Qui
1227 4827 1372 4880 enim
1419 4824 1629 4878 divitias
1662 4834 1866 4890 tempe.

272 4909 457 4981 rantc}
484 4924 623 4978 ferre
651 4925 840 4994 potuit,
876 4924 1045 4977 multo
1075 4922 1242 4989 magis
1265 4929 1630 4987 paupertatem
1656 4914 1860 4969 fortiter

270 5020 407 5072 reret
430 5031 444 5069 :
472 5024 527 5070 et
547 5016 633 5085 qui
656 5022 950 5084 pra-sentes
970 5013 1181 5065 divitias
1201 5026 1304 5064 non
1327 5009 1652 5077 concupivit.
1672 5009 1858 5061 absen-

275 5121 354 5162 tes
385 5122 493 5160 non
525 5115 749 5172 quamet.
780 5102 1230 5173 quemadmodum
1286 5115 1460 5168 neque
1507 5101 1692 5152 beatus
1737 5098 1861 5158 ille;

268 5200 366 5256 sed
408 5217 475 5255 ex
519 5207 832 5270 paupertate
872 5211 1083 5250 rursum
1119 5194 1447 5264 Splentlidior
1495 5193 1715 5246 effectus
1758 5202 1859 5245 est.

270 5294 402 5350 Nam
430 5293 644 5348 divitias
669 5291 882 5362 quidem
912 5291 1122 5343 auferre
1144 5289 1315 5358 potuit
1343 5287 1606 5351 Illhliglllls
1636 5284 1726 5337 ille
1752 5283 1863 5335 da:-

270 5402 432 5448 tnon;
473 5386 748 5438 caritatem
779 5397 906 5435 vero
941 5393 1066 5449 erga
1113 5379 1276 5431 Deum
1311 5392 1415 5430 non
1464 5376 1621 5428 modo
1651 5371 1863 5426 auferre

271 5494 376 5530 non
406 5476 608 5544 potuit,
644 5474 736 5527 sed
769 5475 928 5527 etiam
963 5470 1337 5524 lcrveutiorem
1371 5465 1627 5528 reddidit,
1662 5465 1866 5532 ipsum-

271 5584 374 5640 que
401 5565 654 5621 nudatum
679 5562 944 5624 omnibus,
974 5560 1210 5630 pluribus
1237 5557 1441 5612 curavit
1466 5555 1748 5625 Splendere
1770 5553 1868 5607 bo-

322 5689 339 5718 ί
372 5687 587 5744 Legerat
598 5679 648 5728 in
662 5681 828 5726 Greco
839 5678 942 5744 nat’
956 5677 1145 5723 ἐκείνων
1156 5670 1562 5744 ξίοηεςΐςιὶρφηίιις
1576 5667 1855 5744 Latineque

265 5748 351 5793 red
369 5729 568 5800 lidgral,
604 5732 1220 5809 postquamillos-facetis.
1265 5730 1461 5781 V’idesis
1490 5743 1602 5793 quae
1643 5729 1694 5778 in
1727 5729 1859 5777 hunc.

267 5811 432 5856 locum
456 5796 645 5853 notavit
686 5796 966 5852 Fridericus
1000 5796 1156 5848 Fietd.

1472 327 1538 382 IN
1576 323 1984 383 II.\TTII£UN
2026 323 2257 384 HOMIL
2301 327 2437 383 XIII.

3511 322 3620 382 2H

2015 442 2132 509 nis;
2183 443 2413 516 ideoque
2458 444 2586 515 quid
2627 444 2835 500 consilii
2883 452 3100 512 caperet
3154 441 3447 498 nesciebat.
3501 442 3625 514 Quo

2014 539 2194 607 plures
2220 539 2364 593 enim
2397 537 2670 606 indigebat
2696 536 2897 608 plagas,
2939 550 3008 593 eo
3034 536 3386 593 valentiorem
3425 550 3620 596 cerne-

2012 628 2122 682 bat.
2156 626 2391 697 Ideoque
2418 627 2670 682 omnibus
2699 626 2918 682 tentatis
2944 634 3000 681 et
3027 623 3304 692 adhibitis,
3325 627 3450 699 quia
3478 628 3614 682 nihil

2012 721 2182 791 magis
2205 720 2535 791 proﬁciebat,
2567 719 2636 775 ad
2661 730 2813 774 vetus
2845 717 2972 774 illud
2992 719 3157 774 telum
3175 719 3364 783 currit,
3391 734 3614 774 uxorein

2011 828 2235 883 nempe,
2279 821 2335 868 et
2362 823 2636 883 assumpta
2669 810 3019 883 providentia:
3060 811 3228 877 larva,
3277 811 3614 868 calamitates

2010 903 2128 973 ejus
2151 901 2532 957 miserabiliter
2556 913 2610 958 et
2648 901 2849 973 tragice
2891 900 3170 965 describit,
3208 909 3266 956 et
3305 901 3524 955 simulat
3552 915 3614 955 se

2011 994 2374 1064 perniciosum
2423 993 2552 1047 illud
2594 992 2731 1049 dare
2759 992 3082 1058 consilium,
3132 1000 3191 1047 ut
3245 992 3335 1048 ille
3375 1007 3406 1046 a
3453 992 3610 1046 malis

2009 1100 2229 1154 prorsus
2257 1084 2532 1139 liberetur.
2565 1083 2674 1139 Sed
2703 1098 2880 1154 neque
2906 1083 2976 1138 ita
3010 1082 3326 1154 praevaluit:
3355 1083 3439 1138 vir
3464 1083 3608 1138 enim

2009 1177 2099 1232 ille
2119 1175 2466 1231 admirandus
2487 1175 2604 1245 ejus
2623 1190 2803 1231 escam
2823 1173 3224 1239 animadvertit,
3243 1189 3308 1230 ac
3322 1188 3456 1235 cum
3475 1159 3612 1227 inul-

2009 1278 2060 1324 ta
2088 1268 2367 1344 prudentia
2391 1269 2566 1334 uxori,
2592 1268 2710 1339 ejus
2737 1281 2900 1322 suasu
2928 1268 3191 1338 loquenti,
3221 1281 3284 1322 os
3312 1266 3606 1323 obstruxit.

2079 1360 2130 1414 5.
2167 1359 2223 1414 Id
2249 1358 2393 1430 quod
2424 1359 2590 1415 etiam
2618 1375 2718 1414 nos
2741 1359 2919 1415 facere
2940 1359 3222 1423 convenit;
3251 1357 3462 1414 etiamsi
3499 1358 3607 1410 fra-

2007 1449 2122 1515 tris,
2155 1449 2366 1507 etiamsi
2407 1450 2602 1517 amici,
2631 1452 2732 1506 etsi
2777 1451 2963 1505 uxoris
2991 1450 3072 1504 vel
3101 1450 3328 1506 alterius
3351 1449 3608 1519 cujusque

2006 1556 2291 1613 personam
2314 1541 2563 1608 induens,
2593 1556 2698 1596 non
2725 1528 3072 1610 congruentia
3105 1540 3373 1610 loquatur,
3408 1555 3512 1594 non
3537 1555 3605 1595 ex

2005 1649 2234 1704 persona
2287 1635 2559 1705 loquentis
2596 1634 2882 1689 consilium
2923 1635 3202 1702 excipere,
3243 1635 3340 1688 sed
3390 1634 3602 1688 ratione

2004 1728 2290 1799 perniciosi
2315 1727 2528 1784 consilii
2577 1725 2693 1781 haec
2736 1724 3007 1781 dicentem
3050 1726 3287 1780 aversari
3318 1724 3602 1780 debemus.

2001 1819 2278 1890 Siquidem
2310 1834 2454 1874 nunc
2500 1819 2664 1873 etiam
2693 1817 2892 1873 similia
2925 1818 3086 1872 multa
3121 1816 3268 1883 facit,
3299 1826 3605 1875 etcommi~

1999 1911 2284 1966 serationis
2306 1910 2507 1965 larvam
2525 1909 2780 1974 assumit;
2810 1922 2875 1963 ac
2899 1907 3023 1962 dum
3051 1907 3349 1965 benevolus
3372 1909 3604 1975 videtur,

2002 2001 2304 2070 perniciosa
2337 2010 2392 2054 et
2437 2002 2626 2069 quovis
2655 2013 2863 2053 veneno
2889 1982 3154 2055 deteriora
3198 2001 3370 2056 fundit
3412 1999 3603 2057 verba.
3694 2065 3704 2073 ,

1997 2091 2130 2148 Nam
2171 2091 2237 2146 ad
2291 2101 2672 2148 nocutnentnm
2703 2089 2945 2156 adulari,
2997 2091 3234 2156 diaboli;
3277 2092 3346 2146 ad
3402 2093 3598 2148 bonum

1997 2182 2359 2259 praestandum
2383 2183 2679 2251 corripere,
2707 2183 2800 2239 Dei
2819 2195 2921 2239 est.
2953 2183 3030 2239 Ne
3051 2184 3231 2253 itaque
3245 2183 3596 2254 decipiamnr,

1999 2289 2171 2343 neque
2203 2289 2297 2343 per
2328 2287 2547 2328 omnem
2577 2275 2794 2328 modum
2825 2273 3166 2344 tranquillam
3195 2282 3466 2329 sectemur
3509 2276 3593 2328 vi-

1996 2373 2125 2419 tam.
2159 2362 2327 2432 Quem
2352 2366 2494 2420 enim
2522 2365 2691 2435 diligit
2719 2365 2854 2419 Dens
2879 2406 2895 2432 ,
2928 2366 3144 2436 castigat
3182 2362 3364 2434 (Prov.
3392 2366 3448 2421 3.
3483 2366 3597 2436 I2).

1994 2457 2185 2528 inquit.
2216 2456 2349 2513 Cum
2372 2459 2551 2528 itaque
2583 2455 2826 2527 improbe
2852 2456 3092 2511 viventes
3121 2456 3283 2512 rebus
3326 2458 3600 2526 prosperis

1991 2548 2252 2614 fruimur,
2314 2557 2442 2603 tunc
2484 2547 2714 2601 maxime
2763 2545 3086 2602 doleamus:
3121 2554 3404 2616 peccantes
3453 2547 3595 2602 enim

1992 2658 2205 2712 semper
2231 2643 2424 2696 timere
2453 2647 2701 2710 oportet:
2731 2647 2838 2692 tum
2869 2653 2996 2693 vero
3025 2638 3259 2693 maxime
3287 2653 3411 2693 cum
3443 2638 3596 2694 triste

1993 2735 2126 2788 nihil
2164 2733 2416 2804 patimur.
2465 2730 2690 2799 Quando
2719 2730 2864 2784 enim
2893 2743 2991 2798 per
3032 2738 3212 2799 partes
3239 2729 3378 2783 Dens
3408 2744 3597 2798 paruas

1987 2826 2171 2895 exigit,
2201 2822 2456 2878 leviorem
2501 2831 2653 2892 parat
2677 2819 3004 2884 vindictam;
3037 2818 3250 2890 quando
3273 2830 3452 2901 autem
3477 2834 3600 2875 seco

1989 2916 2098 2970 lera
2122 2913 2326 2985 singula
2345 2912 2450 2968 fert
2471 2913 2752 2981 patienter,
2769 2911 2820 2965 in
2845 2925 3090 2982 magnam
3115 2923 3214 2966 nos
3237 2910 3296 2964 in
3324 2910 3390 2966 iis
3411 2926 3598 2980 perse-

1987 3015 2238 3063 verantes
2269 3013 2509 3060 reservat
2538 3001 2816 3059 ultionem.
2847 3001 2980 3056 Nam
3008 3002 3053 3056 si
3084 3001 3266 3072 probis
3288 3002 3592 3058 necessaria

1984 3110 2068 3157 est
2096 3098 2316 3154 afﬂictio
2338 3139 2353 3163 ,
2382 3097 2551 3152 multo
2595 3095 2764 3166 magis
2795 3093 3160 3164 peccantibus.
3190 3093 3328 3148 Vide
3358 3108 3590 3162 namque

1983 3198 2236 3261 quantam
2269 3188 2358 3242 Dei
2391 3187 2703 3256 patientiam
2732 3195 2992 3254 expertus
3019 3185 3246 3248 Pharao,
3284 3196 3587 3241 extremum

1982 3283 2213 3351 denique
2248 3296 2342 3350 pro
2369 3278 2621 3332 omnibus
2653 3278 2748 3331 luit
2777 3275 3118 3345 supplicium;
3142 3286 3271 3344 quot
3300 3277 3587 3331 criminum

1982 3389 2108 3428 reus
2133 3368 2626 3427 Nabuchodonosor
2646 3407 2662 3432 ,
2717 3365 2958 3419 omnium
2989 3363 3202 3420 tandem
3234 3381 3420 3435 pinnas
3451 3366 3582 3426 luit;

1981 3468 2130 3520 dives
2171 3465 2296 3518 item
2338 3463 2460 3532 quia
2507 3459 2639 3513 nihil
2684 3457 2769 3513 hic
2801 3473 3164 3511 :erumnaruni
3199 3471 3388 3527 passus
3433 3468 3581 3520 erat,

1982 3557 2099 3611 ideo
2129 3555 2358 3610 maxime
2409 3552 2572 3606 miSer
2599 3550 2733 3607 fuit:
2759 3548 2881 3616 quia
2910 3550 2959 3602 in
3003 3548 3100 3602 bac
3123 3549 3228 3603 vita
3265 3548 3579 3612 tleliciatus,

1981 3649 2105 3703 illuc
2128 3646 2258 3700 abiit
2279 3645 2516 3698 omnium
2551 3656 2737 3710 pmnas
2761 3641 3004 3705 daturus,
3039 3640 3124 3694 ubi
3155 3640 3354 3695 nullam
3383 3642 3434 3695 in
3466 3657 3582 3696 ma-

1981 3741 2045 3793 lis
2072 3735 2491 3792 consolationem
2515 3734 2752 3805 reperire
2778 3743 2916 3788 erat.
2945 3734 3195 3788 Attamen
3222 3734 3438 3802 quidam
3455 3746 3580 3788 sunt

1978 3832 2050 3886 ita
2082 3829 2253 3900 frigidi
2287 3837 2342 3883 et
2369 3827 2540 3888 stulti.
2565 3835 2621 3880 ut
2649 3826 2932 3896 praesentia
2956 3832 3160 3877 tantum
3189 3837 3403 3894 semper
3428 3841 3573 3894 quau—

1978 3933 2115 3981 rant.
2135 3932 2188 3976 et
2207 3921 2322 3973 haec
2346 3916 2567 3972 ridicula
2590 3918 2748 3971 verba
2779 3915 3075 3983 proferant:
3101 3914 3315 3967 Interim
3335 3929 3576 3983 praisen-

1977 4015 2116 4068 tibus
2146 4011 2292 4066 fruar
2311 4009 2581 4072 omnibus;
2602 4017 2728 4061 tunc
2746 4007 2814 4060 de
2840 4007 3060 4061 incertis
3081 4003 3426 4074 prospiciam;
3448 4019 3577 4061 ven-

1976 4105 2043 4160 tri
2069 4101 2379 4172 indulgebo,
2407 4098 2768 4168 voluptatibus
2792 4095 3058 4163 serviam,
3090 4096 3282 4150 abutar
3324 4099 3576 4165 prasenti

1977 4199 2102 4251 vita.
2162 4195 2237 4252 Da
2292 4194 2423 4249 mibi
2483 4190 2798 4246 hodiernum
2830 4188 2995 4254 diem,
3043 4199 3099 4244 et
3137 4190 3324 4260 accipe
3383 4191 3575 4245 crastio

1977 4305 2123 4344 num.
2166 4285 2211 4342 Ο
2250 4287 2520 4355 ingentem
2574 4283 2891 4338 stultitiam!
2941 4281 2997 4336 In
3041 4297 3151 4352 quo
3199 4282 3269 4337 ab
3316 4281 3482 4338 hircis
3523 4293 3579 4338 ct

1977 4382 2150 4450 porcis
2191 4377 2444 4434 diderunt
2479 4377 2568 4448 qui
2615 4375 2740 4430 talia
2776 4374 3106 4445 loquuntur?
3155 4375 3288 4430 Nam
3345 4376 3390 4430 si
3440 4391 3532 4432 eos
3559 4417 3576 4441 ,

1971 4475 2059 4542 qui
2101 4472 2166 4527 ad
2216 4484 2439 4525 uxorem
2489 4467 2718 4538 proximi
2745 4467 2825 4523 sui
2857 4467 3126 4532 binniunt,
3159 4483 3265 4522 non
3294 4468 3419 4522 sinit
3448 4483 3575 4538 pru-

1975 4568 2134 4633 piicta
2182 4561 2430 4616 homines
2457 4560 2696 4629 reputari
2728 4557 2858 4628 (Jer.
2891 4560 2944 4614 5.
2969 4558 3024 4623 8)
3049 4601 3062 4622 .
3104 4560 3225 4629 quis
3265 4573 3363 4614 nos
3388 4563 3540 4630 culpa
3561 4589 3575 4597 -

1974 4657 2046 4708 luit
2077 4655 2120 4707 si
2148 4653 2248 4708 hos
2278 4651 2482 4715 hircos,
2511 4665 2705 4717 porcos
2731 4659 2785 4704 et
2835 4651 3000 4705 asinis
3030 4650 3427 4717 insipientiores
3456 4664 3576 4704 esse

1971 4746 2361 4809 existimemus,
2411 4743 2502 4813 qui
2547 4743 2771 4797 clariora
2803 4741 2895 4804 iis,
2941 4758 3060 4811 qua:
3090 4743 3260 4796 oculis
3305 4741 3571 4804 videntur,

1973 4839 2175 4892 incerta
2207 4850 2326 4891 esse
2355 4835 2585 4904 putant?
2609 4832 2666 4888 Si
2694 4835 2834 4888 cnim
2869 4833 2995 4887 nulli
3029 4834 3116 4887 alii
3150 4834 3345 4898 credis,
3372 4832 3578 4886 (Ιιῐξιιιοο

1971 4928 2125 4983 nibus
2163 4927 2351 4981 saltem
2382 4925 2531 4978 adsta
2567 4924 2693 4978 dum
2734 4925 3112 4985 verberantur;
3152 4925 3218 4977 iis
3241 4922 3446 4978 scilicet
3483 4925 3573 4992 qui

1973 5022 2024 5075 iu
2060 5019 2350 5089 perniciem
2383 5029 2618 5071 nostram
2661 5017 2788 5070 nihil
2819 5034 2923 5071 non
2954 5017 3136 5071 dicunt
3177 5024 3231 5068 et
3258 5025 3440 5084 agunt.
3466 5016 3572 5069 Nc-

1971 5129 2074 5182 que
2103 5111 2244 5165 enim
2276 5110 2378 5162 huc
2419 5115 2709 5176 negaturus
2745 5123 2824 5170 es,
2854 5108 2998 5176 ipsos
3055 5121 3247 5174 nempe
3285 5105 3418 5159 nihil
3465 5121 3572 5159 non

1972 5221 2128 5273 agerc
2157 5215 2212 5257 ut
2235 5201 2495 5257 desidiam
2527 5211 2762 5254 nostram
2794 5209 3042 5268 augeant,
3072 5200 3332 5268 gelicnnze
3369 5208 3570 5251 metum

1972 5295 2236 5357 auferant,
2272 5294 2614 5362 el'ﬁcizmtque
2644 5302 2700 5344 ut
2752 5292 3156 5361 l‘utmojudicio
3204 5290 3364 5344 fidem
3407 5304 3566 5357 nego-

1973 5404 2108 5441 mus.
2163 5389 2410 5438 Attamen
2443 5386 2531 5454 qui
2562 5386 2676 5438 Iure
2722 5385 2961 5452 cupiunt,
3003 5384 3295 5436 clamantes
3348 5390 3404 5434 et
3449 5380 3571 5432 tilu-

1971 5477 2143 5530 lantes
2187 5491 2330 5543 sape
2356 5518 2369 5538 ,
2402 5484 2664 5528 tormenta
2717 5475 2823 5528 illic
2871 5475 3102 5528 adhibita
3130 5473 3569 5544 prmdicant(ri).

1973 5567 2124 5623 Unde
2167 5567 2328 5634 igitur
2375 5566 2490 5618 hanc
2522 5566 2727 5631 dicunt,
2786 5576 2840 5619 ct
2866 5574 3049 5618 contra
3095 5580 3255 5634 quam
3284 5565 3464 5619 volunt
3495 5567 3564 5617 lo-

2033 5702 2106 5763 (α)
2141 5709 2253 5761 Quae
2287 5701 2362 5748 hic
2394 5701 2458 5750 de
2492 5699 2804 5749 dammaiaeis
2834 5698 3089 5756 dicuntur,
3131 5699 3397 5747 observatu
3420 5693 3568 5757 digna

1972 5774 2103 5811 ειιηι.
