4124 6302
609 358 712 414 213

606 467 875 541 qnuntnr?
919 464 1031 520 Non
1082 463 1182 519 alia
1238 463 1303 516 de
1338 474 1545 526 causa,
1597 472 1755 528 quam
1802 453 1941 525 quod
1997 451 2182 522 majori

602 563 841 617 cruciatu
885 566 1160 629 cogantur.
1192 555 1371 625 Neque
1402 554 1546 608 enim
1593 551 1789 606 vellent
1817 554 2006 617 sponte
2056 559 2185 601 con-

604 656 783 720 litcri,
830 654 912 708 vel
965 666 1025 707 se
1075 665 1104 704 a
1156 649 1379 703 mortuis
1431 644 1732 701 hominibus
1783 638 2059 709 torqueri,
2100 636 2186 694 vel

600 763 659 801 se
706 745 923 800 omnino
954 756 1116 813 grave
1145 740 1415 810 quidpiam
1448 740 1574 806 pati.
1602 734 1713 801 Qua
1753 745 1882 800 ergo
1926 729 1994 784 de
2024 740 2181 783 causa

604 842 716 893 hinc
762 853 792 892 a
824 853 910 892 nte
947 836 1086 891 dicta
1138 833 1300 888 sunt?
1336 830 1471 898 Quia
1516 827 1811 891 dtemones,
1859 822 1948 893 qui
1999 820 2185 875 nolunt

599 930 747 987 credi
794 929 1111 1001 gehennam,
1161 936 1332 978 tamen
1386 921 1683 992 gehennam
1730 916 2090 974 conﬁtentur:
2125 920 2181 967 tu

602 1036 728 1075 vero
774 1020 862 1089 qui
908 1028 1051 1072 tanto
1081 1014 1314 1085 dignaris
1361 1013 1584 1074 honore,
1617 1012 1811 1081 quique
1839 1004 2179 1063 ineffabilium

599 1124 823 1166 consors
864 1123 922 1163 es
958 1107 1369 1179 mysteriorum,
1428 1118 1526 1157 nec
1596 1102 1714 1155 illos
1757 1098 2014 1160 imitaris,
2086 1093 2180 1149 sed

593 1202 761 1256 etiam
813 1199 917 1255 illis
960 1199 1195 1254 deterior
1239 1197 1408 1251 factus
1454 1210 1529 1249 es.
1584 1192 1794 1260 Ecquis,
1830 1189 2056 1259 inquies,
2114 1186 2183 1242 ab

601 1292 808 1348 inferno
854 1293 1015 1353 venit,
1066 1300 1121 1345 et
1164 1290 1279 1345 haec
1322 1284 1622 1342 nuntiavit?
1668 1282 1773 1337 Sed
1825 1290 1879 1336 et
1922 1279 1991 1334 de
2034 1278 2183 1334 caelis

596 1384 718 1453 quis
764 1382 925 1449 venit,
954 1382 1193 1449 dixitque
1243 1380 1407 1433 Deum
1443 1393 1565 1433 esse.
1609 1376 1700 1445 qui
1730 1374 1908 1431 omnia
1939 1370 2181 1427 creavit?

596 1472 750 1541 Quod
801 1482 975 1526 autem
1036 1471 1266 1525 animam
1319 1468 1606 1523 habeamus
1646 1466 1788 1519 unde
1830 1464 2003 1533 palam
2054 1461 2181 1516 est?

599 1564 657 1618 Si
685 1564 827 1618 enim
870 1562 956 1617 illa
1007 1562 1177 1615 solum
1218 1575 1336 1629 quae
1384 1558 1485 1614 sub
1524 1567 1796 1626 aspectum
1827 1554 2024 1609 cadunt
2058 1567 2177 1608 cre-

599 1655 806 1719 diturus
845 1670 923 1719 es,
974 1668 1038 1707 ac
1060 1652 1127 1707 de
1158 1653 1285 1715 Deo,
1318 1651 1385 1705 de
1432 1650 1654 1719 angelis,
1708 1648 1774 1703 de
1813 1654 1992 1703 mente
2036 1645 2180 1702 etde

599 1746 772 1799 anima
801 1745 1031 1809 dubitas,
1061 1746 1137 1799 sic
1180 1744 1268 1798 tibi
1295 1743 1473 1798 omnia
1504 1742 1741 1795 veritatis
1780 1740 2027 1811 dogmata
2059 1754 2181 1809 pes-

600 1844 716 1882 sum
816 1828 988 1884 ibunt.
1035 1829 1194 1896 Atqui
1221 1828 1267 1883 si
1310 1826 1410 1883 sub
1452 1842 1666 1882 sensum
1698 1825 2011 1880 cadentibus
2060 1836 2177 1879 tan-

601 1928 710 1972 tum
752 1919 831 1972 vis
850 1918 1090 1984 credere,
1120 1917 1472 1973 invisibilibus
1496 1919 1664 1987 magis
1692 1933 1849 1987 quam
1883 1914 2181 1971 visibilibus

596 2010 785 2065 credas
825 2019 1051 2079 oportet.
1081 2010 1231 2077 Quod
1271 2010 1314 2065 si
1347 2010 1662 2078 stupendum
1694 2010 1936 2065 videatur
1960 2009 2011 2064 id
2040 2008 2180 2079 quod

598 2100 726 2164 dixi,
756 2107 987 2154 attamen
1014 2114 1195 2153 verum
1235 2108 1290 2154 et
1328 2099 1466 2168 apud
1501 2111 1679 2153 mente
1706 2100 1957 2168 praeditos
1981 2101 2032 2153 in
2051 2114 2180 2155 con-

599 2188 740 2245 fesso
756 2202 857 2245 est.
880 2190 1187 2246 Oculicnim
1215 2205 1358 2261 saepe
1380 2190 1654 2255 falluntur,
1679 2208 1782 2245 non
1818 2193 1867 2246 in
1902 2192 2178 2247 invisibili-

597 2280 695 2335 hus
710 2289 911 2336 tantum
935 2281 1075 2349 (hare
1090 2286 1287 2353 quippe
1314 2297 1419 2337 non
1442 2286 1683 2351 norunt),
1705 2283 1800 2339 sed
1819 2285 1869 2338 in
1893 2284 1997 2338 illis
2017 2286 2176 2339 etiam

596 2387 715 2441 qure
768 2387 989 2427 cernere
1050 2374 1148 2427 sibi
1202 2374 1488 2437 videntur;
1539 2373 1787 2429 obstante
1834 2375 2036 2430 scilicet
2088 2386 2182 2430 aut

594 2457 881 2523 distantia,
936 2466 1026 2512 aut
1073 2473 1235 2524 aere,
1292 2468 1382 2515 aut
1431 2469 1609 2513 mente
1659 2460 1767 2513 alio
1798 2460 2034 2525 intenta,
2088 2470 2181 2515 aut

599 2548 698 2611 ira,
748 2556 838 2600 aut
886 2547 1273 2611 sollicitudine,
1312 2558 1403 2600 aut
1447 2549 1711 2602 sexcentis
1760 2550 1879 2603 aliis
1938 2550 2179 2604 obicibus

596 2635 989 2690 accurationem
1043 2633 1351 2690 tollentibus
1407 2654 1419 2687 :
1483 2637 1675 2690 animae
1737 2646 1911 2693 autem
1972 2639 2177 2708 cogita-

594 2725 705 2791 tio,
750 2726 793 2777 si
844 2724 1141 2779 divinarum
1190 2725 1584 2794 Seripturarum
1638 2728 1753 2781 luce
1799 2728 2175 2796 perfundatur,

594 2818 890 2873 accuratius
917 2833 979 2872 ac
1023 2817 1220 2873 certius
1270 2833 1446 2873 rerum
1488 2819 1742 2888 judicium
1786 2820 1937 2874 feret.
1984 2822 2177 2878 Neita-

592 2924 695 2975 quc
719 2922 813 2961 nos
841 2909 985 2977 ipsos
1008 2909 1196 2963 frustra
1218 2910 1565 2979 decipianms,
1582 2927 1713 2967 neve
1734 2926 1926 2981 praeter
1948 2914 2066 2967 vitro
2096 2930 2179 2970 se-

591 3000 809 3068 gnitiem
830 2999 1131 3069 huiusmodi
1150 3001 1484 3072 dogmatibus
1502 3014 1725 3073 partam,
1758 3005 1917 3057 etiam
1938 3021 2032 3073 pro
2052 3006 2177 3073 ipsis

590 3090 926 3160 dogmatibus
952 3093 1252 3159 graviorem
1285 3093 1437 3146 nobis
1466 3096 1571 3147 vim
1602 3093 1736 3162 ignis
1756 3094 2172 3148 accumuleinus.

593 3182 749 3236 Certe
781 3183 825 3236 si
867 3183 1123 3252 judicium
1181 3201 1284 3239 non
1328 3197 1443 3250 est,
1494 3201 1665 3255 neque
1702 3200 1889 3255 poenas
1933 3186 2177 3242 dabimus

593 3277 876 3342 scelerum,
912 3293 1082 3349 neque
1110 3280 1349 3333 laborum
1367 3281 1581 3348 przetnia
1603 3296 2017 3351 consequemur.
2051 3284 2178 3339 Per-

594 3366 829 3433 pendite,
859 3382 1060 3435 quaeso,
1085 3384 1189 3437 quo
1221 3371 1435 3422 tendant
1458 3370 1800 3438 blaSphemia:
1823 3383 2033 3438 vestrae,
2058 3390 2175 3428 cum

593 3456 785 3523 dicitis,
822 3458 989 3512 Deum
1015 3458 1236 3527 jUstum,
1263 3461 1463 3523 mitem,
1498 3470 1572 3514 tot
1611 3462 1822 3517 labores
1848 3465 2178 3533 sudoresque

593 3546 889 3616 despicere.
925 3548 989 3601 Et
1015 3550 1281 3618 quomodo
1312 3550 1424 3605 hvec
1453 3553 1641 3606 rationi
1674 3569 1908 3608 consona
1939 3554 2175 3612 fuerint?

666 3638 1048 3692 Demonstratur
1093 3643 1366 3694 intercedem
1420 3642 1587 3697 virtuti
1635 3654 1680 3697 et
1729 3647 1845 3698 vitio
1885 3662 2083 3715 positam
2124 3648 2178 3701 in

592 3728 749 3779 altera
778 3729 877 3781 vita
904 3731 1166 3782 reseruari.
1207 3762 1275 3768 —
1318 3733 1425 3785 litsi
1457 3734 1598 3786 enim
1638 3749 1743 3787 non
1787 3736 2002 3791 aliunde
2026 3779 2039 3799 ,
2068 3738 2177 3791 sal-

593 3828 695 3873 tem
734 3834 801 3873 cx
834 3819 897 3871 iis
926 3835 1042 3887 quae
1068 3820 1119 3873 in
1148 3819 1308 3875 domo
1338 3831 1423 3876 tua
1470 3832 1728 3891 geruntur
1772 3823 1888 3879 haec
1920 3827 2135 3894 CXPiOl'a
2158 3870 2172 3893 ,

592 3918 648 3961 et
675 3920 796 3962 tunc
817 3925 974 3979 quam
1006 3910 1230 3964 absurda
1264 3913 1375 3966 btet:
1396 3914 1499 3965 sint
1527 3892 1917 3982 deprehendes.
1954 3892 2171 3971 Etiamsi

590 4001 731 4053 enim
762 4000 1047 4054 admodum
1077 4001 1393 4056 inhumanus
1423 4003 1496 4055 sis
1525 4018 1584 4057 ac
1606 4004 1840 4060 crudelis
1868 4049 1879 4071 ,
1917 4009 2021 4060 imo
2046 4006 2173 4076 ipsis

593 4092 721 4147 feris
746 4093 1045 4159 immanior,
1076 4095 1245 4149 nolles
1269 4105 1415 4149 certe
1442 4110 1651 4149 servum
1683 4107 1829 4151 tuum
1853 4099 2172 4153 benevolum

591 4183 682 4237 tibi
707 4185 937 4239 moriens
961 4185 1075 4255 sine
1114 4184 1335 4252 pra-min
1360 4184 1658 4253 relinquere
1677 4226 1691 4251 ,
1715 4186 1809 4240 sed
1849 4195 1903 4240 et
1932 4188 2175 4242 libertate

591 4276 758 4330 donas
778 4317 794 4341 ,
820 4285 873 4329 et
892 4276 1129 4345 pecuniae
1150 4290 1370 4329 munere
1396 4293 1409 4338 ;
1441 4285 1494 4329 ct
1522 4277 1642 4346 quia
1670 4286 1721 4330 tu
1750 4277 2015 4333 decedens
2045 4279 2175 4334 nihil

594 4380 742 4436 potes
774 4370 906 4423 ultra
949 4369 1046 4433 ipsi
1074 4368 1317 4423 Conferre
1338 4369 1459 4422 boui
1483 4412 1495 4433 ,
1550 4368 1597 4422 id
1624 4370 1763 4438 apud
1799 4369 2026 4426 heredes
2056 4381 2174 4427 tuos

590 4475 766 4521 curas,
795 4474 988 4529 rogans
1011 4459 1247 4529 nihilque
1278 4476 1380 4515 non
1409 4474 1591 4529 agens,
1622 4469 1759 4514 utne
1788 4462 1874 4515 ille
1897 4462 2012 4518 sine
2039 4480 2172 4519 mer-

590 4552 721 4606 cede
742 4564 971 4605 maneat.
998 4552 1153 4620 Atqui
1181 4551 1223 4606 si
1256 4562 1307 4605 tu
1340 4566 1563 4622 nequam
1588 4552 1746 4608 homo
1768 4594 1783 4621 ,
1810 4554 1881 4608 ita
1911 4554 2175 4610 humanus

590 4641 953 4709 benignusque
974 4656 1031 4695 es
1059 4656 1185 4709 erga
1223 4641 1473 4695 famulum
1493 4682 1507 4706 ,
1539 4659 1605 4696 an
1646 4644 1905 4698 immensa
1953 4645 2043 4700 Dei
2074 4647 2169 4701 bo-

591 4733 755 4793 nitas,
806 4731 1081 4785 iucﬂ‘abilis
1126 4732 1424 4803 benignitas
1445 4775 1457 4796 ,
1490 4743 1631 4786 tanta
1662 4734 1747 4787 illa
1779 4736 2131 4793 mansuetudo
2154 4778 2168 4805 ,

592 4822 815 4875 tumulos
859 4836 1011 4885 suos,
1050 4817 1294 4887 Petrum",
1330 4822 1566 4889 Paulum,
1614 4823 1869 4879 Jacobum
1913 4837 1965 4881 et
2010 4828 2170 4882 Joan-

590 4929 749 4976 nem,
795 4913 1028 4979 quotidie
1075 4925 1289 4982 propter
1346 4913 1493 4969 illum
1548 4916 1879 4983 esurientes,
1925 4919 2170 4984 vinctos,

591 5004 884 5070 tlagellatos
904 5048 917 5070 ,
954 5006 1198 5061 fluetibus
1223 5006 1526 5073 demersos,
1560 5008 1687 5065 feris
1713 5010 1952 5079 objectos
1971 5054 1986 5078 ,
2015 5018 2169 5069 morti

593 5097 845 5161 traditos,
874 5098 1080 5168 aliaque
1111 5099 1384 5155 innumera
1415 5116 1619 5171 passos,
1644 5102 1984 5161 incoronatos
2016 5108 2171 5162 relin-

591 5188 758 5255 quet?
789 5191 1117 5259 Agonotheta
1148 5207 1275 5249 sane
1300 5194 1553 5249 vietorem
1580 5196 1630 5250 in
1660 5195 1952 5267 Olympicis
1982 5202 2171 5268 μηρὼ-

593 5291 678 5331 cat
700 5290 753 5333 et
774 5291 1024 5344 coronat,
1061 5280 1219 5337 herus
1246 5297 1456 5339 servum
1478 5326 1492 5352 ,
1526 5301 1617 5341 rex
1659 5287 1878 5342 militem
1908 5288 2130 5344 honorat
2156 5333 2168 5354 ,

595 5383 647 5423 ct
674 5372 896 5440 quisque
923 5372 1131 5428 demum
1157 5375 1300 5428 illum
1329 5378 1419 5446 qui
1445 5378 1543 5432 sibi
1575 5379 1953 5436 ministraverit
1984 5384 2173 5451 quibus

598 5472 773 5532 potest
802 5464 952 5518 bonis
983 5478 1283 5522 remunerat
1315 5488 1328 5523 :
1360 5470 1601 5540 Deosque
1631 5473 1803 5537 solus,
1848 5484 1968 5541 post
1999 5484 2174 5531 tantos

596 5553 819 5608 sudores
848 5564 900 5608 et
941 5555 1173 5623 labores,
1218 5574 1317 5613 nec
1358 5577 1575 5629 parvum
1607 5579 1705 5617 nec
1755 5580 2001 5635 magnum
2047 5568 2172 5636 ipsis

595 5645 789 5699 bonum
832 5646 1072 5714 confert,
1102 5650 1194 5705 sed
1234 5651 1360 5719 justi
1405 5654 1477 5707 illi
1517 5670 1579 5708 ac
1605 5655 1675 5725 pii
1710 5656 1843 5723 viri,
1873 5660 1963 5728 qui
2014 5675 2172 5716 omne

599 5738 800 5794 virtutis
838 5754 1006 5810 genus
1066 5741 1339 5811 adierunt,
1392 5746 1576 5800 eadem
1626 5758 1780 5803 erunt
1826 5749 2167 5823 conditione,

1312 349 1374 403 S.
1416 342 1690 402 JOANNIS
1727 338 2203 399 αηιιῑδυειωυ
2246 337 2560 397 MlClllEP.
2602 336 3160 399 CONSTANTINOP.

3767 338 3883 393 216

2291 469 2399 523 qua
2449 454 2669 517 most-lii.
2716 453 3034 522 parricidae,
3062 453 3383 511 :bomicidte
3426 451 3883 520 tumulorumquc

2289 544 2655 600 effossiorcs‘?
2686 544 2867 615 Ecqua
2900 544 3028 599 insit
3052 546 3106 602 in
3151 546 3236 600 his
3275 547 3447 601 ratio?
3482 545 3536 599 Si
3567 544 3717 599 enim
3738 543 3884 597 nihil

2292 641 2430 693 ultra
2448 650 2531 694 est
2553 648 2671 709 post
2704 640 3008 695 discessum
3025 654 3091 695 ex
3123 639 3225 695 hac
3258 641 3389 701 vita.
3409 640 3521 695 etsi
3558 646 3748 693 nostra
3767 638 3885 692 sint

2291 733 2574 800 pra-sentis
2590 732 2714 788 vitae
2727 730 2992 789 limitibus
3009 733 3443 803 circumscripta,
3471 734 3524 787 in
3537 734 3731 788 eodem
3748 740 3886 787 sunt

2287 822 2428 866 statu
2452 822 2507 867 et
2537 811 2665 869 hiet
2688 812 2762 867 illi
2788 830 2803 877 ;
2835 813 2941 869 imo
2966 827 3072 868 non
3110 812 3301 884 epdem
3342 814 3394 868 in
3421 822 3581 869 statu.
3623 813 3683 869 Si
3710 812 3889 879 enim,

2286 905 2575 983 secundum
2608 915 2693 969 te,
2749 906 2969 975 posthac
2996 905 3187 961 eodem
3217 906 3269 960 in
3308 914 3457 961 statu
3478 906 3586 960 sint
3614 923 3629 961 :
3658 913 3717 961 at
3751 904 3841 961 hic
3865 943 3889 973 ,

2288 998 2359 1051 illi
2393 999 2444 1052 in
2475 999 2874 1069 tranquillitate,
2898 999 2948 1052 hi
2974 998 3025 1052 in
3054 996 3318 1067 supplicio
3344 1006 3457 1053 toto
3484 1005 3729 1067 tempore
3757 1013 3883 1052 ver-

2287 1089 2384 1142 sati
2410 1097 2551 1144 sunt.
2585 1089 2776 1163 Ecquis
2806 1100 3061 1159 tyrannus
3087 1089 3334 1143 immanis
3354 1130 3368 1155 ,
3415 1072 3535 1159 quis
3563 1088 3728 1144 homo
3754 1104 3883 1143 cru-

2286 1180 2421 1235 delis
2449 1189 2503 1235 et
2525 1180 2841 1235 inhumanus
2864 1195 3051 1234 servos
3079 1179 3430 1249 subditosque
3452 1194 3584 1235 suos
3609 1181 3687 1234 sic
3712 1194 3887 1234 exce-

2289 1273 2407 1341 pit?
2438 1273 2617 1327 Viden‘
2661 1273 2928 1343 ingentem
2976 1272 3356 1329 absurditatem
3382 1312 3397 1336 ,
3430 1282 3484 1327 et
3524 1274 3613 1342 qui
3661 1272 3785 1327 finis
3813 1272 3884 1325 sit

2287 1364 2408 1419 talis
2434 1363 2736 1419 ratiocinii?
2763 1362 2945 1433 Itaque
2964 1365 3009 1419 si
3038 1363 3184 1418 nullo
3208 1364 3334 1429 alio,
3363 1363 3467 1417 hoc
3494 1364 3684 1418 saltem
3708 1364 3882 1417 ratio-

2285 1455 2426 1509 cinio
2452 1455 2719 1520 eruditus,
2769 1455 2907 1509 hanc
2944 1456 3232 1524 pessimam
3279 1453 3587 1523 opinionem
3618 1454 3841 1522 repudia
3864 1492 3883 1519 ,

2286 1546 2405 1615 fuge
2430 1545 2681 1599 malitiam
2704 1586 2718 1611 ,
2743 1553 2797 1599 et
2821 1544 3033 1600 labores
3061 1560 3157 1613 pro
3183 1544 3376 1599 virtute
3400 1545 3611 1614 suscipe
3630 1586 3645 1607 ,
3671 1556 3723 1599 et
3754 1553 3883 1598 tunc

2284 1637 2422 1691 scies
2448 1647 2628 1692 nostra
2652 1653 2757 1691 non
2778 1652 2900 1693 esse
2928 1638 3206 1707 prtesentis
3224 1637 3347 1691 vita:
3371 1636 3628 1691 limitibus
3654 1638 3885 1691 circum-

2286 1709 2505 1796 scripta.
2559 1727 2614 1782 Si
2662 1727 2781 1796 quis
2836 1738 3013 1782 autem
3064 1736 3270 1798 quarat
3310 1743 3340 1781 a
3387 1736 3480 1783 te:
3513 1727 3709 1797 Ecquis
3754 1727 3884 1783 inde

2287 1818 2503 1873 veniens
2530 1818 2615 1873 illa
2636 1818 2937 1874 nuntiavit?
2982 1819 3249 1889 responde
3286 1818 3361 1874 illi
3394 1838 3407 1874 :
3443 1819 3614 1874 llomo
3659 1818 3879 1890 quidem

2287 1911 2497 1964 nullus:
2532 1926 2652 1964 nam
2689 1911 2734 1965 si
2763 1909 2925 1965 homo
2967 1919 3141 1975 esset,
3186 1926 3293 1965 non
3325 1909 3398 1964 illi
3425 1908 3688 1965 creditum
3733 1924 3883 1979 sape

2284 2000 2491 2069 fuisset,
2524 2010 2705 2072 utpote
2738 2002 2829 2073 qui
2858 2018 2945 2057 res
2970 2010 3318 2073 exaggeraret
3357 2002 3817 2072 amplificaretque
3862 2019 3877 2056 :

2283 2093 2593 2162 angelorum
2624 2108 2752 2148 vero
2775 2093 3037 2148 Dominus
3066 2095 3154 2148 illa
3175 2094 3355 2149 omnia
3380 2102 3629 2147 accurate
3656 2094 3878 2146 nuntia-

2284 2183 2377 2237 vit.
2431 2182 2569 2251 Quid
2621 2198 2749 2253 ergo
2778 2199 2913 2255 opus
2937 2184 3185 2249 homine,
3229 2198 3352 2238 cum
3402 2183 3447 2237 is
3477 2182 3565 2253 qui
3613 2197 3801 2252 ptenas
3846 2196 3877 2237 a

2284 2272 2439 2327 nobis
2485 2284 2770 2329 exacmrus
2804 2282 2924 2339 est,
2952 2274 3189 2343 quotidie
3231 2273 3428 2328 clamet
3466 2286 3527 2327 se
3574 2273 3878 2343 gehennam

2285 2365 2554 2432 paravisse
2574 2404 2589 2429 ,
2620 2372 2673 2418 et
2701 2378 2922 2432 regnum
2971 2378 3351 2419 concessurum
3381 2378 3533 2431 esse,
3577 2365 3881 2434 horumque

2285 2456 2439 2509 nobis
2458 2466 2765 2525 argumenta
2793 2457 2935 2509 clara
2966 2457 3245 2526 praebeat?
3293 2456 3424 2511 Nam
3454 2455 3498 2510 si
3532 2472 3636 2509 non
3662 2454 3876 2523 judica-

2286 2554 2435 2602 turus
2458 2556 2620 2612 esset,
2644 2563 2711 2601 ne
2741 2545 2825 2600 hic
2852 2547 3063 2615 quidem
3090 2562 3338 2616 umquam
3369 2560 3553 2615 poenas
3584 2546 3875 2615 exegisset.

2284 2637 2493 2692 Etenim
2522 2639 2571 2693 id
2594 2654 2804 2709 quoque
2833 2637 3100 2708 quomodo
3127 2654 3248 2693 cum
3271 2641 3478 2693 ratione
3497 2648 3779 2703 consonet,
3808 2653 3875 2693 ex

2254 2730 2596 2809 _facinorosis
2621 2733 2755 2786 alios
2786 2732 2994 2801 puniri,
3026 2733 3161 2787 alios
3191 2732 3456 2785 minime?
3491 2731 3623 2786 Nam
3652 2731 3698 2786 si
3734 2732 3877 2787 Deus

2283 2838 2539 2891 personas
2563 2837 2671 2877 non
2693 2823 2905 2890 accipit,
2930 2821 3074 2890 quod
3100 2838 3285 2875 verum
3314 2832 3462 2875 certe
3491 2830 3593 2887 est,
3617 2836 3713 2875 cur
3733 2820 3879 2876 hunc

2286 2914 2424 2967 ultus
2451 2922 2533 2967 est
2556 2954 2570 2978 ,
2606 2913 2745 2967 hunc
2783 2912 2999 2982 impune
3027 2912 3177 2967 abire
3206 2912 3368 2967 sivit?
3398 2912 3509 2969 lloe
3534 2912 3679 2968 enim
3707 2913 3881 2984 majo-

2284 3021 2397 3060 rem
2442 3020 2599 3074 quam
2644 3020 2803 3073 supra
2849 3005 2988 3059 dicta
3026 3002 3393 3071 difficultatem
3439 3012 3636 3060 movet.
3681 3003 3787 3061 Sed
3826 3005 3878 3061 si

2284 3097 2423 3152 bono
2453 3114 2537 3151 me
2576 3097 2752 3151 animo
2783 3097 2968 3151 audire
2996 3096 3273 3152 volueritis
3293 3139 3307 3162 ,
3342 3097 3478 3153 hanc
3508 3113 3720 3169 quoque
3765 3098 3879 3154 sol-

2283 3204 2467 3243 vemus
2517 3190 2884 3258 quaestionem.
2919 3189 3176 3256 Qua-nam
3205 3204 3334 3261 ergo
3364 3190 3559 3245 solutio
3596 3194 3722 3245 est?
3764 3190 3879 3247 Nec.

2281 3281 2349 3335 ab
2398 3283 2644 3337 omnibus
2692 3282 2774 3335 hic
2805 3298 2989 3353 pugnas
3029 3284 3231 3354 exigit,
3261 3299 3328 3338 ne
3367 3284 3433 3339 de
3477 3285 3880 3341 resurrectione

2282 3374 2533 3441 desiveres
2560 3382 2611 3427 et
2635 3373 2701 3428 de
2729 3373 2906 3427 futuro
2929 3373 3150 3443 judicio,
3172 3375 3321 3443 quasi
3351 3390 3537 3428 omnes
3566 3376 3652 3428 hic
3680 3389 3873 3444 pinnas

2282 3463 2525 3519 dederint
2552 3483 2563 3518 :
2595 3480 2767 3533 neque
2787 3479 2974 3517 omnes
3009 3464 3224 3533 impune
3250 3464 3378 3518 sinit
3404 3464 3587 3529 abire;
3618 3480 3687 3519 ne
3715 3475 3874 3535 putes

2280 3554 2457 3607 omnia
2505 3555 2619 3609 sine
2664 3554 2769 3607 ulla
2821 3554 3153 3623 providentia
3179 3554 3293 3625 geri
3330 3572 3341 3605 :
3380 3555 3473 3609 sed
3514 3563 3569 3609 et
3598 3555 3787 3624 punit,
3816 3564 3874 3610 et

2282 3662 2387 3702 non
2412 3650 2579 3717 punit.
2609 3648 2743 3704 Cum
2778 3650 2924 3717 punit
2950 3660 3129 3703 autem
3152 3690 3166 3712 ,
3196 3648 3466 3716 ostendit,
3500 3664 3559 3703 se
3601 3649 3765 3704 etiam
3802 3648 3878 3705 ab

2281 3739 2386 3795 illis
2410 3741 2499 3810 qui
2545 3741 2629 3797 hic
2660 3743 2799 3812 plexi
2828 3752 2949 3796 sunt
2980 3757 3165 3808 pmnas
3207 3742 3317 3797 illic
3361 3751 3670 3798 exacturum
3714 3757 3874 3810 csse;

2279 3847 2401 3887 eum
2431 3847 2559 3888 vero
2591 3848 2692 3887 non
2725 3834 2912 3903 punit,
2944 3843 2993 3888 te
3030 3833 3093 3887 ad
3124 3833 3451 3889 credendum
3493 3834 3727 3902 inducit,
3753 3851 3877 3891 esse

2272 3932 2400 3992 post
2450 3938 2727 3978 excessum
2772 3940 2832 3978 cx
2883 3924 2979 3979 hac
3010 3927 3111 3978 vita
3137 3925 3369 3980 tribunal
3413 3925 3762 3982 horrendum.
3812 3926 3872 3982 Si

2277 4028 2437 4083 porro
2464 4015 2638 4083 priora
2667 4016 2885 4069 omnino
2928 4016 3219 4085 negligeret
3240 4059 3254 4083 ,
3296 4016 3471 4069 nullos
3502 4016 3589 4071 hic
3616 4018 3827 4087 puniret
3854 4060 3872 4085 ,

2280 4104 2454 4159 nullos
2495 4105 2768 4160 beneflciis
2806 4107 3046 4161 afﬁceret
3078 4124 3091 4159 :
3133 4122 3271 4161 nunc
3309 4116 3487 4162 autem
3525 4110 3673 4165 vides
3720 4109 3871 4166 illum

2281 4203 2497 4262 propter
2525 4203 2573 4249 te
2599 4204 2654 4248 et
2678 4197 2866 4250 caelum
2893 4197 3201 4253 extendisse
3220 4240 3235 4265 ,
3260 4208 3310 4253 et
3342 4201 3509 4255 solem
3538 4202 3870 4271 accendisse,

2280 4292 2335 4339 ct
2368 4294 2562 4341 terram
2594 4286 2844 4343 fundasse
2863 4330 2877 4355 ,
2907 4300 2960 4344 et
2990 4306 3136 4345 mare
3162 4290 3363 4347 fudisse
3387 4333 3402 4357 ,
3430 4301 3485 4348 et
3526 4308 3707 4348 aerem
3736 4310 3874 4364 pan-

2280 4375 2420 4431 disse
2440 4418 2455 4442 ,
2482 4387 2534 4432 et
2565 4378 2702 4433 lunze
2722 4395 2909 4434 cursus
2939 4382 3287 4450 disposuisse,
3329 4393 3383 4438 et
3425 4384 3551 4438 anni
3582 4392 3875 4454 tempesta-

2283 4468 2423 4521 tibus
2479 4470 2723 4525 immotas
2778 4473 3027 4526 Statuisse
3080 4473 3258 4543 leges,
3326 4484 3631 4545 cmteraque
3688 4477 3871 4531 omnia

2282 4560 2446 4628 ipsius
2469 4570 2596 4615 nutu
2622 4572 2868 4618 accurate
2892 4573 3109 4618 cursitm
3143 4582 3295 4619 suum
3327 4565 3605 4635 perficere.
3628 4567 3697 4621 At
3725 4568 3871 4624 enim

2281 4662 2465 4706 natura
2485 4663 2681 4720 nostra,
2709 4666 2895 4708 natura
2919 4671 3128 4724 quoque
3156 4656 3625 4724 irrationabilium,
3647 4672 3874 4730 serpen-

2283 4745 2410 4798 tium
2436 4786 2451 4809 ,
2514 4746 2843 4814 gradentium
2869 4789 2880 4803 .
2926 4747 3213 4800 rulatttium
3238 4790 3251 4813 ,
3307 4751 3598 4805 natantium
3621 4791 3637 4817 ,
3682 4767 3872 4808 eorum

2279 4852 2399 4906 quae
2423 4839 2472 4890 in
2498 4839 2693 4906 stagnis
2719 4881 2731 4904 ,
2761 4842 2809 4892 in
2854 4840 3085 4893 fontibus
3109 4880 3122 4904 ,
3145 4840 3199 4895 in
3235 4840 3563 4910 fluminibus,
3592 4843 3645 4897 in
3674 4834 3875 4900 monti-

2282 4928 2414 4990 bus,
2450 4945 2502 4981 Ill
2530 4930 2751 4985 .altibus
2772 4973 2786 4996 ,
2836 4932 2887 4984 in
2919 4929 3165 4986 domibus
3191 4975 3203 4999 ,
3256 4934 3307 4985 in
3344 4948 3469 4989 acre
3493 4977 3506 5000 ,
3538 4934 3592 4989 in
3629 4935 3836 5006 campis
3858 4978 3873 5003 ,

2283 5022 2475 5091 planta:
2495 5064 2509 5086 ,
2552 5024 2784 5089 semina,
2812 5024 3035 5079 arbores
3059 5041 3151 5079 seu
3182 5026 3458 5082 silvestres
3476 5068 3492 5093 ,
3521 5042 3618 5083 seu
3645 5029 3826 5083 sativa:
3852 5070 3867 5094 ,

2281 5117 2564 5171 fructuosas
2586 5118 2670 5172 vel
2688 5117 3050 5187 infructuosa),
3071 5120 3247 5175 omnia
3270 5121 3483 5176 demum
3503 5122 3573 5176 ab
3597 5121 3863 5176 indefessa

2284 5208 2370 5261 illa
2396 5222 2557 5270 manu
2580 5219 2720 5264 mota
2753 5212 2912 5265 vitam
2956 5220 3193 5267 nostram
3224 5214 3432 5279 fovent,
3484 5229 3592 5269 non
3619 5213 3685 5268 ad
3716 5229 3875 5271 usum

2280 5308 2508 5368 tantum,
2537 5302 2631 5357 sed
2657 5304 2815 5357 etiam
2844 5303 2908 5358 ad
2939 5304 3310 5361 liberalitatem
3337 5307 3695 5363 exercendam
3722 5316 3775 5362 et
3802 5310 3871 5363 ad

2282 5390 2589 5448 famulatum
2634 5395 2985 5451 ministerium
3012 5413 3166 5455 suum
3196 5397 3350 5452 nobis
3379 5398 3691 5467 praebentia.
3722 5399 3870 5455 Tan-

2284 5477 2393 5535 titm
2422 5484 2598 5552 itaque
2620 5484 2802 5540 videns
2832 5501 3009 5540 rerum
3033 5486 3273 5541 ordinem
3300 5488 3400 5542 etsi
3430 5489 3672 5560 exiguam
3695 5490 3873 5547 Solam

2280 5572 2395 5640 ejus
2443 5586 2642 5641 partem
2693 5577 2985 5633 referamus
3008 5618 3025 5645 ,
3054 5579 3233 5633 dicere
3272 5578 3437 5634 audes
3461 5621 3477 5647 ,
3509 5594 3632 5634 eum
3661 5580 3752 5650 qui
3800 5591 3883 5638 tot

2285 5674 2533 5734 tantaque
2588 5678 2800 5738 propter
2830 5680 2881 5725 te
2905 5678 3156 5739 operatus
3183 5680 3283 5739 est,
3317 5672 3369 5729 in
3394 5673 3647 5729 extremis
3671 5682 3729 5740 te
3778 5692 3879 5732 ne-

2346 5766 2365 5797 ⁸
2402 5764 2515 5828 Alii,
2567 5781 2914 5835 nutrorumque
2957 5771 3220 5834 messores.
