4124 6302
261 319 370 382 217

250 453 552 521 glecturum
583 462 708 506 esse
727 486 744 511 ,
762 451 818 502 et
844 457 966 500 eum
991 441 1159 498 asinis
1184 447 1241 494 et
1266 435 1441 506 porcis
1466 441 1735 489 mortuum
1764 430 1852 484 di-

246 545 543 600 missurum
587 541 892 610 jaeentem;
923 548 988 590 ac
1015 542 1297 604 postquam
1325 537 1378 582 te
1405 534 1553 581 tanto
1580 522 1851 593 religionis

244 636 400 692 dono
424 629 728 696 honoravit,
755 645 863 700 quo
890 637 942 684 te
962 625 1167 693 angelis
1195 619 1454 691 :equalem
1477 615 1624 681 fecit,
1653 622 1706 670 te
1733 622 1854 684 post

253 733 538 782 sexcentos
583 721 799 778 labores
844 728 899 775 et
929 717 1154 774 sudores
1195 706 1616 782 despecturum?
1648 703 1851 772 Ecquid

254 814 448 870 rationi
478 813 657 866 minus
698 807 1041 866 consonum?
1071 804 1197 859 Haec
1240 800 1470 872 quippe,
1498 795 1601 852 etsi
1649 808 1755 849 nos
1775 801 1854 847 ta-

251 918 504 966 ceamus,
542 901 748 972 lapides
776 899 1085 955 clmuahunt
1104 937 1119 962 ,
1161 895 1232 949 ita
1263 900 1390 948 sunt
1424 889 1567 945 clara
1595 894 1651 942 et
1681 883 1853 939 mani-

254 997 409 1060 festa,
444 992 618 1063 magis
641 1007 803 1063 quam
835 989 944 1060 ipsi
961 987 1167 1044 solares
1205 983 1359 1039 radii.
1391 980 1520 1037 Haec
1547 978 1710 1049 igitur
1737 990 1856 1030 omo

251 1088 340 1142 nia
367 1084 693 1153 cogitantes,
725 1088 781 1137 et
807 1081 860 1135 in
887 1079 1081 1136 animis
1108 1075 1310 1132 nostris
1337 1081 1484 1130 certa
1505 1073 1807 1124 statuentes
1830 1108 1845 1132 ,

257 1188 457 1242 nempe
487 1181 610 1242 post
630 1171 908 1228 decessum
940 1186 1005 1225 cx
1031 1169 1134 1224 hac
1169 1168 1300 1234 vita,
1335 1179 1434 1219 nos
1459 1159 1728 1244 horrendo
1753 1157 1853 1213 tri-

253 1265 442 1323 bunali
485 1265 754 1324 sistendae
777 1278 899 1320 esse
919 1304 935 1328 ,
966 1262 1229 1318 rationem
1260 1256 1565 1314 reddituros
1593 1252 1661 1308 de
1688 1249 1856 1322 gestis

1410 319 1476 375 IN
1515 312 1924 373 MATTHEL’M
1966 307 2192 368 liOMlL.
2240 308 2357 364 XIV

3462 305 3566 365 iis
3622 392 3627 399 _

1959 425 2235 491 nantibus,
2269 439 2456 495 pinnas
2478 423 2700 481 daturos
2718 467 2734 490 ,
2761 434 2818 482 et
2846 426 3106 483 ultionem
3135 437 3489 497 expcrturos,
3517 431 3565 487 si

1960 516 2275 588 in-pcocatls
2306 530 2653 581 maneamus;
2681 526 2868 572 contra
2895 517 3026 572 vero
3049 516 3270 573 coronis
3298 525 3354 574 et
3378 517 3568 574 inena-

1960 607 2156 663 bilibus
2187 607 2343 662 bonis
2386 605 2698 672 donandus,
2721 607 2765 660 si
2795 621 2961 677 parvo
2988 616 3233 678 tempore
3258 606 3416 664 nobis
3440 608 3571 679 ipsis

1960 699 2238 755 attendere
2267 699 2631 764 voluerimus;
2650 713 2838 754 eorum
2869 699 2958 768 qui
2984 697 3069 754 his
3091 699 3362 756 contraria
3386 697 3572 756 dicere

1959 791 2160 847 audent
2203 807 2298 847 ora
2327 791 2672 848 obstruamus
2695 832 2710 857 ,
2742 802 2799 848 et
2829 792 2929 864 ipsi
2956 792 3201 848 veritatis
3226 791 3367 847 viam
3399 791 3569 862 eliga-

1961 899 2084 939 mus
2104 926 2118 952 ,
2151 891 2211 939 ut
2233 899 2357 939 cum
2385 882 2579 939 fiducia
2600 883 2928 953 competenti
2954 883 3023 939 ad
3055 881 3293 940 tribunal
3322 882 3458 939 illud
3479 898 3572 940 ac-

1961 974 2245 1043 cedentes,
2286 975 2427 1030 bona
2450 975 2606 1031 nobis
2636 974 2900 1045 promissa
2925 989 3322 1044 consequamur
3344 1017 3360 1042 ,
3393 976 3584 1046 gratia.

1962 1077 2017 1120 et
2045 1064 2373 1135 benignitate
2400 1064 2610 1120 Domini
2641 1065 2812 1120 nostri
2849 1064 2980 1120 Jesu
3017 1062 3251 1132 Christi,
3283 1064 3370 1120 cui
3400 1064 3573 1135 gloria

1963 1168 2015 1211 et
2048 1156 2332 1226 imperium
2354 1197 2368 1222 ,
2403 1171 2545 1209 nunc
2579 1164 2635 1210 et
2663 1170 2910 1231 semper,
2941 1163 2998 1210 et
3035 1157 3087 1210 in
3117 1154 3314 1234 saecula
3344 1154 3575 1213 saculos

1965 1261 2107 1301 rum.
2146 1249 2342 1302 Amen.

253 1378 3552 1412 Μ

1610 1449 1960 1516 HOMILIA
2009 1449 2184 1511 XIV.

254 1593 395 1651 ου.
430 1596 486 1651 Δ.
537 1610 592 1648 ν.
627 1592 714 1650 12.
764 1590 892 1647 Cum
938 1588 1160 1644 audisset
1208 1584 1390 1649 Jesus,
1440 1580 1575 1652 quod
1628 1575 1857 1632 Joannes

470 1683 687 1738 traditus
714 1690 859 1747 esset,
888 1679 1090 1736 secessit
1116 1680 1170 1732 in
1194 1675 1464 1732 Catilinam
1481 1714 1496 1740 ,
1528 1680 1638 1728 etc.

330 1775 382 1830 1.
424 1774 536 1830 Cur
563 1788 778 1829 rursum
804 1771 1070 1828 secessit?
1113 1767 1179 1826 Ut
1208 1781 1307 1822 nos
1334 1766 1557 1822 doceret
1576 1804 1591 1826 ,
1630 1777 1697 1818 ne
1719 1761 1860 1815 ultro

256 1865 587 1922 tentatioues
611 1865 868 1921 adeamus
885 1905 902 1930 ,
925 1861 1020 1918 sed
1047 1861 1303 1933 cedamus
1333 1859 1508 1930 potius
1534 1871 1598 1912 ac
1619 1855 1859 1911 decline-

256 1970 402 2012 mus.
430 1955 614 2028 Neque
640 1956 787 2012 enim
810 1955 1015 2010 crimen
1046 1962 1163 2019 est,
1193 1968 1300 2009 non
1327 1966 1449 2007 sese
1481 1951 1532 2005 in
1559 1946 1858 2020 periculum

256 2048 562 2118 conjicere,
612 2047 709 2104 sed
757 2047 810 2102 in
841 2046 1082 2117 periculo
1129 2061 1235 2102 nou
1280 2045 1491 2100 fortiter
1533 2052 1700 2099 stare.
1750 2041 1864 2098 Hoc

259 2139 421 2209 igitur
445 2138 647 2194 docens
665 2178 682 2206 ,
711 2145 767 2199 et
784 2135 1019 2194 Iudaicae
1044 2136 1257 2192 invidiae
1289 2136 1506 2206 paulum
1533 2133 1860 2197 concedens,

253 2227 466 2285 secedit
494 2229 549 2284 in
574 2229 910 2300 Capernaum
929 2268 945 2293 ,
969 2228 1126 2283 simul
1149 2227 1486 2298 prophetiam
1512 2226 1742 2296 impleas
1763 2266 1778 2288 ,
1806 2233 1862 2279 et

259 2322 514 2378 doctores
541 2321 689 2378 orbis
726 2320 880 2392 quasi
916 2321 1125 2393 piscatu
1167 2334 1363 2391 capere
1401 2317 1663 2374 festinans
1694 2335 1706 2371 :
1738 2317 1860 2387 quia

263 2412 337 2468 ibi
388 2411 551 2469 sedes
597 2411 867 2469 habebant
908 2426 1004 2468 sua
1047 2420 1259 2467 utentes
1281 2418 1414 2465 arte.
1448 2409 1530 2465 Tu
1559 2423 1690 2464 vero
1733 2407 1863 2462 mihi

261 2503 572 2576 perpendas
595 2504 780 2572 velim,
809 2504 1083 2575 quomodo
1108 2508 1295 2574 gentes
1320 2503 1586 2568 aditurus,
1610 2518 1640 2557 a
1663 2500 1866 2558 ludatis

263 2607 482 2663 semper
505 2593 821 2650 occasiones
846 2593 1092 2664 accipiat.
1121 2591 1260 2648 Nam
1285 2592 1374 2648 hic
1398 2590 1700 2662 Prodromo
1729 2591 1862 2647 insi-

264 2684 385 2741 dias
433 2694 705 2742 struentes
733 2725 750 2754 ,
804 2695 1127 2757 captumque
1177 2685 1382 2741 carceri
1446 2685 1815 2754 mancipantes
1844 2725 1860 2751 ,

265 2776 442 2845 ipsum
476 2775 528 2830 in
557 2774 832 2832 Galilaeam
856 2775 1095 2847 gentium
1122 2775 1471 2845 compellunt.
1501 2772 1657 2844 Quod
1682 2782 1866 2828 autem

264 2881 369 2923 nec
412 2864 690 2923 Judaicam
729 2874 945 2937 gentem
990 2881 1057 2922 ex
1099 2875 1252 2938 parte
1298 2874 1716 2928 commemoret,
1769 2880 1869 2921 nec

267 2971 461 3013 «lines
487 2956 790 3013 subindicet
819 2955 1022 3024 tribus,
1047 2955 1170 3012 vide
1197 2956 1467 3028 quomodo
1511 2957 1687 3011 locum
1719 2957 1867 3011 illum

265 3046 561 3118 distinguat
589 3046 845 3118 propheta
877 3047 961 3103 his
987 3047 1166 3104 verbis
1192 3063 1209 3102 :
1241 3047 1328 3104 15.
1364 3046 1520 3103 Terra
1559 3046 1794 3102 Zabuton
1822 3057 1869 3102 et

266 3148 404 3191 terra
433 3136 794 3203 Nephtltalim,
820 3138 900 3192 uia
928 3137 1086 3192 maris
1125 3146 1269 3192 trans
1311 3135 1596 3192 Iordanem
1613 3178 1628 3203 ,
1653 3137 1871 3193 Galiltca

267 3230 493 3300 gentium
526 3244 546 3283 :
580 3227 670 3286 16.
706 3228 928 3300 populus
971 3229 1059 3298 qui
1097 3229 1302 3283 sedebat
1344 3229 1399 3283 in
1441 3230 1658 3284 tenebris
1689 3270 1705 3297 ,
1746 3231 1872 3283 vidit

269 3320 433 3375 lucetis
460 3335 699 3392 magnotu
725 3318 888 3392 (Isai.
917 3319 972 3376 9.
1008 3319 1058 3374 1.
1076 3319 1134 3390 2)
1163 3338 1176 3373 :
1210 3318 1466 3375 tenebras
1491 3320 1578 3375 hic
1607 3336 1712 3375 non
1741 3335 1871 3377 sen-

269 3414 402 3469 siles
424 3413 543 3470 illas
571 3427 790 3482 vocans,
808 3412 904 3470 sed
923 3427 1164 3470 errorem
1195 3413 1648 3485 impietatemque.
1673 3415 1874 3481 Quam-

270 3504 462 3561 obrern
509 3503 689 3560 intulit
735 3526 752 3559 ;
801 3502 1159 3559 Habitantibus
1221 3506 1274 3559 in
1346 3506 1552 3576 regione
1594 3514 1641 3560 et
1693 3506 1874 3560 umbra

270 3595 450 3651 mortis
469 3638 485 3664 ,
506 3595 598 3650 tua:
621 3604 734 3650 orto
759 3607 833 3651 est
861 3595 952 3651 eis.
978 3594 1048 3652 Ut
1072 3596 1217 3650 enim
1231 3595 1476 3651 disceres
1495 3637 1510 3662 ,
1533 3611 1660 3652 eum
1699 3612 1874 3668 neque

270 3686 342 3744 de
371 3686 525 3753 luce,
557 3700 731 3757 neque
759 3685 826 3742 de
868 3685 1103 3743 tenebris
1150 3687 1438 3743 sensilibus
1468 3687 1648 3757 loqui,
1696 3687 1872 3744 lucem

271 3792 613 3846 memorans,
635 3793 741 3833 non
773 3778 1086 3846 simpliciter
1115 3778 1288 3833 lucem
1322 3780 1548 3844 vocavit,
1572 3779 1667 3834 sed
1699 3779 1871 3835 lucem

273 3883 548 3940 magnam,
573 3881 736 3939 quam
765 3867 894 3922 alibi
927 3882 1106 3924 veram
1135 3869 1399 3938 appellat;
1431 3869 1499 3924 de
1526 3869 1762 3926 tenebris
1787 3886 1876 3925 au-

270 3968 382 4016 tem
407 3958 568 4014 verba
592 3956 794 4014 faciens
821 3999 837 4025 ,
887 3959 1132 4014 umbram
1162 3961 1352 4014 mortis
1397 3961 1625 4015 vocavit.
1671 3960 1875 4015 Deinde

269 4049 568 4108 ostendens
591 4065 698 4105 non
727 4049 870 4120 ipsos
898 4058 1203 4121 quaerentes
1251 4050 1551 4117 invenisse,
1581 4050 1675 4106 sed
1705 4050 1874 4106 Deum

272 4141 408 4210 ipsis
447 4153 680 4210 superne
718 4139 1032 4210 apparuisse
1051 4180 1067 4206 ,
1098 4141 1173 4195 ait
1199 4157 1213 4194 :
1245 4139 1361 4196 Lux
1391 4151 1504 4194 orta
1527 4152 1603 4196 est
1631 4140 1701 4196 eis
1723 4181 1740 4207 ,
1774 4139 1877 4196 hoc

272 4239 359 4286 est
379 4269 393 4296 ,
427 4230 538 4299 ipsa
566 4230 654 4286 lux
681 4240 798 4285 orta
825 4239 982 4286 estet
1009 4230 1218 4308 refulsit
1247 4248 1261 4284 :
1292 4247 1398 4287 non
1431 4231 1530 4303 ipsi
1568 4230 1776 4302 priores
1805 4231 1873 4287 ad

275 4322 455 4378 lucem
484 4331 850 4378 occurrerunt.
883 4323 1093 4379 Etenim
1130 4333 1255 4380 ante
1278 4323 1478 4379 Christi
1502 4320 1791 4379 adventum
1822 4325 1873 4379 in

277 4413 536 4472 extremis
577 4413 694 4470 sitae
736 4428 827 4470 res
851 4413 1128 4469 hominum
1154 4427 1327 4471 erant.
1358 4414 1545 4486 Neque
1571 4417 1714 4471 enim
1758 4432 1875 4471 am-

274 4503 534 4562 bulabant
570 4505 624 4560 in
659 4505 931 4573 tenebris,
963 4505 1056 4560 sed
1082 4505 1341 4562 sedebant
1381 4506 1436 4562 in
1479 4508 1714 4563 tenebris
1747 4507 1821 4578 (α)
1859 4526 1872 4560 :

275 4592 424 4665 quod
449 4594 658 4664 signum
687 4603 806 4650 erat
827 4595 974 4663 ipsos
999 4608 1100 4650 nec
1125 4609 1372 4665 sperasse
1393 4596 1608 4666 quidem
1650 4611 1709 4652 se
1736 4597 1873 4653 libe-

275 4683 481 4741 randos
509 4698 630 4741 esse
662 4703 678 4740 :
705 4685 857 4756 quasi
900 4687 1046 4742 enim
1088 4687 1391 4754 nescirent,
1436 4704 1544 4759 quo
1575 4690 1868 4758 proceden-

279 4775 411 4833 dum
431 4784 595 4843 esset,
618 4775 699 4833 sic
715 4792 747 4832 a
769 4777 1006 4839 tenebris
1032 4779 1406 4851 comprehensi
1436 4782 1717 4848 sedebant,
1750 4799 1873 4839 cum

281 4882 354 4923 ne
381 4875 528 4923 stare
554 4867 768 4940 quidem
796 4880 1036 4939 possent.

353 4958 458 5015 Cur
479 4958 707 5019 Joannes
730 4969 846 5016 ante
862 4959 1118 5018 Christum
1137 4965 1447 5033 medicauit.
1470 4995 1544 5011 --
1564 4968 1649 5023 17.
1673 4967 1878 5026 Exinde

280 5051 434 5122 capit
472 5050 628 5108 Iesus
663 5052 943 5123 pradicare
979 5063 1028 5108 et
1064 5054 1230 5109 dicere
1260 5071 1278 5109 :
1309 5055 1666 5113 Paenitentiam
1703 5060 1838 5132 agite
1856 5102 1874 5129 ,

281 5142 710 5213 appropinquaoit
735 5145 869 5198 estim
905 5159 1118 5214 regnum
1150 5147 1411 5200 sclorum.
1445 5147 1679 5215 Exinde,
1707 5164 1878 5220 quan-

281 5234 480 5295 douam
501 5235 527 5289 τ
553 5234 630 5290 Ex
653 5250 762 5306 quo
785 5234 1018 5293 lnanues
1050 5237 1103 5298 in
1129 5252 1398 5295 carcerem
1432 5249 1611 5298 trusus
1637 5253 1738 5298 est.
1767 5244 1877 5300 Cur

283 5337 462 5387 autem
493 5342 599 5386 non
628 5342 659 5388 a
687 5329 947 5401 principio
987 5331 1295 5400 praedicavit
1331 5333 1474 5389 illis?
1502 5345 1557 5390 et
1584 5336 1714 5407 quid
1742 5351 1876 5408 opus

343 5483 418 5545 (α)
450 5459 598 5547 Atqui
649 5486 700 5534 in
741 5485 981 5536 uehraico
1025 5484 1206 5550 legitur
1249 5499 1263 5536 :
1301 5493 1470 5570 Tum
1498 5470 1703 5549 ωηιξη-τ
1725 5503 1871 5561 πλη

282 5584 333 5643 εει
357 5573 565 5643 Vulgata
587 5581 730 5628 recte
753 5579 905 5628 vertit
928 5591 941 5625 :
963 5576 1171 5643 Populus
1189 5579 1270 5643 qui
1286 5582 1562 5634 ambulabat
1583 5583 1634 5636 in
1652 5589 1878 5640 tenebris.

285 5634 881 5708 Verum'Qhrysostmnus,
897 5634 1289 5692 concinnator'um
1313 5657 1468 5704 more,
1490 5634 1641 5708 verba
1655 5634 1872 5701 tute—rant

281 5705 464 5815 rt.“le
485 5697 714 5761 discutit,
740 5706 791 5750 ct
824 5697 881 5749 ad
906 5711 1247 5764 argtunentum
1272 5718 1413 5757 suum
1436 5697 1524 5771 pro
1558 5697 1876 5766 lubitousur;

1972 1578 2089 1626 erat
2113 1569 2342 1636 Joanne,
2369 1587 2490 1627 cum
2521 1587 2746 1643 operum
2779 1572 3080 1629 testimonia
3112 1574 3284 1644 ipsum
3318 1574 3581 1646 pradica-

1970 1659 2134 1716 rent?
2161 1660 2230 1717 Ut
2264 1661 2387 1717 inde
2413 1663 2575 1718 etiam
2604 1663 2782 1719 discas
2810 1662 2928 1735 ejus
2955 1662 3293 1733 dignitatem,
3322 1664 3585 1734 quoniam

1969 1754 2422 1824 quemadmodum
2451 1755 2629 1819 Pater,
2659 1755 2776 1826 ipse
2801 1770 3017 1827 quoque
3047 1756 3337 1826 prophetas
3378 1756 3538 1812 habet
3564 1775 3578 1810 :

1971 1845 2113 1916 quod
2141 1857 2190 1902 et
2222 1845 2509 1903 Zacharias
2536 1847 2749 1904 dicebat
2779 1867 2793 1902 :
2826 1847 2890 1904 Et
2915 1858 2992 1917 tu,
3024 1864 3170 1920 puer,
3201 1849 3464 1922 Propheta
3490 1852 3583 1906 Αί-

1971 1938 2154 1993 tissimi
2177 1939 2432 1995 vocaberis
2455 1939 2605 2010 (Luc.
2641 1943 2689 1998 1.
2719 1941 2810 2014 76)
2835 1958 2850 2006 ς
2881 1951 2934 1998 et
2976 1951 3032 1998 ut
3063 1942 3264 1997 nullam
3293 1943 3582 2015 impuden-

1973 2028 2114 2086 tibus
2145 2030 2345 2088 Judazis
2386 2047 2574 2089 ansam
2621 2034 2950 2106 relinqueret
2984 2051 2997 2088 :
3029 2035 3173 2106 quod
3216 2036 3331 2106 ipse
3367 2050 3588 2108 quoque

1973 2120 2227 2176 indicavit
2248 2122 2432 2179 dicens
2455 2142 2469 2178 :
2507 2122 2656 2178 Venit
2682 2122 2912 2181 Joannes
2939 2140 3100 2196 neque
3128 2127 3466 2193 mandamus,
3495 2145 3585 2182 ne-

1971 2227 2066 2280 que
2103 2211 2274 2281 bibens
2293 2253 2308 2276 ,
2336 2223 2383 2268 et
2413 2215 2588 2268 dicunt
2617 2231 2636 2269 :
2664 2213 2988 2271 Damonistm
3028 2217 3195 2273 habet.
3236 2216 3381 2272 Venit
3412 2217 3584 2282 Filius

1973 2303 2192 2357 hominis
2211 2305 2596 2360 manducanset
2619 2306 2810 2373 bibens,
2841 2315 2888 2363 et
2913 2307 3090 2363 dicunt
3117 2323 3136 2364 :
3160 2305 3298 2364 Ecce
3323 2311 3474 2366 homo
3497 2327 3584 2365 uo-

1973 2411 2070 2450 rax
2090 2405 2136 2450 et
2157 2396 2261 2450 vini
2287 2406 2522 2467 potator,
2537 2398 2926 2468 publicanorum
2947 2410 2995 2456 et
3018 2410 3343 2472 peccatorum
3365 2404 3581 2458 amicus.

1973 2483 2041 2540 Et
2072 2487 2358 2558 justi/icata
2385 2499 2459 2544 est
2485 2489 2742 2559 sapientia
2768 2508 2801 2546 a
2825 2491 2949 2558 ﬁliis
2976 2491 3084 2548 suis
3113 2490 3340 2563 (Matth.
3371 2493 3460 2548 11.
3495 2494 3585 2552 18.

1973 2575 2102 2649 19).
2151 2579 2402 2650 Alioquin
2450 2581 2816 2640 necessarium
2858 2589 3014 2650 erat,
3058 2591 3119 2640 ut
3154 2599 3216 2639 ea
3256 2599 3376 2654 qum
3412 2586 3587 2656 ipsunt

1974 2671 2323 2739 spectabant,
2353 2671 2422 2729 ab
2447 2673 2553 2729 alio
2589 2673 2740 2744 prius
2777 2674 3124 2741 dicerentur,
3157 2692 3319 2749 quam
3347 2677 3418 2733 ab
3448 2679 3616 2750 ipso..

1976 2757 2034 2813 Si
2078 2759 2222 2814 enim
2271 2771 2393 2830 post
2432 2770 2512 2816 tot
2551 2771 2805 2834 tantaque
2844 2757 3154 2822 testimonia
3189 2774 3244 2823 et
3271 2780 3590 2840 argumenta

1975 2850 2228 2907 dicebant
2257 2872 2270 2907 :
2302 2853 2379 2908 Tu
2411 2855 2750 2911 testimonium
2785 2857 3017 2926 perhibes
3041 2859 3107 2912 de
3131 2860 3290 2930 teipso
3314 2902 3328 2926 ,
3362 2861 3591 2915 testimo-

1976 2944 2119 2996 nium
2145 2952 2287 2998 tuum
2314 2960 2415 2998 non
2439 2953 2518 2999 est
2542 2961 2713 3000 rerum
2745 2944 2928 3018 (Joan.
2956 2946 3012 3004 8.
3043 2945 3135 3021 13)
3164 2965 3178 3002 ε
3212 2950 3257 3004 si
3285 2950 3413 3003 nihil
3445 2953 3618 3021 prius.

1978 3032 2204 3089 dixisset
2226 3034 2486 3099 Joannes,
2516 3045 2570 3091 et
2600 3036 2716 3106 ipse
2746 3037 2798 3091 in
2831 3036 3068 3093 medium
3109 3052 3449 3111 progressus,
3477 3043 3590 3111 pri-

1979 3139 2098 3177 mus
2126 3123 2194 3180 de
2218 3138 2279 3180 se
2307 3126 2672 3181 testimonium
2702 3126 3092 3197 perhibuisset,
3109 3129 3237 3199 quid
3265 3146 3372 3185 non
3395 3131 3597 3188 dicturi

1977 3223 2133 3267 erant
2150 3212 2174 3265 τ
2193 3212 2494 3294 Propterea
2525 3231 2699 3286 neque
2726 3215 3040 3286 praedicavit
3067 3228 3194 3275 ante
3221 3219 3391 3288 illum,
3417 3236 3593 3294 neque

1979 3302 2128 3373 signa
2149 3285 2338 3370 edidit,
2364 3302 2540 3358 donec
2565 3285 2921 3362 incarcerem
2952 3306 3041 3363 ille
3066 3285 3392 3376 truderetur,
3421 3327 3490 3366 ne
3504 3285 3593 3368 sic

1980 3392 2268 3449 multitudo
2312 3394 2648 3450 scinderetur
2687 3397 2740 3454 in
2781 3398 3237 3467 partes..ldcirco
3273 3401 3482 3457 nullum
3515 3404 3591 3458 si-

1979 3501 2142 3557 gnum
2179 3486 2304 3542 fecit
2338 3486 2575 3544 Joannes
2599 3530 2614 3556 ,
2642 3498 2702 3545 ut
2731 3488 2835 3546 hac
2859 3490 3070 3547 ratione
3098 3493 3494 3551 multitudinem
3523 3496 3609 3566 ad.
3689 3478 3698 3490 ’

1979 3577 2162 3634 Jesum
2188 3578 2462 3648 alliceret,
2492 3580 2619 3637 dum
2646 3582 2904 3637 miracula
2942 3583 3012 3639 ad
3049 3581 3224 3656 ipsllm
3267 3586 3475 3642 turbam
3507 3597 3592 3644 at-

1977 3668 2275 3726 traherent.
2308 3669 2366 3726 Si
2395 3671 2538 3726 enim
2589 3681 2712 3743 post
2744 3681 2823 3728 tot
2852 3681 3228 3745 tantarumque
3254 3691 3435 3731 rerum
3477 3678 3595 3732 dis-

1981 3762 2350 3830 pensationem
2373 3805 2387 3829 ,
2418 3772 2472 3818 et
2501 3776 2627 3818 ante
2654 3771 2710 3818 et
2738 3773 3022 3835 postquam
3045 3764 3287 3823 Joannes
3317 3769 3369 3822 in
3409 3782 3594 3825 carce-

1980 3868 2094 3908 rem
2120 3862 2300 3910 trusus
2328 3863 2432 3921 est,
2459 3854 2708 3924 discipuli
2734 3853 2959 3911 Joannis
2986 3855 3182 3912 invidia
3210 3858 3440 3929 quadam
3464 3874 3596 3933 erga

1979 3941 2163 3997 Jesum
2204 3943 2332 3996 moti
2377 3943 2732 4008 videbantur;
2763 3945 2807 3998 si
2838 3945 2992 4001 multi
3021 3961 3188 4016 porro
3224 3963 3330 4004 non
3371 3948 3548 4019 ipsum
3577 3995 3592 4015 ,

1991 4023 2085 4078 sed
2113 4022 2379 4079 Joannem
2396 4024 2679 4111 Christum
2710 4046 2834 4089 esse
2858 4035 3275 4098 arbitrabantur
3306 4061 3320 4098 :
3363 4046 3410 4102 si
3441 4051 3593 4108 nihil-

1991 4114 2187 4168 horum
2219 4114 2423 4172 factum
2447 4130 2614 4182 esset.
2637 4123 2769 4192 quid
2789 4139 2899 4182 non
2932 4140 3255 4190 eventurum
3273 4141 3438 4194 erat?
3462 4140 3591 4200 Ideo

1992 4209 2567 4283 Matthaenssigniticat
2583 4215 2762 4286 ipsum
2792 4234 2858 4274 eo
2873 4229 3117 4293 tempore
3140 4229 3441 4297 praedicare
3469 4250 3587 4293 coe-

1991 4304 2155 4370 pisse,
2174 4312 2228 4358 ct
2243 4305 2399 4361 initio
2417 4307 2655 4377 idipsum
2672 4310 2863 4368 docuit
2887 4316 3035 4384 quod
3054 4315 3297 4379 Joannes
3324 4313 3592 4394 praedica-

1991 4405 2161 4461 verat,
2189 4411 2290 4452 nec
2319 4399 2621 4470 quidquam
2656 4403 2725 4459 de
2748 4405 2933 4478 seipso
2969 4409 3023 4464 in
3063 4427 3163 4467 sua
3196 4417 3596 4483 praedicatione

1989 4484 2247 4554 loquitur.
2325 4487 2462 4544 Nam
2489 4492 2790 4561 optandum
2821 4508 2940 4554 erat
2971 4511 3031 4556 ut
3061 4501 3194 4559 illud
3237 4505 3454 4563 interim
3490 4513 3596 4567 ad-

1987 4577 2316 4644 mitteretur,
2347 4580 2794 4654 quandoquidem
2822 4589 3068 4646 nondum
3093 4607 3490 4666 congruentem
3519 4603 3598 4658 de

1987 4667 2104 4738 ipso
2135 4670 2408 4727 habebant
2437 4673 2774 4744 opinionem.

2051 4760 2108 4815 2.
2155 4758 2387 4832 ideoque
2430 4763 2483 4818 iu
2529 4765 2793 4835 principio
2837 4766 2981 4829 nihil
3010 4768 3297 4827 molestum
3334 4781 3394 4828 et
3427 4788 3594 4846 grave

1980 4850 2149 4920 dixit,
2179 4861 2238 4906 ut
2262 4852 2388 4920 ille,
2419 4867 2526 4908 non
2550 4853 2782 4912 securim
2803 4898 2822 4922 ,
2853 4871 2962 4912 non
2989 4857 3192 4929 lignum
3217 4868 3453 4932 sectum,
3484 4878 3595 4921 non

1979 4943 2368 5010 ventilabrum,
2388 4959 2581 5001 aream
2596 4945 2682 5001 vel
2723 4946 2900 5018 ignem
2941 4949 3434 5024 inexstinguibilem
3472 4972 3593 5013 me-

1981 5034 2240 5101 moravit;
2263 5034 2362 5092 sed
2380 5050 2411 5091 a
2435 5035 2588 5091 bonis
2610 5051 2788 5104 orsus,
2810 5038 2975 5096 caelos
2996 5053 3262 5098 memorat
3284 5052 3344 5100 et
3364 5059 3593 5119 regnum

1983 5125 2090 5180 illic
2117 5135 2359 5198 paratum
2387 5126 2749 5186 audientibus.
2779 5127 2876 5188 18..
2895 5128 2964 5184 Ει
2988 5131 3258 5189 ambulans
3276 5135 3597 5208 juxtamarc

1983 5214 2246 5282 Galilaat,
2278 5216 2401 5274 cidit
2429 5217 2559 5276 deos
2595 5219 2814 5288 fratres,
2852 5218 3117 5277 Simonem
3142 5225 3230 5292 qui
3256 5228 3592 5298 cognomina-

1981 5306 2132 5362 batur
2161 5307 2343 5365 Petrus
2363 5351 2390 5375 ,ν
2415 5318 2461 5362 et
2496 5311 2767 5368 Andream
2783 5317 2998 5384 fratrem
3025 5316 3170 5388 ejus,
3201 5320 3457 5375 mittentes
3491 5330 3596 5376 rete

1983 5403 2036 5455 in
2065 5419 2206 5457 mare
2232 5417 2252 5457 :
2277 5412 2421 5458 erant
2450 5405 2584 5460 enim
2613 5405 2911 5475 piscatores,
2946 5407 3034 5463 19.
3066 5417 3115 5463 et
3138 5411 3213 5466 ait
3237 5410 3342 5466 illis
3369 5428 3390 5467 :
3420 5411 3596 5469 Venite

1986 5505 2099 5562 post
2127 5510 2222 5555 me.
2257 5504 2303 5548 et
2335 5496 2521 5564 faciam
2550 5512 2640 5554 vos
2666 5498 2941 5569 piscatores
2971 5500 3253 5560 hominum.
3281 5503 3372 5561 20.
3408 5503 3482 5560 Hi
3501 5522 3593 5559 au-

1987 5594 2084 5636 tem
2121 5583 2308 5637 relictis
2350 5581 2534 5639 retibus
2559 5627 2572 5651 ,
2605 5588 2801 5658 sequuti
2831 5598 2947 5643 sunt
2975 5606 3110 5646 eum.
3151 5594 3315 5664 Atqui
3354 5593 3592 5655 Joannes

1987 5678 2060 5730 ait
2100 5693 2194 5732 eos
2242 5679 2347 5731 alio
2395 5682 2555 5734 ntodo
2596 5682 2758 5737 fuisse
2797 5691 3015 5738 vocatos
3050 5703 3061 5737 :
3093 5686 3234 5743 unde
3265 5687 3440 5756 palam
3470 5697 3552 5742 est
3577 5730 3590 5752 ,

1893 5800 1904 5811 -
1990 5774 2125 5827 hanc
2151 5773 2436 5830 secundum
2479 5775 2640 5831 fuisse
2673 5778 3006 5833 vocationem
3042 5796 3052 5830 :
3087 5778 3423 5849 idipsumque
3450 5797 3594 5846 smus
