4124 6302
532 253 639 309 219

534 359 718 425 videre
742 366 824 416 est
870 354 944 412 lbi
971 361 1208 422 namque
1230 348 1443 412 dicitur.
1473 363 1595 403 cum
1624 346 1855 403 nondum
1881 345 2113 401 Joannes

532 449 803 520 coniectus
844 447 1031 501 luisset
1070 444 1124 499 in
1162 441 1644 511 carcerem,ripsos
1671 439 1996 502 secessisse;
2030 435 2117 493 hic

531 556 680 607 vero,
703 549 981 610 postquam
998 535 1274 604 coniectus
1295 532 1485 586 fuerat.
1505 530 1617 586 illic
1637 528 1878 584 Andreas
1894 529 2118 584 vocabat

530 633 745 687 l’etrum
771 647 795 695 ;_
825 628 912 685 hic
950 625 1138 681 ambos
1172 623 1344 680 Jesus.
1383 622 1451 676 Et
1485 619 1957 688 .inanuesquidem
1996 621 2113 674 ait:

542 720 725 775 Videas
755 719 907 773 Jesus
940 717 1195 772 Simonem
1224 714 1514 777 venientem,
1545 713 1673 769 dixit
1697 726 1717 765 :
1746 710 1821 765 Tu
1850 728 1902 765 es
1936 711 2114 767 Simon

530 814 669 880 [ilius
706 810 898 873 Jonas;
935 819 987 862 tu
1025 807 1277 872 vocaberis
1315 805 1511 875 Cap/tas
1530 846 1544 867 ,
1567 804 1719 875 .quod
1760 804 2115 873 interpretatur

535 900 714 955 Petrus
738 899 914 972 (Joan.
945 899 997 954 Ι.
1020 898 1134 967 ιὲ).
1157 896 1437 954 Matutinus
1459 910 1584 951 vero
1607 895 1701 957 ait,
1724 895 1831 962 jam
1854 894 1931 949 sic
1950 892 2113 948 fuisse

530 999 772 1046 vocatum
800 1007 817 1045 :
858 987 1068 1053 Videas,
1097 988 1285 1057 inquit,
1319 986 1599 1051 Simonem,
1622 986 1708 1053 qui
1736 983 1992 1039 dicebatur
2013 981 2114 1036 Pe-

533 1091 658 1135 trus.
687 1079 789 1135 Sed
813 1080 973 1135 etiam
996 1093 1024 1131 a
1049 1078 1187 1144 loco,
1209 1092 1274 1132 ex
1298 1092 1403 1147 qun
1422 1063 1594 1129 vocati
1617 1084 1762 1138 sunt,
1787 1073 1928 1143 quod
1951 1074 2110 1129 etiam

529 1171 652 1224 alibi
684 1184 829 1237 smpe
866 1168 1049 1223 videre
1073 1175 1156 1221 est
1183 1168 1205 1219 :'
1229 1166 1352 1219 hinc
1378 1164 1542 1233 liquet
1568 1165 1727 1219 etiam
1750 1205 1766 1231 ,
1792 1163 1933 1233 quod
1962 1162 2112 1218 facile

528 1253 799 1319 obediant,
824 1263 876 1308 et
899 1254 1078 1307 omnia
1106 1252 1410 1321 relinquam
1435 1268 1448 1315 ;
1472 1251 1582 1319 jam
1608 1250 1749 1305 enim
1777 1248 1943 1319 probe
1969 1251 2111 1317 prius

530 1346 722 1401 eruditi
746 1338 993 1399 fuerant.
1035 1342 1147 1398 illic
1175 1343 1316 1398 enim
1357 1341 1639 1396 exhibetur
1664 1341 1904 1395 Andreas
1934 1341 1984 1393 iu
2010 1338 2111 1393 do-

529 1453 673 1493 mum
704 1437 943 1500 veniens,
972 1448 1025 1490 et
1054 1436 1219 1489 multa
1247 1433 1502 1493 audiens;
1532 1432 1619 1487 hic
1654 1442 1853 1498 autem,
1884 1447 1991 1486 llllo
2013 1447 2079 1485 au

529 1530 640 1581 dito
662 1528 847 1592 verbo,
877 1525 1052 1580 statim
1080 1524 1288 1594 sequuti
1317 1532 1459 1577 sunt.
1490 1522 1786 1578 Verisimile
1810 1521 2004 1593 quippe
2030 1530 2111 1577 est

531 1622 649 1675 illus
665 1633 784 1674 cum
806 1634 835 1672 a
862 1616 1123 1687 principio
1147 1616 1353 1685 sequuti
1387 1613 1629 1679 fuissent,
1652 1612 1901 1667 dimissos
1930 1620 2111 1682 postea

530 1714 731 1778 fuisse;
770 1727 893 1768 cum
937 1718 1115 1765 autem
1156 1708 1412 1763 vidissent
1450 1707 1705 1762 Joannem
1747 1706 1799 1759 in
1839 1721 2108 1760 carcerem

532 1820 735 1862 trusum
768 1805 931 1860 fuisse
955 1846 969 1868 ,
1003 1805 1147 1871 ipsos
1174 1811 1300 1856 tunc
1330 1801 1615 1858 recessisse
1635 1842 1649 1865 ,
1682 1809 1841 1868 atque
1864 1798 1930 1853 ad
1961 1813 2109 1852 suam

529 1905 699 1952 artem
726 1894 966 1951 rediisse.
986 1892 1081 1949 Sic
1106 1893 1285 1963 itaque
1310 1891 1429 1946 illos
1454 1892 1720 1960 piscantes
1747 1889 1967 1944 invenit.
1993 1888 2111 1957 ipse

528 2001 857 2055 veroneque
894 1986 1011 2039 illos
1036 1999 1158 2039 cum
1186 1982 1343 2037 abire
1374 1980 1579 2034 Vellent“
1614 1979 1765 2033 initio
1805 1977 2107 2047 prohibuit,

531 2093 703 2147 neque
741 2091 863 2132 cum
907 2073 1251 2130 recessissent
1290 2085 1456 2141 usque
1483 2070 1535 2123 in
1563 2069 1719 2123 finem
1745 2069 1942 2123 dimisit
1968 2084 1984 2134 ;
2015 2068 2107 2122 sed

529 2177 806 2238 postquam
846 2164 1099 2221 recedere
1128 2162 1373 2228 sivisset,
1405 2160 1552 2216 venit
1587 2175 1799 2215 rursum
1840 2162 1983 2231 ipsos
2022 2176 2109 2214 re-

528 2260 787 2330 petiturus
820 2280 834 2314 :
859 2258 947 2327 qui
975 2256 1218 2326 egregius
1241 2264 1325 2309 est
1353 2254 1663 2323 piscationis
1690 2253 1898 2307 modus.

598 2349 798 2406 Christo
826 2351 933 2403 sine
958 2364 1100 2402 mora
1128 2344 1589 2412 obtemperantium.
1620 2374 1692 2383 —
1722 2341 1995 2411 Perpende
2020 2359 2108 2395 au-

529 2454 636 2498 tem
665 2443 872 2496 illorum
899 2454 953 2494 et
975 2440 1130 2493 fidem
1152 2447 1205 2491 et
1225 2434 1600 2490 obedientiam.
1632 2435 1835 2488 Etenim
1860 2435 1911 2488 iu
1934 2434 2111 2488 medio

527 2547 695 2602 opere
720 2531 890 2597 (scitis
911 2539 1088 2583 autem
1115 2543 1273 2597 quam
1300 2525 1450 2579 avida
1479 2541 1564 2580 res
1593 2526 1661 2579 sit
1689 2524 1932 2593 piscatio)
1963 2524 2107 2579 illum

524 2622 799 2693 iubentem
827 2619 1104 2676 audientes
1126 2660 1140 2683 ,
1166 2633 1271 2671 non
1298 2617 1653 2681 distulerunt,
1678 2631 1850 2684 neque
1878 2625 2109 2673 cunctati

524 2723 650 2769 sunt
671 2731 684 2764 :
710 2729 816 2767 non
838 2711 1109 2772 dixerunt.
1134 2708 1352 2763 Reversi
1378 2707 1618 2773 domum,
1643 2707 1967 2776 propinquos
1989 2707 2111 2760 alio.

523 2816 755 2873 quemur
782 2818 798 2855 :
828 2799 1158 2856 sed'relictis
1194 2797 1445 2853 omnibus
1486 2798 1694 2866 sequuti
1732 2805 1888 2863 sunt,
1918 2812 2108 2867 quem-

524 2891 811 2946 admodum
846 2898 900 2945 et
937 2890 1159 2944 Elistcus
1201 2888 1324 2942 fecit
1360 2902 1480 2943 cum
1526 2886 1662 2941 Elia.
1699 2886 1880 2941 Talem
1916 2888 2111 2957 quippe

525 2981 771 3037 Christus
794 2979 1151 3036 obedientiam
1175 2978 1365 3048 quaerit
1401 2990 1432 3030 a
1472 2977 1626 3032 nobis
1649 3020 1665 3043 ,
1692 2978 1761 3031 ita
1804 2990 1859 3031 ut
1893 2994 1959 3032 ne
1990 2994 2105 3032 mo-

526 3084 707 3129 mento
740 3071 955 3143 quidem
989 3071 1245 3140 temporis
1282 3068 1625 3133 differamus,
1654 3070 1862 3125 etiamsi
1890 3071 2013 3136 quid
2042 3087 2107 3125 ex

527 3161 812 3219 admodum
853 3160 1174 3217 necessariis
1212 3174 1401 3228 urgere
1428 3158 1686 3213 videatur.
1718 3158 1918 3214 Idcirco
1948 3160 2107 3213 alium

526 3253 829 3310 venientem
870 3261 925 3306 et
966 3258 1239 3320 rogantem
1275 3249 1374 3305 sibi
1412 3249 1597 3304 liceret
1637 3250 1865 3318 sepelire
1905 3260 2106 3319 patrem

526 3358 704 3401 suum.
732 3356 799 3397 ne
825 3340 951 3395 illud
980 3339 1191 3408 quidem
1211 3337 1387 3394 facere
1415 3338 1673 3407 permisit.
1697 3339 2003 3403 ostendens,
2028 3355 2112 3394 sc-

526 3432 720 3503 qnendi
766 3430 1032 3485 Clu-istum
1076 3428 1311 3483 officium
1354 3442 1474 3484 esse
1517 3429 1766 3483 omnibus
1809 3429 2112 3484 anteferen-

525 3526 651 3581 dum
677 3523 869 3593 (Matth
915 3508 1063 3579 εἴέι
1095 3522 1211 3592 92).
1238 3521 1295 3577 Si
1324 3535 1451 3576 vero
1477 3521 1676 3577 dixeris
1708 3538 1722 3574 :
1753 3521 1977 3575 Maxima
1997 3530 2113 3575 erat

527 3616 811 3686 promissio
841 3634 855 3669 :
885 3613 1007 3670 ideo
1036 3613 1267 3667 maxime
1290 3612 1457 3666 miror
1483 3612 1624 3669 illos.
1648 3612 1788 3681 quod
1827 3628 1946 3665 eum
1981 3628 2112 3664 nnn-
2138 3648 2145 3653 -

526 3706 651 3760 dum
692 3704 907 3774 signum
939 3702 1231 3768 vidissent,
1262 3710 1422 3759 tanta
1461 3701 1813 3771 promissioni
1828 3700 1985 3755 fidem
2015 3702 2109 3755 ha-

528 3795 742 3850 buerint
763 3835 779 3859 ,
805 3803 860 3849 et
882 3794 1060 3848 omnia
1103 3790 1496 3862 postposuerint
1524 3802 1581 3845 ut
1607 3792 1879 3846 Christum
1918 3807 2111 3862 seque-

530 3896 717 3943 rentur
744 3902 757 3938 :
784 3900 904 3939 nam
932 3883 1278 3940 crediderunt
1304 3897 1364 3937 se
1393 3874 1553 3952 pbsse
1580 3897 1673 3953 per
1695 3882 1882 3938 eadem
1914 3885 2069 3938 verba
2093 3928 2107 3949 ,

528 3970 682 4051 queis
715 3978 853 4047 capti
899 3977 1141 4043 fuerant,
1186 3977 1321 4032 alios
1364 3976 1576 4044 piscari.
1620 3977 1715 4032 Bis
1759 3979 1935 4047 itaque
1981 3979 2110 4033 illud

530 4069 775 4141 promisit
804 4087 819 4123 :
845 4067 1050 4124 Jacobo
1082 4075 1266 4120 autem
1285 4072 1343 4123 et
1368 4064 1562 4121 Joanni
1594 4066 1724 4120 nihil
1758 4068 1932 4123 simile
1958 4068 2109 4121 dixit.

530 4161 661 4215 Nam
692 4160 929 4229 priorum
959 4156 1307 4228 obsequentia
1336 4155 1419 4209 his
1446 4145 1584 4209 viam
1613 4158 1837 4225 paravit.
1871 4158 2112 4227 Alioquin

531 4264 660 4306 vero
679 4248 787 4319 iam
812 4246 1035 4318 plurima
1059 4246 1129 4301 de
1158 4245 1274 4316 ipso
1299 4245 1594 4301 audierant.
1621 4245 1753 4301 Vide
1779 4262 1937 4317 porro
1956 4264 2111 4319 quam

531 4352 776 4399 accurate
819 4338 972 4395 nobis
1010 4337 1220 4392 illorum
1260 4345 1625 4407 paupertatem
1655 4337 1869 4393 indicet.
1914 4339 2115 4393 invenit

532 4432 675 4488 enim
705 4431 827 4486 illos
851 4428 1153 4486 reficientes
1186 4428 1319 4484 retia
1360 4444 1476 4483 sua.
1504 4428 1674 4483 Tanta
1718 4438 1832 4484 erat
1868 4441 2109 4500 egestas,

531 4530 593 4577 ut
620 4530 800 4577 vetera
826 4527 1207 4585 restaurarent,
1237 4517 1377 4588 quod
1407 4533 1512 4573 non
1539 4525 1761 4589 possent
1784 4520 1883 4573 alia
1912 4536 2108 4575 emere.

532 4614 641 4670 Nec
678 4611 897 4667 minima
937 4609 1149 4665 interim
1192 4609 1306 4663 haec
1341 4617 1424 4663 est
1462 4609 1671 4663 virtutis
1701 4604 2111 4676 demonstratio,

532 4711 896 4777 paupertatem
929 4702 999 4757 ita
1041 4700 1197 4756 facile
1233 4699 1373 4755 ferre
1398 4741 1413 4765 ,
1439 4714 1505 4754 ex
1543 4700 1703 4766 justis
1741 4700 2004 4757 laboribus
2035 4705 2113 4756 vi-

530 4808 675 4853 ctum
699 4809 906 4864 parare,
931 4801 1110 4847 mutua
1137 4790 1361 4847 invicem
1385 4791 1606 4846 caritate
1626 4793 1889 4857 connecti,
1914 4804 2112 4862 patrem

531 4900 712 4941 secum
740 4882 956 4949 habere,
981 4882 1184 4951 ipsique
1210 4880 1472 4935 famulari.
1500 4880 1787 4951 Postquam
1814 4881 1970 4951 igitur
1995 4883 2114 4940 illos

534 4978 779 5046 piscatus
794 4974 1000 5039 fuisset,
1024 4982 1148 5028 tunc
1172 4973 1335 5041 cmpit
1359 4971 1464 5026 illis
1489 4972 1843 5042 prteseutibus
1863 4974 2114 5029 miracula

534 5068 696 5123 edere
718 5110 733 5132 ,
762 5081 964 5138 perque
991 5080 1051 5120 ea
1082 5080 1201 5134 qute
1229 5079 1259 5117 a
1285 5062 1488 5119 Joanne
1511 5064 1578 5119 de
1608 5064 1721 5132 ipso
1750 5064 1885 5119 dicta
1912 5068 2117 5123 fuerant

534 5155 905 5211 confirmabat.
936 5155 1241 5226 Synagogas
1266 5167 1427 5222 porro
1458 5153 1846 5223 frequentabat,
1878 5155 2001 5211 hinc
2024 5156 2117 5212 ιη.

537 5248 683 5301 cimus
711 5247 908 5301 docens
933 5261 991 5301 se
1020 5261 1122 5298 nou
1153 5260 1273 5299 esse
1300 5244 1408 5299 Deo
1432 5244 1789 5297 adversarium
1808 5286 1821 5310 ,
1850 5248 1931 5301 vel
1960 5249 2117 5302 sedu-

538 5350 764 5404 ctorem,
786 5340 877 5394 sed
898 5355 1019 5395 cum
1048 5340 1205 5394 Patre
1225 5339 1643 5393 consentientem
1666 5338 1961 5397 advenisse.
1983 5342 2114 5397 Cum

538 5445 715 5484 amem
744 5430 796 5483 in
827 5429 959 5484 locis
990 5438 1315 5499 versaretur,
1338 5445 1443 5484 non
1474 5428 1633 5485 modo
1659 5429 1999 5501 prmdicabat,
2022 5435 2114 5488 sed

540 5522 701 5578 etiam
732 5521 880 5590 signa
912 5519 1119 5575 edi-bat.

610 5612 667 5671 ὅ.
699 5610 901 5683 Ubique
926 5612 1088 5677 enim,
1122 5612 1166 5668 si
1190 5610 1401 5684 quando
1422 5627 1509 5669 res
1539 5611 1751 5672 insolita
1771 5625 1823 5673 et
1846 5617 2110 5690 inopinata

1342 235 1399 292 S.
1427 234 1702 291 JOANMS
1738 232 2212 290 CHRYSOSTOMI
2250 230 2564 289 ARCiiiEP.
2604 236 3137 294 CONSTANTINOP.

3713 238 3821 297 220

2221 344 2459 410 accidat,
2491 346 2537 401 si
2580 361 2775 402 novum
2815 347 3099 404 inducatur
3136 350 3257 405 vilte
3296 350 3593 406 institutum
3618 392 3633 416 ,
3665 352 3816 422 signa

2221 434 2355 490 solet
2386 435 2524 492 Deus
2552 437 2761 503 facere,
2793 439 3045 508 potentia:
3074 453 3189 495 suae
3218 441 3435 511 pignora
3477 444 3725 507 praebens
3753 446 3819 498 iis

2218 525 2309 595 qui
2349 526 2495 597 leges
2522 528 2819 597 suscepturi
2849 539 2992 584 sunt.
3033 528 3122 585 Sic
3160 531 3340 599 itaque
3379 546 3499 586 cum
3540 532 3816 588 hominem

2221 615 2453 669 facturus
2480 626 2597 672 erat
2617 659 2635 682 ,
2668 617 2921 672 tuundum
2962 628 3130 673 totum
3164 621 3368 675 creavit
3390 663 3405 684 ,
3437 631 3670 691 mustine
3709 622 3811 690 ipsi

2218 706 2388 776 legem
2433 709 2575 763 illam
2600 710 2615 740 ¹
2654 711 2705 763 in
2750 709 2998 778 paradiso
3032 710 3201 766 dedit.
3239 712 3304 767 Et
3342 728 3464 769 cum
3505 714 3632 770 Noae
3668 714 3818 785 leges

2220 797 2487 865 positurus
2514 808 2649 866 erat,
2678 815 2867 870 magna
2899 816 3110 857 rursum
3140 801 3385 859 exhibuit
3413 806 3690 871 miracula,
3718 823 3818 876 per

2217 903 2337 956 quae
2368 899 2529 944 totam
2558 893 2873 946 restauravit
2897 902 3220 960 creaturam,
3244 905 3298 950 et
3323 895 3359 951 ιι
3397 898 3651 953 rrendum
3683 898 3814 954 illud

2218 981 2434 1050 pelagus
2465 997 2558 1051 per
2581 997 2779 1037 annmn
2811 993 2978 1040 totum
3015 986 3259 1044 obtinere
3288 991 3493 1045 curavit
3514 1034 3529 1057 ,
3562 1007 3660 1063 per
3685 1010 3807 1062 quas

2216 1069 2380 1123 etiam
2423 1070 2627 1139 justum
2680 1074 2829 1128 illum
2884 1075 2936 1130 iu
2990 1084 3134 1133 tanta
3189 1087 3508 1148 tempestate
3551 1085 3809 1143 servavit.

2216 1161 2447 1217 Abralue
2476 1179 2688 1231 (tuoque
2717 1168 2885 1221 multa
2928 1168 3079 1237 signa
3120 1170 3405 1238 prmstitit;
3435 1173 3581 1228 verbi
3613 1189 3773 1231 causa
3795 1215 3813 1242 ,

2221 1254 2494 1309 victoriam
2522 1254 2575 1308 in
2605 1256 2766 1323 bello,
2797 1258 3005 1327 plagam
3033 1260 3298 1316 Pharaoni
3330 1263 3642 1332 immissum,
3670 1282 3703 1320 a
3728 1283 3816 1336 pe-

2219 1343 2395 1398 riculis
2431 1347 2778 1414 ereptinuem.
2812 1347 3057 1418 Cumque
3099 1350 3298 1406 Jmlmis
3338 1354 3483 1423 leges
3515 1364 3813 1413 statutum;

2214 1442 2378 1497 esset,
2408 1434 2661 1488 miracula
2690 1436 2774 1488 illa
2808 1435 2953 1501 fecit,
2983 1446 3035 1490 ιιι
3062 1440 3302 1509 prodigia
3344 1458 3555 1513 magna,
3584 1454 3811 1514 tuncque

2217 1523 2388 1594 legem
2420 1524 2584 1577 dedit.
2614 1525 2687 1579 ita
2721 1537 2769 1579 et
2799 1542 2939 1581 nunc
2966 1529 3238 1583 excelsum
3275 1533 3559 1602 quodpiam
3593 1534 3812 1591 institu-

2218 1624 2326 1669 tum
2372 1617 2686 1671 inducturus
2707 1659 2721 1681 ,
2754 1634 2922 1687 eaque
2955 1619 3197 1675 dicturus
3237 1621 3339 1676 illis
3365 1638 3485 1694 quo:
3519 1640 3813 1697 numquam

2217 1709 2493 1763 audierant
2514 1751 2530 1775 ,
2556 1706 3209 1779 mirabilium'opera'ione
3229 1714 3365 1768 dicta
3388 1729 3482 1769 sna
3502 1717 3809 1772 confirmat.

2217 1799 2477 1866 Quoniam
2504 1800 2644 1854 enim
2675 1815 2893 1869 regnum
2925 1801 3071 1855 illud.
3096 1802 3237 1871 quod
3267 1805 3675 1872 prmdicabatur,
3699 1822 3810 1861 non

2215 1889 2538 1957 apparebat,
2576 1903 2643 1944 ex
2685 1890 2749 1943 iis
2786 1907 2906 1962 qua:
2952 1891 3052 1945 sub
3100 1904 3373 1963 aspectum
3421 1911 3451 1949 c
3485 1897 3715 1963 dobant,
3761 1900 3813 1953 id

2214 1979 2352 2048 quod
2391 1980 2659 2034 occultum
2694 1991 2808 2035 erat
2850 1981 3185 2037 manifestum
3233 1987 3374 2039 fecit.
3409 1986 3479 2041 Et
3518 1987 3640 2043 vide
3679 1991 3813 2045 mihi

2214 2081 2470 2139 quantum
2515 2071 2782 2140 superflua
2822 2074 2952 2126 vitet
2990 2077 3315 2145 evangelisa
3341 2118 3355 2136 ,
3393 2078 3665 2146 quomodo
3703 2095 3811 2133 nun

2216 2161 2454 2230 singulos
2499 2176 2685 2216 eorum
2729 2163 2818 2232 qui
2866 2165 3035 2217 sanati
3082 2176 3206 2219 sunt
3252 2181 3676 2232 comuwmoret,
3717 2164 3813 2225 sed

2218 2253 2363 2305 brevi
2386 2266 2633 2306 sermone
2656 2254 2932 2309 innumera
2955 2254 3100 2323 signa
3126 2266 3520 2325 praetercurrat.
3543 2257 3675 2312 Nam
3698 2260 3773 2311 ait
3793 2278 3809 2315 :

2216 2340 2306 2396 24.
2344 2340 2643 2396 Obtulerunt
2673 2344 2715 2395 ei
2746 2359 2917 2397 antnes
2946 2344 3077 2397 male
3104 2344 3339 2398 [tabentes
3363 2347 3514 2400 variis
3543 2348 3810 2418 languori-

2216 2432 2306 2484 fms
2326 2472 2341 2497 ,
2367 2442 2412 2485 et
2444 2434 2702 2485 tormentis
2726 2444 2983 2502 correptos
3000 2476 3014 2497 ,
3045 2434 3297 2488 daemonia
3320 2436 3557 2492 habentes
3575 2480 3587 2495 .
3619 2437 3808 2492 lunati-

2213 2540 2318 2586 cos,
2337 2524 2662 2595 paralyticos,
2686 2533 2731 2577 et
2746 2527 2942 2579 sanauit
2963 2532 3068 2585 eos.
3089 2526 3286 2581 Verum
3308 2528 3375 2583 ab
3398 2528 3486 2582 illo
3504 2528 3807 2599 inquiritur,

2213 2630 2309 2667 cur
2334 2629 2364 2668 a
2392 2613 2537 2669 nullo
2563 2628 2747 2670 eorum
2780 2614 2937 2671 fidem
2965 2618 3177 2687 exegit?
3203 2616 3387 2687 Neque
3412 2619 3552 2672 cnim
3575 2619 3732 2686 dixit,
3758 2620 3808 2673 id

2213 2705 2355 2773 quod
2397 2714 2580 2773 postea
2621 2705 2822 2761 dixisse
2858 2716 3109 2761 narratur
3138 2727 3151 2760 :
3177 2709 3407 2762 (Iri-ditis
3439 2724 3525 2765 me
3566 2709 3694 2763 illud
3734 2709 3811 2764 fa-

2212 2810 2338 2850 cere
2376 2810 2532 2865 posse
2559 2774 2869 2869 (Matth).
2909 2796 3060 2867 28)?
3095 2798 3218 2867 quia
3259 2799 3493 2854 nondum
3536 2801 3812 2869 potestatis

2214 2903 2325 2942 sure
2347 2888 2665 2944 documenta
2695 2888 2935 2943 dederat.
2962 2890 3210 2960 Alioquin
3240 2906 3368 2945 vero
3392 2906 3457 2946 ex
3486 2907 3552 2947 eo
3574 2893 3716 2963 quod
3742 2894 3809 2949 ad

2216 2995 2338 3034 cum
2368 2981 2683 3034 accederent
2707 3020 2723 3044 ,
2755 2980 2997 3049 aliosque
3024 2981 3371 3045 inducereut,
3405 2998 3509 3037 non
3542 2983 3807 3039 modicam

2213 3069 2538 3124 exhibebant
2575 3068 2753 3124 fidem.
2797 3068 2929 3124 Nam
2971 3085 3036 3125 ex
3076 3070 3366 3141 longinquo
3405 3088 3576 3143 :rgros
3610 3074 3808 3132 at'f'ere-
3896 3090 3899 3093 ‘

2215 3161 2375 3222 baut,
2407 3176 2511 3214 non
2538 3160 2778 3225 allaturi,
2814 3161 2914 3214 nisi
2946 3175 3190 3229 magnam
3218 3161 3287 3217 de
3317 3162 3409 3216 illo
3434 3164 3812 3234 conci-pissent

2214 3250 2540 3319 opinionem.
2567 3250 2636 3304 Et
2658 3264 2756 3305 nos
2778 3264 2988 3319 quoque
3010 3250 3157 3304 illum
3183 3266 3471 3321 sequamur
3495 3271 3511 3306 :
3535 3269 3656 3309 nam
3681 3256 3812 3309 mul-

2221 3343 2287 3396 tis
2311 3342 2474 3396 auimi
2502 3341 2705 3395 morbis
2728 3340 3055 3406 laboramus,
3087 3351 3141 3396 et
3168 3340 3265 3396 hos
3291 3342 3382 3397 ille
3410 3344 3677 3415 pratcipuc
3700 3347 3815 3402 vult

2215 3448 2424 3487 curare.
2455 3432 2577 3487 ideo
2601 3434 2743 3487 enim
2774 3432 2863 3487 illa
2895 3433 3033 3487 mala
3057 3442 3230 3499 curat,
3260 3442 3317 3488 ut
3342 3434 3459 3489 haec
3483 3437 3716 3506 expellat
3745 3455 3810 3494 ex

2215 3523 2495 3577 animabus
2522 3522 2739 3577 nostris.
2768 3521 3098 3577 Accedamus
3126 3524 3284 3593 igitur
3305 3523 3372 3578 ad
3400 3540 3546 3588 eum,
3572 3526 3812 3600 nihilque

2216 3614 2468 3668 s:ecnlare
2497 3622 2739 3682 petamus
2758 3655 2773 3678 ,
2802 3613 2895 3669 sed
2921 3614 3287 3669 remissionem
3320 3628 3658 3685 peccatorum
3692 3631 3811 3676 :et-

2217 3707 2359 3760 enim
2385 3705 2544 3759 etiam
2572 3720 2711 3759 nunc
2732 3704 2840 3768 dat,
2866 3706 2909 3759 si
2931 3704 3212 3776 diligenter
3230 3721 3468 3777 agamus.
3491 3708 3641 3765 Tunc
3660 3713 3807 3767 enim

2217 3795 2269 3847 in
2311 3795 2519 3865 Syriam
2560 3794 2675 3862 ejus
2715 3796 2853 3849 fama
2883 3794 3121 3860 volarat;
3154 3810 3295 3850 nunc
3328 3813 3458 3851 vero
3501 3813 3597 3867 per
3638 3808 3809 3856 totum

2214 3885 2418 3940 orbem.
2453 3885 2519 3939 Et
2558 3885 2630 3939 illi
2666 3885 2879 3955 quidem
2909 3885 3186 3941 audientes
3208 3929 3225 3953 ,
3255 3886 3427 3958 ipsum
3455 3889 3813 3948 dmmoniacos

2216 3976 2508 4038 curavisse,
2538 3976 2933 4031 concurrebant
2963 3993 2977 4027 :
3008 3985 3062 4029 tu
3085 3991 3213 4030 vero
3241 3979 3408 4032 multo
3435 3978 3691 4049 majorem
3716 3999 3813 4052 po—

2218 4065 2421 4118 tesmtis
2468 4065 2632 4131 ipsius
2670 4066 3052 4134 experientiam
3093 4075 3279 4123 nactus
3316 4084 3421 4123 non
3461 4072 3671 4142 surgis,
3706 4091 3811 4129 non

2217 4154 2421 4209 curris?
2445 4154 2548 4209 Sed
2580 4155 2651 4209 illi
2677 4155 2889 4224 quidem
2913 4165 2965 4233 et
2992 4158 3217 4225 patriam
3249 4158 3584 4228 reliquerunt
3606 4173 3662 4216 et
3686 4166 3812 4218 ami-

2218 4260 2310 4299 cos
2338 4255 2391 4299 et
2421 4256 2707 4315 cognatos;
2736 4253 2789 4300 tu
2818 4261 2946 4301 vero
2971 4261 3038 4301 ne
3076 4245 3239 4303 domo
3276 4250 3489 4319 quidem
3514 4253 3664 4309 exire
3693 4270 3811 4312 sus-

2221 4337 2361 4391 tines
2379 4377 2394 4399 ,
2420 4346 2477 4391 ut
2503 4337 2725 4393 accedas
2749 4378 2764 4401 ,
2791 4346 2845 4390 ct
2870 4337 3025 4406 longe
3049 4339 3269 4393 meliora
3293 4344 3676 4411 consequaris?
3698 4346 3813 4403 lmo

2220 4442 2324 4481 non
2355 4426 2455 4481 hoc
2477 4442 2504 4479 a
2533 4437 2586 4482 te
2626 4428 2991 4497 postulamus;
3022 4427 3115 4481 sed
3154 4428 3347 4483 malam
3387 4432 3560 4487 solum
3599 4434 3815 4503 depone

2218 4504 2685 4582 consuetudinem,
2724 4526 2779 4572 et
2810 4517 2955 4572 domi
2996 4531 3221 4573 manens
3262 4534 3383 4573 cum
3433 4522 3537 4576 tuis
3579 4524 3810 4580 salutem

2220 4607 2371 4661 facile
2410 4607 2658 4677 consequi
2699 4607 2917 4676 poteris.
2945 4605 3061 4661 Jam
3094 4622 3223 4663 vero
3250 4609 3296 4663 si
3335 4610 3524 4665 morbo
3547 4628 3812 4683 corporeo

2220 4696 2559 4761 laboremus,
2588 4697 2765 4751 omnia
2806 4697 3060 4765 facimus,
3089 4700 3271 4753 omnia
3309 4716 3589 4758 movemus
3609 4746 3624 4768 ,
3659 4714 3716 4759 ut
3746 4709 3814 4763 ab

2221 4789 2310 4844 illa
2338 4788 2577 4843 molestia
2600 4803 2852 4845 eruamur
2874 4807 2889 4844 :
2910 4789 3086 4843 anima
3111 4805 3240 4846 vero
3259 4801 3442 4848 nostra
3472 4794 3612 4851 male
3633 4811 3694 4854 se
3720 4798 3815 4852 ha-

2220 4879 2415 4944 bente,
2447 4889 2762 4934 cunctamur
2796 4887 2851 4935 et
2893 4879 3203 4951 refugimus.
3240 4881 3364 4939 ideo
3401 4901 3577 4956 neque
3606 4887 3675 4942 ab
3708 4890 3814 4945 illis

2219 4969 2547 5035 liberamur;
2593 4971 2842 5040 quoniam
2884 4986 3002 5041 quae
3042 4976 3339 5030 necessaria
3385 4988 3543 5043 sunt,
3587 4978 3813 5038 minoris

2220 5064 2474 5145 momenti
2503 5062 2741 5127 facimus,
2770 5079 2888 5135 quas
2911 5080 3041 5121 vero
3069 5068 3291 5123 minoris
3318 5071 3598 5137 momenti,
3623 5088 3802 5130 neces-

2220 5152 2645 5229 sariagducimus
2676 5173 2690 5210 :
2722 5163 2777 5209 et
2820 5155 3083 5211 malorum
3127 5157 3273 5214 fonte
3308 5159 3532 5215 dimisso
3556 5202 3573 5227 ,
3613 5164 3833 5219 rivulo?

2224 5259 2449 5315 purgare
2473 5245 2735 5303 volumus.
2757 5247 2911 5315 Quod
2940 5248 3082 5305 enim
3110 5251 3421 5307 morborum
3444 5257 3687 5325 corporis
3706 5259 3812 5312 ani-

2222 5350 2323 5390 mae
2351 5334 2649 5411 malignitas
2677 5350 2838 5394 causa
2869 5339 2958 5405 sit,
2990 5340 3315 5412 paralyticus
3344 5343 3432 5399 ille
3458 5346 3670 5417 triginta
3690 5360 3812 5402 octo

2222 5442 2485 5481 annorum
2518 5427 2712 5497 (Joan.
2744 5429 2845 5499 5),
2882 5430 2974 5485 ille
3008 5431 3146 5486 alius
3183 5447 3278 5502 per
3316 5443 3516 5489 tectum
3548 5436 3813 5495 demissus

2221 5516 2385 5588 (Luc.
2414 5518 2756 5591 5).anteillos
2786 5532 2914 5576 vero
2938 5520 3068 5577 Cain
3095 5522 3483 5581 demonstravit
3515 5544 3530 5583 :
3555 5541 3809 5600 saepeque

2289 5630 2305 5661 ι
2341 5628 2531 5687 Quidam
2549 5635 2677 5690 ιῑςς..
2703 5636 2903 5694 tuncque
2922 5632 3015 5696 ipsi
3035 5635 3266 5685 mundum
3291 5635 3451 5697 illam;
3476 5640 3635 5690 minus
3645 5645 3800 5692 recte.
