4124 6302
246 351 348 412 iii

253 471 382 530 alibi
405 471 587 546 quivis
608 468 712 528 hoc
742 467 917 540 ipsum
948 466 1146 525 videat.
1175 465 1449 522 Tollamus
1481 463 1660 534 itaque
1688 457 1858 518 malo.

252 577 376 620 rum
407 562 633 627 fontem,
655 570 712 619 et
732 559 1040 616 morborum
1067 558 1266 614 ﬁuenta
1291 557 1471 614 statim
1492 554 1854 612 siccabuntur.

252 656 373 714 Non
403 655 668 728 paralysis
690 654 864 710 solum
891 653 1090 709 malum
1111 659 1214 717 est,
1238 648 1334 707 sed
1357 650 1520 706 etiam
1543 655 1854 720 peccatum;

131 735 150 751 ί
253 747 367 803 imo
391 745 496 805 hoc
519 746 696 817 majus
718 760 881 818 quam
911 742 1062 810 illud,
1089 753 1292 815 quanto
1314 741 1520 798 scilicet
1542 739 1720 794 anima
1743 750 1858 792 me-

250 838 354 894 lior
379 846 465 894 est
488 850 732 910 corpore.
779 836 1112 893 Accedamus
1137 834 1298 907 igitur
1318 841 1373 890 et
1399 846 1541 888 nnc
1559 828 1628 886 ad
1653 829 1852 900 ipsum,

256 945 512 1002 rogemus
538 940 598 987 ut
623 931 914 987 resolutam
952 928 1188 983 animam
1219 934 1457 982 nostram
1485 923 1852 991 constringat,

251 1030 311 1075 et
339 1020 689 1076 saeuiaribus
721 1020 902 1076 missis
929 1018 1179 1074 omnibus
1202 1057 1218 1083 ,
1250 1015 1608 1088 spiritualium
1647 1020 1854 1068 tantum

257 1112 526 1167 rationem
557 1109 870 1167 habeamus.
897 1109 954 1166 Si
982 1125 1110 1164 vero
1137 1107 1253 1164 haec
1277 1106 1557 1169 obtineas.
1584 1104 1674 1160 illa
1699 1117 1857 1160 cures

256 1213 466 1272 postea.
495 1201 608 1260 Nec
633 1205 758 1276 quia
789 1203 843 1258 in
874 1202 1148 1274 peccando
1176 1216 1283 1258 non
1308 1200 1484 1265 doles,
1517 1198 1640 1255 ideo
1664 1208 1856 1253 conice
1894 1195 1897 1198 ’

255 1309 437 1362 mnas,
467 1295 562 1351 sed
590 1305 869 1368 propterea
899 1295 1133 1352 maxime
1158 1293 1468 1366 ingemisce,
1495 1293 1620 1362 quia
1645 1290 1854 1346 nullum

255 1385 428 1442 habes
462 1383 531 1442 de
575 1387 808 1457 peccatis
841 1384 1107 1442 dolonem.
1137 1384 1270 1441 illud
1309 1400 1438 1441 vero
1476 1383 1602 1440 inde
1638 1383 1852 1448 evenit,

256 1491 366 1532 non
395 1476 538 1548 quod
571 1485 848 1548 peccatum
888 1490 996 1532 non
1034 1476 1311 1541 mordeat,
1349 1476 1445 1532 sed
1486 1475 1630 1546 quod
1675 1473 1855 1528 anima

257 1565 553 1624 sceleribus
579 1577 792 1625 assueta
845 1584 1064 1624 sensum
1110 1583 1217 1624 non
1255 1565 1469 1625 habeat.
1499 1566 1684 1637 Cogita
1725 1579 1856 1635 ergo

257 1657 381 1713 illos
405 1657 500 1728 qui
527 1657 741 1730 propria
767 1668 983 1729 peccata
1016 1658 1273 1726 sentiunt,
1304 1656 1574 1729 quomodo
1607 1655 1854 1712 acerbius

254 1748 462 1818 ejulent
485 1764 646 1819 quam
676 1750 710 1804 ii
736 1749 827 1822 qui
866 1761 1120 1806 secantur
1144 1750 1228 1804 vel
1256 1757 1518 1814 uruntur,
1547 1755 1855 1818 quantaque

256 1837 547 1907 patiantur,
576 1848 834 1909 quantum
860 1839 1078 1910 lugeant
1101 1849 1156 1896 et
1183 1839 1555 1910 ingemiscant,
1578 1850 1687 1894 uta
1714 1838 1852 1893 mala

253 1929 586 1985 conscientia
612 1930 928 1998 liberentur,
954 1930 1096 2002 quod
1127 1945 1417 2001 numquam
1445 1928 1680 1987 facerent
1702 1973 1718 1997 ,
1751 1927 1853 1984 nisi

253 2019 438 2075 animo
460 2020 749 2077 admodum
777 2020 1041 2080 dolerent.

324 2111 382 2166 4.
407 2111 627 2166 Peccnta
641 2114 826 2169 sentire
849 2126 897 2169 et
922 2116 1177 2185 corrigere
1194 2131 1391 2171 necesse
1413 2124 1507 2170 est.
1529 2114 1652 2169 Non
1678 2114 1854 2168 dolere

252 2202 320 2258 de
343 2215 548 2274 peccato
569 2207 732 2278 magis
757 2207 927 2261 irritat
952 2207 1143 2273 Deum,
1175 2223 1332 2278 nam
1360 2209 1529 2278 ipsum
1561 2217 1848 2278 peccatum.

253 2295 454 2350 Αηίηισ
478 2297 772 2367 peccatricis
795 2298 1115 2368 deferamus.
1165 2325 1238 2339 -—
1264 2297 1461 2370 Utique
1490 2298 1683 2354 melius
1710 2308 1855 2354 esset

253 2403 548 2459 numquam
575 2405 828 2460 peccare;
853 2391 996 2462 quod
1016 2393 1261 2462 sequitur
1289 2402 1467 2447 autem
1497 2399 1601 2458 est,
1633 2401 1855 2463 peccata

252 2481 456 2536 sentire
477 2489 534 2536 et
560 2481 852 2553 corrigere.
886 2481 943 2538 Si
984 2497 1114 2538 vero
1159 2483 1212 2538 id
1244 2499 1350 2538 non
1381 2482 1674 2538 habeamus
1696 2523 1711 2547 ,
1741 2497 1854 2552 quo

255 2580 411 2645 pacto
437 2572 548 2628 Deo
573 2575 997 2647 supplicabimus
1022 2586 1079 2632 et
1108 2585 1449 2647 peccatorum
1475 2578 1851 2633 remissionem

255 2650 665 2730 postulabimus,
694 2666 782 2736 qui
805 2663 996 2721 borum
1028 2665 1230 2721 nullam
1261 2668 1524 2722 rationem
1549 2667 1855 2724 habemus?

251 2750 395 2825 Cum.
415 2753 562 2809 enim
591 2763 646 2810 tu
671 2755 788 2825 ipse
823 2758 914 2827 qui
956 2758 1218 2827 Ixaccasti,
1249 2773 1320 2815 ne
1364 2758 1594 2828 idipsum
1634 2757 1851 2829 quidem

251 2841 396 2912 quod
425 2844 731 2914 peccaveris
746 2847 888 2902 scire
907 2847 1058 2915 velis,
1082 2862 1181 2918 pro
1203 2848 1398 2919 quibus
1421 2848 1654 2918 peccatis
1685 2847 1853 2905 Deum

254 2930 506 3001 rugabis,
537 2948 658 3005 qua
702 2949 772 2992 ne
796 2936 1014 3007 quidem
1045 2937 1228 2994 nosti?
1257 2947 1312 2995 et
1334 2938 1606 3010 quomodo
1631 2940 1854 2996 noveris

258 3022 506 3107 beneﬁcii
535 3027 1005 3099 magnitudinem?
1034 3030 1127 3087 Dic
1156 3031 1335 3103 itaque
1366 3042 1582 3103 peccata
1611 3041 1701 3088 tua
1731 3047 1851 3102 spe-

251 3115 435 3172 ciatim
459 3159 477 3186 ,
525 3126 584 3175 ut
621 3119 798 3176 discas
825 3135 1178 3192 quarumnam
1207 3124 1586 3179 remissionem
1616 3124 1817 3195 accipis
1835 3164 1850 3189 ,

259 3217 318 3260 ut
345 3206 419 3261 ita
443 3223 570 3279 erga
593 3209 892 3266 beneﬁcum
927 3220 1112 3283 gratus
1142 3213 1239 3268 sis.
1261 3212 1342 3268 Tu
1369 3228 1499 3268 vero
1525 3229 1649 3270 cum
1686 3215 1854 3270 homi-

261 3311 387 3352 nem
409 3296 701 3356 oﬁenderis
719 3341 737 3367 ,
765 3301 1006 3369 amicos,
1037 3301 1245 3358 vicinos
1272 3311 1330 3358 et
1355 3303 1610 3360 ostiarius
1657 3320 1818 3376 rogas
1835 3347 1851 3372 ,

255 3389 513 3458 pecunias
551 3391 834 3462 expendis,
862 3393 1168 3465 multosque
1195 3393 1313 3451 dies
1341 3395 1567 3451 insumis
1611 3396 1664 3452 in
1694 3412 1856 3454 acce-

251 3478 435 3534 dendo
458 3489 514 3536 et
537 3482 910 3554 supplicando,
937 3485 1151 3542 etiamsi
1176 3486 1365 3550 semel.
1398 3487 1502 3556 bis,
1526 3489 1856 3544 sexcenties-

253 3585 361 3642 que
389 3571 458 3626 ab
494 3571 702 3628 oﬁ'enso
745 3574 1015 3645 repulsam
1044 3575 1230 3631 tuleris
1251 3618 1268 3641 ,
1293 3592 1401 3633 non
1435 3578 1676 3655 concidis
1695 3620 1711 3646 ,
1757 3579 1854 3635 sed

254 3661 428 3732 magis
468 3662 767 3730 sollicitus,
797 3666 1215 3737 supplicationes
1242 3667 1478 3740 adauges
1509 3688 1524 3724 :
1556 3685 1679 3726 cum
1722 3684 1857 3726 vero

255 3752 629 3810 universorum
651 3754 790 3811 Deus
804 3757 1042 3813 oﬁ'ensus
1060 3768 1166 3826 est,
1187 3759 1498 3827 oscitamus,
1514 3763 1853 3835 negligimus,

254 3841 596 3914 deliciamur,
619 3846 967 3915 inebrianiur,
995 3860 1050 3905 et
1080 3866 1178 3922 pro
1205 3852 1366 3907 solito
1391 3868 1541 3909 more
1563 3855 1742 3909 omnia
1776 3854 1855 3910 fa.

255 3934 435 3990 cimus
459 3955 474 3990 :
503 3944 558 3992 et
576 3935 917 4007 quandonam
939 3938 1088 3995 illum
1116 3941 1331 4012 placare
1357 3945 1654 4012 poterimus
1674 3944 1698 3997 τ
1717 3960 1856 4013 quo-

259 4025 424 4082 modo
443 4043 552 4082 non
572 4043 641 4084 eo
666 4031 784 4100 ipso
803 4030 966 4087 modo
986 4033 1154 4103 magis
1184 4033 1453 4089 irritemus
1478 4034 1503 4089 ?
1531 4034 1646 4090 Non
1672 4035 1859 4092 dolere

258 4120 407 4174 enim
431 4120 502 4177 de
523 4133 745 4192 peccato
785 4126 954 4197 magis
977 4125 1047 4182 ad
1077 4127 1494 4198 indignationem
1522 4137 1578 4184 et
1607 4129 1740 4194 iram
1773 4130 1856 4200 ip-
1930 4185 1936 4190 .

258 4225 380 4263 sum
405 4223 689 4281 provocat,
716 4230 875 4286 quam
907 4217 1080 4288 ipsum
1111 4225 1410 4286 peceatum.
1439 4218 1775 4289 Quapropter
1805 4221 1857 4274 iu

257 4299 434 4370 ipsam
476 4310 673 4358 terram
717 4319 840 4362 sese
867 4305 1160 4364 detrudere
1206 4316 1500 4378 oporteret,
1549 4323 1652 4364 nec
1688 4310 1858 4366 solem

260 4390 524 4464 aspicere,
553 4393 640 4450 vel
659 4395 1172 4468 respirare,quando
1199 4407 1307 4452 tam
1337 4398 1652 4468 placabilem
1677 4399 1859 4455 Domi-

262 4495 392 4536 num
422 4481 701 4553 habentes,
730 4483 882 4545 illum
905 4485 1200 4553 irritamus,
1224 4495 1280 4543 et
1305 4488 1578 4544 irritantes
1599 4505 1706 4545 non
1736 4505 1857 4561 pte-

264 4576 548 4633 nitentiam
570 4578 780 4649 agimus
809 4595 825 4634 :
855 4578 1070 4636 etiamsi
1091 4579 1182 4636 ille
1209 4595 1384 4651 neque
1408 4595 1529 4636 cum
1557 4582 1725 4637 iratus
1753 4593 1854 4648 est,

265 4682 365 4728 nos
387 4666 513 4722 odio
537 4666 730 4725 habeat
758 4668 843 4725 vel
884 4679 1186 4736 aversetur,
1216 4671 1313 4726 sed
1343 4672 1508 4727 iratus
1547 4672 1647 4738 sit,
1676 4680 1744 4726 ut
1761 4688 1862 4729 nos

263 4755 346 4814 vel
370 4755 449 4813 sic
476 4757 544 4814 ad
565 4771 624 4812 se
645 4759 942 4829 pem-abst.
957 4759 1092 4816 Nam
1111 4761 1157 4817 si
1181 4761 1266 4817 vel
1291 4763 1613 4820 contumelia
1640 4763 1862 4822 aﬁ‘ectus

264 4855 530 4918 perpetuo
553 4845 809 4907 beneﬁcia
849 4850 1147 4919 conferret,
1185 4853 1362 4924 ipsum
1389 4856 1560 4925 magis
1604 4854 1860 4924 despice-

267 4953 377 4995 res.
403 4937 484 4996 Ne
505 4945 687 4996 autem
715 4939 770 4996 id
811 4943 1041 5010 eveniat,
1071 4942 1140 4999 ad
1183 4954 1392 5016 tempus
1421 4946 1616 5001 avertit
1637 4945 1869 5014 faciem,

266 5039 402 5090 utte
452 5046 667 5103 semper
707 5045 891 5090 secum
936 5034 1150 5093 habeat.
1178 5037 1308 5108 Ejus
1336 5038 1515 5109 itaque
1545 5038 1863 5110 benignitati

268 5121 522 5192 ﬁdamus,
547 5132 604 5181 et
639 5123 1005 5195 penitentiam
1032 5128 1259 5185 sollicite
1284 5129 1661 5196 exhibeamus,
1686 5129 1864 5200 prius-

269 5229 430 5289 quam
476 5207 602 5274 dies
631 5213 724 5274 ille
751 5204 960 5287 veniat,
978 5216 1032 5274 in
1063 5233 1169 5289 quo
1197 5220 1332 5277 nihil
1360 5221 1513 5277 nobis
1550 5221 1863 5291 prenitentia

1401 347 1468 408 ΙΝ
1504 343 1916 407 ΙΑΤἸῚΙΕΙΙΜ
1954 342 2182 404 ποκα..
2227 345 2367 405 XIV.

1966 459 2223 530 proderit.
2247 459 2403 517 Nunc
2437 459 2583 517 enim
2626 459 2682 516 in
2707 459 2868 516 nobis
2892 468 3004 516 tota
3035 473 3124 517 res
3154 459 3255 517 sita
3284 468 3412 518 est:
3441 466 3571 514 tunc

1962 565 2094 606 vero
2112 549 2288 607 Judex
2323 551 2474 608 solus
2498 549 2602 606 erit
2634 549 2823 622 iudicii
2845 559 2903 606 et
2931 550 3119 606 calculi
3149 549 3359 606 ferendi
3390 547 3568 605 domi-

1963 657 2087 698 nus.
2111 639 2538 715 Priene-ceperitne
2572 642 2739 716 igitur
2759 642 2953 715 faciest
2993 644 3105 712 ejus
3156 645 3213 698 in
3250 642 3568 714 confusione

1966 730 2141 804 (Paul.
2173 733 2266 790 94.
2292 735 2401 808 2.),
2429 734 2676 802 ﬁeamus,
2698 735 2995 807 lugeamus.
3026 733 3085 792 Si
3104 736 3250 790 enim
3271 733 3567 806 poterimus

1963 837 2090 884 ante
2119 827 2399 884 deﬁnitam
2428 828 2574 884 illam
2600 827 2748 885 diem
2777 827 2993 899 placare
3015 827 3287 894 Iudicem,
3317 835 3379 881 ut
3407 825 3566 881 nobis

1960 928 2180 990 peccata
2206 921 2481 991 remittat,
2509 937 2617 978 non
2643 921 2786 978 ultra
2813 922 3037 977 introitu
3063 921 3221 976 nobis
3250 934 3387 991 opus
3413 920 3520 974 erit
3548 937 3564 976 :

1960 1019 2022 1066 ut
2043 1025 2076 1068 e
2094 1024 2380 1081 converso,
2406 1012 2452 1069 si
2479 1027 2590 1069 non
2616 1012 2720 1071 hoc
2738 1013 2810 1071 ita
2838 1014 2951 1078 ﬁat,
2975 1022 3093 1070 toto
3118 1012 3252 1073 orbe
3274 1020 3564 1080 praesente.

1963 1104 2142 1173 palam
2197 1120 2300 1161 nos
2351 1101 2660 1175 iudicabit,
2735 1111 2792 1158 et
2845 1101 2994 1155 nulla
3041 1099 3202 1155 nobis
3261 1100 3402 1152 ultra
3432 1110 3558 1172 spes

1963 1196 2138 1252 veniae
2170 1195 2459 1268 supererit.
2530 1193 2727 1250 Nullus
2761 1192 2912 1249 enim
2968 1205 3162 1248 eorum
3209 1190 3302 1260 qui
3331 1188 3556 1254 adsunt,

1964 1288 2060 1358 qui
2134 1294 2360 1358 peccata
2431 1301 2534 1343 sua
2611 1301 2720 1342 non
2787 1283 3043 1348 abluerit,
3111 1298 3238 1338 cum
3287 1278 3557 1337 illuc‘ad-

1964 1379 2210 1444 venerit,
2260 1378 2466 1451 poterit
2513 1392 2708 1450 pmnas
2758 1377 2829 1434 iis
2871 1375 3086 1434 debitas
3129 1373 3402 1445 eﬁ‘ugere:
3460 1371 3560 1431 sed

1960 1468 2409 1539 quemadmodum
2440 1469 2515 1523 illi
2547 1471 2636 1538 qui
2676 1484 2745 1524 ex
2767 1467 3081 1524 carceribus
3115 1465 3200 1520 his
3224 1464 3292 1521 ad
3327 1463 3561 1519 tribunal

1960 1559 2166 1614 catenis
2186 1560 2365 1614 onusti
2395 1547 2756 1626 adducuntur,
2780 1559 2861 1615 sic
2888 1568 2944 1616 et
2970 1558 3167 1613 animm
3194 1569 3405 1622 omnes,
3436 1569 3562 1610 cum

1961 1649 2086 1704 hinc
2105 1649 2367 1717 abierint,
2393 1636 2574 1706 variis
2601 1659 2943 1720 peccatorum
2993 1662 3219 1704 suorum
3251 1646 3562 1702 constricta:

1959 1742 2168 1796 catenis
2187 1783 2202 1808 ,
2230 1742 2296 1797 ad
2326 1741 2566 1797 terribile
2595 1740 2725 1796 illud
2757 1739 2991 1796 tribunal
3038 1739 3396 1795 adducentur.
3425 1728 3562 1793 Nam

1959 1830 2078 1887 haec
2097 1831 2204 1888 vita
2241 1847 2460 1888 carcere
2501 1831 2669 1886 nihilo
2698 1831 2891 1888 melior
2914 1839 3002 1888 est
3028 1846 3044 1896 ;
3067 1828 3163 1886 sed
3193 1830 3330 1888 sicut
3353 1843 3476 1885 cum
3507 1827 3562 1882 in

1958 1923 2288 1979 domicilium
2331 1922 2461 1979 illud
2498 1923 2817 1987 introimus,
2864 1935 3057 1977 omnes
3083 1920 3328 1977 videmus
3355 1919 3565 1976 catenis

1959 2013 2352 2069 circumdatos:
2385 2016 2456 2070 ita
2489 2023 2544 2070 et
2569 2029 2748 2080 nunc,
2782 2014 2828 2070 si
2852 2013 3063 2081 abiecta
3094 2011 3182 2066 illa
3213 2021 3562 2067 externarum

1959 2120 2141 2160 rerum
2187 2106 2600 2175 imaginatione,
2635 2107 2688 2161 in
2717 2106 3050 2177 singulorum
3075 2105 3242 2160 vitam
3288 2103 3560 2176 ingredia-

1959 2211 2102 2262 mur,
2125 2197 2362 2267 ipsorum
2384 2197 2591 2252 animas
2616 2197 2916 2253 videbimus
2941 2196 3088 2252 ferro
3111 2191 3420 2252 durioribus
3440 2195 3562 2249 vin-

1959 2287 2095 2344 culis
2137 2286 2455 2344 constrictas
2481 2306 2495 2342 :
2524 2289 2759 2344 maxime
2781 2304 2912 2343 vero
2939 2288 2986 2344 si
3024 2288 3076 2342 in
3100 2287 3308 2342 animas
3335 2286 3563 2342 divitum

1958 2380 2281 2436 intraveris:
2325 2395 2449 2437 nam
2487 2389 2688 2452 quanto
2709 2379 2950 2450 pluribus
2976 2379 3095 2435 illos
3119 2378 3320 2434 videris
3363 2377 3565 2433 divitiis

1957 2470 2346 2536 circumdatos.
2385 2481 2535 2526 tanto
2572 2472 2742 2542 magis
2785 2478 2912 2528 sunt
2951 2469 3174 2541 alligati.
3203 2467 3601 2538 Quemadmoc-

1958 2562 2087 2617 dum
2120 2563 2280 2634 igitur
2304 2564 2349 2618 si
2377 2564 2618 2618 vinctum
2645 2562 2847 2619 videris
2875 2555 3126 2618 mitibus
3150 2603 3166 2629 ,
3188 2560 3353 2616 dorso
3371 2602 3388 2627 ,
3415 2573 3563 2629 ωερε

1957 2657 2120 2712 etiam
2146 2656 2374 2727 pedibus
2398 2655 2672 2728 alligatum
2691 2654 2881 2712 ferreis
2903 2655 3140 2727 cannis,
3155 2653 3304 2710 illum
3328 2651 3566 2708 maxime

1959 2746 2233 2802 misereris
2252 2763 2267 2801 :
2290 2748 2371 2802 sic
2388 2746 2612 2802 divitem
2633 2760 2757 2801 cum
2774 2744 2971 2801 videris
2983 2743 3168 2800 multis
3185 2739 3565 2799 circumﬁuen-v

1959 2844 2068 2892 tem
2097 2836 2291 2906 rebus,
2314 2853 2383 2893 ne
2413 2837 2537 2894 ideo
2557 2836 2800 2903 divitem,
2829 2835 2927 2894 sed
2956 2836 3135 2907 potius
3155 2834 3278 2908 ideo
3305 2833 3564 2890 miserum

1959 2929 2307 2986 existimato:
2341 2945 2464 2984 nam
2492 2943 2619 2986 cum
2644 2926 2729 2984 his
2759 2927 2990 2984 vinculis
3017 2941 3220 2983 sevum
3243 2923 3408 2980 habet
3435 2937 3563 2979 car-

1958 3019 2100 3074 ceris
2129 3018 2412 3074 custodem
2436 3059 2453 3084 ,
2501 3033 2721 3089 pravum
2770 3015 3119 3089 pecuniarum
3152 3029 3392 3070 amorem
3427 3031 3442 3069 :
3472 3011 3567 3086 qui

1961 3127 2066 3167 non
2096 3111 2358 3181 permittit
2383 3111 2458 3165 illi
2483 3126 2548 3166 ex
2572 3111 2676 3164 isto
2700 3123 2920 3165 carcere
2939 3108 3159 3164 exsilire
3175 3148 3193 3172 ,
3215 3106 3311 3164 sed
3341 3121 3568 3164 sexcen-

1963 3212 2044 3256 tos
2073 3201 2170 3270 ipsi
2192 3209 2348 3272 parat
2375 3199 2672 3271 compedes
2694 3240 2712 3267 ,
2735 3197 2989 3255 custodes
3022 3239 3040 3265 ,
3076 3205 3264 3268 portas
3287 3240 3302 3263 ,
3345 3209 3528 3255 vectes
3547 3238 3566 3266 ,

1958 3303 2014 3347 et
2041 3293 2094 3347 in
2127 3292 2436 3348 interiorem
2463 3305 2738 3347 carcerem
2769 3287 3015 3355 trudens,
3043 3289 3238 3346 suadet
3265 3291 3342 3345 illi
3369 3300 3430 3345 ut
3453 3290 3572 3345 istis

1963 3384 2194 3440 vinculis
2217 3383 2534 3449 delectetur,
2570 3391 2630 3438 ut
2655 3397 2723 3439 ne
2743 3381 2961 3453 quidem
2986 3381 3253 3440 evadendi
3275 3382 3343 3440 ab
3364 3385 3574 3439 instan-

1964 3474 2104 3530 tibus
2126 3473 2285 3538 malis
2309 3488 2463 3546 spem
2490 3472 2657 3528 ullam
2687 3471 2903 3530 habeat.
2936 3473 3077 3530 Etsi
3109 3474 3440 3547 cogitatione
3476 3480 3569 3528 tua

1961 3568 2195 3620 animum
2224 3565 2369 3621 illius
2394 3563 2753 3622 denudaveris
2773 3605 2788 3629 ,
2819 3580 2929 3621 non
2955 3567 3193 3621 vinctam
3220 3564 3381 3620 modo
3412 3563 3570 3620 vide-

1963 3658 2080 3723 bis,
2106 3657 2200 3713 sed
2238 3657 2402 3712 etiam
2431 3656 2768 3727 squalentem
2789 3699 2806 3725 ,
2836 3658 3075 3730 putidam
3097 3701 3112 3722 ,
3139 3657 3400 3730 pedicuiis
3427 3671 3567 3712 onu-

1962 3758 2122 3804 stam.
2143 3748 2284 3804 Nihil
2308 3749 2454 3805 enim
2475 3748 2582 3804 illis
2602 3749 2860 3807 meliores
2871 3760 2998 3805 sunt
3026 3751 3314 3818 voluptatis
3332 3749 3564 3817 delicitr,

1963 3841 2073 3896 imo
2098 3839 2508 3905 borribiliores;
2537 3849 2702 3912 atque
2731 3841 2892 3896 etiam
2923 3855 3122 3912 corpus
3161 3856 3285 3897 cum
3315 3841 3426 3910 ipsa
3444 3839 3565 3895 ani-

1964 3947 2048 3985 ma
2079 3929 2446 3997 labefactant,
2492 3940 2549 3986 et
2585 3931 2712 3984 huic
2742 3939 2797 3985 et
2844 3931 2919 3984 illi
2961 3933 3274 3984 innumeras
3322 3929 3569 4000 inﬂigunt

1964 4021 2275 4075 morborum
2306 4018 2513 4090 plagas.
2549 4019 2776 4088 Pnoptcr
2805 4018 2921 4074 lucc
2948 4020 3129 4073 omnia
3153 4019 3572 4089 Redemptorem

1963 4110 2262 4165 animarum
2306 4119 2614 4165 nostrarum
2660 4101 2978 4179 precemur,
3023 4119 3079 4164 ut
3105 4120 3158 4166 et
3184 4110 3394 4166 vincula
3427 4127 3573 4165 rum-

1965 4210 2076 4274 pat,
2103 4213 2159 4258 et
2187 4217 2391 4258 saevum
2418 4200 2566 4258 hunc
2583 4200 2861 4257 custodem
2886 4215 2914 4254 a
2947 4201 3103 4257 nobis
3123 4211 3390 4269 amoveri,
3412 4211 3574 4271 atque

1966 4311 1996 4349 a
2029 4295 2266 4366 pondere
2298 4295 2594 4353 ferrearum
2623 4305 2941 4350 catenarum
2965 4295 3206 4350 liberatis
3225 4337 3243 4364 ,
3275 4294 3376 4349 alis
3402 4295 3575 4350 levio-

1966 4403 2082 4443 rem
2131 4388 2184 4444 in
2215 4387 2373 4444 nobis
2419 4396 2657 4444 mentem
2700 4385 2970 4458 perﬁciat.
3005 4388 3142 4443 Dum
3192 4397 3375 4444 autem
3420 4387 3572 4443 illum

1967 4480 2331 4552 precabimur,
2363 4496 2484 4550 qua:
2511 4490 2695 4535 nostra
2720 4488 2848 4536 sunt
2875 4479 3038 4536 etiam
3069 4479 3356 4535 aderamus
3375 4521 3391 4548 ,
3421 4480 3574 4534 solli-

1967 4573 2283 4640 citudinem,
2314 4575 2577 4640 animum,
2602 4572 2958 4629 alacritatem.
2988 4572 3079 4630 Sic
3103 4575 3247 4629 enim
3276 4575 3576 4644 poterimus

1967 4665 2117 4721 brevi
2149 4675 2392 4736 tempore
2419 4679 2450 4719 a
2496 4664 2651 4720 malis
2670 4707 2686 4734 ,
2715 4665 2911 4736 quibus
2940 4666 3247 4723 detinemur
3270 4709 3287 4736 ,
3314 4667 3491 4737 eripi,
3520 4677 3577 4724 et

1968 4756 2211 4814 ediscere
2229 4771 2338 4829 quo
2367 4756 2420 4812 in
2449 4765 2596 4813 statu
2631 4757 2780 4828 prius
2803 4771 3044 4825 eramus,
3077 4766 3577 4832 congruentemque

1968 4848 2127 4904 nobis
2154 4848 2398 4919 recipere
2421 4847 2728 4903 libertatem
2759 4865 2771 4902 :
2802 4863 2964 4920 quam
2992 4848 3198 4904 utinam
3223 4864 3411 4904 omnes
3437 4864 3576 4907 con-

1969 4957 2293 5012 sequamur,
2321 4940 2493 5012 gratia
2528 4949 2585 4997 et
2617 4940 2949 5012 benignitate
2994 4941 3207 4998 Domini
3240 4944 3411 4999 nostri
3447 4942 3578 5000 Jesu

1970 5031 2168 5088 Christi
2194 5074 2211 5102 ,
2242 5032 2330 5089 cui
2351 5032 2520 5104 gloria
2541 5043 2598 5089 et
2618 5033 2904 5104 imperium
2929 5034 2983 5090 in
3005 5033 3203 5092 mula
3222 5033 3577 5093 saculorum.

1973 5133 2167 5187 Amen.

1429 5531 2454 5608 mw
