4124 6302
564 341 673 402 225

571 468 708 484 ἡ

1285 337 1343 396 Β.
1382 333 1659 395 ΙΟᾹΝΝΒ
1694 333 2170 392 ειηιγεοδϊωίι
2211 332 2522 388 ΑΙὶΟΙΙΙΕΡ.
2554 332 3089 393 CONSTANTINOP.

3735 335 3842 392 ευξι

1906 535 2254 598 HOMILIA
2298 536 2442 597 XV.

564 686 777 745 Camb.
810 702 860 741 ν.
885 688 936 742 l.
971 684 1157 745 Videas
1203 692 1371 741 autent
1418 681 1567 738 Iesus
1616 683 1808 743 turbas,
1835 679 2061 734 ascendit
2087 680 2142 733 in

636 789 870 834 montem.
905 777 974 835 Et
1001 794 1115 834 cunt
1151 777 1378 839 sedisset,
1407 783 1719 829 accesserant
1747 773 1815 826 ad
1843 789 1956 825 cum
1983 773 2139 826 disci-

635 869 747 943 puli
770 870 912 943 ejus:
930 858 985 924 ὶ.
1013 878 1062 922 et
1096 867 1320 936 aperiens
1344 881 1401 920 os
1428 880 1572 918 suum
1595 864 1801 922 docebat
1828 880 1914 916 eos
1931 861 2030 932 (α),
2063 863 2140 915 di-

633 977 750 1016 cens
772 977 790 1014 :
821 959 960 1014 Beati
987 973 1234 1028 pauperes
1261 956 1443 1026 spiritu
1463 994 1479 1020 ,
1525 955 1761 1025 quoniam
1812 954 2040 1024 ipsarum
2063 962 2139 1007 est

633 1068 843 1123 regnum
869 1051 1128 1106 calorum.

597 1283 600 1286 .
633 1230 687 1285 ί.
743 1228 930 1283 Christi
957 1227 1201 1282 modestia
1221 1226 1386 1297 qualis
1413 1235 1460 1281 et
1483 1225 1733 1295 quomodo
1762 1225 2025 1279 imitanda.
2057 1222 2138 1277 Et

561 1317 744 1389 agendi
762 1317 958 1371 ratione
983 1316 1167 1371 Christi
1191 1315 1461 1372 Huic/tari
1476 1315 1634 1370 obiter
1652 1317 1969 1385 refelluntur.
1991 1313 2140 1371 Citri-

559 1419 664 1463 stus
703 1408 982 1476 discipulos
1022 1407 1282 1477 alloquens
1329 1417 1488 1462 totum
1538 1407 1704 1461 orbem
1742 1405 2038 1475 alloquitur.
2067 1434 2138 1447 --

564 1496 694 1551 Vide
717 1513 872 1567 quam
901 1511 930 1551 a
976 1496 1115 1552 fastu
1156 1507 1210 1552 et
1234 1496 1527 1553 ambitione
1567 1496 1638 1552 sit
1677 1496 1906 1551 alienus.
1952 1495 2136 1566 Neque

558 1589 699 1643 enim
725 1604 904 1644 secum
932 1588 1287 1646 circumduxit
1312 1603 1427 1656 eos,
1450 1589 1543 1644 sed
1569 1604 1693 1644 cum
1716 1578 1891 1644 inorbi
1912 1590 2135 1644 curandi

559 1687 733 1744 erant,
758 1683 871 1749 ipse
898 1679 1158 1736 circuibat
1189 1679 1454 1751 undique.
1485 1689 1541 1735 et
1581 1680 1740 1735 urbes
1769 1689 1824 1736 et
1849 1679 1970 1735 loca
2005 1679 2135 1736 visi-

560 1782 676 1826 tans
701 1789 714 1827 :
743 1772 954 1842 quando
981 1783 1159 1828 autem
1187 1773 1337 1828 turba
1380 1772 1585 1838 aderat,
1616 1787 1722 1828 uno
1759 1773 1811 1826 in
1841 1771 1960 1827 loco
1990 1787 2138 1827 cam-

560 1865 720 1931 pestri
764 1861 910 1917 sedet
937 1904 951 1926 ,
993 1878 1097 1917 non
1123 1864 1174 1918 in
1203 1863 1332 1918 urbe
1359 1872 1450 1918 aut
1479 1864 1531 1917 in
1557 1862 1736 1917 medio
1765 1863 1882 1918 loro
1905 1904 1919 1927 ,
1955 1863 2051 1919 sed
2083 1862 2135 1917 in

563 1955 766 2018 monte,
803 1954 854 2007 in
885 1952 1119 2020 deserto,
1151 1963 1208 2009 at
1234 1953 1424 2009 doceat
1447 1968 1545 2008 nos
1572 1954 1704 2008 nihil
1730 1952 1799 2008 ad
1824 1953 2136 2009 ostentatio-

558 2061 678 2102 nem
704 2047 993 2102 faciendum
1029 2060 1165 2109 esse,
1208 2053 1262 2101 et
1307 2060 1338 2099 a
1368 2046 1559 2099 mediis
1587 2045 1905 2099 tumultibus
1945 2046 2134 2100 absce-

554 2139 785 2194 dendum
805 2181 818 2205 ,
849 2155 969 2194 cum
1021 2138 1247 2195 maxime
1274 2137 1636 2211 philosophari
1682 2145 1926 2207 oportet,
1959 2136 2134 2208 deque

556 2231 871 2286 necessariis
896 2231 1055 2286 rebus
1100 2231 1390 2285 disserere.
1422 2229 1556 2284 Cum
1592 2227 1916 2283 ascendisset
1954 2239 2132 2283 autem

554 2333 712 2390 atque
739 2322 985 2385 sedisset,
1016 2329 1356 2376 accesserunt
1375 2319 1643 2388 discipuli.
1665 2319 1846 2375 Viden‘
1869 2334 2052 2371 eorum
2080 2318 2131 2371 in

555 2414 746 2467 virtute
772 2411 1088 2480 profectum,
1109 2423 1162 2467 et
1183 2411 1451 2481 quomodo
1485 2421 1704 2480 repente
1733 2412 1985 2465 meliores
2011 2417 2135 2462 sunt

551 2502 761 2580 eﬂ'ccti‘!
783 2501 928 2557 Multi
951 2517 1176 2571 namque
1197 2501 1572 2555 miraculorum
1596 2509 1921 2570 spectatores
1943 2507 2095 2552 erant
2117 2515 2130 2563 ;

554 2594 604 2646 lii
641 2608 766 2648 vero
797 2607 1040 2662 magnum
1067 2591 1331 2661 quidpiam
1360 2599 1415 2645 et
1434 2591 1706 2646 excelsum
1731 2591 1916 2646 audire
1937 2595 2092 2659 cupio
2109 2623 2122 2634 -

552 2685 714 2740 quit;
745 2685 883 2753 quod
912 2683 1074 2737 etiam
1099 2682 1246 2737 illum
1273 2682 1340 2736 ad
1371 2681 1672 2737 docendum
1701 2682 1931 2751 induxit,
1965 2695 2129 2752 utque

549 2778 648 2833 luis
684 2779 947 2833 ordiretur
975 2792 1252 2832 sermones
1277 2777 1476 2831 effecit.
1517 2775 1701 2846 Neque
1729 2779 1870 2831 enim
1902 2793 2127 2847 corpora

549 2880 748 2923 tantum
789 2868 1042 2932 curabat,
1070 2867 1162 2922 sed
1212 2868 1372 2921 etiam
1418 2868 1623 2921 animas
1661 2867 2022 2935 emendabat,
2066 2883 2129 2922 ac

548 2974 758 3014 rursum
786 2960 854 3014 ab
899 2958 996 3012 bac
1023 2974 1150 3013 cura
1180 2958 1247 3013 ad
1275 2958 1418 3012 illam
1452 2958 1684 3024 redibat,
1734 2960 1813 3014 sic
1861 2959 2010 3014 utilia
2039 2975 2130 3014 va-

547 3052 718 3118 rians,
748 3059 804 3105 et
830 3051 1112 3105 verborum
1143 3049 1396 3105 doctrinae
1422 3065 1648 3118 operum
1676 3049 1998 3104 documenta
2030 3050 2130 3103 mi-

543 3155 719 3208 scens,
741 3140 921 3212 sicque
947 3140 1268 3208 impudentia
1297 3141 1670 3196 ltmreticornm
1692 3141 1979 3196 obstruens
2009 3156 2124 3210 ora,

545 3233 670 3290 dum
695 3234 970 3302 utriusque
991 3232 1304 3287 substantia
1325 3241 1760 3301 curam-gereret,
1782 3233 2125 3288 ostenderet-

543 3338 648 3393 que
673 3337 732 3379 se
749 3323 997 3377 animalis
1024 3322 1188 3377 totius
1202 3336 1324 3378 esse
1349 3322 1679 3377 Creatorem.
1705 3322 1829 3378 Ideo
1852 3323 2128 3395 utriusque

543 3425 746 3471 natura:
776 3414 1160 3484 providentiam
1183 3415 1434 3485 gerebat,
1461 3431 1602 3470 nunc
1627 3415 1785 3483 hanc,
1813 3431 1956 3471 nunc
1983 3418 2124 3472 illam

542 3507 850 3564 emendatis.
875 3505 1026 3574 Quod
1059 3516 1183 3562 tunc
1212 3509 1371 3561 etiam
1404 3506 1650 3563 faciebat.
1685 3507 1816 3563 Nam
1844 3508 2085 3578 Aperiens
2108 3551 2122 3575 ,

542 3598 729 3670 inquit.
749 3615 804 3654 os
821 3616 967 3654 suum
991 3599 1198 3654 docebat
1218 3616 1320 3654 eos.
1349 3600 1419 3654 Et
1436 3616 1538 3669 qua
1564 3600 1629 3654 de
1655 3614 1815 3655 causa
1840 3600 1928 3656 hic
1948 3600 2120 3667 addit,

541 3691 783 3761 Aperiens
812 3708 866 3744 os
889 3692 1076 3745 suum?
1099 3691 1166 3747 Ut
1189 3692 1364 3746 discas
1391 3707 1513 3746 eum
1539 3693 1700 3746 etiam
1728 3700 1992 3747 tacentem
2024 3692 2124 3747 do-

539 3782 736 3846 cuisse,
768 3796 869 3835 nec
897 3781 1055 3836 modo
1082 3783 1417 3851 loquentem;
1445 3781 1539 3835 sed
1566 3796 1706 3835 nunc
1731 3796 1793 3836 os
1817 3783 2089 3851 aperuisse
2109 3824 2124 3846 ,

541 3885 680 3925 nunc
710 3884 802 3941 per
827 3885 985 3941 opera
1011 3871 1121 3941 ipsa
1152 3886 1336 3926 vocem
1362 3857 1622 3926 emisisse.
1652 3870 1783 3926 Cum
1805 3871 1954 3927 audis
1974 3887 2123 3940 vero,

541 3958 759 4015 Docebat
785 3977 888 4027 eos,
917 3975 984 4016 ne
1004 3970 1154 4030 putes
1184 3961 1354 4030 ipsum
1377 3961 1521 4016 solos
1556 3961 1846 4030 discipulos
1881 3961 2079 4032 alloqui
2105 3981 2119 4028 ;

540 4049 632 4105 sed
665 4065 757 4119 per
787 4051 923 4115 illos,
950 4051 1082 4104 alios
1113 4065 1319 4105 omnes.
1344 4051 1476 4116 Quia
1503 4051 1646 4103 enim
1676 4051 1831 4105 turba
1854 4053 2124 4122 popularis

540 4155 656 4198 erat
678 4184 694 4210 ,
725 4159 789 4198 ex
816 4158 998 4199 eorum
1029 4158 1252 4196 numero
1282 4142 1372 4211 qui
1404 4141 1547 4195 humi
1577 4142 1868 4210 tepebant,
1895 4143 2125 4213 discipu-

539 4233 710 4289 lorum
736 4233 960 4289 chorum
984 4243 1108 4287 ante
1129 4246 1189 4288 se
1209 4233 1558 4297 constituens,
1579 4231 1645 4286 ad
1669 4232 1790 4287 illos
1819 4247 2122 4290 sermonem

538 4322 738 4394 dirigit,
766 4323 926 4377 verba
954 4337 1046 4377 sua
1079 4323 1148 4376 ita
1178 4333 1502 4391 temperans,
1532 4330 1589 4375 ut
1610 4323 1820 4376 caeteris
1851 4324 2120 4392 omnibus,

538 4416 628 4486 qui
654 4416 704 4469 in
730 4414 809 4469 his
831 4414 1114 4469 admodum
1137 4414 1293 4466 rudes
1313 4422 1484 4476 erant,
1506 4411 1858 4482 philosophia:
1879 4413 2120 4469 doctrina

541 4520 645 4559 non
675 4505 895 4558 molesta
919 4514 1080 4558 esset.
1112 4504 1264 4569 Quod
1294 4502 1452 4556 etiam
1480 4501 1649 4558 Lucas
1672 4504 2016 4579 qubindicans
2040 4506 2121 4559 di-

538 4595 724 4660 cebat,
752 4598 922 4665 ipsum
952 4610 1251 4649 sermonem
1282 4594 1349 4648 ad
1377 4607 1472 4647 eos
1497 4596 1821 4650 convertisse
1867 4595 1885 4665 (
1909 4595 2030 4649 Luc.
2062 4597 2112 4651 ϐ.

539 4686 651 4760 27)
690 4706 702 4741 :
733 4696 788 4743 et
818 4687 1097 4741 Mattltazus
1125 4685 1351 4756 idipsum
1382 4685 1705 4755 significans,
1734 4686 1868 4741 dixit
1898 4704 1912 4741 :
1939 4689 2119 4742 Acces-

538 4789 710 4835 serunt
744 4782 810 4833 ad
839 4794 950 4833 eum
980 4778 1213 4847 discipuli
1259 4776 1392 4847 ejus,
1431 4786 1475 4830 et
1505 4775 1712 4830 docebat
1743 4793 1845 4831 eos.
1874 4777 1948 4832 Ita
1975 4779 2116 4834 enim

535 4872 714 4928 caeteri
753 4870 1005 4925 attentius
1039 4867 1266 4923 audituri
1294 4876 1484 4930 erant,
1530 4881 1686 4937 quam
1735 4867 1780 4920 si
1824 4868 1890 4921 ad
1932 4884 2118 4926 omnes

537 4962 697 5018 verba
731 4961 1030 5016 direxisset.
1065 4958 1213 5017 Unde
1238 4947 1366 5030 ergo
1391 4958 1568 5028 incipit
1595 5000 1609 5023 ,
1644 4967 1698 5013 et
1735 4973 1856 5029 quae
1882 4961 2002 5014 novi
2031 4962 2117 5015 in-

536 5053 706 5109 stituti
735 5052 1074 5108 fundamenta
1105 5051 1258 5106 nobis
1291 5052 1480 5120 ponit?
1510 5050 1799 5106 Audiamus
1839 5051 2118 5122 diligenter

535 5158 601 5199 ea
626 5159 744 5214 quae
771 5143 1017 5197 dicuntur
1043 5159 1057 5194 :
1090 5141 1196 5196 illis
1224 5156 1450 5211 namque
1489 5140 1630 5196 dicta
1658 5152 1777 5196 sunt
1795 5183 1811 5207 ,
1842 5153 1895 5196 et
1923 5145 2116 5213 scripta

536 5246 659 5291 sunt
709 5250 805 5305 pro
856 5234 1102 5289 omnibus
1131 5244 1251 5304 post
1293 5232 1505 5287 futuris.
1552 5231 1754 5289 Idcirco
1795 5236 2117 5290 concionans

534 5325 748 5395 quidem
796 5324 1444 5395 discipulos'alloqnitur;
1496 5338 1668 5394 neque
1708 5333 1884 5380 tamen
1917 5327 1967 5380 in
2013 5327 2118 5382 illis

533 5414 676 5469 dicta
712 5415 1138 5480 circumscribit,
1188 5416 1279 5469 sed
1311 5415 1719 5471 indeterminate
1762 5417 2117 5474 beatitudines

534 5521 722 5560 omnes
753 5505 968 5574 profert.
1013 5506 1126 5561 Non
1158 5506 1295 5561 enim
1327 5506 1461 5561 dixit
1487 5548 1503 5574 ,
1547 5506 1692 5564 Beati
1741 5509 1871 5564 estis
1899 5523 1994 5565 vos
2021 5549 2037 5575 ,
2069 5510 2115 5565 si

602 5720 675 5782 (α)
709 5721 762 5772 lu
779 5723 880 5774 haec
903 5723 1070 5787 verba,
1098 5723 1294 5775 docebat
1317 5737 1414 5788 eos,
1433 5725 1601 5778 titulus
1622 5725 1805 5777 desinit
1824 5729 2046 5791 apudsat
2060 5727 2108 5779 ιι.

2250 694 2514 749 pauperes
2537 679 2776 746 fueritis;
2819 682 2912 737 sed
2937 721 2951 747 ,
2982 680 3129 737 Beati
3152 701 3419 754 pauperes.
3449 684 3608 741 Certe
3631 686 3844 743 etiamsi

2247 769 2353 824 illis
2399 771 2678 840 speciatim
2726 770 2991 839 dixisset,
3039 778 3341 830 communia
3393 786 3570 833 tamen
3617 780 3842 833 consilia

2247 860 2417 914 futura
2449 872 2619 915 erant.
2653 861 2862 918 Etenim
2886 869 3006 918 cum'
3034 863 3239 920 diceret
3271 883 3285 918 :
3321 865 3453 920 Ecce
3472 884 3566 938 ego
3586 869 3844 923 nobiscum
3923 880 3927 884 '

2242 966 2357 1005 sum
2385 951 2616 1006 erunibus
2659 952 2833 1007 diebus
2860 970 3018 1024 usque
3047 957 3116 1008 ad
3141 959 3626 1012 consummationem
3665 960 3842 1014 seculi

2245 1040 2471 1112 (Matth.
2503 1043 2592 1098 28.
2620 1042 2724 1113 20)
2760 1062 2772 1096 :
2807 1059 2912 1098 non
2944 1045 3065 1100 illos
3094 1046 3267 1100 solum
3307 1047 3630 1117 alloquitur,
3661 1049 3756 1103 sed
3786 1059 3845 1105 et

2246 1146 2342 1200 per
2381 1132 2503 1186 illos
2531 1141 2699 1187 totum
2727 1135 2914 1189 orbem
2948 1152 2962 1188 :
2990 1145 3044 1190 et
3071 1149 3194 1190 cum
3223 1136 3342 1190 illos
3366 1137 3552 1192 beatos
3585 1137 3842 1206 praedicat

2244 1221 2712 1290 persequutionem
2756 1223 3017 1291 patientes
3055 1264 3069 1288 ,
3101 1225 3287 1293 pulsos
3311 1265 3328 1291 ,
3375 1235 3429 1281 et
3478 1225 3839 1282 intolerabilia

2243 1311 2599 1377 sustinentes;
2625 1328 2729 1367 non
2757 1313 2861 1369 illis
2887 1323 3112 1382 tantum,
3138 1315 3233 1370 sed
3255 1317 3415 1372 etiam
3442 1318 3690 1372 omnibus
3715 1317 3840 1373 talia

2243 1403 2455 1456 fortiter
2503 1405 2795 1458 terentibus
2846 1419 3104 1460 coronam
3159 1407 3342 1462 nectit.
3373 1407 3636 1464 Gtt-terum
3685 1418 3744 1464 ut
3782 1409 3838 1464 id

2240 1491 2434 1546 clarius
2461 1493 2652 1547 evadat
2673 1534 2688 1558 ,
2722 1504 2774 1548 et
2803 1493 2980 1550 discas
3007 1511 3069 1550 ea
3097 1514 3216 1566 quae
3241 1498 3379 1554 dicta
3401 1509 3525 1554 sunt
3563 1500 3654 1554 tibi
3681 1515 3838 1555 com-

2239 1583 2418 1638 munia
2440 1598 2584 1651 esse,
2613 1601 2818 1640 necnon
2847 1588 2941 1640 toti
2966 1587 3212 1645 humanm
3235 1601 3460 1654 naturae,
3482 1591 3527 1645 si
3553 1591 3837 1648 attendere

2239 1676 2507 1730 voluerint
2531 1717 2546 1743 ,
2573 1677 2696 1731 audi
2723 1680 2992 1747 quomodo
3022 1681 3164 1735 hunc
3191 1682 3486 1738 mirabilem
3529 1697 3835 1740 sermonem

2239 1764 2496 1821 Ordiatur.
2531 1767 2585 1821 5.
2613 1765 2760 1822 Beati
2803 1786 3049 1840 pauperes
3088 1773 3267 1841 spiritu
3291 1812 3307 1838 ,
3336 1775 3578 1845 quoidam
3605 1780 3836 1846 ipsorum

2241 1865 2312 1909 est
2342 1872 2552 1927 regnum
2593 1859 2854 1911 caelorum.
2885 1860 2984 1928 Qui
3017 1871 3144 1916 sunt
3173 1861 3432 1934 Pauperes
3459 1864 3640 1935 spiritu
3665 1867 3692 1920 ?
3719 1867 3834 1922 Hn-

2239 1945 2432 2012 miles,
2461 1955 2518 2002 et
2562 1949 2745 2003 animo
2785 1950 3021 2005 contriti.
3066 1950 3324 2022 Spiritum
3373 1955 3519 2010 enim
3565 1954 3651 2010 hic
3702 1956 3836 2014 dicit

2238 2036 2471 2092 animam
2516 2047 2571 2092 et
2601 2041 2888 2095 voluntatis
2931 2045 3281 2112 propositum.
3312 2045 3445 2112 Quia
3489 2045 3633 2101 enim
3676 2049 3832 2103 multi

2238 2135 2363 2180 sunt
2391 2129 2642 2197 humiles,
2671 2145 2778 2184 non
2809 2141 3002 2201 sponte
3023 2147 3120 2188 sua
3140 2175 3157 2202 ,
3185 2135 3280 2189 sed
3306 2149 3487 2191 rerum
3512 2138 3833 2194 necessitate

2236 2218 2406 2273 coacti
2431 2258 2446 2282 ,
2477 2219 2600 2274 illos
2627 2223 2844 2276 mittens
2873 2224 2891 2292 (
2914 2239 3086 2294 neque
3113 2226 3256 2280 enim
3286 2227 3341 2281 id
3370 2226 3514 2282 laudi
3544 2238 3629 2284 est
3647 2226 3695 2301 ),
3736 2245 3830 2286 eos
3899 2295 3901 2298 Q

2235 2309 2324 2376 qui
2369 2324 2433 2363 ex
2463 2311 2757 2366 voluntatis
2785 2316 3063 2383 proposito
3098 2330 3218 2370 sese
3246 2315 3529 2373 bumiliant
3554 2333 3618 2375 ac
3643 2319 3830 2389 depri-
3899 2337 3903 2346 ‘

2238 2407 2421 2466 munt,
2455 2399 2659 2469 primos
2681 2403 2864 2457 beatos
2889 2405 3141 2474 appellat.
3168 2405 3239 2461 Et
3262 2423 3360 2462 cur
3386 2423 3490 2463 non
3517 2409 3684 2477 dixit,
3721 2410 3829 2465 llu-

2236 2493 2388 2547 miles
2413 2533 2429 2560 ,
2457 2493 2574 2559 sed,
2611 2494 2918 2565 Pauperesl
2942 2498 3076 2564 Quia
3104 2498 3205 2553 hoc
3231 2499 3324 2554 illo
3353 2502 3692 2572 priestantius
3721 2514 3825 2558 est.

2235 2581 2366 2635 Nam
2397 2583 2482 2638 hic
2503 2584 2636 2639 dicit
2664 2600 2781 2652 eos,
2813 2589 2902 2656 qui
2937 2588 3028 2643 Dei
3058 2600 3324 2660 pra'cepta
3351 2602 3593 2646 metuunt
3615 2601 3671 2646 et
3694 2607 3828 2648 cou-
3885 2574 3898 2591 ’

2239 2676 2551 2729 tremiscunt
2579 2692 2595 2730 :
2625 2692 2760 2746 quos
2795 2690 2848 2732 et
2882 2695 2974 2749 per
3000 2680 3190 2736 Isaiam
3225 2683 3541 2754 prep-hetam
3569 2700 3629 2739 se
3670 2684 3828 2741 valde

2233 2775 2483 2836 acceptos
2513 2766 2711 2823 habere
2743 2771 2883 2825 Deus
2908 2771 3149 2828 declarat
3178 2791 3191 2827 :
3226 2776 3306 2827 .td
3330 2792 3475 2844 quem
3507 2776 3778 2846 respiciam
3803 2819 3821 2842 ,

2231 2861 2331 2914 nisi
2363 2859 2434 2911 ad
2457 2873 2778 2916 mansuetum
2799 2875 2846 2918 et
2866 2869 3115 2936 quietum,
3139 2877 3184 2920 et
3208 2877 3506 2924 trementem
3534 2871 3683 2924 verba
3709 2862 3821 2924 nica

2233 2951 2398 3021 (ttat.
2433 2953 2519 3006 66.
2551 2952 2586 3006 2
2614 2955 2674 3022 )t

2300 3043 2355 3098 2.
2397 3043 2899 3103 Rulti-humilitntis
2943 3052 3099 3106 modi.
3139 3083 3209 3096 —-
3243 3055 3452 3113 Etenim
3495 3061 3649 3117 multi
3698 3073 3826 3120 sunt

2231 3134 2541 3192 humilitatis
2558 3139 2703 3193 modi
2729 3161 2742 3194 :
2771 3152 2824 3194 et
2847 3143 2982 3196 alius
3003 3144 3218 3213 quidem
3238 3158 3322 3202 est
3346 3151 3622 3209 moderate
3646 3155 3826 3211 humi-

2232 3226 2330 3291 lis,
2359 3227 2496 3281 alius
2526 3243 2652 3283 vero
2682 3246 2840 3299 supra
2871 3233 3109 3289 modum.
3157 3236 3305 3294 Hanc
3350 3257 3515 3310 porro
3546 3243 3823 3310 humilita-

2233 3325 2338 3413 tem
2365 3319 2544 3374 laudat
2577 3324 2766 3377 beatus
2794 3326 3052 3413 prOpbeta
3073 3367 3090 3394 ,
3120 3345 3227 3384 non
3258 3331 3574 3401 depressum
3611 3339 3824 3410 simpli.

2231 3410 2365 3466 citcr
2407 3413 2644 3468 animum
2692 3410 3034 3487 describens,
3078 3421 3173 3475 sed
3219 3425 3442 3481 omnino
3494 3432 3820 3498 contritum.

2229 3518 2349 3557 cum
2385 3506 2495 3558 ait:
2534 3505 2861 3574 Sacriﬁcium
2901 3509 3010 3564 Deo
3047 3513 3258 3580 spiritus
3304 3519 3693 3586 contribulatns,
3735 3540 3823 3578 cor

2229 3596 2502 3649 contritum
2525 3607 2575 3650 et
2596 3598 2953 3668 humiliaturn,
3000 3600 3169 3667 Deus,
3219 3621 3322 3660 non
3363 3609 3607 3681 despicies
3643 3613 3818 3684 (Psal.

2230 3685 2320 3740 50.
2363 3686 2478 3754 l9).
2516 3687 2664 3744 Hanc
2702 3699 2756 3745 et
2801 3700 2909 3746 tres
2953 3695 3104 3762 pueri
3155 3711 3253 3766 pro
3305 3714 3500 3770 magno
3551 3706 3816 3763 sacrificio

2231 3777 2342 3832 Deo
2369 3779 2618 3846 offerunt,
2646 3779 2887 3837 dicentes
2911 3802 2924 3837 :
2956 3784 3063 3839 Sed
3102 3787 3156 3839 in
3197 3790 3367 3844 anima
3393 3794 3631 3861 contrita,
3657 3806 3704 3850 et
3723 3802 3822 3868 spi-

2228 3871 2327 3923 ritu
2348 3871 2612 3927 Ituntiliato
2630 3876 2969 3945 suscipiantur
2997 3877 3164 3948 (Dan.
3193 3880 3248 3934 3.
3279 3881 3391 3954 59).
3419 3883 3566 3941 Hanc
3588 3896 3644 3942 et
3666 3888 3820 3946 Chri-

2226 3970 2341 4015 stus
2369 3962 2579 4018 beatam
2608 3981 2748 4020 nunc
2778 3968 3049 4037 praedicat.
3082 3971 3216 4036 Quia
3246 3973 3390 4027 enim
3421 3976 3652 4031 maxima
3681 3981 3817 4035 mala

2225 4067 2346 4121 qua:
2396 4064 2563 4110 totttm
2614 4058 2801 4113 orbem
2850 4060 3170 4115 labefactant
3211 4078 3282 4136 [ex
3327 4067 3577 4136 superbia
3603 4069 3818 4139 prodie-

2228 4153 2386 4208 runt;
2427 4149 2858 4219 quandoquidem
2905 4153 3186 4222 diabolus,
3233 4156 3323 4226 qui
3373 4159 3494 4215 talis
3536 4172 3662 4218 ante
3711 4181 3817 4220 non

2230 4234 2434 4301 fuerat,
2463 4240 2542 4294 sic
2573 4242 2814 4296 diabolus
2841 4244 3065 4300 ell'ectus
3095 4258 3176 4301 est
3210 4267 3223 4302 :
3251 4249 3394 4318 quod
3428 4253 3817 4322 etiamJ‘aulns

2228 4329 2471 4389 dicebat:
2497 4332 2582 4387 Ne
2603 4336 2813 4404 inﬂatus
2832 4338 2887 4390 in
2899 4339 3153 4408 judicium
3177 4341 3365 4397 incidat
3384 4345 3577 4400 diaboli
3596 4348 3645 4418 (l
3661 4347 3816 4406 .Tim.

2225 4421 2282 4477 '5.
2314 4423 2390 4490 ϐ).
2419 4422 2627 4480 Primus
2654 4440 2866 4498 quoque
2891 4428 3053 4484 homo
3082 4429 3183 4487 hac
3208 4433 3466 4491 adiabolo
3491 4436 3705 4493 inﬂatus
3723 4455 3818 4512 spe

2226 4514 2586 4584 pra-cipitatus
2626 4525 2681 4571 et
2711 4519 2953 4574 manalis
2997 4521 3166 4578 factus
3195 4534 3320 4581 est:
3351 4542 3477 4583 cum
3503 4530 3648 4583 enim
3689 4546 3817 4601 spe-

2225 4617 2398 4662 rasset
2421 4623 2480 4663 se
2509 4608 2664 4664 denm
2711 4609 2863 4678 fore,
2892 4611 3052 4667 etiam
3093 4614 3145 4668 id
3191 4616 3334 4684 quod
3379 4616 3612 4675 habebat
3641 4623 3823 4691 perdi-

2222 4698 2328 4753 dit.
2353 4698 2505 4766 Quod
2548 4709 2603 4755 et
2650 4701 2792 4758 Deus
2839 4702 2940 4774 ipsi
2972 4707 3326 4778 exprobrans,
3360 4718 3414 4764 et
3456 4710 3815 4781 insipientiam

2223 4789 2338 4860 ejus
2380 4791 2698 4858 traducens,
2738 4794 2988 4850 dicebat:
3023 4793 3158 4850 Ecce
3183 4795 3352 4852 Adam
3395 4801 3558 4871 factus
3583 4811 3657 4855 est
3683 4804 3817 4876 sicut

2223 4898 2358 4937 unus
2381 4899 2446 4938 ea;
2469 4882 2614 4938 nobis
2651 4882 2807 4955 (Gen.
2850 4886 2903 4941 5.
2944 4883 3060 4957 22).
3109 4885 3313 4958 Singuli
3359 4900 3537 4946 autem
3567 4893 3659 4964 qui
3694 4906 3816 4965 post

2222 4973 2469 5044 luerunt,
2517 4975 2644 5032 binc
2670 4977 2722 5032 in
2770 4979 3096 5049 impietatem
3144 4982 3363 5051 collapsi
3405 4992 3567 5052 sunt,
3606 5000 3665 5039 se
3704 4987 3815 5043 Deo

2221 5067 2453 5136 mquales
2495 5069 2868 5139 imaginantes.
2912 5068 3172 5136 Quoniam
3214 5073 3375 5144 igitur
3403 5075 3519 5131 [nec
3547 5077 3812 5134 malorum

2221 5172 2314 5213 arx
2360 5169 2503 5228 erat,
2538 5162 2774 5234 itemque
2817 5163 2972 5218 radix
3024 5174 3079 5220 et
3125 5165 3243 5225 fons
3288 5169 3464 5224 omnis
3516 5170 3809 5240 nequitim:

2221 5251 2410 5307 morb‘o
2434 5268 2733 5324 congruens
2765 5256 3062 5311 remedium
3094 5272 3393 5327 apparens,
3424 5263 3573 5330 quasi
3605 5261 3816 5318 funda-

2221 5355 2459 5402 mentum
2491 5349 2702 5403 ﬁrmum
2725 5359 2781 5404 et
2804 5358 2974 5403 tutum
3003 5350 3142 5402 hanc
3168 5351 3396 5419 primam
3416 5356 3590 5422 posuit
3615 5356 3808 5426 legem.

2223 5435 2333 5494 Hac
2373 5439 2517 5495 enim
2559 5441 2761 5510 posita,
2796 5450 2910 5496 tuto
2936 5452 3128 5496 caetera
3159 5442 3336 5498 omnia
3365 5448 3681 5515 superponit
3721 5464 3808 5501 ar-

2221 5531 2482 5590 chitectus
2511 5551 2526 5588 :
2558 5533 2657 5590 bac
2703 5549 2832 5590 vero
2879 5535 3126 5601 sublata,
3179 5536 3224 5591 si
3275 5538 3396 5607 quis
3441 5553 3511 5592 ex
3561 5540 3808 5594 instituto

2219 5627 2342 5681 vita:
2368 5627 2451 5681 vel
2480 5626 2546 5681 ad
2571 5627 2760 5682 czelum
2791 5629 3089 5699 pertingat,
3126 5630 3305 5685 omnia
3347 5629 3503 5686 facile
3527 5641 3724 5698 ruunt,
3754 5640 3806 5688 et

2219 5716 2272 5774 in
2301 5719 2590 5788 pessimum
2612 5716 2772 5777 finem
2799 5719 3070 5776 desinunt.
3098 5720 3207 5778 Etsi
3234 5721 3528 5793 jejunium,
3555 5721 3657 5779 etsi
3689 5737 3806 5777 ora-
