4124 6302
287 439 494 494 tionem
519 477 536 502 ,
585 435 697 492 etsi
732 432 1145 506 elcemosynam
1173 472 1189 497 .
1233 429 1343 511 etsi
1387 429 1692 486 castitatem
1783 429 1889 484 etsi

281 526 435 584 aliud
477 525 692 599 quidvis
728 525 930 582 bonum
958 520 1277 594 collegeris,
1320 519 1525 592 absque
1552 517 1891 588 humilitate,

287 619 546 676 dilluunt
569 616 750 672 omnia
766 658 782 682 ,
815 624 870 670 et
899 621 1144 686 pereunt.
1169 611 1228 668 id
1251 612 1416 667 etiam
1449 610 1722 666 Pharismo
1745 610 1893 665 accl-

281 711 365 766 tlit
389 708 546 780 (Lac.
575 706 702 778 48).
729 706 862 763 Nam
893 721 1018 763 cum
1057 703 1128 760 ad
1165 704 1339 775 ipsum
1381 702 1595 760 culmen
1635 702 1890 774 pertigis-

283 811 403 868 set,
435 801 689 857 omnibus
716 801 933 856 amissis
962 798 1216 868 delapsus
1245 805 1349 862 est,
1379 799 1505 868 quia
1533 807 1762 853 matrem
1789 797 1888 853 bo—

284 909 481 951 norum
523 908 633 949 non
678 891 883 950 habuit.
929 889 1395 958 Quemadmodum
1445 889 1592 945 enim
1636 888 1887 959 superbia

279 985 406 1042 fons
445 987 624 1042 omnis
667 986 921 1055 nequitia:
961 993 1080 1046 est,
1124 983 1204 1037 sic
1234 981 1509 1038 humilitas
1536 981 1886 1053 philosophiae

277 1077 461 1134 omnis
508 1077 854 1149 principium.
898 1073 1262 1142 Quamobrem
1293 1073 1419 1130 hinc
1449 1073 1665 1144 incipit,
1693 1090 1759 1128 ex
1791 1089 1887 1128 au-

274 1171 518 1229 ditorum
556 1170 751 1227 animis
792 1168 1157 1242 arrogantiam
1199 1166 1442 1246 evellens
1473 1167 1751 1223 radicitus.
1784 1166 1888 1222 Ec-

274 1264 408 1335 quid
435 1264 539 1321 hoc
563 1263 631 1319 ad
651 1262 978 1332 discipulos,
1009 1260 1219 1333 inquies
1239 1302 1253 1327 ,
1283 1261 1375 1332 qui
1397 1260 1619 1315 omnino
1650 1258 1885 1316 humiles

275 1357 478 1412 erant?
520 1353 730 1410 Nullam
773 1354 918 1408 enim
966 1352 1289 1424 arrogantia:
1333 1366 1522 1407 ansam
1572 1351 1880 1418 habebant,

276 1450 575 1521 piscatores
595 1462 717 1503 cum
741 1455 920 1502 essent
944 1487 961 1512 ,
989 1458 1254 1516 pauperes
1275 1486 1291 1512 ,
1320 1443 1572 1508 obscuri,
1604 1452 1656 1497 ct
1674 1443 1876 1498 idiotm.

278 1539 394 1595 Etsi
425 1538 542 1594 hzec
583 1539 654 1594 ad
695 1536 991 1607 discipulus
1031 1551 1140 1592 non
1187 1544 1531 1606 spectarent,
1565 1535 1659 1591 sed
1689 1536 1755 1591 ad
1786 1550 1881 1592 eos

272 1631 368 1702 qui
400 1639 695 1702 praesentes
721 1637 875 1684 erant
902 1627 1022 1684 haec
1050 1626 1324 1698 pertinere
1353 1634 1604 1698 poterant
1622 1667 1638 1690 .
1668 1641 1880 1682 necnon

272 1723 342 1777 ad
363 1735 460 1777 eos
483 1722 572 1793 qui
597 1729 783 1791 postea
813 1720 961 1790 ipsos
987 1719 1268 1788 excepturi
1289 1726 1466 1781 erant,
1499 1732 1569 1774 ne
1592 1727 1882 1791 propterea

278 1811 430 1880 ipsos
457 1810 834 1881 despicerent;
867 1808 976 1864 imo
1005 1821 1139 1864 vero
1165 1807 1234 1863 ad
1263 1807 1561 1879 discipulos
1590 1808 1709 1865 hace
1736 1808 1877 1863 dicta

271 1911 449 1957 erant.
481 1899 705 1957 Etiamsi
743 1899 890 1954 enim
927 1915 1035 1954 non
1077 1908 1239 1964 tunc,
1266 1909 1323 1953 tt
1354 1909 1537 1968 postea
1564 1914 1698 1968 opus
1726 1897 1878 1954 habi-

271 1993 379 2048 turi
419 2002 573 2049 erant
618 1993 706 2047 illa
746 1991 861 2046 utili
905 1991 1188 2054 cautione,
1235 1999 1358 2061 post
1401 1991 1553 2061 signa
1599 2007 1791 2061 nempe
1821 2001 1876 2048 et

269 2086 530 2143 uincula
552 2127 568 2150 ,
597 2093 720 2155 post
767 2095 974 2140 tantum
1008 2083 1063 2139 in
1091 2085 1224 2140 urbe
1255 2083 1518 2141 honorem
1538 2124 1556 2152 ,
1584 2093 1640 2142 et
1670 2094 1871 2142 tantam

271 2179 330 2232 in
368 2179 482 2234 Deo
506 2177 777 2232 ﬁduciam.
818 2175 1006 2246 Neque
1043 2177 1187 2232 enim
1215 2175 1447 2244 divitia,
1475 2191 1654 2246 neque
1686 2185 1874 2247 poten-

268 2269 383 2329 tia.
412 2283 587 2340 neque
627 2284 850 2339 regnum
905 2269 975 2323 ita
1011 2270 1320 2340 quempiam
1366 2278 1617 2340 petezaut
1651 2269 1870 2337 efferre,

270 2368 334 2415 ut
375 2373 438 2415 ea
488 2361 670 2414 ornnia
718 2373 838 2430 qua:
881 2358 1152 2430 apostolis
1190 2359 1570 2430 suppetebant.
1619 2361 1871 2432 Alioquin

267 2461 452 2506 autem
483 2450 598 2506 fieri
629 2457 842 2522 poterat
869 2457 930 2512 ut
951 2451 1116 2505 etiam
1155 2460 1283 2505 ante
1320 2448 1581 2505 miracula
1611 2449 1873 2507 eﬂ'erren-

267 2548 380 2608 tur,
427 2549 630 2596 tantam
676 2538 1075 2596 multitudinem
1124 2551 1447 2607 cernentes,
1498 2549 1555 2596 et
1600 2541 1868 2597 theatrum

265 2631 398 2688 illud
423 2630 568 2702 quod
605 2631 886 2687 doctorem
925 2647 1085 2686 suum
1127 2631 1538 2697 circumdabat;
1583 2642 1732 2688 certe
1772 2631 1868 2687 huc

265 2737 487 2779 manum
541 2721 815 2792 quidpiam
858 2721 970 2793 pati
1020 2731 1294 2792 poterant.
1338 2721 1543 2778 Idcirco
1586 2723 1708 2779 illos
1752 2733 1865 2778 sta-

265 2815 363 2869 tim
395 2812 640 2884 reprimit
674 2828 745 2868 ne
793 2813 963 2869 altum
1008 2812 1241 2883 sapiant.
1267 2812 1453 2884 Neque
1481 2813 1622 2870 dicta
1648 2829 1743 2871 sua
1773 2815 1867 2870 ad-

266 2905 582 2961 monitionis
607 2905 690 2959 vel
724 2912 1120 2974 [recepton
1147 2918 1302 2959 more
1326 2903 1553 2974 profert,
1598 2907 1695 2960 sed
1736 2921 1863 2974 pro-

263 2997 454 3068 posita:
502 2996 849 3051 beatitudinis
907 2995 1112 3062 forma,
1169 2995 1252 3052 sic
1305 2997 1598 3066 gratiorem
1643 2997 1864 3076 ordiens

261 3102 576 3145 sermonem
595 3127 612 3152 ,
654 3099 710 3141 et
746 3085 1009 3143 doctrinm
1046 3085 1279 3142 stadium
1315 3088 1565 3145 omnibus
1587 3093 1862 3161 aperiens.

269 3176 389 3234 Non
433 3177 577 3232 enim
607 3177 764 3242 dixit,
799 3177 898 3231 ilic
935 3176 1022 3232 vel
1049 3177 1160 3243 ille,
1187 3179 1283 3232 sed
1300 3214 1322 3246 ,
1348 3179 1452 3246 Qui
1480 3179 1598 3235 btec
1627 3181 1860 3248 faciunt,

265 3268 414 3325 beati
434 3283 625 3325 omnes
654 3277 834 3324 erunt.
869 3265 945 3323 ita
969 3276 1028 3323 ut
1050 3267 1168 3324 sive
1191 3281 1383 3324 servus
1409 3270 1487 3325 sis
1505 3310 1523 3335 ,
1561 3273 1679 3326 sive
1711 3287 1866 3328 men-

260 3358 455 3423 dicus,
501 3358 618 3412 sive
668 3371 894 3427 pauper,
937 3355 1055 3412 sivo
1098 3357 1453 3434 peregrinus,
1503 3360 1620 3415 sive
1659 3359 1860 3428 idiota,

264 3447 400 3502 nihil
431 3457 484 3502 te
512 3447 768 3517 impediat
809 3451 938 3519 quin
979 3436 1075 3502 sis'
1099 3446 1321 3513 beatus,
1366 3449 1410 3503 si
1442 3448 1581 3504 hanc
1611 3452 1860 3506 virtutem

264 3540 524 3594 colueris.
555 3538 691 3593 Hinc
719 3539 898 3609 itaque
925 3551 1083 3594 orsus
1100 3579 1117 3603 ,
1147 3539 1290 3595 unde
1317 3541 1554 3596 maxime
1583 3557 1677 3611 par
1702 3552 1868 3611 erat,

267 3629 337 3684 ad
368 3628 510 3684 aliud
542 3627 849 3684 mandatum
877 3628 1149 3700 procedit,
1181 3630 1323 3698 quod
1352 3631 1566 3688 videtur
1593 3634 1754 3689 totius
1773 3649 1862 3690 or-

259 3721 346 3778 bis
371 3735 677 3793 eppugnarc
702 3723 1046 3778 sententiam.
1088 3722 1224 3777 Cum
1267 3723 1414 3779 enim
1455 3740 1643 3780 omnes
1677 3735 1864 3796 putent

257 3827 358 3870 eos
381 3815 471 3884 qui
500 3812 737 3884 gaudent
759 3823 816 3867 et
839 3812 1093 3867 lictantur
1116 3827 1237 3870 esse
1263 3813 1474 3879 beatos,
1501 3830 1593 3872 eos
1618 3831 1748 3873 vero
1769 3818 1860 3889 qui

259 3905 317 3961 in
357 3918 626 3970 mmre,
671 3912 984 3974 paupertate
1013 3915 1070 3959 ct
1093 3904 1240 3960 luctu
1268 3916 1579 3972 versantur,
1608 3923 1729 3964 esse
1756 3909 1859 3964 mi-

257 4008 435 4058 seros,
469 3994 569 4047 hos
603 3994 692 4049 ille
720 4008 830 4070 pra:
859 3994 979 4049 aliis
1007 3992 1194 4049 beatos
1224 3996 1480 4064 praedicat
1502 4037 1517 4057 ,
1551 3996 1735 4052 dicens
1761 4018 1773 4052 ε
1804 3999 1857 4053 5.

259 4084 407 4140 Beati
431 4087 518 4155 qui
547 4086 743 4155 lugent.
773 4085 934 4154 Atqui
978 4083 1050 4139 ab
1092 4086 1345 4152 omnibus
1381 4085 1434 4139 hi
1475 4084 1715 4141 infelices
1744 4103 1863 4144 esse

257 4177 552 4230 dicuntur:
583 4175 677 4230 sed
718 4173 842 4230 ideo
868 4175 960 4230 ille
983 4165 1461 4246 signa'prtemisit,
1505 4187 1562 4231 ut
1603 4178 1750 4248 leges
1776 4178 1861 4233 af-

257 4267 441 4322 ferent
480 4267 616 4320 tales
649 4265 755 4321 fide
783 4265 976 4336 dignus
1004 4274 1169 4322 esset.
1201 4267 1300 4323 Hic
1324 4279 1502 4324 autem
1535 4285 1722 4326 rursus
1754 4287 1863 4326 non

257 4355 579 4426 simpliciter
604 4356 848 4426 lugentes
890 4359 1100 4426 posuit,
1151 4356 1247 4412 sed
1291 4373 1386 4414 eos
1413 4361 1501 4428 qui
1528 4360 1598 4416 de
1626 4363 1861 4430 peccatis

262 4448 512 4518 lugerent
549 4465 562 4502 :
594 4457 649 4501 ut
677 4457 732 4500 et
763 4446 908 4500 aliud
937 4461 1152 4517 quoque
1177 4448 1353 4503 luctus
1382 4463 1553 4517 genus
1573 4451 1862 4509 admodum

262 4539 604 4610 prohibetur,
646 4553 841 4608 nempe
868 4537 937 4594 de
965 4554 1143 4593 rerum
1185 4540 1531 4597 smcularium
1575 4543 1863 4616 dispendio

259 4632 468 4700 lugere.
497 4628 652 4697 Quod
692 4627 1031 4700 signiﬁcabat
1058 4639 1114 4683 et
1141 4629 1335 4686 Paulus
1357 4631 1541 4688 dicens
1569 4651 1582 4687 :
1615 4634 1748 4700 Quia
1767 4651 1864 4692 ste-

257 4723 370 4778 ettli
409 4724 610 4791 quidem
659 4721 866 4776 tristitia
902 4731 1115 4776 mortem
1149 4734 1391 4794 operatur
1413 4740 1566 4794 :qatz
1588 4738 1755 4782 autem
1778 4745 1856 4784 se-

258 4812 491 4868 cundum
513 4811 682 4868 Deum
700 4822 774 4868 ut
806 4813 1011 4868 tristitia
1030 4856 1046 4882 ,
1074 4803 1418 4883 penitentiam
1440 4816 1493 4871 in
1515 4817 1734 4874 salutem
1754 4831 1861 4876 sto-

255 4905 416 4958 bilem
439 4911 676 4969 operatur
696 4901 772 4971 (Ξ.
796 4901 916 4959 Cor.
942 4902 994 4957 7.
1021 4902 1137 4973 i0).

336 4995 391 5050 3.
440 4991 624 5048 Beatos
659 4995 937 5062 prtedicure
967 4995 1054 5066 qui
1083 4995 1272 5067 lugent,
1300 4997 1623 5068 philosophia
1659 5000 1864 5070 plenum

253 5099 351 5144 est.
385 5085 680 5142 Consolatio
703 5102 736 5138 tt
760 5086 868 5140 Deo
887 5091 1112 5158 profecta
1125 5100 1335 5159 quanta.
1360 5091 1551 5147 —Hos
1576 5092 1736 5163 igitur
1755 5095 1865 5161 ille,

258 5178 355 5244 qui
405 5178 484 5232 sic
513 5177 735 5246 lugent,
783 5177 968 5232 beatos
1012 5178 1309 5246 praedicat:
1343 5197 1514 5252 neque
1554 5184 1868 5254 simpliciter

263 5270 509 5338 lugentes
533 5273 683 5338 punit
707 5309 720 5330 ,
766 5266 860 5322 sed
890 5269 979 5336 qui
1025 5271 1262 5338 impense
1303 5272 1504 5341 lugent.
1532 5275 1868 5345 Qu:ipr0pter

264 5376 374 5410 non
412 5359 548 5412 dixit
573 5398 587 5421 ,
615 5357 718 5424 Qui
747 5367 1016 5425 niterent,
1048 5361 1142 5414 sed
1167 5403 1181 5425 ,
1213 5361 1313 5427 Qui
1340 5363 1511 5434 lugent
1538 5380 1557 5417 :
1591 5381 1715 5419 nam
1765 5366 1868 5422 hoc

269 5461 601 5519 prmceptum
649 5452 811 5504 totius
852 5458 938 5505 est
980 5451 1332 5520 philosophiae
1383 5457 1770 5525 magisterium.
1813 5458 1867 5512 Si

267 5543 413 5598 enim
444 5541 534 5609 qui
565 5543 734 5604 lilios,
769 5557 1014 5607 uxorem,
1041 5542 1123 5596 vel
1149 5543 1313 5597 alium
1339 5549 1642 5616 quempiam
1669 5564 1868 5619 cogna-

269 5640 385 5687 tum
411 5630 718 5687 defunctqu
751 5634 966 5702 lugent,
997 5649 1100 5687 non
1130 5635 1475 5704 pecuniarum
1497 5679 1512 5703 ,
1545 5654 1649 5692 non
1677 5655 1870 5709 corpo-

275 5737 393 5778 rum
418 5735 604 5776 amore
628 5730 872 5776 tenentur
893 5721 983 5778 illo
1003 5722 1203 5780 doloris
1226 5734 1491 5797 tempore,
1515 5741 1620 5782 non
1643 5728 1867 5799 gloriam

1453 314 1520 371 ΙΝ
1560 311 1970 373 ΙΙΑΤΤΗΕΗΜ
2012 310 2244 370 ιιοδιιι.
2284 311 2404 370 ιν.

2004 434 2266 500 appetunt
2291 470 2307 495 ,
2336 440 2448 482 non
2479 425 2692 498 injuriis
2715 435 3004 484 moventur
3024 467 3040 493 ,
3069 442 3178 484 non
3210 423 3418 487 invidia
3443 436 3617 490 corri-

1999 517 2239 588 piuntur,
2262 530 2440 588 neque
2460 517 2567 572 alio
2592 517 2847 588 quopiam
2867 518 3036 574 animi
3055 520 3250 578 morbo
3268 520 3616 582 obsidentur:

1997 606 2093 664 sed
2123 621 2346 678 prorsus
2365 608 2530 664 luctui
2557 607 2759 664 addicti
2785 617 2912 664 sunt
2938 627 2952 665 :
2981 610 3151 667 multo
3169 612 3344 683 magis
3369 615 3462 685 qui
3495 630 3616 684 pec-

1997 710 2118 755 cata
2143 714 2240 756 sua
2266 700 2474 771 lugent,
2503 701 2644 758 sicut
2669 715 2734 758 ea
2762 700 2997 772 lugenda
3023 713 3153 759 sunt
3172 744 3193 767 .
3222 701 3327 762 hac
3354 705 3614 776 majorem
3673 694 3682 701 ’

1995 790 2330 847 exhibebunt
2355 791 2772 862 philosophiam.
2803 791 3043 860 Deinde,
3071 793 3218 865 quod
3248 810 3440 852 eorum
3467 811 3608 866 prac-

1995 883 2163 938 mium
2184 883 2334 938 erit?
2381 884 2636 948 Quoniam
2664 884 2768 957 ipsi
2790 885 3197 942 consolabuntur
3218 928 3237 954 ,
3267 887 3462 958 inquit.
3505 888 3612 945 Uhi

1993 989 2153 1039 vero,
2178 974 2267 1032 dic
2294 975 2460 1042 mihi,
2492 977 2948 1034 consolabuntur?
2978 977 3046 1033 Et
3070 977 3193 1045 hic,
3224 988 3282 1035 et
3310 978 3442 1036 illic.
3471 979 3607 1048 Quia

1989 1068 2136 1122 enim
2167 1077 2494 1138 praeceptum
2523 1084 2689 1140 grave
2713 1068 3005 1125 admodum
3031 1078 3232 1126 eratet
3258 1084 3553 1126 onerosum
3577 1110 3594 1137 ,

1994 1157 2098 1213 hoc
2144 1174 2204 1216 se
2249 1160 2497 1230 promisit
2540 1159 2794 1216 daturum
2819 1200 2837 1222 ,
2867 1159 3012 1231 quod
3041 1159 3170 1215 illud
3210 1161 3446 1217 maxime
3489 1161 3609 1237 leve

1989 1256 2172 1322 posset
2191 1248 2426 1304 efﬁcere.
2451 1248 2637 1322 itaque
2659 1250 2706 1304 si
2729 1249 2863 1304 velis
2886 1246 3314 1306 consolationem
3335 1251 3601 1322 accipere,

1989 1341 2132 1412 lnge.
2176 1343 2244 1398 Et
2273 1358 2341 1399 ne
2373 1353 2530 1414 putes
2575 1345 2804 1415 aenigma
2832 1358 2957 1400 esse
2983 1343 3035 1400 id
3069 1343 3214 1415 quod
3261 1344 3464 1402 dictum
3495 1356 3600 1404 est.

1987 1430 2120 1486 Cum
2147 1434 2292 1487 enim
2319 1433 2462 1488 Deus
2485 1434 2820 1498 consiliator,
2847 1435 3064 1491 etiamsi
3092 1436 3239 1492 mille
3263 1437 3432 1493 tristia
3459 1440 3605 1495 accio

1986 1521 2134 1588 dant,
2165 1525 2420 1581 omnibus
2446 1526 2696 1596 superior
2733 1526 2866 1582 eris.
2900 1525 3114 1583 Etenim
3158 1528 3328 1585 multo
3367 1530 3604 1602 majores

1984 1613 2078 1669 dat
2107 1629 2324 1685 semper
2349 1617 2490 1672 Deus
2531 1616 2778 1672 laborum
2815 1618 3096 1674 mercedes
3123 1635 3137 1672 :
3167 1618 3218 1673 id
3263 1619 3406 1691 quod
3434 1621 3599 1678 etiam

1986 1707 2074 1762 hic
2113 1708 2236 1763 iecit
2259 1749 2276 1774 ,
2305 1723 2426 1764 cum
2454 1708 2590 1763 dixit
2614 1707 2801 1763 beatos
2830 1723 2954 1764 esse
2978 1723 3074 1764 eos
3114 1711 3206 1780 qui
3239 1710 3464 1780 lugent,
3489 1726 3598 1769 nou

1985 1798 2280 1854 secundum
2312 1799 2388 1853 rei
2413 1799 2687 1866 meritum,
2719 1799 2815 1855 sed
2843 1799 3139 1855 secundum
3161 1801 3328 1870 ipsius
3348 1800 3600 1873 benigni-

1984 1899 2145 1943 tatem
2173 1906 2188 1954 ;
2221 1905 2328 1943 non
2359 1905 2424 1944 ex
2452 1890 2633 1961 operis
2658 1890 2868 1945 scilicet
2913 1890 3172 1962 dignitate
3196 1932 3212 1956 ,
3233 1892 3327 1947 sed
3369 1906 3438 1950 ex
3480 1891 3602 1962 ejus

1979 1995 2106 2051 erga
2139 1978 2387 2036 homines
2426 1995 2634 2037 amore.
2679 1980 2813 2036 Nam
2848 1981 2938 2052 qui
2967 1981 3192 2051 lugent,
3239 1993 3455 2051 peccata
3499 1997 3595 2038 sua

1979 2071 2202 2142 lugent;
2231 2070 2317 2128 his
2345 2087 2477 2128 vero
2501 2072 2700 2128 sufﬁcit
2721 2074 2768 2129 si
2793 2075 3008 2128 veniam
3037 2072 3329 2144 impetrent
3349 2082 3408 2130 et
3430 2090 3596 2130 excu-

1981 2162 2271 2219 sationem.
2317 2162 2584 2232 Quoniam
2611 2174 2794 2220 autem
2822 2163 2916 2218 ille
2944 2177 3142 2235 magno
3181 2177 3307 2233 erga
3340 2164 3592 2220 homines

1977 2269 2164 2312 amore
2203 2263 2440 2323 tenetur,
2467 2270 2644 2326 neque
2668 2254 2723 2310 in
2749 2255 2999 2327 supplicii
3026 2255 3349 2338 remissione
3371 2295 3390 2322 ,
3420 2272 3597 2328 neque

1977 2346 2030 2401 in
2055 2355 2395 2416 peccatorum
2413 2349 2569 2404 venia
2596 2348 2900 2404 mercedem
2923 2348 3087 2409 sistit.
3107 2347 3201 2403 sed
3224 2350 3388 2404 etiam
3407 2349 3595 2405 beatos

1975 2436 2160 2504 efficit,
2189 2447 2245 2492 et
2275 2437 2498 2492 multam
2521 2437 2681 2493 atl'ert
2704 2437 3152 2494 consolationem.
3177 2436 3387 2511 Lugere
3412 2449 3594 2497 autem

1979 2544 2081 2584 nos
2107 2528 2282 2600 jubet,
2307 2545 2414 2586 non
2441 2530 2510 2586 de
2536 2531 2772 2601 peccatis
2803 2541 3008 2587 tantum
3039 2533 3267 2596 nostris,
3305 2532 3400 2586 scd
3428 2532 3590 2588 etiam

1971 2622 2042 2679 de
2067 2623 2284 2680 alienis.
2317 2622 2633 2693 Hujustnodi
2664 2637 2796 2679 vero
2830 2631 2988 2679 erant
3013 2631 3324 2680 sanctorum
3358 2623 3588 2690 animm,

1974 2727 2031 2771 ut
2052 2715 2271 2789 Moysis,
2303 2726 2363 2771 ut
2386 2716 2561 2784 Pauli,
2586 2725 2646 2772 ut
2666 2716 2884 2773 Davidis
2911 2735 2927 2772 :
2955 2733 3080 2774 nam
3110 2717 3163 2772 hi
3190 2718 3421 2773 aliorum
3444 2714 3592 2790 stupe

1971 2818 2187 2877 peccata
2211 2808 2489 2864 luxerunt.
2517 2809 2573 2864 4.
2601 2807 2746 2864 Beati
2769 2809 2934 2874 mites,
2967 2810 3209 2879 quoniam
3236 2809 3336 2880 ipsi
3361 2811 3590 2880 posside-

1979 2897 2104 2952 bunt
2127 2908 2337 2954 terram.
2369 2899 2467 2955 Dic
2484 2899 2647 2967 mihi,
2669 2914 2831 2971 quam
2857 2899 3098 2955 terram?
3123 2899 3345 2965 Terram
3369 2901 3586 2970 quidem

1971 2990 2367 3063 intelligibtlem
2411 2991 2617 3048 dicunt.
2663 2991 2859 3046 Verum
2904 3007 3012 3047 non
3061 2992 3132 3046 ita
3163 3006 3222 3047 se
3267 3007 3355 3047 res
3396 2991 3584 3048 habet.

1969 3080 2244 3153 Nusquam
2271 3083 2416 3138 enim
2458 3083 2511 3137 in
2543 3081 2819 3154 Scriptura
2854 3082 3156 3153 reperimus
3199 3092 3396 3138 terram
3424 3084 3587 3138 intol-

1969 3173 2226 3252 ligibilem
2256 3174 2357 3245 (a).
2383 3173 2491 3230 Sed
2518 3175 2648 3244 quid
2673 3175 2778 3229 sibi
2808 3175 2920 3228 vult
2945 3174 3118 3230 illud?
3146 3172 3418 3230 Sensibilc
3443 3191 3590 3245 prses

1969 3265 2136 3319 mium
2182 3265 2368 3319 statuit
2396 3305 2414 3329 ,
2461 3266 2602 3320 sicut
2625 3275 2682 3320 ot
2711 3264 2935 3320 Paulus.
2961 3264 3096 3321 Cum
3134 3265 3362 3323 dixisset
3387 3269 3533 3322 enim
3562 3272 3581 3333 ',

1977 3352 2194 3408 Honora
2223 3365 2418 3424 patrem
2446 3364 2592 3409 tutius
2611 3364 2660 3409 et
2701 3365 2913 3409 marem
2953 3364 3093 3410 tuam
3114 3397 3132 3420 ,
3161 3357 3458 3426 subjunxit,
3490 3357 3585 3412 Sic

1968 3446 2099 3499 enim
2123 3448 2222 3500 eris
2254 3448 2513 3516 longam“
2556 3461 2712 3516 super
2737 3455 2924 3510 tarum
2951 3445 3185 3516 (Epiros.
3219 3445 3274 3501 6.
3304 3446 3361 3502 2.
3386 3448 3420 3502 ὃ
3444 3451 3483 3518 ).
3516 3447 3584 3503 Et

1968 3538 2084 3608 ipse
2114 3534 2371 3593 Duminus
2401 3538 2594 3594 latroni
2625 3555 2638 3592 :
2675 3537 2847 3600 Hodie
2886 3555 3079 3592 mecum
3120 3541 3219 3593 eris
3247 3539 3301 3594 in
3342 3542 3583 3610 paradiso

1971 3628 1992 3700 (
2029 3627 2158 3684 Lac.
2188 3629 2280 3685 23.
2313 3630 2384 3686 45
2408 3627 2452 3703 ).
2505 3629 2696 3700 Neque
2718 3631 2866 3685 enim
2897 3630 2969 3685 ob
3010 3630 3186 3685 futura
3219 3631 3395 3686 solum
3440 3631 3579 3687 bona

1966 3719 2301 3785 cohortatur,
2331 3719 2427 3775 sed
2452 3720 2615 3774 etiam
2637 3719 2710 3776 ob
2732 3722 3012 3791 prteseutia
3048 3731 3268 3790 propter
3292 3721 3410 3776 illos
3429 3721 3583 3777 audi-

1967 3820 2138 3878 tores,
2167 3812 2258 3882 qui
2287 3811 2584 3867 crassiores
2607 3812 2722 3884 lucc
2748 3812 2898 3883 prius
2925 3827 3088 3882 quam
3117 3812 3288 3866 futura
3311 3821 3579 3884 qumrunt.

1968 3901 2094 3957 Ideo
2124 3873 2262 3957 et'in
2289 3873 2652 3974 sequentibu;
2656 3873 2786 3958 dicit
2807 3919 2820 3956 :
2845 3873 2967 3956 Esto
2992 3903 3312 3957 consentiens
3330 3873 3582 3957 item“.

1965 3990 2045 4044 rio
2064 4000 2149 4043 tuo
2183 3991 2397 4059 (Matth.
2425 3992 2478 4045 5.
2511 3992 2640 4060 25).
2667 3991 2871 4046 Deinde
2893 3992 3200 4059 huiusmodi
3224 3994 3583 4064 philosttphim

1968 4079 2247 4147 prs-mium
2263 4082 2467 4144 statuit,
2485 4090 2539 4134 et
2554 4082 2664 4146 ait:
2688 4078 2769 4148 Ne
2795 4080 2963 4135 tradat
2984 4092 3032 4135 te
3051 4085 3375 4139 aduersarius
3387 4086 3580 4156 judict,

1967 4181 2014 4225 et
2044 4171 2211 4242 judea:
2252 4171 2504 4226 ministro.
2541 4156 2728 4227 Viden‘
2755 4171 2900 4227 unde
2929 4173 3161 4228 terruit?
3210 4175 3255 4228 Α
3289 4177 3580 4232 sensilibus

1969 4261 2195 4330 scilicet,
2223 4272 2276 4318 et
2302 4277 2422 4332 qum:
2452 4275 2597 4332 stupe
2625 4262 2967 4334 contingunt.
2996 4263 3064 4319 Et
3088 4279 3273 4320 rursus
3297 4284 3310 4320 :
3336 4267 3582 4333 Quicum-

1968 4367 2064 4421 que
2084 4353 2267 4407 dixerit
2295 4354 2444 4424 fratri
2468 4369 2582 4419 suo,
2601 4351 2768 4421 Rosa,
2787 4369 2904 4409 reus
2922 4355 3017 4408 erit
3033 4354 3252 4410 concilio
3269 4353 3379 4427 (Ib.
3394 4357 3580 4429 λεί.)

1968 4441 2168 4499 Paulus
2196 4458 2411 4515 quoque
2455 4443 2893 4515 frequentissime
2935 4446 3038 4500 sub
3082 4458 3302 4502 sensum
3331 4447 3581 4505 cadentia

1969 4540 2190 4612 praemia
2222 4538 2494 4609 proponit,
2521 4547 2575 4594 et
2604 4553 2635 4592 a
2668 4537 3030 4607 presentibus
3055 4536 3338 4606 hortatur;
3367 4554 3426 4595 ut
3457 4557 3580 4597 cum

1968 4632 2039 4688 de
2065 4630 2370 4701 virginitate
2397 4627 2653 4686 disserit:
2683 4628 2819 4683 nihil
2840 4628 3044 4700 quippe
3070 4629 3138 4685 de
3159 4630 3310 4685 etclis
3335 4646 3580 4689 comme-

1971 4732 2164 4786 [norat=
2194 4722 2290 4777 sed
2315 4737 2384 4777 ex
2411 4720 2776 4793 prasentibus
2803 4720 3053 4781 hortatur
3081 4722 3166 4778 bis
3191 4725 3373 4779 verbis
3397 4763 3414 4791 ,
3450 4724 3582 4780 Pro-

1969 4823 2082 4884 pter
2102 4815 2376 4869 iuuentem
2412 4813 2760 4867 necessitatem
2803 4811 2822 4883 (
2848 4812 2898 4866 1.
2924 4811 3044 4869 Cor.
3075 4814 3129 4867 τ.
3159 4811 3232 4868 26
3256 4812 3276 4887 )
3301 4831 3316 4879 ;
3342 4823 3397 4870 el.
3419 4857 3435 4882 ,
3468 4815 3583 4887 Ego

1969 4915 2138 4962 autem
2158 4906 2296 4960 vobis
2317 4921 2471 4974 parco
2492 4904 2652 4975 (Ibid.
2678 4921 2724 4960 υ.
2745 4903 2842 4976 28)
2863 4919 2879 4971 ;
2914 4914 2990 4972 et,
3018 4904 3148 4962 Volo
3168 4917 3340 4963 autent
3361 4923 3446 4962 ινιτ
3473 4911 3583 4968 sit:

1970 4995 2312 5052 sollicitudine
2337 5011 2445 5050 esse
2484 4994 2663 5068 (Ibid.
2695 5011 2744 5051 ν.
2770 4997 2842 5051 32
2865 5001 2904 5066 ).
2937 4996 3029 5050 Sic
3053 4997 3214 5068 igitur
3237 5009 3294 5053 et
3316 4997 3568 5055 Christus

1972 5087 2339 5160 spirituaiibus
2362 5087 2639 5143 sensibilia
2667 5088 2900 5143 miscuit.
2930 5089 3067 5154 Quia
3097 5091 3241 5145 enim
3264 5092 3411 5147 mitis
3433 5094 3582 5164 quis--

1973 5194 2078 5250 que
2106 5188 2294 5248 putare
2322 5180 2490 5248 possit
2519 5193 2580 5235 se
2620 5194 2715 5232 sua
2743 5179 2923 5233 omnia
2952 5181 3181 5250 perdere
3200 5225 3214 5249 ,
3245 5185 3580 5238 contrarium

1974 5273 2066 5328 ille
2094 5272 2367 5340 pollicetu:
2402 5270 2586 5325 dicens
2609 5313 2624 5337 ,
2656 5271 2796 5326 hunc
2823 5270 2997 5341 ipsum
3039 5287 3159 5327 esse
3183 5275 3270 5342 qui
3301 5289 3394 5328 sua
3421 5277 3580 5329 tutis-

1976 5363 2110 5418 sime
2137 5361 2448 5432 possideat,
2476 5364 2566 5432 qui
2603 5376 2701 5416 nec
2725 5361 2940 5426 audax,
2986 5379 3086 5419 nec
3130 5375 3431 5420 estetilator
3461 5369 3532 5421 sit
3561 5385 3575 5421 :

2041 5496 2114 5557 (tt)
2133 5496 2316 5562 _N_cscio
2333 5508 2420 5544 cur
2441 5495 2571 5562 dicat
2593 5493 2980 5562 Chrysmtomus,
3005 5510 3244 5559 nusquam
3267 5500 3314 5547 in
3337 5501 3583 5562 Scriptura

1965 5558 2208 5621 reperiri,
2236 5565 2419 5621 terram
2448 5557 2784 5621 ,εερξνὶιιιιιιςὶηιἈ
2812 5560 3056 5621 siquidem
3090 5557 3222 5608 terra
3245 5557 3578 5616 promissionis

1979 5617 2271 5681 intelligitur
2288 5618 2622 5682 spiritaliter,
2645 5619 2736 5667 nisi
2761 5617 2890 5669 forte
2911 5621 3186 5682 signiﬁcare
3216 5622 3328 5669 velit
3351 5623 3475 5671 hanc
3501 5638 3578 5674 to-

1979 5692 2109 5737 cem,
2132 5680 2330 5748 terrent,
2357 5680 2511 5748 solum
2538 5693 2800 5748 numquam
2825 5683 2874 5729 in
2906 5680 3147 5748 Scriptura
3187 5696 3449 5734 occurrere
3474 5699 3579 5748 pro,

1981 5747 2164 5790 terram
2179 5739 2502 5794 soiritnalem.
2527 5743 2658 5804 Quod
2674 5739 2856 5792 verum
2880 5755 2993 5795 esse
3007 5739 3234 5793 'viclctur.
