4124 6302
612 312 720 371 9i?

610 440 734 481 nam
760 422 853 495 qui
874 420 995 476 talis
1025 418 1184 475 luerit
1204 457 1219 482 ,
1250 418 1483 485 paternis
1511 414 1671 469 etiam
1697 412 1852 469 bonis
1875 424 2020 480 saepe
2044 409 2187 463 exei-

607 517 702 573 det
720 554 742 581 .
764 523 824 570 et
845 513 1013 583 ipsius
1037 511 1230 565 anitum
1253 508 1513 578 iacturam
1537 506 1713 560 faciet.
1743 502 1987 572 Alioquin
2012 509 2191 555 autem

606 609 729 677 quia
775 604 829 659 in
860 600 1040 658 Veteri
1080 599 1433 677 Testamento
1462 596 1717 666 propheta
1760 593 1968 647 dixerat
1996 608 2012 645 :
2042 588 2192 644 uites

606 706 773 751 autem
795 692 1153 749 Aereditubunt
1187 702 1371 744 terram
1413 696 1430 759 (
1462 688 1602 742 Psal.
1640 686 1729 742 36.
1770 685 1829 738 il
1856 687 1912 755 ),
1950 698 1979 737 a
2013 682 2190 738 verbis

606 788 714 858 jam
739 783 1088 839 familiaribus
1112 796 1413 837 serntouem
1445 779 1593 841 texit,
1624 784 1677 830 ut
1706 790 1809 829 non
1839 774 2035 843 ubique
2073 774 2192 826 inu—

608 880 779 933 sitatis
804 886 984 932 utatur
1006 875 1206 929 verbis.
1236 872 1361 927 ﬂare
1391 885 1551 939 porro
1574 870 1719 932 dicit,
1758 882 1860 920 non
1884 867 1933 919 in
1960 880 2191 936 [mesen-

607 972 749 1027 tibus
769 968 985 1039 petenda
1012 964 1478 1025 circumscribens,
1509 962 1601 1015 sed
1624 976 1742 1014 cum
1766 958 1849 1013 his
1868 959 1955 1012 illa
1977 970 2189 1028 quoque

609 1061 967 1132 suppeditans.
997 1057 1126 1111 Nam
1152 1055 1199 1110 si
1233 1054 1503 1125 quidpiam
1553 1051 1827 1122 spirituale
1869 1050 2048 1115 dicat,
2082 1062 2185 1101 non

606 1154 777 1209 aulet‘t
814 1162 987 1209 tamen
1020 1149 1303 1218 prasentia,
1332 1165 1346 1212 ;
1392 1147 1435 1200 si
1470 1161 1594 1200 vero
1617 1143 1814 1214 aliquid
1845 1160 1895 1197 tu
1941 1140 2186 1211 prtcsenti

608 1245 714 1296 vita
743 1241 1042 1310 promittat,
1076 1252 1182 1292 non
1213 1238 1297 1290 bis
1335 1247 1539 1290 tantum
1572 1235 1976 1304 promissionem
2004 1232 2143 1285 sistit
2168 1248 2180 1281 :

607 1346 728 1384 nam
761 1328 983 1397 Quwrite
1009 1369 1024 1393 ,
1064 1328 1270 1396 inquit,
1297 1343 1505 1396 regnum
1535 1325 1627 1377 Dei
1650 1364 1666 1388 ,
1702 1334 1748 1377 et
1779 1324 1883 1376 hcec
1909 1323 2073 1373 onmia
2091 1320 2188 1374 ad—

607 1422 839 1493 ficientur
855 1420 993 1474 satis
1015 1422 1033 1487 (
1059 1418 1248 1472 Matth.
1273 1418 1328 1471 6.
1354 1418 1423 1472 35
1445 1416 1580 1487 )..Et
1605 1431 1814 1470 rursum
1838 1431 1850 1465 :
1879 1414 2187 1481 Quit-umque

602 1510 854 1565 dimiserit
884 1511 1111 1572 domum,
1138 1517 1228 1561 aut
1253 1511 1455 1576 lintres,
1488 1516 1576 1557 aut
1596 1516 1810 1575 patrem,
1844 1514 1930 1555 aut
1953 1513 2179 1567 ntali-em,

604 1613 690 1655 aut
710 1615 936 1664 uxorein,
967 1610 1054 1658 aut
1077 1599 1232 1668 ﬁlios,
1258 1608 1349 1650 aut
1375 1614 1526 1669 agros
1570 1608 1773 1666 propter
1797 1612 1973 1649 nomen
1997 1610 2181 1657 meum,

603 1694 891 1763 centuplum
917 1692 1127 1761 accipiet
1171 1693 1222 1743 in
1252 1692 1436 1744 arcula
1468 1692 1563 1743 isto
1585 1730 1598 1754 ,
1646 1704 1694 1742 et
1725 1690 1776 1741 in
1818 1694 1988 1757 futuro
2032 1688 2184 1741 vitam

605 1794 844 1837 aeternam
892 1782 1160 1850 possidebit
1204 1778 1334 1850 (Id.
1382 1780 1468 1836 19.
1523 1780 1615 1834 ‘29.
1666 1790 1712 1832 et
1760 1779 1926 1833 Marc.
1968 1778 2052 1832 10.
2089 1776 2177 1831 29.

603 1872 675 1928 50
698 1873 735 1941 ).
766 1873 819 1929 6.
854 1872 997 1926 Beati
1020 1874 1105 1941 qui
1139 1872 1367 1926 esuriant
1408 1881 1456 1926 et
1485 1873 1659 1925 sitiunt
1695 1873 1967 1941 justitiam.
2014 1871 2182 1937 Quam

603 1963 902 2033 iustitiam?
932 1964 1036 2017 Ant
1063 1962 1315 2020 virtutem
1344 1964 1484 2017 illam
1519 1964 1569 2017 in
1590 1978 1803 2032 genere,
1833 1973 1923 2014 aut
1948 1963 2182 2028 Speciem

605 2054 745 2108 illam
772 2052 991 2121 iustitia:
1011 2052 1201 2113 innuit,
1233 2067 1353 2122 qme
1380 2054 1620 2105 avaritiae
1649 2053 1890 2121 apposita
1918 2062 2017 2105 est.
2043 2051 2177 2116 Quia

604 2145 745 2197 enim
763 2144 829 2198 de
847 2144 1183 2214 eleemosyna
1206 2155 1523 2212 pra‘cepntm
1540 2143 1758 2197 daturus
1770 2143 2031 2207 est,th
2047 2156 2181 2210 quo—

603 2233 767 2287 modo
791 2234 932 2288 illam
966 2248 1223 2289 exercere
1245 2243 1520 2302 Oporteat;
1549 2234 1826 2298 videlicet,
1856 2248 1961 2287 non
1992 2249 2055 2286 ex
2099 2250 2183 2288 ra-

604 2324 749 2392 pina,
781 2339 885 2378 non
911 2339 977 2378 ex
1001 2326 1219 2379 avaritia
1241 2324 1425 2380 beatos
1445 2325 1691 2393 praedicat
1719 2340 1833 2390 eos,
1856 2326 1943 2395 qui
1966 2324 2184 2393 iustitia

600 2414 731 2469 dant
757 2430 996 2484 cperam.
1258 2420 1265 2427 '

676 2505 732 2559 4.
776 2503 898 2558 Haec
928 2504 1071 2558 verba
1096 2547 1112 2569 ,
1158 2505 1357 2558 esurire
1388 2517 1433 2559 et
1464 2507 1603 2559 sitire
1630 2507 1882 2575 justitiam
1904 2548 1916 2568 ,
1947 2520 2187 2570 quantum

604 2596 703 2647 vim
730 2594 958 2647 habeant.
996 2595 1095 2659 Qui
1112 2597 1209 2647 sint
1236 2596 1597 2661 misericordes,
1632 2598 1818 2649 mundo
1842 2599 2010 2658 corde,
2041 2598 2185 2667 paci-

608 2686 719 2753 ﬁci;
734 2694 925 2752 quanta
939 2702 1109 2738 eorum
1129 2701 1333 2740 merces.
1351 2685 1519 2740 Virtus
1530 2697 1631 2739 tota
1642 2689 1825 2741 animm
1842 2688 2180 2756 philosOplzia.

605 2776 760 2829 --Et
797 2775 1189 2831 animadvertas
1227 2778 1385 2832 velim
1446 2793 1568 2831 cum
1608 2789 1803 2847 quanta
1849 2779 2184 2834 vehementia

606 2869 656 2923 id
684 2870 1027 2936 expresserit.
1076 2870 1190 2923 Non
1221 2871 1360 2924 enim
1399 2869 1566 2932 dixit,
1612 2870 1754 2923 Beati
1798 2872 1887 2939 qui
1920 2872 2184 2939 justitiam

602 2968 911 3022 sectantur;
934 2959 1048 3018 sed.
1084 2958 1228 3013 Beati
1269 2962 1355 3027 qui
1383 2963 1605 3014 esuriant
1635 2972 1679 3014 et
1713 2956 1884 3014 sitiunt
1899 2964 2181 3031 justitiam,

608 3060 663 3103 ut
688 3066 794 3104 non
823 3052 1183 3121 perfunctorie
1202 3093 1218 3115 ,
1248 3053 1339 3105 scd
1366 3068 1485 3105 cum
1514 3053 1654 3106 omni
1693 3055 1978 3121 cupidinite
2016 3055 2185 3124 ipsam

605 3141 877 3194 adeamus.
905 3142 1033 3206 Quia
1065 3143 1205 3194 enim
1238 3141 1365 3195 illud
1392 3143 1624 3195 avaritia:
1651 3146 1883 3197 maxime
1913 3146 2183 3214 proprium

603 3241 714 3292 est,
747 3246 919 3300 neque
944 3232 1016 3285 ita
1056 3234 1231 3286 cibum
1262 3245 1419 3302 atque
1468 3245 1647 3300 potum
1676 3236 2040 3291 desideramus
2064 3279 2077 3303 ,
2129 3248 2186 3291 nt

607 3323 831 3389 plurima
867 3322 1138 3390 possidere
1165 3332 1221 3377 et
1249 3324 1528 3391 acquirere
1552 3365 1566 3385 ,
1615 3324 1770 3377 talem
1811 3327 2149 3393 cupiditatem
2168 3368 2182 3393 ,

607 3411 661 3463 in
728 3412 1047 3465 contrariam
1104 3413 1338 3465 avaritia:
1386 3414 1631 3468 virtutem
1684 3418 1967 3472 transferre
2006 3418 2183 3486 jussit.

608 3499 807 3555 Deinde
858 3516 1041 3553 rursus
1090 3502 1340 3556 sensibile
1399 3504 1674 3572 praemium
1724 3506 1907 3560 deﬁnit
1956 3509 2184 3563 dicens:

608 3591 859 3655 Quoniam
907 3591 1003 3658 ipsi
1035 3592 1409 3648 saturabtuttur.
1441 3595 1574 3661 Quia
1602 3599 1741 3651 enim
1774 3606 1988 3665 putatur
2013 3602 2187 3656 avari-

609 3684 675 3733 tia
709 3684 902 3737 multos
948 3684 1139 3737 divites
1180 3688 1352 3739 facere
1378 3729 1392 3751 ,
1424 3687 1552 3740 dicit
1593 3691 1917 3742 contrarium
1968 3693 2186 3746 omnino

602 3789 724 3827 esse
753 3791 765 3823 :
798 3774 848 3827 id
876 3776 1017 3828 enim
1070 3788 1281 3844 prassmt
1308 3778 1533 3844 jnstitia.
1569 3779 1643 3832 Ne
1684 3781 1859 3848 itaque
1888 3795 2008 3833 cum
2043 3784 2185 3851 justa

604 3864 867 3931 cperaris,
900 3873 1265 3933 paupertatem
1297 3867 1485 3920 timeas
1509 3908 1524 3932 ,
1560 3884 1693 3922 nere
1724 3868 1914 3924 famem
1956 3883 2179 3926 metuas.

606 3952 736 4005 Nam
767 3953 854 4021 qui
888 3953 1059 4006 aliena
1093 3956 1323 4021 rapiunt,
1357 3955 1406 4007 bi
1432 3956 1659 4009 maxime
1678 3958 1743 4010 ab
1765 3960 2009 4012 omnibus
2036 3961 2185 4014 exci-

603 4046 768 4107 dunt;
801 4053 853 4097 ut
880 4047 967 4114 qui
997 4046 1251 4112 justitiam
1286 4055 1462 4113 amat,
1492 4050 1668 4101 omnia
1701 4060 1814 4104 tuto
1844 4053 2097 4119 possidet.
2126 4054 2185 4108 Si

608 4146 782 4191 autem
817 4138 849 4189 ii
877 4138 965 4206 qui
994 4138 1164 4192 aliena
1195 4153 1298 4191 non
1321 4140 1561 4206 cupiunt,
1596 4150 1670 4192 tot
1696 4142 1937 4195 fruuntur
1967 4144 2183 4208 divitiis,

605 4229 771 4280 multo
788 4227 955 4295 magis
977 4227 1009 4279 ii
1027 4228 1114 4295 qui
1137 4241 1229 4280 sua
1250 4226 1562 4297 largiuntur.
1584 4228 1635 4283 7.
1664 4229 1807 4283 Beati
1823 4234 2186 4288 misericordes.

608 4319 704 4373 llic
732 4335 835 4371 non
866 4327 1066 4372 tantum
1097 4320 1333 4386 pecunia:
1363 4320 1643 4389 largitores
1669 4323 1848 4378 dicere
1880 4326 2009 4379 mibi
2040 4326 2188 4381 vide-

608 4420 727 4467 tur,
759 4408 851 4462 sed
880 4409 1037 4463 etiam
1062 4423 1157 4463 eos
1184 4410 1270 4476 qui
1302 4411 1551 4479 operibus
1582 4413 1998 4470 misericordiam
2026 4432 2185 4471 exer-

606 4510 749 4555 cent.
784 4499 924 4553 Varii
965 4502 1105 4553 enim
1134 4510 1254 4553 sunt
1296 4502 1579 4555 miserendi
1610 4504 1784 4567 modi,
1817 4516 1872 4560 et
1904 4507 2064 4561 latum
2106 4518 2190 4564 est

613 4601 954 4660 praeceptum.
984 4589 1135 4655 Quod
1165 4591 1319 4657 igitur
1350 4592 1558 4646 illorum
1586 4604 1665 4646 est
1697 4596 2013 4663 praemium?
2047 4599 2188 4665 Quo-

606 4688 749 4738 niam
779 4680 875 4749 ipsi
903 4683 1295 4737 miscricordiam
1329 4696 1711 4753 consequentur.
1740 4688 1807 4742 Et
1835 4688 2041 4744 videtnr
2063 4691 2183 4760 qui-

607 4774 727 4827 dem
765 4774 982 4842 aqnclis
1008 4788 1123 4829 esse
1153 4776 1463 4831 retributio:
1496 4778 1589 4831 sed
1611 4787 1693 4831 est
1717 4780 1832 4847 ipso
1860 4779 1996 4835 bono
2024 4798 2188 4852 opere

607 4864 767 4933 longe
811 4864 997 4931 major.
1040 4864 1140 4931 ipsi
1179 4878 1406 4934 namque
1446 4868 1767 4923 miserentur
1814 4879 1868 4923 ut
1909 4870 2183 4935 heminas,

608 4956 697 5010 sed
740 4954 1153 5009 misericordiam
1177 4968 1567 5025 consequuntur
1588 4959 2028 5016 abunivcrsorum
2055 4964 2184 5019 Deo.

608 5047 720 5101 Non
760 5055 882 5101 sunt
906 5061 1081 5099 autem
1109 5048 1339 5115 aequales
1371 5049 1594 5103 humana
1624 5051 1891 5105 miseratio
1913 5062 1963 5105 ct
1987 5055 2183 5118 dixina,

608 5137 699 5193 sed
739 5147 993 5205 quantum
1039 5138 1175 5191 inter
1217 5139 1466 5192 malitiam
1492 5150 1545 5194 et
1584 5141 1871 5196 bonitatem
1900 5144 2183 5199 discrimen

609 5237 716 5293 est,
748 5237 947 5280 tantum
979 5228 1115 5280 inter
1142 5227 1242 5281 hoc
1268 5238 1318 5282 et
1346 5229 1491 5283 illud.
1516 5230 1570 5284 8.
1600 5229 1741 5285 Beati
1781 5236 1968 5286 mundo
1997 5237 2147 5288 corde
2168 5279 2184 5301 ,

610 5320 849 5385 t/aaniam
885 5318 983 5386 ipsi
1020 5316 1180 5369 Deum
1226 5319 1476 5374 videbunt.
1503 5320 1655 5374 Ecce
1705 5338 1884 5377 rursus
1915 5325 2187 5392 spiritnale

617 5411 914 5477 prauuium.
949 5411 1171 5465 Mundus
1201 5423 1375 5466 autem
1406 5412 1491 5467 hic
1518 5426 1670 5469 vocat
1714 5432 1805 5471 eos
1833 5420 1921 5487 qui
1969 5421 2184 5473 univer-

612 5501 781 5554 salem
812 5502 1054 5556 virtutem
1078 5504 1369 5573 possident,
1396 5506 1693 5575 nulliusque
1722 5510 1821 5564 sibt
1846 5513 1966 5565 mali
1986 5515 2187 5568 conscii

614 5604 758 5657 sunt,
783 5595 893 5647 sive
926 5600 1030 5647 eos‘
1055 5598 1144 5664 qni
1186 5597 1237 5649 in
1282 5599 1600 5653 continentia
1625 5601 1801 5655 vivunt
1836 5620 1846 5656 :
1884 5604 2021 5657 nulla
2043 5606 2185 5659 enim

617 5683 769 5737 nobis
807 5684 873 5737 ita
905 5699 1036 5755 opus
1064 5687 1233 5741 estad
1260 5687 1419 5742 Deum
1449 5689 1751 5762 videndum,
1775 5706 1830 5748 ut
1857 5696 1941 5749 illa
1970 5698 2180 5754 virtute.

1314 300 1372 363 8.
1410 300 1688 361 JOANNIS
1710 294 2185 359 CHRYSOSTOMI
2213 290 2535 350 ARCHIEP.
2564 293 3099 355 CONSTANTINOP.

3770 295 3875 353 298

2303 405 2428 460 Ideo
2453 416 2508 460 et
2533 406 2728 463 Paulus
2748 409 2990 464 dicebat:
3015 411 3203 465 Pacem
3230 415 3491 469 sectamini
3511 434 3626 471 cum
3652 423 3882 480 omnibus

2295 506 2343 548 et
2354 498 2759 562 sanctimoniam,
2780 500 2888 553 sine
2904 516 3004 569 qua
3027 518 3174 555 nemo
3194 504 3375 559 ridebit
3402 505 3678 563 Dominum
3694 510 3881 582 (Hebr.

2298 584 2383 640 l2.
2420 586 2548 656 14).
2587 588 2853 644 Visionetn
2886 606 3046 660 porro
3078 593 3164 647 bic
3208 594 3373 660 dicit,
3418 612 3537 669 qua:
3582 600 3785 658 homini
3815 606 3885 661 sit

2294 678 2582 746 possibilis.
2614 680 2744 746 Quia
2771 681 2917 734 enim
2948 682 3100 737 multi
3128 694 3256 739 sunt
3282 688 3372 756 qui
3403 690 3756 759 miserentur,
3785 710 3885 753 nec

2293 770 2508 836 rapiunt
2535 811 2551 837 ,
2585 787 2683 826 nec
2708 772 2945 827 avaritia:
2970 775 3187 830 student
3205 817 3221 839 ,
3250 779 3343 832 sed
3376 780 3704 839 fornicamur
3730 796 3785 841 et
3823 789 3888 843 li-

2295 859 2457 915 bidini
2498 878 2558 916 se
2585 863 2788 919 dedunt
2811 903 2826 929 ,
2855 867 3147 923 ostendens
3190 869 3316 924 illud
3343 873 3572 940 primum
3611 892 3720 932 non
3757 880 3889 935 satis

2291 966 2413 1006 esse
2432 993 2447 1016 ,
2478 954 2577 1008 hoc
2606 956 2765 1008 etiam
2796 955 3021 1011 addidit.
3049 960 3200 1023 Quod
3231 961 3389 1015 etiam
3420 963 3614 1021 Paulus
3636 967 3881 1026 Macedo.

2292 1043 2446 1096 nibus
2472 1045 2782 1099 testiﬁcatus
2806 1049 2967 1102 estin
3000 1048 3235 1116 Epistula
3266 1052 3330 1105 ad
3358 1053 3665 1112 Corinthios
3690 1098 3706 1123 ,
3741 1064 3885 1130 quod

2291 1147 2395 1186 non
2423 1134 2581 1211 modo
2604 1136 2942 1208 eleemosyua
2971 1139 3163 1194 divites
3184 1154 3385 1207 essent,
3418 1149 3513 1201 sed
3557 1150 3716 1203 etiam
3759 1155 3882 1211 aliis

2290 1223 2613 1280 virtutibus:
2645 1227 2892 1296 loquutus
2931 1231 3075 1283 enim
3118 1232 3189 1286 de
3239 1233 3556 1291 liberalitate
3595 1255 3782 1296 eorum
3826 1245 3885 1298 in

2289 1316 2569 1384 erogandis
2594 1319 2850 1386 pecuniis,
2882 1320 3066 1386 addit,
3096 1322 3213 1377 illos
3238 1340 3357 1380 sese
3386 1326 3601 1385 dedisse
3628 1331 3880 1393 Domino,

2290 1404 2358 1458 Et
2398 1406 2539 1460 nobis
2589 1406 2820 1479 (2.Cor.
2855 1410 2907 1464 8.
2933 1412 3036 1481 5).
3064 1413 3118 1467 9.
3166 1413 3314 1468 Beati
3358 1419 3578 1485 paciﬁci.
3625 1420 3723 1476 llic
3767 1439 3876 1478 non

2290 1500 2447 1549 modo
2480 1498 2838 1554 dissensiones
2880 1513 3124 1570 mutuas,
3156 1516 3209 1559 et
3251 1506 3555 1564 inimicitias
3585 1513 3835 1579 prohibet
3868 1555 3882 1579 ,
3944 1560 3945 1563 η

2287 1586 2380 1639 sed
2407 1587 2547 1641 aliud
2576 1590 2844 1658 quidpiam
2876 1592 3091 1662 insuper
3116 1596 3320 1665 exigit,
3367 1608 3423 1652 ut
3462 1611 3516 1653 et
3556 1602 3687 1656 alius
3711 1603 3877 1663 dissi-

2286 1676 2474 1731 dentes
2502 1678 2566 1732 ad
2588 1680 2926 1736 concordiam
2951 1699 3281 1753 revocamus,
3307 1702 3371 1742 ac
3397 1705 3583 1746 rursus
3602 1695 3881 1763 spirituale

2288 1769 2563 1835 prmntitnu
2609 1773 2787 1825 ollert.
2820 1774 2987 1839 Quale
3032 1776 3161 1831 illud
3204 1781 3326 1835 est?
3355 1781 3609 1849 Quoniam
3653 1786 3752 1857 ipsi
3779 1788 3879 1858 ﬁlii

2288 1860 2384 1915 Dei
2407 1863 2732 1917 vocabuntur.
2762 1866 3033 1934 Siquidem
3076 1870 3342 1941 Unigeniti
3383 1892 3518 1941 opus
3566 1877 3695 1931 illud
3729 1880 3873 1948 l’uit',
3910 1896 3916 1901 ‘

2287 1952 2548 2019 disjnncta
2592 1956 2843 2023 copulare
2866 1997 2880 2021 ,
2916 1960 3200 2029 pugnantia
3245 1965 3550 2022 conciliare.
3582 1969 3781 2025 Deinde
3810 1990 3880 2029 ne

2288 2055 2439 2110 putes
2484 2059 2667 2111 pacem
2719 2047 2915 2117 ubique
2965 2065 3088 2106 esse
3136 2053 3373 2121 bonum,
3421 2058 3737 2127 subiunxit:
3785 2064 3876 2120 10.

2283 2130 2429 2184 Beati
2453 2134 2539 2201 qui
2587 2140 3019 2205 perscquutionem
3049 2144 3312 2210 patiuntur
3341 2159 3547 2217 propter
3574 2153 3878 2219 justitiam;

2288 2222 2387 2277 hoc
2411 2233 2513 2291 est,
2548 2225 2758 2280 virtutis
2787 2244 2945 2283 causa
2971 2270 2986 2296 ,
3020 2248 3114 2299 pro
3140 2233 3367 2289 aliorum
3396 2239 3706 2297 defensione
3732 2284 3747 2305 ,
3778 2260 3876 2314 pro

2288 2314 2503 2380 pietate.
2552 2314 2815 2371 Virtutem
2861 2322 3002 2374 enim
3042 2340 3258 2393 semper
3284 2329 3420 2382 solet
3468 2346 3660 2387 vocare
3712 2345 3879 2391 tutam

2288 2405 2480 2459 anima)
2512 2408 2920 2479 philosophiam.
2950 2414 3036 2468 ll.
3068 2413 3211 2469 Beati
3237 2420 3370 2481 estis,
3402 2437 3516 2473 cum
3543 2426 3878 2492 exprobrare-

2288 2500 2387 2550 rint
2412 2500 2547 2553 vobis
2571 2501 2817 2565 homines,
2850 2516 2897 2558 et
2920 2511 3203 2575 persequuti
3225 2526 3309 2563 vos
3334 2513 3560 2581 fuerint,
3585 2526 3632 2567 et
3657 2518 3878 2572 dixerint

2287 2603 2434 2641 omne
2464 2592 2653 2644 malum
2679 2596 2879 2646 verbum
2905 2598 3171 2651 adversum
3214 2618 3299 2655 eos
3324 2605 3636 2667 mentientes,
3671 2619 3879 2675 propter

2287 2694 2383 2732 me.
2420 2680 2503 2734 η.
2551 2681 2778 2738 Gaudete
2820 2697 2865 2739 ct
2910 2689 3173 2744 exsatiate.
3218 2694 3295 2747 Ac
3334 2694 3377 2748 si
3409 2696 3656 2754 diceret:
3686 2698 3740 2755 Si
3781 2716 3879 2756 vos

2287 2773 2699 2839 prmstigiatorcs
2720 2818 2734 2840 ,
2763 2778 2807 2828 si
2844 2777 3185 2847 seductores,
3218 2784 3261 2837 si
3294 2786 3593 2856 maleficos,
3622 2793 3665 2845 si
3690 2794 3880 2863 quovis

2290 2864 2392 2917 alio
2423 2868 2638 2921 nomine
2677 2880 2869 2924 vncent
2893 2913 2908 2935 ,
2942 2872 3083 2928 beati
3119 2878 3271 2935 estis.
3304 2878 3440 2945 Quid
3472 2880 3555 2935 bis
3596 2890 3881 2957 praeceptis

2291 2956 2604 3013 insolentius
2634 2960 2789 3014 futuit
2815 3003 2829 3023 ,
2858 2980 2977 3017 cum
3020 2965 3135 3020 lucc
3159 2967 3513 3027 desideranda
3556 2974 3685 3029 dicit
3710 3019 3725 3043 ,

2288 3049 2405 3100 aliis
2448 3049 2691 3118 fugienda
2723 3056 3008 3120 putantur?
3038 3056 3238 3127 Nempe
3280 3062 3585 3119 mendicare
3606 3107 3622 3132 ,
3652 3067 3838 3138 lmere
3861 3112 3876 3135 ,

2288 3142 2750 3206 persequutioncnt
2785 3146 2889 3211 pati
2916 3187 2927 3204 ,
2959 3146 3097 3200 mala
3140 3149 3343 3207 audire.
3368 3153 3617 3209 Attamen
3641 3167 3697 3211 et
3720 3159 3878 3221 dixit.

2286 3238 2338 3282 et
2368 3231 2533 3283 suasit
2558 3273 2572 3296 ,
2608 3248 2711 3284 non
2740 3232 2943 3287 duobus
2968 3278 2983 3299 ,
3020 3238 3103 3292 vel
3131 3240 3317 3295 decem
3344 3283 3363 3306 ,
3392 3246 3475 3297 vel
3520 3246 3705 3315 viginti
3732 3290 3770 3317 ,ι
3793 3253 3878 3305 vel

2287 3330 2530 3382 centum,
2552 3322 2641 3375 ,vel
2672 3324 2815 3376 mille
2848 3326 3153 3382 hominibus
3173 3370 3188 3391 .
3239 3332 3333 3386 sed
3363 3335 3617 3390 universo
3644 3339 3786 3405 orbi.
3816 3342 3882 3397 Et

2288 3411 2563 3465 audientes
2597 3412 2682 3465 illa
2711 3428 2958 3481 onerosa,
2987 3420 3208 3473 molesta
3235 3461 3249 3483 ,
3283 3422 3481 3493 vulgari
3508 3431 3881 3485 consuetudini

2287 3505 2572 3563 contraria,
2598 3504 2879 3571 stupebant
2902 3508 3086 3563 turba).
3110 3509 3276 3565 Tanta
3299 3526 3417 3568 erat
3438 3516 3666 3575 dicentis
3686 3522 3880 3575 virtus.

2359 3594 2411 3648 5.
2441 3594 2490 3647 Μ
2497 3596 2577 3646 ale
2592 3598 2767 3667 audire
2783 3615 2881 3650 non
2903 3602 3083 3669 stt/ﬁcit
3106 3603 3175 3654 ad
3198 3604 3367 3659 beatos
3384 3608 3664 3676 eﬂiciendos
3677 3629 3698 3677 ;
3726 3630 3880 3669 unum

2289 3684 2610 3753 eamdemque
2626 3691 2897 3742 mercedem
2920 3694 3067 3744 rariis
3084 3692 3313 3749 Christus
3335 3700 3619 3755 nominibus
3645 3707 3875 3769 protulit.

2293 3774 2459 3829 Filius
2494 3776 2642 3831 Patri
2672 3784 2879 3849 aequalis
2918 3785 3123 3838 honore.
3166 3816 3236 3827 -—
3272 3785 3538 3846 Czeterum
3576 3811 3643 3849 tte
3684 3810 3872 3865 putes,

2290 3868 2425 3921 male
2453 3870 2634 3923 audire.
2666 3874 2836 3927 solum
2871 3875 3051 3931 beatos
3073 3880 3306 3945 allicere,
3333 3882 3466 3938 duas
3495 3891 3743 3955 apposuit
3770 3893 3875 3949 dis-

2290 3957 2590 4023 tinctiones,
2615 3965 2826 4027 quando
2848 3968 3053 4022 scilicet
3072 3970 3153 4024 vel
3178 3985 3394 4042 propter
3430 3976 3602 4045 ipsum
3646 3982 3872 4047 prolata,

2288 4050 2367 4101 vel
2399 4052 2671 4107 mendacia
2706 4060 2897 4110 tuerint
2926 4059 3065 4112 dicta
3098 4060 3203 4115 illa.
3235 4064 3364 4117 Nam
3396 4068 3436 4118 si
3481 4067 3594 4124 hch
3636 4088 3742 4127 non
3772 4078 3871 4129 ad-

2290 4138 2427 4198 sint,
2459 4156 2562 4193 nun
2596 4146 2752 4197 modo
2798 4163 2901 4199 non
2934 4150 3116 4204 beatus
3138 4192 3152 4212 ,
3201 4154 3295 4207 sed
3325 4157 3487 4211 etiam
3532 4161 3695 4216 miser
3719 4174 3802 4220 est
3833 4167 3877 4219 is

2290 4231 2377 4298 qui
2411 4235 2546 4286 male
2572 4236 2734 4287 audit.
2772 4238 2972 4294 Deinde
3005 4242 3122 4297 vide
3163 4261 3345 4299 rursus
3379 4252 3693 4316 prmmium:
3728 4257 3871 4325 Quo~

2291 4324 2427 4375 niam
2451 4341 2635 4377 merces
2658 4338 2816 4379 vestra
2840 4332 2995 4382 multa
3022 4344 3096 4385 est
3122 4336 3170 4387 in
3199 4339 3357 4391 cwlis.
3383 4340 3461 4393 Tu
3486 4358 3615 4396 vero
3637 4347 3739 4399 etsi
3756 4324 3872 4401 non

2291 4411 2355 4463 ad
2385 4412 2621 4481 singulas
2650 4418 2999 4476 beatitudiues
3028 4440 3247 4495 regnum
3276 4430 3389 4483 dari
3420 4435 3606 4487 audias
3627 4478 3640 4500 ,
3675 4455 3743 4492 ne
3762 4440 3876 4493 ani-

2294 4519 2381 4556 nm
2406 4504 2639 4561 delicias.
2691 4511 2906 4566 Etiamsi
2947 4517 3089 4569 enim
3137 4523 3351 4584 pra-mia
3392 4522 3605 4579 diversa
3642 4532 3876 4600 appellet

2293 4598 2533 4661 nomine,
2579 4612 2752 4657 tamen
2792 4620 2977 4663 omnes
3018 4610 3083 4663 ad
3123 4627 3342 4675 regnum
3393 4598 3872 4682 introducitsNam

2292 4702 2411 4741 cum
2444 4689 2599 4753 dicit,
2634 4691 2900 4763 Lugentes
2929 4700 3355 4757 consolatiOttetn
3376 4747 3390 4769 ,
3421 4720 3475 4761 et
3502 4711 3875 4772 misericordes

2293 4779 2708 4838 miscricordiam
2740 4798 3165 4857 consequentur,
3196 4803 3250 4846 et
3282 4794 3463 4850 mundi
3502 4800 3665 4856 corde
3704 4803 3875 4864 Deum

2292 4872 2579 4935 videbunt,
2612 4884 2665 4929 et
2698 4878 2900 4945 paciltci
2927 4879 3017 4933 lilii
3050 4881 3139 4935 Dei
3172 4886 3533 4951 voeabuntur,
3568 4892 3701 4949 nihil
3728 4874 3887 4952 aliud

2294 4980 2387 5031 per
2414 4966 2525 5019 lure
2567 4970 2739 5021 omnia
2770 4970 2997 5035 indicat,
3024 4989 3183 5041 quam
3215 4992 3435 5046 regnum
3465 4984 3720 5038 cmlornm
3743 5002 3759 5047 ;
3786 4988 3875 5056 qui

2291 5058 2433 5110 enim
2463 5057 2541 5110 his
2584 5058 2828 5114 fruuntur
2849 5106 2863 5127 ,
2898 5063 2949 5117 id
2981 5080 3375 5133 consequentur
3401 5074 3638 5127 omnino.
3668 5075 3747 5132 Ne
3780 5079 3876 5148 igi—

2294 5158 2379 5199 tur
2418 5151 2716 5203 mercedem
2756 5152 2899 5206 illam
2942 5167 3096 5223 putes
3120 5156 3186 5210 ad
3213 5159 3358 5213 solos
3399 5177 3658 5233 pauperes
3684 5168 3876 5236 spiritu

2295 5242 2559 5307 pettinere
2583 5283 2595 5303 ,
2628 5244 2720 5297 sed
2752 5246 2911 5298 etiam
2943 5247 3009 5300 ad
3037 5250 3330 5305 esurientes
3351 5253 3643 5321 justitiam.
3674 5258 3741 5311 ad
3777 5261 3877 5315 mi-

2296 5342 2374 5385 tes
2401 5344 2451 5386 et
2483 5335 2543 5387 ad
2596 5336 2729 5389 alios
2756 5352 2961 5391 omnes.
3011 5338 3133 5394 Ideo
3185 5342 3328 5395 enim
3357 5345 3407 5397 in
3436 5346 3660 5415 singulis
3710 5350 3875 5406 beati-

2296 5424 2528 5499 tudinem
2557 5428 2798 5494 apposuit
2821 5470 2834 5487 ,
2859 5441 2915 5481 nt
2939 5445 3003 5484 ne
3027 5432 3152 5499 quid
3175 5434 3427 5489 sensibile
3447 5448 3748 5505 exspectes.
3776 5440 3873 5495 Νε-

2294 5533 2395 5583 que
2420 5519 2560 5571 enim
2597 5520 2778 5573 beatus
2804 5522 2907 5575 erit
2933 5522 3022 5575 ille
3050 5525 3137 5589 qui
3172 5524 3234 5577 iis
3262 5527 3604 5582 coronabitur
3628 5572 3643 5595 ,
3674 5546 3796 5600 qua!
3825 5535 3872 5585 in

2297 5609 2541 5675 presenti
2570 5610 2671 5661 vita
2700 5610 3087 5674 dissolvuntur,
3111 5623 3164 5666 et
3194 5615 3377 5669 umbra
3400 5618 3629 5673 celerius
3654 5632 3872 5690 praeter.

2295 5712 2532 5752 currunt.
2567 5699 2697 5755 Cum
2741 5702 2962 5758 dixisset
2991 5715 3165 5759 autem
3189 5748 3202 5767 ,
3229 5707 3412 5762 Μέθη-ινδ
3466 5722 3631 5763 vestra
3687 5710 3869 5769 multa,
