4124 6302
189 373 291 434 ω

188 493 345 548 aliam
374 488 655 562 subiunxit
695 481 1117 568 consolationem
1163 480 1247 536 his
1277 479 1455 535 verbis
1481 497 1494 534 :
1527 477 1619 535 Sic
1647 479 1782 533 enim

191 567 481 655 perseiqu‘uti
504 586 687 634 suntet
706 576 981 649 prophetas
999 616 1012 639 ,
1036 574 1122 644 qui
1147 570 1354 645 fuerunt
1376 580 1507 626 ante
1519 587 1626 625 ros.
1648 570 1779 639 Quia

186 674 332 729 enim
351 681 635 728 venturum
658 675 774 724 erat
794 675 1036 737 regnum,
1060 672 1115 734 et
1135 665 1187 717 in
1204 677 1300 732 spe
1320 663 1609 731 repositum
1630 668 1778 715 erat:

187 761 313 820 hinc
328 762 441 818 illis
460 759 886 816 consolationem
911 755 1134 828 praebet,
1153 766 1219 809 ex
1247 753 1504 809 societate
1530 751 1778 808 nimirum

185 870 374 911 eorum
395 893 410 922 ,
436 855 524 925 qui
547 861 672 907 ante
694 851 839 920 ipsos
861 849 1000 904 male
1026 846 1165 916 passi
1185 837 1422 900 Inerant.
1445 843 1523 898 Ne
1551 843 1779 912 putetis,

186 947 396 1016 inquit,
425 959 522 998 vos
566 942 684 1004 base
728 941 848 995 ideo
875 940 982 1010 pati
1008 978 1021 998 ,
1071 937 1195 1008 quia
1223 929 1490 991 contraria
1521 933 1698 988 dicitis
1727 941 1783 986 et

185 1031 304 1108 lege
347 1036 628 1100 statuitis;
673 1030 757 1108 vel
801 1048 898 1085 vos
938 1030 1089 1100 quasi
1139 1040 1424 1099 pravorum
1469 1023 1779 1100 doginatnm

185 1129 474 1200 magistros
502 1126 570 1182 ab
592 1125 697 1179 illis
728 1119 1004 1192 pellendos
1027 1133 1170 1176 esse.
1198 1109 1320 1175 Non
1345 1117 1491 1173 enim
1517 1126 1586 1182 es
1611 1115 1781 1170 dicto-

184 1231 306 1275 rum
327 1218 560 1290 nequitia
578 1260 591 1281 ,
620 1217 712 1271 sed
739 1231 804 1268 ex
830 1212 1163 1284 malignitate
1181 1209 1512 1266 audientium
1529 1249 1545 1274 ,
1574 1207 1781 1263 insidia

187 1321 242 1366 et
269 1310 507 1380 pericula
537 1306 848 1379 prodibnnt.
878 1305 1058 1371 Quare
1089 1318 1200 1360 non
1223 1301 1380 1358 vobis
1407 1299 1556 1380 male,
1576 1300 1782 1371 patien-

185 1370 330 1458 tibus
357 1370 707 1464 maledicent,
737 1397 831 1454 sed
877 1370 983 1451 illis
1011 1395 1151 1452 male
1174 1390 1476 1476 agentibus.
1506 1370 1604 1447 liis
1630 1389 1781 1446 testi-

186 1495 429 1550 inonium
474 1492 678 1562 przebet
725 1500 893 1545 totum
940 1487 1269 1558 prasterit‘um
1315 1493 1546 1554 tempus.
1594 1476 1781 1552 Neque

184 1588 330 1642 enim
361 1583 651 1656 prophetas
681 1581 750 1637 de
789 1579 1070 1651 iniquitate
1106 1577 1188 1651 vel
1219 1570 1289 1632 de
1333 1576 1500 1645 impia
1537 1573 1778 1630 doctrina

185 1675 548 1736 accusabant,
574 1687 695 1727 cum
741 1671 879 1726 alios
921 1663 1216 1740 lapidaren‘t
1246 1665 1433 1732 ,falios
1473 1665 1739 1743 pellerent
1763 1704 1777 1727 ,

185 1766 326 1821 alios
349 1762 619 1820 sexcentis
646 1761 764 1817 aliis
813 1755 1092 1816 efficerent
1146 1750 1301 1813 malis
1346 1749 1545 1828 (Hebr.
1573 1758 1660 1812 ll.
1685 1751 1784 1811 35-

185 1855 311 1929 37).
359 1855 438 1909 Ne
480 1855 662 1924 itaque
682 1849 791 1907 hoc
816 1861 911 1908 vos
929 1845 1230 1922 perturbet.
1255 1846 1388 1903 Nam
1437 1842 1627 1903 eodem
1666 1848 1781 1902 ani-

189 1964 278 2004 mo
308 1948 470 2003 etiam
498 1960 638 2000 nunc
666 1945 844 1999 omnia
878 1951 1204 2012 perpetrant.
1234 1936 1480 1996 Vidistin"
1508 1938 1783 2011 quomodo

184 2052 378 2095 eorum
401 2051 594 2094 sensus
617 2035 866 2091 excitarit
883 2076 898 2099 ,
930 2033 1049 2088 illos
1066 2047 1237 2102 prope
1259 2031 1472 2101 Moysen
1493 2040 1548 2086 et
1575 2031 1780 2085 Heliam

187 2129 563 2186 constituens?
591 2126 682 2182 Sic
705 2137 758 2181 et
781 2124 978 2180 Paulus
1007 2123 1074 2179 ad
1103 2122 1617 2178 'l‘bessalonicenses
1641 2121 1751 2175 scri
1768 2147 1781 2156 -

184 2220 322 2276 hens
359 2219 470 2274 ait:
513 2217 615 2272 Vos
640 2217 775 2270 enim
812 2215 1088 2269 imitatores
1121 2215 1248 2283 facti
1285 2213 1404 2267 estis
1434 2206 1783 2266 Ecclesiarum

184 2300 325 2375 Dei,
371 2323 487 2380 quae
514 2317 630 2360 sunt
657 2307 712 2360 in
739 2304 945 2359 Judrea.
989 2303 1192 2358 Etenim
1219 2312 1267 2358 et
1294 2295 1380 2380 vos
1421 2302 1602 2357 eadem
1646 2302 1783 2370 passi

185 2401 307 2455 estis
333 2416 365 2453 a
391 2397 616 2470 propriis
639 2394 1002 2451 contribulibus
1019 2435 1035 2460 ,
1065 2395 1193 2448 sicut
1214 2401 1260 2446 et
1284 2379 1421 2446 illt’a
1446 2388 1666 2456 Iudicis,
1694 2392 1783 2461 qui

180 2490 482 2545 occiderunt
521 2487 794 2541 Dominum
835 2483 874 2540 J
876 2501 1014 2540 esum
1041 2493 1088 2538 et
1117 2483 1351 2561 proprios
1390 2482 1661 2551 prophetas
1685 2522 1702 2555 ε
1735 2489 1783 2534 et

185 2598 277 2636 nos
332 2581 625 2652 persequuti
651 2587 768 2632 sunt
788 2619 803 2644 ,
837 2584 884 2630 et
915 2574 1021 2630 Deo
1049 2588 1153 2629 non
1193 2576 1420 2645 placent,
1456 2579 1504 2627 et
1549 2566 1782 2628 omnibus

188 2672 476 2726 hominibus
520 2669 850 2723 adversantur
891 2666 985 2738 (l.
1035 2659 1212 2720 Thess.
1256 2663 1313 2718 2.
1346 2666 1432 2719 M.
1470 2665 1596 2732 15).
1630 2663 1779 2730 Quod

185 2763 272 2816 hic
296 2771 515 2831 quoque
534 2758 778 2813 Chrisuts
807 2755 1056 2811 instituit.
1099 2755 1166 2808 Et
1188 2754 1241 2808 in
1269 2754 1390 2808 aliis
1412 2752 1630 2821 quidem
1651 2749 1782 2808 bea-

182 2853 507 2909 titudinibus
525 2851 759 2915 dicebat,
778 2847 926 2902 Beati
949 2862 1216 2917 pauperes,
1243 2845 1370 2899 beati
1389 2845 1747 2901 misericordes
1770 2866 1787 2904 .'

188 2943 277 3000 hic
296 2958 433 3000 vero
452 2957 560 2996 non
585 2939 856 2995 indeﬁnite
880 2937 1088 3006 posuit;
1111 2935 1203 2989 sed
1233 2933 1301 2989 ad
1332 2934 1452 2987 illos
1473 2947 1781 2989 sermonem

181 3035 455 3090 convertit
482 3033 669 3088 dicens
692 3049 706 3085 :
736 3027 880 3084 Beati
901 3028 1019 3083 estis
1037 3037 1157 3080 cum
1184 3025 1326 3080 vobis
1347 3022 1787 3093 exprobraverint,

189 3135 236 3180 et
256 3123 548 3196 persequuti
565 3131 652 3175 eos
671 3119 881 3190 fuerint,
903 3126 954 3171 et
974 3115 1193 3170 dixerint
1212 3130 1358 3167 omne
1373 3113 1565 3167 malum
1578 3114 1782 3166 verbum

185 3223 364 3268 contra
391 3229 478 3266 uos
500 3227 519 3264 :
546 3208 836 3265 ostendens
857 3205 960 3259 hoc
988 3205 1040 3259 in
1063 3204 1168 3257 illis
1188 3215 1311 3257 esse
1336 3202 1660 3271 prtecipmun
1681 3242 1697 3266 ,
1727 3209 1783 3254 et

183 3305 502 3362 doctoribus
522 3315 634 3371 pra:
657 3299 779 3353 aliis
796 3295 1047 3351 omnibus
1068 3293 1118 3347 id
1140 3307 1260 3348 esse
1288 3292 1586 3360 proprium.
1608 3287 1782 3345 Simul

189 3398 353 3451 etiam
383 3391 476 3448 hic
501 3387 819 3459 dignitatem
845 3379 1668 3449 suamsubindicat,et:eqnalem
1682 3379 1782 3433 sibi

191 3501 314 3542 cum
337 3485 501 3540 Patre
516 3481 795 3535 honorem.
814 3471 1278 3544 Quemadmodum
1298 3470 1447 3525 enim
1470 3469 1544 3523 illi
1567 3479 1786 3538 propter

187 3572 409 3634 Patrem
431 3615 448 3640 ,
474 3571 676 3640 inquit,
699 3570 770 3624 ita
794 3575 850 3622 et
868 3579 965 3619 vos
984 3571 1203 3634 propter
1225 3576 1316 3616 me
1339 3560 1457 3616 hac
1484 3557 1780 3630 patiemini.

182 3670 324 3725 Cum
347 3676 530 3722 autem
556 3663 719 3728 dicit,
749 3658 1031 3729 Prophetas
1053 3656 1139 3726 qui
1169 3652 1516 3725 [aemulante
1541 3668 1628 3706 vos
1649 3693 1662 3714 ,
1691 3649 1788 3705 de-

187 3763 365 3818 clarat
397 3759 544 3827 ipsos
565 3753 674 3824 jam
704 3749 997 3822 prophetas
1025 3745 1192 3801 fuisse
1222 3744 1410 3800 factos.
1443 3743 1577 3798 Hinc
1604 3751 1786 3796 osten-

188 3855 324 3909 dens
350 3849 485 3906 illud
513 3847 743 3903 maxime
769 3845 900 3915 ipsis
927 3842 1056 3896 utile
1084 3854 1224 3904 esse,
1248 3849 1311 3896 "et
1330 3838 1677 3909 splendorem
1702 3835 1784 3890 af-

181 3948 330 4000 ferre
352 3985 370 4009 ,
400 3956 510 3996 non
534 3939 669 3993 dixit
687 3977 702 3999 ,
735 3933 1052 3989 Maledicent
1074 3930 1229 3985 vobis
1244 3938 1305 3985 et
1331 3943 1425 3983 vos
1455 3942 1783 3999 persequen-

182 4039 316 4100 tur,
347 4032 448 4090 sed
490 4045 591 4100 ego
635 4027 765 4083 illud
797 4025 1119 4096 impediam;
1152 4038 1258 4075 non
1287 4021 1433 4075 enim
1471 4019 1614 4089 quod
1644 4019 1785 4073 male

182 4141 294 4180 non
318 4111 577 4182 audiant,
602 4117 698 4173 sed
721 4115 864 4187 quod
887 4115 1033 4169 male
1056 4110 1324 4185 audiendo
1349 4109 1560 4163 fortiter
1581 4109 1782 4171 ferant,

179 4226 240 4272 et
267 4230 368 4286 per
400 4223 565 4281 opera
595 4211 741 4280 ipsos
765 4214 1020 4276 arguant,
1051 4203 1167 4257 vult
1189 4216 1286 4257 eos
1319 4202 1370 4254 in
1403 4208 1515 4254 tuto
1539 4197 1744 4253 versari
1772 4216 1784 4251 :

182 4309 290 4364 hoc
314 4305 526 4378 quippe
551 4302 644 4356 illo
670 4302 826 4368 longe
846 4297 1021 4366 majus
1042 4304 1125 4350 est
1147 4312 1162 4348 :
1191 4289 1642 4363 quemadmodum
1669 4304 1790 4359 per-

181 4399 320 4462 ‘euti,
344 4406 405 4450 ct
427 4392 559 4447 nihil
583 4403 894 4460 percussum
924 4386 1030 4455 pati
1053 4425 1068 4446 ,
1094 4383 1262 4438 multo
1282 4382 1455 4452 majus
1473 4391 1559 4435 est
1581 4420 1597 4446 ,
1628 4394 1786 4450 quam

182 4508 292 4548 non
329 4485 563 4559 percuti.
597 4483 697 4538 Hie
727 4481 886 4552 igitur
911 4479 1042 4532 dicit
1066 4494 1082 4542 ;
1115 4475 1311 4529 Herses
1335 4483 1501 4528 vestra
1528 4473 1688 4526 multa
1714 4481 1788 4524 est

182 4585 238 4639 in
265 4581 452 4642 cretis;
482 4576 656 4632 Lucas
677 4587 802 4628 vero
829 4572 1004 4640 ipsum
1033 4580 1088 4624 et
1115 4567 1378 4622 intensius
1398 4607 1413 4632 ,
1442 4573 1643 4620 etcum
1668 4578 1786 4618 ma-

181 4673 288 4746 jori
310 4665 710 4725 consolationis
742 4661 957 4717 cumulo
999 4659 1101 4714 hoc
1140 4658 1340 4712 dixisse
1384 4663 1583 4746 narrat.
1606 4653 1790 4746 Neque

186 4744 335 4818 enim
363 4767 576 4814 tantum
598 4769 692 4809 eos
711 4753 800 4821 qui
826 4760 1044 4820 propter
1057 4748 1236 4804 .Deum
1260 4747 1400 4802 male
1420 4745 1643 4800 audiunt
1665 4744 1794 4799 bea-

187 4870 276 4909 tos
305 4847 572 4922 pra-dicat
591 4887 608 4911 ,
633 4843 728 4900 sed
750 4843 910 4899 etiam
933 4856 1028 4896 eos
1047 4839 1136 4911 qui
1164 4837 1233 4893 ab
1259 4837 1510 4892 omnibus
1539 4835 1674 4890 bene
1699 4849 1793 4888 au-

189 4945 351 5000 diunt
377 4983 393 5005 ,
430 4938 662 4992 miseros
711 4934 878 4992 dicit:
912 4946 1034 4986 nam
1083 4930 1192 4993 ait,
1234 4927 1324 4983 Va:
1364 4927 1500 4981 vobis
1530 4934 1643 4978 cum
1671 4924 1795 4978 bene

191 5035 334 5091 uobis
355 5029 586 5085 dixerint
606 5041 776 5079 omnes
790 5025 1018 5078 homines
1045 5021 1211 5094 (Luc.
1235 5019 1288 5074 θ.
1310 5018 1441 5087 26).
1471 5016 1631 5086 Atqui
1658 5029 1791 5086 apo-

192 5126 352 5183 stolis
379 5115 811 5181 benedicebant;
841 5113 938 5170 sed
965 5128 1071 5167 non
1099 5125 1308 5167 omnes.
1338 5103 1460 5164 Ideo
1488 5122 1594 5162 non
1622 5105 1792 5171 dixit,

197 5219 338 5272 Cum
367 5215 516 5268 bene
537 5207 688 5262 vehis
713 5205 952 5261 dixerint
976 5203 1224 5258 homines
1247 5218 1263 5268 ;
1293 5201 1409 5265 sed,
1443 5199 1570 5254 Cum
1598 5208 1790 5251 omnes.

193 5308 386 5377 Neque
424 5300 576 5359 enim
623 5298 739 5352 fieri
783 5305 960 5366 potest
997 5304 1056 5349 ut
1085 5295 1118 5348 ii
1150 5294 1239 5363 qui
1283 5293 1530 5345 virtutem
1576 5291 1792 5352 colunt,

196 5399 338 5470 apud
366 5407 568 5450 omnes
604 5392 740 5447 bene
763 5388 997 5445 audiant.
1034 5386 1369 5454 Rursumque
1398 5384 1472 5437 ait
1501 5401 1514 5436 :
1545 5382 1671 5437 Cum
1696 5382 1796 5450 eje-

198 5491 358 5546 cerint
386 5499 577 5540 nomen
607 5491 823 5537 oestrum
850 5491 1107 5548 tamquam
1143 5474 1335 5530 malum
1355 5517 1370 5540 ,
1392 5474 1606 5544 gaudete
1631 5481 1677 5525 et
1704 5488 1795 5525 ea:-

197 5577 418 5641 sultate(
440 5575 582 5629 Ibid.
599 5588 646 5626 υ.
662 5571 755 5628 22.
777 5570 849 5625 25
867 5574 909 5640 ).
933 5569 1116 5638 Neque
1132 5568 1272 5622 enim
1297 5575 1501 5620 tantum
1522 5561 1795 5632 periculis,

199 5685 319 5744 qua
344 5645 639 5732 subibant,
668 5663 760 5718 sed
787 5664 950 5717 etiam
982 5657 1312 5724 maledictis,
1341 5669 1586 5726 magnam
1615 5653 1800 5708 statuit

200 5759 537 5817 mercedem.
562 5754 691 5811 ldeo
714 5771 819 5808 non
842 5752 973 5807 dixit
995 5795 1009 5815 ,
1037 5750 1168 5807 Cum
1196 5766 1290 5804 vos
1311 5746 1612 5819 expulerint
1631 5755 1686 5800 et
1708 5758 1799 5801 oc-

1329 364 1392 422 IN
1432 361 1844 421 MATTH/EUM
1886 361 2118 421 HOMIL.
2160 364 2277 421 XV.

3380 357 3484 416 230

1888 478 2157 545 cidcrint;
2187 479 2282 536 sed
2304 521 2320 545 ,
2367 479 2494 537 Cum
2536 479 2951 551 erprobraaerint
2971 519 2988 549 ,
3015 486 3064 532 et
3090 479 3311 535 dixerint
3338 491 3484 532 omits

1888 563 2100 623 "talum.
2130 561 2263 625 Nam
2290 569 2574 627 maledicta
2604 569 2850 625 acerbius
2878 568 3171 635 mordent,
3202 584 3367 639 quam.
3395 583 3482 622 res

1888 652 2037 728 ipsa).
2069 659 2125 715 ln
2158 661 2408 729 periculis
2436 662 2579 716 enim
2614 661 2778 716 multa
2810 669 2935 715 sunt
2971 676 3092 731 qua:
3123 660 3362 714 laborent
3407 658 3486 712 la.

1887 753 2030 807 ciant
2058 752 2312 808 leviorem
2338 771 2352 819 ;
2383 754 2528 810 verbi
2557 769 2716 807 causa
2742 795 2756 817 .
2807 770 2928 807 cum
2958 753 3027 807 ab
3055 751 3306 807 omnibus
3335 751 3482 806 esci-

1888 854 2066 899 tamur
2088 885 2103 911 ,
2135 853 2190 900 et
2215 846 2414 920 multos
2445 845 2706 902 habemus
2732 844 3050 917 plaudentes
3072 886 3089 908 ,
3116 853 3438 899 coronantes
3465 885 3479 908 ,

1889 927 2267 1003 prasdicantes.
2301 928 2398 991 Hic
2442 951 2570 990 vero
2600 937 2652 989 in
2699 935 3000 991 maledictis
3028 933 3146 990 hmo
3187 934 3486 989 consolatio

1888 1036 2188 1106 amovetur.
2207 1027 2323 1084 Non
2342 1029 2486 1084 enim
2504 1044 2694 1097 magna
2714 1043 2836 1084 esse
2853 1029 3022 1083 virtus
3046 1036 3278 1097 putatur,
3295 1026 3489 1081 etiam-

1886 1109 1932 1170 si
1959 1117 2127 1187 magis
2156 1117 2271 1174 haec
2301 1134 2460 1188 quam
2492 1120 2729 1189 pericula
2758 1128 3058 1176 certantem
3085 1129 3484 1175 commoveant.

1887 1201 2034 1262 Multi
2063 1219 2292 1278 namque
2321 1205 2387 1264 ad
2430 1199 2679 1280 laqueum
2724 1219 3080 1266 accurrernnt
3101 1253 3116 1276 ,
3148 1211 3346 1265 malam
3380 1225 3485 1264 non

1889 1297 2123 1354 furentes
2153 1292 2372 1356 famam.
2407 1301 2475 1356 Et
2503 1302 2633 1377 quid
2660 1301 2763 1358 hoc
2790 1303 2848 1357 in
2876 1303 2996 1357 aliis
3025 1299 3272 1356 mireris?
3297 1299 3488 1357 Prodi-

1887 1394 2059 1446 torem
2087 1392 2236 1446 illum
2265 1392 2628 1462 impudentem
2646 1400 2700 1478 et
2717 1392 3131 1459 exsecrandum,
3164 1393 3257 1462 qui.
3277 1390 3344 1446 de
3366 1392 3496 1453 inil.-_

1881 1480 1937 1533 ia
1959 1488 2020 1536 re
2049 1481 2402 1538 erubescebat
2421 1523 2436 1545 ,
2471 1483 2832 1561 boc‘maximc
2860 1482 2926 1538 ad
2960 1483 3207 1553 laqueum
3239 1483 3316 1537 ire
3340 1497 3486 1536 com-

1890 1573 2039 1640 pnlit.
2064 1566 2168 1629 Job
2187 1590 2400 1645 quoque
2419 1575 2538 1646 ipse
2558 1575 2780 1632 adamas
2800 1620 2813 1641 ,
2837 1585 2892 1631 et
2922 1588 3072 1646 petra
3097 1575 3301 1631 ﬁrmior
3319 1615 3335 1642 ,
3361 1589 3486 1631 cum

1887 1679 2019 1734 epes
2041 1665 2222 1720 amisit
2249 1676 2303 1722 et
2331 1666 2665 1722 intoleranda
2697 1682 2894 1737 passus
2912 1677 3024 1732 est,
3051 1667 3175 1721 tiliis
3199 1668 3364 1722 orbus
3395 1680 3486 1723 rer

1889 1767 2049 1826 ponte
2071 1758 2269 1824 factus,
2295 1775 2416 1814 cum
2440 1753 2648 1815 rideret
2667 1742 2861 1830 corpus
2884 1776 3038 1816 suum
3069 1760 3347 1815 vermibus
3367 1775 3487 1815 ερας

1891 1859 2031 1914 tere,
2060 1842 2459 1921 instantemque
2481 1865 2735 1917 uxorem,
2759 1851 2939 1905 omnia
2967 1850 3124 1905 facile
3156 1865 3346 1919 passus
3367 1858 3482 1914 est;

1888 1952 2009 1993 cum
2049 1949 2228 1995 autem
2261 1940 2392 1996 vidit
2436 1943 2638 1997 amicos
2668 1940 2769 1996 sibi
2813 1939 3204 2011 exprobrantes
3235 1939 3489 1994 insultan-

1885 2039 2076 2100 tesque
2096 2072 2111 2096 ,
2145 2045 2474 2102 pravamque
2500 2033 2566 2086 de
2595 2047 2655 2088 se
2694 2032 3154 2086 existimationem
3183 2030 3445 2086 habentes
3468 2071 3485 2097 ,

1887 2117 2235 2191 dicentesque
2267 2121 2438 2190 ipsum
2464 2133 2686 2194 propter
2717 2113 2934 2192 peccata
2964 2137 3058 2177 sua
3089 2122 3207 2178 haec
3237 2121 3441 2192 perpeti
3469 2162 3484 2187 ,

1888 2219 1945 2265 et
1972 2213 2222 2281 nequitia:
2267 2229 2380 2268 sua:
2429 2200 2616 2284 pinnas
2643 2214 2773 2268 dare
2798 2256 2813 2279 ,
2846 2223 2972 2269 tunc
3016 2213 3261 2269 turbatus
3290 2223 3373 2269 est
3405 2213 3490 2266 vir
3551 2202 3555 2209 ’

1888 2299 1979 2354 ille
2009 2301 2158 2356 fortis
2187 2288 2241 2358 et
2269 2318 2492 2373 magnus
2519 2305 2557 2357 ¹.

1959 2392 2014 2447 6.
2047 2389 2209 2448 David
2231 2408 2450 2465 quoque
2475 2397 2691 2450 mittens
2720 2398 2900 2452 omnia
2928 2412 3047 2466 ane
3075 2410 3262 2466 passus
3283 2394 3481 2458 fuerat,

1888 2491 1987 2551 pro
2027 2483 2311 2538 maledicto
2350 2485 2754 2539 retributionem
2798 2500 2829 2539 a
2879 2485 2990 2540 Deo
3027 2485 3243 2555 petebat
3275 2502 3286 2536 :
3322 2482 3448 2538 Sine
3474 2524 3488 2548 ,

1890 2575 2098 2644 inquit,
2124 2571 2273 2631 illum
2299 2576 2599 2632 maledicere
2629 2569 2818 2632 Doridi
2834 2619 2848 2643 ,
2877 2594 3000 2650 quia
3030 2575 3275 2630 Dominus
3295 2590 3488 2646 praece-

1889 2669 1961 2737 pit
1992 2663 2101 2733 illi,
2134 2678 2185 2722 ut
2215 2670 2378 2723 uideat
2405 2666 2659 2722 Dominus
2681 2671 3084 2723 Immiliationem
3111 2685 3274 2722 meam
3300 2710 3314 2732 ,
3347 2677 3394 2720 et
3414 2685 3491 2720 re-

1889 2759 2071 2810 tribuat
2093 2759 2216 2813 mihi
2243 2759 2373 2812 bona
2403 2776 2492 2828 pro
2521 2760 2788 2812 maledicto
2817 2754 2870 2813 in
2896 2761 2980 2813 die
3004 2761 3101 2812 liae
3128 2759 3205 2830 (2.
3239 2760 3371 2829 Reg.
3401 2759 3490 2813 i0.

1891 2851 1978 2905 Η.
2013 2849 2138 2918 t2).
2182 2850 2248 2904 Et
2287 2850 2482 2904 Paulus
2527 2866 2631 2903 non
2679 2847 3045 2919 periclitantes
3090 2850 3281 2914 modo,
3317 2864 3493 2919 neque

1887 2941 2044 2995 bonis
2073 2941 2361 3010 spoliatos,
2393 2940 2486 2994 sed
2517 2942 2676 2994 etiam
2709 2934 2990 2994 maledicta
3023 2935 3253 2994 fcrcntés
3279 2938 3495 3008 prtedi—

1889 3038 1976 3082 cat
2013 3029 2102 3084 his
2128 3030 2306 3085 verbis
2335 3047 2347 3082 ε
2380 3026 2742 3084 Recordamim‘
2769 3027 2965 3084 dierum
2996 3032 3224 3093 priorum
3249 3071 3262 3094 ,
3294 3031 3348 3083 in
3376 3030 3492 3098 qni-

1889 3118 1980 3172 bus
2002 3119 2278 3173 illuminati
2299 3136 2539 3188 magnum
2560 3129 2814 3174 certamen
2829 3121 3140 3174 sustinuistis
3162 3121 3455 3189 passionum
3483 3136 3490 3172 :

1889 3219 1935 3263 et
1967 3210 2021 3264 in
2051 3211 2213 3264 altero
2237 3204 2439 3279 quidem
2465 3212 2751 3281 opprobriis
2777 3221 2824 3265 et
2854 3211 3262 3266 tribulationibus
3289 3222 3477 3283 specta-

1889 3302 2060 3355 culum
2093 3303 2248 3372 facti,
2277 3303 2332 3355 in
2369 3296 2531 3355 altero
2559 3304 2884 3360 autemsocii
2906 3305 3076 3358 taliter
3094 3307 3496 3359 conversantium
3566 3315 3569 3317 '

1889 3389 2052 3456 εσσειί
2093 3384 2282 3462 (Hebr.
2317 3389 2405 3446 10.
2436 3392 2526 3446 32.
2551 3383 2625 3448 33
2646 3394 2688 3462 ).
2717 3390 3008 3463 Propterea
3038 3395 3340 3450 mercedem
3372 3412 3490 3450 ma-

1889 3495 2047 3548 gnam
2078 3481 2263 3552 posuit.
2278 3482 2542 3538 Christus.
2574 3482 2777 3538 Deinde
2806 3498 2875 3538 ne
2898 3485 3018 3554 quis
3046 3484 3221 3539 dicat:
3242 3485 3338 3541 llic
3363 3501 3492 3557 ergo

1892 3587 1998 3628 non
2030 3572 2268 3628 vindicas
2288 3615 2304 3642 ,
2332 3586 2508 3644 neque
2534 3589 2720 3630 eorum
2746 3590 2838 3630 ora
2861 3577 3100 3643 consuis,
3131 3577 3228 3631 sed
3249 3576 3320 3630 ibi
3345 3592 3489 3631 mer-

1891 3664 2076 3721 cedem
2119 3665 2261 3720 das?
2300 3666 2591 3736 prOphetas
2612 3665 2967 3733 memoravit,
2999 3667 3293 3724 ostendens
3319 3681 3504 3739 neque

1893 3762 2019 3809 tuine
2052 3755 2197 3824 ipsos
2229 3755 2393 3811 Deum
2427 3757 2596 3810 ultum
2624 3771 2763 3813 esse.
2791 3758 2848 3813 Si
2879 3773 3007 3812 vero
3035 3767 3161 3815 tunc
3183 3772 3303 3813 cum
3325 3773 3498 3829 prope

1892 3855 2048 3900 erant
2092 3846 2502 3912 retributiones,
2554 3861 2650 3917 spe
2703 3845 3004 3902 futurorum
3053 3845 3271 3902 fovebat
3320 3848 3489 3902 illos:

1894 3938 2063 3991 multo
2101 3939 2271 4006 magis
2315 3953 2492 4000 nunc,
2543 3938 2757 4005 quando
2801 3954 2924 4008 spes
2968 3938 3054 3991 illa
3082 3939 3278 3992 clarior
3303 3938 3492 3992 effecta

1894 4037 1995 4093 est,
2028 4035 2083 4083 et
2102 4027 2438 4099 philosophia
2467 4030 2657 4098 major.
2689 4029 2821 4095 Vide
2846 4039 3024 4084 autem
3053 4040 3173 4099 post
3193 4038 3323 4100 quot
3343 4044 3494 4083 man-

1893 4119 2017 4173 data
2050 4119 2150 4174 hoc
2186 4128 2402 4174 statuat.
2431 4119 2550 4173 Non
2585 4121 2729 4174 enim
2759 4135 2883 4174 casu
2916 4121 3164 4190 quoidam
3196 4119 3301 4175 hoc
3329 4120 3492 4183 fecit;

1894 4212 1988 4266 sed
2034 4222 2094 4266 ut
2136 4212 2414 4277 ostendat,
2457 4226 2564 4265 non
2613 4227 2771 4282 posse
2810 4227 2969 4275 eum,
3009 4213 3097 4282 qui
3133 4229 3238 4266 non
3282 4207 3348 4266 ad
3378 4213 3495 4267 iure

1896 4304 2077 4359 omnia
2123 4314 2340 4374 paratus
2381 4315 2436 4358 et
2483 4305 2773 4358 instructus
2814 4305 2917 4367 sit,
2961 4305 3012 4357 in
3059 4305 3174 4359 inec
3199 4306 3494 4361 certamina

1897 4395 2129 4465 prodire.
2170 4395 2294 4450 ideo
2335 4411 2367 4450 a
2406 4395 2568 4465 priori
2597 4410 2809 4464 semper
2833 4395 2898 4449 ad
2926 4409 3157 4463 sequens
3185 4396 3494 4453 mandatum

1896 4488 2037 4541 viam
2081 4501 2308 4556 parans,
2360 4496 2603 4542 catenam
2652 4483 2806 4541 nobis
2853 4502 3071 4541 auream
3121 4486 3312 4543 texuit.
3358 4487 3496 4543 Cum

1897 4577 2039 4632 enim
2089 4577 2210 4646 quis
2256 4577 2473 4631 humilis
2513 4577 2704 4642 fuerit,
2737 4578 2896 4631 etiam
2925 4593 3021 4632 sua
3048 4579 3270 4631 onmino
3295 4577 3496 4649 lugebit

1898 4680 2114 4742 peccata
2144 4688 2158 4735 ;
2205 4671 2292 4738 qui
2339 4667 2574 4739 lugebit,
2608 4670 2751 4723 mitis
2778 4671 2914 4735 erit,
2947 4669 3221 4725 modestus
3251 4677 3305 4725 et
3333 4669 3495 4725 mise-

1897 4763 2102 4826 ricors;
2145 4761 2453 4815 misericors
2493 4775 2649 4825 vero,
2684 4759 2860 4828 justus
2890 4762 3025 4827 erit,
3059 4770 3413 4831 compunctus
3442 4773 3498 4817 et

1899 4855 2129 4909 mundus
2148 4853 2312 4909 corde
2347 4872 2358 4906 :
2389 4855 2480 4922 qui
2508 4853 2629 4908 talis
2653 4855 2790 4918 erit,
2823 4855 2981 4909 etiam
3013 4857 3265 4924 paciﬁcus
3288 4856 3497 4910 futurus

1899 4955 2002 5002 est.
2047 4945 2148 5014 Qui
2190 4959 2352 5014 porro
2383 4944 2498 4999 haec
2522 4946 2700 4998 omnia
2731 4954 3048 5014 assequutus
3076 4945 3271 5012 fuerit,
3300 4947 3366 5000 ad
3398 4962 3493 5018 pe-

1901 5036 2064 5093 ricula
2109 5038 2271 5092 etiam
2303 5044 2518 5105 paratus
2565 5037 2702 5102 erit,
2733 5051 2906 5106 neque
2947 5037 3086 5092 male
3115 5037 3338 5093 audiens
3376 5049 3482 5093 tur-

1904 5131 2150 5194 babitnr,
2202 5144 2376 5196 neque
2425 5129 2472 5184 si
2517 5129 2799 5183 innumera
2852 5131 3080 5198 patiatur
3134 5131 3292 5184 mala.
3341 5131 3492 5185 Posto

1902 5239 2062 5294 quam
2088 5236 2217 5293 ergo
2241 5237 2336 5278 eos
2360 5222 2427 5275 ad
2453 5237 2514 5275 ea
2542 5238 2660 5292 qua:
2685 5233 3043 5277 consentanea
3075 5232 3230 5276 erant
3256 5223 3502 5278 hortatus

1903 5327 1984 5373 est
2002 5358 2018 5383 ,
2070 5329 2254 5370 rursus
2279 5331 2374 5369 eos
2402 5315 2646 5369 laudibus
2673 5316 2892 5369 solatur.
2922 5315 3053 5382 Quia
3082 5317 3224 5370 enim
3249 5315 3502 5370 sublimia

1907 5418 2173 5478 praecepta
2217 5417 2406 5472 erant,
2453 5409 2727 5476 multoque
2777 5407 2978 5476 majora
3033 5423 3191 5476 quam
3254 5409 3306 5461 in
3331 5410 3502 5462 veteri

1905 5501 2060 5571 lege,
2101 5516 2168 5555 ne
2213 5499 2554 5555 turbarentur
2598 5516 2662 5555 ac
2705 5501 3068 5569 trepidarent,
3102 5501 3451 5572 dicerentque
3483 5519 3501 5554 ε

1906 5593 2184 5661 Quomodo
2227 5591 2342 5647 hzec
2388 5592 2611 5662 implere
2650 5591 2981 5661 poterimus?
3016 5591 3137 5645 audi
3162 5591 3291 5661 quid
3317 5591 3503 5648 dicat:

1975 5751 1990 5780 ί
2027 5746 2246 5800 Nonnulli
2267 5748 2469 5809 habent,
2493 5745 2675 5802 .4tltleta
2696 5745 2778 5799 ille
2808 5747 2947 5810 fortis
2963 5752 3252 5808 etmaguns.
