4124 6302
664 366 758 418 ’251

665 481 745 531 13.
791 477 889 530 νος
946 478 1060 530 estis
1088 476 1164 528 sal
1195 483 1339 527 terra:
1364 515 1375 537 ,
1411 472 1695 527 ostendens
1719 486 1775 525 se
1799 468 2098 524 necessario
2128 467 2240 521 hrcc

661 579 920 636 praecepta
937 568 1082 622 dare.
1107 567 1218 620 Non
1243 566 1380 619 enim
1407 580 1500 634 pro
1530 574 1697 628 vestra
1731 565 1852 626 vita,
1887 561 1978 614 sed
2013 576 2104 630 pro
2133 569 2240 613 toto

661 664 807 722 urbe,
836 663 1020 728 inquit,
1042 659 1259 714 verbum
1276 658 1423 712 vobis
1452 656 1813 712 committitur.
1835 654 2016 723 Neque
2035 653 2086 706 in
2109 651 2240 706 duas

657 754 824 808 urbes
847 767 940 805 vos
969 752 1136 816 mitto,
1158 750 1240 805 vel
1265 751 1448 804 decem
1478 748 1558 802 vel
1577 747 1754 816 viginti
1781 762 1795 810 ;
1821 760 1990 814 neque
2019 745 2067 798 in
2084 756 2239 796 unam

669 860 764 894 vos
793 845 944 897 mitto
962 852 1195 910 gentem,
1221 844 1353 896 sicut
1377 839 1655 908 prOphetas
1668 839 1816 900 olim,
1842 837 1934 892 sed
1952 839 2002 891 in
2021 846 2236 900 terram,

664 936 712 986 in
760 950 901 988 mare
931 945 982 988 et
1013 935 1061 986 in
1087 935 1388 987 universum
1415 933 1596 986 orbem
1624 971 1638 997 ,
1666 939 1720 984 et
1745 931 1882 984 hunc
1915 928 2138 996 pessime
2165 926 2242 979 af-

664 1024 875 1079 fecuuu.
894 1025 1023 1078 Cum
1039 1025 1170 1078 dixit
1187 1025 1347 1090 enim,
1363 1023 1460 1077 Vos
1472 1027 1585 1078 estis
1605 1023 1684 1078 sal
1701 1020 2096 1087 terrtz,ostendit
2119 1019 2239 1074 uni-

661 1129 862 1167 versam
883 1116 1152 1168 hominum
1179 1123 1416 1168 naturam
1437 1114 1818 1179 infatuatam,et
1833 1127 1862 1164 a
1881 1111 2110 1181 peccatis
2133 1125 2244 1163 cor-

662 1215 866 1274 ruptam
899 1220 1036 1258 esse.
1065 1204 1187 1257 Ideo
1205 1204 1300 1257 has
1317 1205 1367 1258 in
1388 1205 1488 1258 illis
1507 1204 1733 1257 maxime
1756 1204 1977 1256 virtutes
2002 1200 2239 1270 requirit,

662 1312 777 1364 quae
800 1306 923 1350 sunt
951 1296 1013 1350 ad
1046 1297 1330 1350 multorum
1353 1296 1753 1351 sollicitudinem
1771 1294 2052 1364 gerendam
2081 1293 2244 1361 magis

663 1386 974 1440 necessaria:
1012 1395 1064 1439 et
1111 1387 1281 1439 utiles.
1309 1384 1517 1439 Etenim
1536 1387 1624 1454 qui
1658 1384 1799 1437 mitis
1824 1393 1924 1443 est,
1949 1381 2244 1444 modestus,

661 1475 963 1527 misericors
1011 1485 1065 1528 et
1106 1476 1298 1542 justus,
1330 1490 1432 1528 non
1479 1473 1529 1527 in
1569 1489 1628 1528 se
1673 1481 1876 1527 tantum
1907 1473 2042 1526 bona
2084 1485 2244 1540 opera

654 1565 956 1627 concludit,
991 1565 1085 1619 sed
1112 1566 1268 1619 etiam
1293 1564 1344 1619 id
1365 1575 1517 1620 curat
1541 1574 1598 1619 ut
1638 1564 1836 1634 egregii
1879 1563 1952 1617 illi
1983 1561 2154 1615 fontes
2179 1559 2245 1614 ad

665 1655 888 1709 aliorum
933 1665 1149 1709 manent
1191 1657 1489 1710 utilitatem.
1535 1657 1764 1709 Rursum
1793 1655 1881 1724 qui
1909 1654 2136 1708 mundus
2164 1661 2248 1707 cst

664 1747 824 1799 corde
845 1789 859 1809 ,
906 1748 1153 1815 pacificus
1192 1758 1245 1801 et
1288 1763 1381 1816 pro
1411 1748 1633 1801 veritate
1661 1748 1875 1818 pulsus,
1903 1747 2064 1798 vitam
2095 1759 2245 1798 suam

667 1836 730 1888 ad
772 1851 1108 1891 communem
1139 1838 1414 1892 utilitatem
1443 1839 1638 1908 dirigit.
1673 1838 1748 1892 Ne
1777 1839 1966 1906 putetis
1987 1879 2001 1902 ,
2037 1838 2200 1905 inquit
2229 1877 2244 1901 ,

667 1942 758 1979 vos
799 1927 863 1979 ad
912 1929 1040 1981 levia
1071 1930 1311 1995 qua‘dam
1342 1931 1630 1984 certamina
1661 1929 1836 1994 trahi,
1866 1943 2037 1998 neque
2062 1927 2128 1981 de
2157 1943 2243 1981 re—

667 2007 763 2071 bus
810 2019 1012 2088 exiguis
1045 2020 1179 2088 apud
1218 2035 1310 2074 vos
1350 2021 1432 2090 agi
1474 2039 1486 2073 :
1524 2019 1622 2073 Vos
1664 2021 1778 2074 estis
1807 2021 1884 2073 sal
1923 2030 2082 2072 terra'.
2112 2017 2247 2086 Quid

669 2110 868 2176 igitur?
915 2126 1039 2162 num
1082 2111 1155 2164 illi
1202 2110 1410 2178 putrida
1437 2113 1848 2165 restaurarunt?
1880 2108 2242 2178 Nequaquam.

672 2199 784 2252 Non
838 2211 1058 2272 possunt
1099 2202 1240 2255 enim
1282 2202 1391 2271 jam
1426 2201 1712 2271 putrefacta
1742 2202 1866 2256 salis
1894 2201 2248 2270 permixtione

662 2290 868 2356 juvare.
897 2291 1010 2344 Non
1045 2291 1143 2347 hoc
1173 2302 1317 2348 certe
1348 2292 1585 2347 fecerunt
1617 2311 1628 2345 :
1659 2293 1750 2346 sed
1783 2303 2032 2346 renovata
2059 2293 2204 2359 prius
2228 2331 2243 2356 ,

606 2407 610 2409 Α
667 2392 719 2433 et
771 2381 865 2435 sibi
921 2379 1142 2444 tradita,
1194 2392 1248 2436 et
1285 2398 1315 2436 a
1348 2382 1550 2458 foetore
1586 2383 1677 2436 illo
1701 2383 1953 2450 liberata,
1985 2393 2105 2436 tunc
2129 2397 2249 2437 cum

668 2472 777 2525 sale
822 2473 1151 2538 miscebant,
1202 2461 1361 2544 atque
1409 2476 1460 2529 in
1507 2476 1594 2529 illa
1643 2476 1878 2529 novitate
1921 2475 2246 2538 servabant,

667 2580 820 2633 qttam
865 2581 894 2618 a
938 2565 1160 2620 Domino
1199 2575 1536 2636 acceperant.
1577 2566 1709 2620 Nam
1751 2566 1965 2621 liberari
2002 2581 2030 2619 a
2059 2564 2251 2622 fanore

668 2667 998 2721 peccatorum
1023 2699 1036 2720 ,
1071 2656 1269 2712 Christi
1314 2658 1523 2712 virtutis
1553 2671 1690 2727 Opus
1714 2656 1811 2711 fuit
1838 2674 1852 2722 ;
1881 2667 1935 2711 at
1964 2673 2067 2712 non
2095 2658 2158 2712 ad
2189 2658 2252 2711 il-

666 2745 775 2796 lum
807 2744 1047 2800 ftetorem
1079 2748 1310 2813 reverti,
1343 2747 1392 2801 id
1425 2749 1635 2802 illorum
1663 2747 1949 2819 diligentize
1978 2758 2031 2804 et
2055 2749 2252 2802 laboris

667 2849 800 2902 opus
839 2847 976 2890 crat.
1022 2837 1204 2890 Viden’
1242 2831 1510 2907 quomodo
1561 2840 1808 2908 paulatim
1853 2839 2085 2894 ostendit
2111 2841 2253 2908 ipsos

669 2925 937 2994 prophetis
961 2942 1078 2983 esse
1108 2929 1398 2984 meliores?
1425 2929 1537 2984 Non
1569 2932 1709 2985 enim
1740 2932 2032 2986 Palaestina:
2058 2931 2245 2986 docto-

671 3032 755 3070 res
776 3032 893 3072 esse
915 3019 1024 3084 ait,
1056 3020 1150 3073 sed
1182 3020 1340 3075 totius
1365 3022 1508 3075 orbis
1537 3031 1690 3076 terrae
1715 3039 1728 3087 ;
1759 3038 1857 3078 nec
1887 3022 2045 3078 modo
2067 3022 2249 3077 docto-

670 3122 752 3161 res
771 3147 786 3170 ,
813 3108 906 3161 sed
930 3108 1084 3162 etiam
1108 3108 1352 3180 doctores
1375 3112 1693 3165 tremendos.
1717 3112 1866 3179 Quod
1888 3113 2029 3166 enim
2055 3113 2246 3166 mirum

674 3205 754 3250 est
774 3239 788 3261 ,
819 3213 921 3251 non
950 3197 1225 3253 adulantes
1246 3240 1260 3265 ,
1285 3214 1456 3268 neque
1479 3201 1772 3270 palpantes,
1795 3202 1888 3257 sed
1908 3216 2097 3273 sapere
2117 3203 2243 3259 acri-

675 3297 860 3356 terque
898 3299 1115 3356 agentes
1155 3290 1291 3342 sicut
1328 3290 1402 3343 sal
1425 3331 1438 3353 ,
1485 3292 1561 3344 sic
1601 3291 1978 3347 desiderabiles
2007 3294 2254 3355 omnibus

675 3378 905 3433 fuerunt.
952 3377 1125 3433 Nolite
1161 3393 1289 3449 ergo
1316 3372 1495 3433 m'irari
1522 3421 1537 3445 ,
1571 3380 1766 3449 inquit,
1794 3381 1838 3435 si
1869 3381 1992 3436 aliis
2016 3382 2250 3450 relictis,

674 3484 767 3522 vos
785 3470 1100 3538 alloquar,et
1116 3469 1178 3524 ad
1199 3479 1338 3524 tanta
1362 3485 1455 3566 νος
1479 3471 1708 3539 pericula
1735 3473 2251 3540 pertraham.Consi-

669 3558 850 3613 derate
871 3561 1009 3613 enim
1024 3572 1147 3628 quot
1174 3558 1490 3641 quantisque
1509 3562 1833 3630 civitatibus,
1863 3565 2088 3634 p0pulis,
2117 3579 2253 3636 gen-

674 3649 810 3702 tibus
825 3664 918 3703 vos
937 3649 1210 3717 praefectos
1230 3653 1486 3707 missurus
1509 3653 1629 3706 sim.
1645 3652 1873 3723 Ideoque
1895 3670 2002 3708 non
2024 3670 2116 3710 vos
2132 3665 2250 3711 tan-

666 3747 780 3793 tum
813 3739 1098 3808 prudentes
1121 3757 1240 3797 esse
1268 3745 1386 3797 volo
1404 3784 1416 3806 ,
1448 3743 1542 3798 sed
1566 3753 1621 3796 ut
1642 3744 1775 3798 alios
1801 3745 2001 3800 similes
2024 3745 2249 3802 faciatis.

673 3828 795 3882 Illos
838 3836 1014 3882 autem
1051 3831 1141 3899 qui
1181 3823 1680 3901 bujusmodi)sunt,
1721 3833 2007 3888 admodum
2034 3849 2252 3906 sagaces

670 3933 791 3973 esse
819 3928 1061 3987 oportet,
1091 3921 1140 3974 in
1169 3922 1358 3990 quibus
1385 3907 1574 3992 nempe
1603 3910 1664 3977 ct'
1681 3924 1905 3979 aliorum
1935 3927 2078 3982 salus
2106 3930 2250 3998 peri-

673 4011 916 4076 clitatur,
965 4021 1019 4065 et
1060 4020 1255 4065 tantam
1303 4013 1354 4066 in
1398 4013 1500 4066 illis
1527 4014 1700 4070 inesse
1732 4016 2014 4081 virtutem,
2050 4028 2107 4072 ut
2131 4034 2246 4074 eam

671 4099 738 4155 ad
767 4101 993 4155 aliorum
1044 4102 1323 4156 utilitatem
1379 4103 1647 4170 impertire
1694 4108 1918 4173 possint.
1959 4106 2069 4161 Nisi
2109 4110 2247 4162 enim

674 4193 803 4249 tales
825 4194 1046 4260 fueritis,
1071 4210 1138 4248 ne
1159 4195 1304 4249 vobis
1330 4195 1542 4264 quidem
1574 4197 1701 4264 ipsis
1724 4196 1968 4252 sufﬁcere
1988 4201 2248 4268 poteritis.

743 4284 795 4336 7.
844 4283 920 4338 Ne
967 4289 1143 4353 itaque
1185 4301 1325 4354 aegre
1372 4286 1584 4350 feratis,
1623 4287 1772 4354 quasi
1804 4289 2025 4344 molesta
2055 4293 2162 4346 sint
2185 4309 2246 4350 ea

668 4392 789 4447 quae
832 4376 1100 4431 dicuntur.
1128 4376 1258 4431 Nam
1287 4379 1374 4432 alii
1408 4379 1619 4449 quidem
1651 4380 1922 4448 infatuati,
1953 4384 2247 4441 ministerio

670 4477 851 4525 vestro
895 4469 1205 4538 resipiscere
1249 4479 1470 4539 possunt
1523 4488 1534 4522 :
1581 4485 1673 4525 vos
1714 4481 1924 4538 autem,
1963 4473 2088 4529 siin
2121 4476 2246 4530 illud

673 4560 867 4613 malum
892 4559 1161 4624 incidatis,
1184 4561 1313 4615 alios
1336 4561 1604 4616 vobiscum
1629 4563 1683 4617 in
1705 4566 1992 4633 perniciem
2016 4553 2242 4624 trahitis.

674 4647 854 4718 Itaque
900 4657 1098 4719 quanto
1146 4650 1344 4719 majora
1388 4651 1537 4705 vobis
1561 4655 1962 4712 committuntur
1988 4659 2196 4727 negotia
2227 4700 2242 4726 ,

672 4749 821 4795 tanto
858 4740 1058 4810 majore
1113 4740 1287 4794 studio
1343 4755 1476 4811 opus
1507 4736 1735 4797 habetis.
1762 4744 2095 4816 Quapropter
2121 4749 2194 4803 ait
2228 4768 2242 4805 :

672 4833 734 4888 Si
761 4843 926 4887 autent
955 4834 1032 4888 sal
1056 4834 1358 4904 infamatum
1381 4835 1529 4904 fuerit
1555 4877 1570 4902 ,
1603 4836 1654 4889 in
1674 4853 1770 4906 quo
1796 4839 2041 4893 salietur?
2065 4840 2145 4894 Ad
2166 4843 2243 4895 ni.

670 4926 830 4978 hilum
857 4925 985 4978 valet
1013 4925 1179 4991 ultra,
1202 4926 1297 4979 nisi
1318 4936 1370 4979 ut
1397 4928 1624 4981 mittatur
1653 4929 1791 4997 foras
1810 4969 1824 4993 ,
1854 4941 1900 4984 et
1924 4935 2242 4989 conculcetur

669 5019 731 5070 ab
769 5017 1067 5070 hominibus.
1100 5016 1230 5071 Nam
1255 5018 1344 5072 alii
1372 5017 1582 5086 quidem
1610 5019 1654 5073 si
1679 5023 1981 5078 sexcenties
2007 5024 2196 5080 cedant
2221 5067 2238 5093 ,

669 5108 876 5162 veniam
919 5108 1171 5179 consequi
1212 5118 1433 5177 possunt
1463 5127 1476 5162 :
1504 5110 1689 5166 doctor
1719 5123 1893 5166 autem
1925 5114 1967 5167 si
1997 5115 2045 5169 id
2076 5117 2240 5183 patia-

670 5207 752 5254 tur
779 5240 795 5265 ,
835 5201 979 5254 omni
1010 5201 1318 5255 defensioue
1345 5201 1579 5271 privatur
1597 5243 1612 5264 .
1644 5213 1698 5259 et
1721 5214 1961 5261 extremo
1983 5207 2240 5263 afﬁcietur

666 5289 944 5360 supplicio.
975 5290 1052 5345 Ne
1078 5292 1218 5346 enim
1241 5291 1538 5356 audientes.
1567 5294 1690 5348 Cum
1720 5298 2128 5365 exprobraverint
2153 5317 2238 5356 vos

668 5392 714 5434 et
753 5381 1034 5450 persequuti
1064 5397 1150 5435 vos
1177 5382 1399 5450 fuerint,
1433 5393 1477 5436 et
1501 5385 1717 5439 dixerint
1741 5403 1886 5442 omne
1915 5389 2102 5442 malum
2130 5406 2239 5444 uer-

665 5470 782 5523 bum
806 5472 1067 5524 adversum
1080 5481 1172 5524 ‘vos
1196 5512 1210 5536 ,
1237 5473 1287 5525 in
1319 5473 1549 5527 medium
1573 5474 1781 5543 prodire
1809 5477 2048 5543 timeant,
2073 5478 2234 5534 dicit:

665 5560 776 5614 Nisi
813 5561 878 5614 ad
919 5560 1034 5613 hac
1071 5562 1236 5631 parati
1265 5559 1497 5628 fueritis,
1542 5563 1732 5619 frustra
1756 5567 1912 5625 electi
1941 5569 2089 5623 estis.
2120 5568 2236 5624 Non

665 5651 806 5704 enim
856 5650 1130 5705 maledicta
1173 5664 1293 5706 sunt
1325 5653 1553 5707 timenda
1575 5695 1589 5721 ,
1619 5665 1674 5710 at
1698 5657 2037 5712 metuendum
2069 5675 2136 5713 ne
2167 5660 2236 5713 si-

670 5738 958 5793 mulatores
996 5739 1276 5795 videamini
1329 5759 1340 5794 :
1396 5752 1518 5798 tunc
1562 5746 1701 5799 enim
1742 5745 1977 5803 infatuati
2002 5748 2150 5804 eritis
2181 5757 2233 5805 ct

1401 358 1454 411 S.
1495 354 1769 411 JOANNIS
1807 347 2271 408 CIIRYSOSTOMI
2317 345 2627 402 ARCIIIEP.
2669 348 3198 405 CONSTANTINOP.

3819 351 3926 408 2'53

2343 465 2652 519 conculcati.
2676 465 2728 519 Si
2751 475 2926 518 autem
2947 469 3294 533 perseveretis
3318 481 3504 536 aspere
3526 483 3649 522 cum
3673 470 3780 524 illis
3805 487 3928 542 age-

2343 570 2401 609 re
2421 598 2435 619 ,
2475 559 2516 609 si
2551 567 2730 624 postea
2759 557 2897 610 male
2923 557 3150 612 audiatis
3174 598 3188 624 ,
3219 558 3462 627 gaudete.
3501 558 3632 612 Illud
3662 561 3807 614 enim
3837 575 3923 616 sa-

2345 646 2408 698 lis
2457 655 2539 701 est
2585 662 2748 715 opus,
2798 655 2854 699 ut
2903 647 3092 700 molles
3134 648 3378 703 mordeat
3423 659 3472 703 ct
3502 659 3716 720 pungat.
3747 650 3932 720 Itaque

2354 737 2631 790 maledicta
2685 738 2986 790 necessario
3039 750 3364 806 sequuntur,
3423 755 3594 808 neque
3646 732 3716 793 in'
3747 741 3931 810 aliquo

2365 843 2456 882 vos
2489 830 2682 883 l:rdttttt
2702 871 2715 892 ,
2747 829 2839 883 sed
2867 840 3097 884 vestram
3126 820 3473 885 testiﬁcantur
3520 831 3844 888 ﬁrmitatem.
3876 833 3931 887 Si

2346 933 2471 971 vero
2503 919 2586 971 illa
2605 910 2914 973 “metuentes
2940 962 2953 985 ,
3000 920 3068 973 ab
3108 919 3196 973 illa
3225 920 3375 974 vobis
3403 931 3732 990 congruente
3760 923 3924 977 vehe-

2347 1013 2544 1064 mentia
2575 1011 2886 1066 destiteritis
2917 1052 2931 1075 ,
2985 1013 3155 1066 multo
3194 1014 3439 1082 graviora
3493 1016 3701 1082 passuri
3749 1019 3884 1070 estis
3914 1055 3928 1077 ,

2345 1101 2483 1171 apud
2513 1117 2698 1156 omnes
2747 1102 2885 1156 male
2914 1102 3181 1168 audituri,
3216 1115 3268 1158 ct
3315 1106 3559 1161 omnibus
3597 1109 3934 1174 contemptui

2345 1192 2494 1247 eritis
2526 1211 2537 1245 :
2566 1192 2695 1246 illud
2723 1194 2864 1246 enim
2891 1203 2972 1248 est
2992 1195 3310 1249 conculcari.
3342 1195 3540 1250 Deinde
3565 1197 3629 1250 ad
3659 1198 3806 1250 aliud
3838 1214 3933 1249 su—

2348 1284 2559 1337 blimius
2600 1285 2769 1352 pergit
2815 1287 3136 1354 exemplum.
3190 1288 3274 1340 14.
3322 1286 3417 1339 Vos
3456 1289 3570 1342 estis
3614 1291 3706 1342 lux
3731 1291 3933 1344 mundi.

2346 1374 2538 1427 Iterum
2589 1374 2805 1439 mundi,
2852 1390 2954 1427 non
2992 1378 3162 1443 gentis
3203 1382 3390 1440 unius,
3423 1379 3504 1431 vel
3532 1379 3714 1446 viginti
3743 1381 3936 1432 civita-

2347 1473 2458 1517 tum
2484 1505 2499 1531 ,
2544 1464 2637 1518 sed
2687 1467 2845 1519 to.ius
2871 1466 3014 1520 orbis
3042 1484 3055 1519 :
3090 1468 3180 1520 lux
3214 1468 3559 1537 iutelligibilis
3579 1509 3594 1534 ,
3628 1469 3711 1522 bis
3739 1471 3936 1523 solari-

2349 1556 2444 1610 bus
2486 1556 2650 1611 radiis
2692 1561 3060 1625 prtestantior,
3101 1559 3548 1628 quemadmodum
3581 1569 3634 1613 et
3663 1561 3742 1613 sal
3776 1561 3939 1630 spiri-

2349 1647 2510 1702 tuale.
2553 1646 2733 1701 Primo
2757 1648 2868 1711 sal,
2910 1648 3102 1704 deinde
3149 1651 3234 1703 lux
3256 1690 3270 1714 ,
3301 1660 3356 1704 ut
3381 1652 3556 1706 discas
3583 1662 3841 1721 quantum
3869 1669 3939 1707 ex

2347 1739 2458 1792 acri
2502 1752 2748 1792 sermone
2777 1741 2977 1792 lucrum
3006 1742 3307 1808 proveniat,
3339 1755 3532 1810 quanta
3561 1759 3625 1797 ex
3654 1745 3805 1812 gravi
3837 1746 3933 1798 do-

2347 1829 2515 1882 ctrina
2563 1828 2779 1883 utilitas.
2823 1830 3042 1899 Stringit
3081 1833 3220 1885 enim
3244 1873 3258 1896 ,
3301 1848 3398 1885 nec
3429 1834 3554 1887 sinit
3579 1835 3854 1898 diffluere,
3888 1846 3940 1889 ct

2349 1918 2413 1971 ad
2443 1919 2690 1972 virtutem
2718 1919 2917 1973 ducens
2954 1922 3270 1990 respiciendi
3299 1923 3404 1976 vim
3443 1924 3592 1977 indit.
3623 1924 3745 1978 Non
3774 1916 3940 1996 potest

2347 2011 2517 2062 civitas
2537 2011 2777 2063 abscondi
2794 2009 2960 2080 supra
2989 2023 3205 2066 montem
3228 2016 3393 2082 posita
3422 2032 3440 2068 :
3469 2016 3536 2071 15
3583 2033 3738 2084 neque
3758 2035 3943 2072 accen-

2344 2103 2472 2156 dunt
2519 2101 2803 2166 lucernam,
2842 2115 2889 2157 et
2915 2118 3108 2175 ponunt
3134 2123 3243 2159 eam
3269 2107 3360 2160 sub
3390 2109 3578 2160 modio.
3606 2108 3814 2162 Rursus
3848 2125 3944 2177 per

2350 2192 2462 2246 haec
2486 2193 2605 2247 illos
2631 2194 2695 2246 ad
2720 2205 3022 2247 accuratam
3052 2196 3173 2249 vitae
3194 2199 3454 2250 rationem
3483 2199 3678 2252 excitat
3698 2239 3712 2262 ,
3738 2197 3945 2256 doceas

2349 2300 2442 2339 eos
2461 2326 2474 2347 ,
2507 2296 2563 2338 ut
2591 2285 2815 2340 sollicite
2842 2287 2941 2340 sibi
2965 2297 3216 2351 caveant,
3251 2297 3432 2356 utpote
3461 2289 3550 2358 qui
3579 2290 3678 2342 sub
3698 2290 3942 2344 omnium

2351 2375 2516 2428 oculis
2547 2383 2854 2442 versentur,
2887 2387 2939 2430 et
2966 2377 3016 2428 in
3051 2377 3226 2431 medio
3249 2380 3409 2432 totius
3440 2380 3586 2432 orbis
3615 2379 3828 2433 theatro
3850 2379 3942 2434 de-

2351 2477 2576 2520 certcnt.
2623 2467 2823 2532 Nolite,
2867 2469 3070 2537 inquit,
3103 2469 3154 2523 id
3183 2477 3428 2537 reputare
3455 2469 3672 2535 animo,
3707 2485 3805 2523 vos
3831 2471 3943 2539 jam

2352 2556 2438 2609 hic
2480 2557 2706 2621 sedere,
2753 2567 2808 2611 et
2852 2557 2902 2610 in
2944 2558 3131 2627 exigua
3181 2560 3357 2629 anguli
3403 2569 3554 2628 parte
3591 2561 3794 2616 versari
3828 2582 3841 2612 ;
3872 2561 3945 2615 ita

2351 2646 2490 2699 enim
2538 2647 2810 2715 conspicui
2856 2648 3102 2703 omnibus
3139 2649 3318 2716 eritis,
3364 2661 3422 2704 ut
3446 2652 3637 2707 civitas
3662 2652 3717 2706 in
3747 2653 3947 2708 montis

2351 2738 2623 2792 cacumine
2667 2739 2855 2807 posita,
2893 2749 2951 2794 ut
2989 2741 3203 2794 lucerna
3237 2743 3286 2795 in
3317 2742 3478 2796 domo
3503 2757 3660 2813 supra
3691 2743 3948 2798 candela-

2355 2827 2506 2882 brum
2531 2830 2735 2883 lucens.

2424 2917 2609 2974 Christi
2631 2908 2856 2989 potentia
2883 2923 3145 2976 asseritur.
3167 2954 3239 2963 --
3267 2924 3367 2980 Ubi
3398 2933 3523 2980 sunt
3564 2939 3706 2980 nunc
3747 2925 3828 2979 illi
3857 2926 3949 2992 qui

2353 3006 2548 3065 Christi
2581 3012 2834 3078 patentia:
2872 3028 2978 3067 non
3008 3014 3273 3069 credunt?
3317 3015 3444 3071 Haec
3470 3016 3723 3083 audiant,
3777 3027 3836 3072 et
3876 3019 3951 3070 de

2356 3102 2648 3170 prophetiae
2679 3103 2728 3155 vi
2769 3113 3047 3172 stupentes
3072 3146 3087 3170 ,
3131 3105 3356 3160 adorent
3400 3109 3523 3176 ejus
3549 3107 3947 3164 fortitudinem.

2358 3191 2633 3260 Perpende
2673 3192 2815 3247 enim
2844 3203 3042 3262 quanta
3076 3195 3388 3264 polliceatur
3423 3198 3487 3251 iis
3515 3199 3606 3268 qui
3645 3214 3716 3253 ne
3758 3200 3815 3255 in
3851 3215 3951 3256 sua

2353 3282 2569 3350 quidem
2601 3283 2819 3351 regione
2845 3286 2953 3337 noti
2980 3295 3168 3350 erant;
3200 3286 3449 3342 videlicet
3475 3289 3620 3357 ipsos
3648 3290 3704 3342 in
3727 3299 3876 3346 terra
3896 3301 3951 3346 ct

2358 3373 2408 3425 in
2441 3374 2576 3427 mari
2617 3374 2990 3441 celebrandos,
3021 3383 3075 3430 et
3103 3375 3238 3430 fama
3271 3377 3335 3430 ad
3365 3380 3621 3434 terminos
3647 3381 3798 3436 orbis
3820 3397 3954 3451 per-

2355 3471 2607 3517 venturos
2636 3479 2788 3528 esse;
2819 3465 2927 3518 imo
2952 3481 3057 3520 non
3081 3467 3218 3521 fama
3243 3478 3470 3535 tantum,
3493 3471 3586 3526 sed
3610 3481 3664 3525 et
3694 3472 3951 3530 beneﬁcii

2353 3556 2608 3612 efﬁcacia.
2637 3557 2752 3612 Non
2780 3557 2921 3612 enim
2952 3558 3074 3613 illos
3116 3559 3250 3614 fama
3283 3560 3473 3614 volans
3511 3571 3666 3616 notos
3711 3564 3952 3620 reddidit

2354 3648 2573 3717 ubique,
2596 3647 2690 3704 sed
2717 3649 2828 3718 ipsa
2847 3663 3068 3719 operum
3089 3650 3394 3705 celebritas.
3418 3650 3550 3705 Nam
3574 3668 3671 3707 ceu
3695 3654 3951 3711 volucres

2355 3738 2588 3793 velocius
2613 3754 2771 3809 quam
2798 3739 2926 3793 solis
2947 3739 3081 3794 radii
3109 3749 3306 3794 terram
3326 3756 3540 3796 omnem
3564 3756 3948 3813 peragrarunt,

2355 3831 2457 3900 piae
2484 3831 2759 3902 religionis
2800 3831 2974 3887 lucem
3005 3834 3331 3887 emittentes.
3374 3833 3471 3889 llic
3495 3845 3671 3888 autem
3703 3839 3838 3891 mihi
3870 3841 3950 3892 vi-

2350 3920 2507 3977 detur
2551 3923 2671 3978 illos
2700 3922 2766 3978 ad
2813 3923 3060 3979 ﬁduciam
3111 3924 3423 3980 sumendam
3474 3925 3746 3981 cohortari
3775 3945 3791 3981 :
3820 3945 3948 3983 cum

2348 4014 2490 4069 enim
2524 4013 2672 4079 dicit,
2718 4013 2837 4068 Non
2868 4025 3026 4085 potest
3052 4017 3225 4069 civitas
3255 4017 3497 4070 abscondi
3520 4033 3678 4087 supra
3716 4029 3947 4074 ruentem

2352 4105 2534 4172 posita,
2565 4107 2856 4173 potentiam
2899 4091 3135 4160 declarat
3163 4122 3348 4172 suam;
3402 4109 3541 4161 sicut
3569 4108 3710 4163 enim
3745 4110 3832 4164 illa
3864 4112 3946 4165 ci-

2352 4194 2486 4248 vitas
2527 4194 2781 4249 abscondi
2807 4197 3011 4263 nequit,
3039 4197 3116 4251 sic
3160 4197 3462 4264 praedicatio
3494 4199 3657 4253 taceri
3686 4209 3742 4254 et
3771 4202 3944 4256 latere

2350 4298 2457 4340 non
2484 4292 2676 4354 potest.
2704 4285 2836 4352 Quia
2863 4286 3004 4339 enim
3041 4286 3292 4356 loquutus
3320 4297 3437 4342 erat
3463 4288 3532 4344 de
3562 4293 3941 4361 persequutio-

2349 4378 2527 4444 nibus,
2559 4378 2625 4432 de
2655 4378 2970 4443 maledictis,
3013 4379 3080 4432 de
3106 4380 3332 4446 insidiis,
3370 4381 3435 4435 de
3463 4381 3650 4446 bellis;
3680 4397 3752 4438 ne
3778 4394 3936 4453 puta-

2349 4478 2466 4524 rent
2489 4468 2602 4524 btec
2624 4468 2730 4522 illis
2760 4483 2916 4538 posse
2937 4483 2997 4523 os
3019 4469 3319 4535 obstruere,
3343 4470 3589 4526 ﬁduciam
3611 4473 3716 4528 illis
3741 4474 3942 4530 indens

2346 4561 2440 4624 ait,
2468 4560 2896 4630 przedicationem
2945 4575 3051 4615 non
3087 4562 3245 4615 modo
3280 4577 3384 4616 non
3416 4562 3580 4619 latere
3609 4578 3803 4634 posse,
3838 4569 3936 4623 sed

2347 4659 2400 4703 et
2427 4657 2589 4703 totum
2620 4650 2802 4717 orbem
2831 4650 3210 4706 illustraturam
3239 4666 3377 4706 esse.
3409 4651 3636 4723 Ideoque
3660 4655 3734 4709 illi
3767 4657 3935 4712 etiam

2347 4748 2503 4795 erunt
2547 4742 2811 4809 conspicui
2852 4750 2904 4796 et
2951 4740 3206 4811 insignes.
3255 4741 3387 4797 Hinc
3432 4744 3590 4813 igitur
3634 4748 3930 4814 potentiae:

2347 4845 2493 4885 suam
2522 4832 2782 4894 ostendit;
2825 4848 2890 4887 cr.
2920 4833 3265 4900 sequentibus
3292 4848 3418 4888 vero
3450 4834 3694 4890 fiduciam
3727 4839 3798 4893 ab
3825 4838 3936 4894 illis

2345 4923 2506 4992 exigit
2539 4921 2823 4999 itis'verbis
2851 4941 2865 4978 :
2911 4921 3088 4990 Neque
3113 4925 3389 4979 accendunt
3420 4927 3694 4990 lucernam,
3741 4937 3788 4980 et
3831 4947 3930 4995 po-

2343 5025 2470 5068 nunt
2500 5032 2608 5068 eam
2631 5016 2720 5069 sub
2746 5015 2932 5079 modio,
2958 5015 3044 5068 sed
3067 5032 3221 5085 super
3257 5017 3632 5082 candelabrum,
3665 5027 3718 5070 ut
3761 5020 3933 5073 luceat

2343 5107 2573 5160 omnibus
2600 5108 2686 5176 qui
2724 5109 2777 5160 in
2820 5107 2968 5160 domo
3002 5119 3136 5160 sunt.
3191 5107 3275 5161 16.
3326 5107 3416 5162 Sic
3457 5109 3617 5161 luceat
3645 5110 3736 5163 tua:
3761 5121 3932 5164 vestra

2340 5214 2510 5252 coram
2540 5198 2839 5264 hominibus,
2866 5207 2920 5251 ut
2948 5198 3142 5252 videant
3167 5215 3317 5266 opera
3356 5209 3517 5253 uestra
3547 5201 3694 5264 bona,
3735 5210 3780 5253 et
3807 5203 3929 5271 glo-

2338 5280 2542 5361 riﬁcen?
2581 5290 2785 5346 Patrem
2834 5302 3045 5345 vestrum
3076 5293 3161 5362 qui
3203 5293 3254 5345 in
3283 5293 3418 5346 cretis
3465 5303 3556 5346 est.
3611 5292 3724 5362 Ego
3753 5295 3926 5354 enim.

2341 5385 2528 5454 inquit,
2561 5385 2728 5439 lucem
2759 5384 2974 5438 accendi
3004 5401 3016 5437 :
3050 5393 3107 5438 ut
3133 5399 3260 5440 vero
3291 5393 3597 5452 perseveret
3623 5386 3842 5450 ardens,
3872 5387 3926 5439 id

2338 5475 2402 5528 ad
2434 5485 2661 5530 vestram
2698 5476 3021 5546 diligentiam
3052 5476 3318 5545 pertinet;
3350 5489 3455 5530 non
3500 5476 3662 5531 vestri
3715 5485 3926 5529 tantum

2338 5580 2518 5632 causa,
2550 5565 2642 5620 sed
2681 5577 2735 5620 et
2775 5567 2986 5621 illorum
3024 5566 3192 5636 gratia
3223 5567 3312 5636 qui
3342 5565 3441 5622 hac
3473 5568 3744 5637 potientur
3775 5565 3926 5635 lucc,

2338 5665 2391 5711 et
2431 5657 2495 5711 ad
2542 5659 2818 5712 veritatem
2850 5657 3198 5712 deducentur.
3245 5657 3428 5729 Neque
3476 5659 3618 5712 enim
3671 5668 3932 5728 poterunt

2340 5747 2616 5804 maledicta
2670 5759 2904 5803 vestrum
2954 5748 3240 5806 obscurare
3288 5751 3626 5821 splendorem
3674 5769 3688 5805 :
3735 5751 3781 5805 si
3818 5764 3923 5808 vos
