  <div class='ocr_page' id='page_1' title='image "/cluster/home/n/w/nwhite01/storage/ocr_20150623/57/pst.000005712564/162.png"; bbox 0 0 4124 6302; ppageno 0'>
   <div class='ocr_carea' id='block_1_1' title="bbox 247 358 360 415">
    <p class='ocr_par' dir='ltr' id='par_1_1' title="bbox 247 358 360 415">
     <span class='ocr_line' id='line_1_1' title="bbox 247 358 360 415; baseline -0.018 0"><span class='ocrx_word' id='word_1_1' title='bbox 247 358 360 415; x_wconf 66' lang='lat'><strong>2‘53</strong></span> 
     </span>
    </p>
   </div>
   <div class='ocr_carea' id='block_1_2' title="bbox 257 444 1854 527">
    <p class='ocr_par' dir='ltr' id='par_1_2' title="bbox 257 444 1854 527">
     <span class='ocr_line' id='line_1_2' title="bbox 257 444 1854 527; baseline -0.02 -2"><span class='ocrx_word' id='word_1_2' title='bbox 257 474 512 527; x_wconf 73' lang='lat' dir='ltr'><strong>accurate</strong></span> <span class='ocrx_word' id='word_1_3' title='bbox 543 462 706 518; x_wconf 88' lang='lat' dir='ltr'><strong>vitam</strong></span> <span class='ocrx_word' id='word_1_4' title='bbox 726 454 1037 516; x_wconf 81' lang='lat' dir='ltr'><strong>instituatis,</strong></span> <span class='ocrx_word' id='word_1_5' title='bbox 1057 461 1220 522; x_wconf 86' lang='lat' dir='ltr'><strong>atque</strong></span> <span class='ocrx_word' id='word_1_6' title='bbox 1243 448 1528 512; x_wconf 88' lang='lat' dir='ltr'><strong>illomodo,</strong></span> <span class='ocrx_word' id='word_1_7' title='bbox 1566 455 1626 500; x_wconf 92' lang='lat' dir='ltr'><strong>ut</strong></span> <span class='ocrx_word' id='word_1_8' title='bbox 1649 444 1739 514; x_wconf 88' lang='lat' dir='ltr'><strong>qni</strong></span> <span class='ocrx_word' id='word_1_9' title='bbox 1774 451 1854 496; x_wconf 90' lang='lat' dir='ltr'><strong>to-</strong></span> 
     </span>
    </p>
   </div>
   <div class='ocr_carea' id='block_1_3' title="bbox 258 535 1854 616">
    <p class='ocr_par' dir='ltr' id='par_1_3' title="bbox 258 535 1854 616">
     <span class='ocr_line' id='line_1_3' title="bbox 258 535 1854 616; baseline -0.021 0"><span class='ocrx_word' id='word_1_10' title='bbox 258 569 374 616; x_wconf 91' lang='lat' dir='ltr'><strong>tum</strong></span> <span class='ocrx_word' id='word_1_11' title='bbox 404 556 591 612; x_wconf 89' lang='lat' dir='ltr'><strong>orbem</strong></span> <span class='ocrx_word' id='word_1_12' title='bbox 616 557 933 608; x_wconf 76' lang='lat' dir='ltr'><strong>convertere</strong></span> <span class='ocrx_word' id='word_1_13' title='bbox 958 542 1226 600; x_wconf 74' lang='lat' dir='ltr'><strong>debeatis.</strong></span> <span class='ocrx_word' id='word_1_14' title='bbox 1255 540 1478 610; x_wconf 81' lang='lat' dir='ltr'><strong>Dignam</strong></span> <span class='ocrx_word' id='word_1_15' title='bbox 1508 535 1669 606; x_wconf 83' lang='lat' dir='ltr'><strong>igitur</strong></span> <span class='ocrx_word' id='word_1_16' title='bbox 1705 539 1854 584; x_wconf 82' lang='lat' dir='ltr'><strong>tanta</strong></span> 
     </span>
    </p>
   </div>
   <div class='ocr_carea' id='block_1_4' title="bbox 257 622 1859 721">
    <p class='ocr_par' dir='ltr' id='par_1_4' title="bbox 257 622 1859 721">
     <span class='ocr_line' id='line_1_4' title="bbox 257 622 1859 721; baseline -0.019 -17"><span class='ocrx_word' id='word_1_17' title='bbox 257 647 433 721; x_wconf 80' lang='lat' dir='ltr'><strong>gratia</strong></span> <span class='ocrx_word' id='word_1_18' title='bbox 460 644 714 702; x_wconf 73' lang='lat' dir='ltr'><strong>exhibete</strong></span> <span class='ocrx_word' id='word_1_19' title='bbox 757 639 944 702; x_wconf 88' lang='lat' dir='ltr'><strong>vitam,</strong></span> <span class='ocrx_word' id='word_1_20' title='bbox 974 643 1032 690; x_wconf 89' lang='lat' dir='ltr'><strong>ut</strong></span> <span class='ocrx_word' id='word_1_21' title='bbox 1070 634 1211 689; x_wconf 90' lang='lat' dir='ltr'><strong>sicut</strong></span> <span class='ocrx_word' id='word_1_22' title='bbox 1241 631 1328 686; x_wconf 85' lang='lat' dir='ltr'><strong>illa</strong></span> <span class='ocrx_word' id='word_1_23' title='bbox 1356 627 1552 721; x_wconf 81' lang='lat' dir='ltr'><strong>ubique</strong></span> <span class='ocrx_word' id='word_1_24' title='bbox 1601 622 1859 721; x_wconf 68' lang='lat' dir='ltr'><strong>priedica-</strong></span> 
     </span>
    </p>
   </div>
   <div class='ocr_carea' id='block_1_5' title="bbox 263 715 1862 805">
    <p class='ocr_par' dir='ltr' id='par_1_5' title="bbox 263 715 1862 805">
     <span class='ocr_line' id='line_1_5' title="bbox 263 715 1862 805; baseline -0.019 -8"><span class='ocrx_word' id='word_1_25' title='bbox 263 715 374 805; x_wconf 64' lang='lat' dir='ltr'><strong>iur,</strong></span> <span class='ocrx_word' id='word_1_26' title='bbox 401 740 478 795; x_wconf 87' lang='lat' dir='ltr'><strong>sic</strong></span> <span class='ocrx_word' id='word_1_27' title='bbox 497 746 552 792; x_wconf 91' lang='lat' dir='ltr'><strong>et</strong></span> <span class='ocrx_word' id='word_1_28' title='bbox 581 735 844 788; x_wconf 49' lang='lat' dir='ltr'><strong>hicc’cum</strong></span> <span class='ocrx_word' id='word_1_29' title='bbox 873 729 960 784; x_wconf 89' lang='lat' dir='ltr'><strong>illa</strong></span> <span class='ocrx_word' id='word_1_30' title='bbox 991 731 1297 782; x_wconf 73' lang='lat' dir='ltr'><strong>concurrat.</strong></span> <span class='ocrx_word' id='word_1_31' title='bbox 1336 718 1541 776; x_wconf 80' lang='lat' dir='ltr'><strong>Deinde</strong></span> <span class='ocrx_word' id='word_1_32' title='bbox 1565 715 1708 774; x_wconf 92' lang='lat' dir='ltr'><strong>aliud</strong></span> 
     </span>
    </p>
   </div>
   <div class='ocr_carea' id='block_1_6' title="bbox 264 804 1859 888">
    <p class='ocr_par' dir='ltr' id='par_1_6' title="bbox 264 804 1859 888">
     <span class='ocr_line' id='line_1_6' title="bbox 264 804 1859 888; baseline -0.018 -1"><span class='ocrx_word' id='word_1_33' title='bbox 264 804 544 887; x_wconf 83' lang='lat' dir='ltr'><strong>hominum</strong></span> <span class='ocrx_word' id='word_1_34' title='bbox 569 810 795 882; x_wconf 84' lang='lat' dir='ltr'><strong>salutem</strong></span> <span class='ocrx_word' id='word_1_35' title='bbox 823 822 1032 877; x_wconf 87' lang='lat' dir='ltr'><strong>lucrum</strong></span> <span class='ocrx_word' id='word_1_36' title='bbox 1062 817 1232 888; x_wconf 90' lang='lat' dir='ltr'><strong>ponit,</strong></span> <span class='ocrx_word' id='word_1_37' title='bbox 1260 811 1400 884; x_wconf 87' lang='lat' dir='ltr'><strong>quod</strong></span> <span class='ocrx_word' id='word_1_38' title='bbox 1436 818 1619 882; x_wconf 88' lang='lat' dir='ltr'><strong>posset</strong></span> <span class='ocrx_word' id='word_1_39' title='bbox 1647 807 1767 862; x_wconf 88' lang='lat' dir='ltr'><strong>illos</strong></span> <span class='ocrx_word' id='word_1_40' title='bbox 1792 804 1859 858; x_wconf 86' lang='lat' dir='ltr'><strong>ad</strong></span> 
     </span>
    </p>
   </div>
   <div class='ocr_carea' id='block_1_7' title="bbox 219 900 1857 991">
    <p class='ocr_par' dir='ltr' id='par_1_7' title="bbox 219 900 1857 991">
     <span class='ocr_line' id='line_1_7' title="bbox 219 900 1857 991; baseline -0.018 -12"><span class='ocrx_word' id='word_1_41' title='bbox 219 910 223 916; x_wconf 72' lang='grc'><em>’</em></span> <span class='ocrx_word' id='word_1_42' title='bbox 261 923 523 991; x_wconf 78' lang='lat' dir='ltr'><strong>majorem</strong></span> <span class='ocrx_word' id='word_1_43' title='bbox 560 911 978 971; x_wconf 76' lang='lat' dir='ltr'><strong>sollicitudinem</strong></span> <span class='ocrx_word' id='word_1_44' title='bbox 1003 905 1479 974; x_wconf 85' lang='lat' dir='ltr'><strong>omnimodumque</strong></span> <span class='ocrx_word' id='word_1_45' title='bbox 1504 900 1738 957; x_wconf 87' lang='lat' dir='ltr'><strong>studium</strong></span> <span class='ocrx_word' id='word_1_46' title='bbox 1766 913 1857 952; x_wconf 87' lang='lat' dir='ltr'><strong>ex-</strong></span> 
     </span>
    </p>
   </div>
   <div class='ocr_carea' id='block_1_8' title="bbox 260 991 1859 1074">
    <p class='ocr_par' dir='ltr' id='par_1_8' title="bbox 260 991 1859 1074">
     <span class='ocr_line' id='line_1_8' title="bbox 260 991 1859 1074; baseline -0.014 -8"><span class='ocrx_word' id='word_1_47' title='bbox 260 1015 456 1069; x_wconf 81' lang='lat' dir='ltr'><strong>citare.</strong></span> <span class='ocrx_word' id='word_1_48' title='bbox 482 1009 615 1074; x_wconf 85' lang='lat' dir='ltr'><strong>Nam</strong></span> <span class='ocrx_word' id='word_1_49' title='bbox 642 1007 687 1062; x_wconf 87' lang='lat' dir='ltr'><strong>si</strong></span> <span class='ocrx_word' id='word_1_50' title='bbox 728 1013 876 1061; x_wconf 90' lang='lat' dir='ltr'><strong>recte</strong></span> <span class='ocrx_word' id='word_1_51' title='bbox 897 1000 1108 1064; x_wconf 85' lang='lat' dir='ltr'><strong>vivatis,</strong></span> <span class='ocrx_word' id='word_1_52' title='bbox 1138 996 1334 1069; x_wconf 83' lang='lat' dir='ltr'><strong>inquit,</strong></span> <span class='ocrx_word' id='word_1_53' title='bbox 1357 1010 1470 1051; x_wconf 92' lang='lat' dir='ltr'><strong>non</strong></span> <span class='ocrx_word' id='word_1_54' title='bbox 1498 991 1662 1049; x_wconf 90' lang='lat' dir='ltr'><strong>modo</strong></span> <span class='ocrx_word' id='word_1_55' title='bbox 1689 999 1859 1045; x_wconf 91' lang='lat' dir='ltr'><strong>totum</strong></span> 
     </span>
    </p>
   </div>
   <div class='ocr_carea' id='block_1_9' title="bbox 260 1081 1861 1162">
    <p class='ocr_par' dir='ltr' id='par_1_9' title="bbox 260 1081 1861 1162">
     <span class='ocr_line' id='line_1_9' title="bbox 260 1081 1861 1162; baseline -0.015 -2"><span class='ocrx_word' id='word_1_56' title='bbox 260 1102 452 1160; x_wconf 87' lang='lat' dir='ltr'><strong>orbem</strong></span> <span class='ocrx_word' id='word_1_57' title='bbox 498 1097 878 1162; x_wconf 85' lang='lat' dir='ltr'><strong>emendabitis,</strong></span> <span class='ocrx_word' id='word_1_58' title='bbox 906 1092 1003 1149; x_wconf 85' lang='lat' dir='ltr'><strong>sed</strong></span> <span class='ocrx_word' id='word_1_59' title='bbox 1045 1091 1209 1148; x_wconf 86' lang='lat' dir='ltr'><strong>etiam</strong></span> <span class='ocrx_word' id='word_1_60' title='bbox 1252 1087 1307 1144; x_wconf 88' lang='lat' dir='ltr'><strong>id</strong></span> <span class='ocrx_word' id='word_1_61' title='bbox 1332 1084 1583 1144; x_wconf 73' lang='lat' dir='ltr'><strong>efﬁcietis</strong></span> <span class='ocrx_word' id='word_1_62' title='bbox 1618 1091 1678 1138; x_wconf 95' lang='lat' dir='ltr'><strong>ut</strong></span> <span class='ocrx_word' id='word_1_63' title='bbox 1719 1081 1861 1136; x_wconf 88' lang='lat' dir='ltr'><strong>Dens</strong></span> 
     </span>
    </p>
   </div>
   <div class='ocr_carea' id='block_1_10' title="bbox 260 1175 1863 1266">
    <p class='ocr_par' dir='ltr' id='par_1_10' title="bbox 260 1175 1863 1266">
     <span class='ocr_line' id='line_1_10' title="bbox 260 1175 1863 1266; baseline -0.015 -17"><span class='ocrx_word' id='word_1_64' title='bbox 260 1193 591 1266; x_wconf 82' lang='lat' dir='ltr'><strong>gloriﬁeetur</strong></span> <span class='ocrx_word' id='word_1_65' title='bbox 615 1207 630 1243; x_wconf 90' lang='lat'><strong>:</strong></span> <span class='ocrx_word' id='word_1_66' title='bbox 660 1189 705 1244; x_wconf 86' lang='lat' dir='ltr'><strong>si</strong></span> <span class='ocrx_word' id='word_1_67' title='bbox 733 1201 869 1243; x_wconf 90' lang='lat' dir='ltr'><strong>vero</strong></span> <span class='ocrx_word' id='word_1_68' title='bbox 895 1193 1083 1241; x_wconf 90' lang='lat' dir='ltr'><strong>contra</strong></span> <span class='ocrx_word' id='word_1_69' title='bbox 1109 1180 1369 1243; x_wconf 88' lang='lat' dir='ltr'><strong>feceritis,</strong></span> <span class='ocrx_word' id='word_1_70' title='bbox 1389 1187 1446 1233; x_wconf 90' lang='lat' dir='ltr'><strong>ct</strong></span> <span class='ocrx_word' id='word_1_71' title='bbox 1471 1175 1720 1232; x_wconf 78' lang='lat' dir='ltr'><strong>homines</strong></span> <span class='ocrx_word' id='word_1_72' title='bbox 1741 1188 1863 1243; x_wconf 88' lang='lat' dir='ltr'><strong>pcr-</strong></span> 
     </span>
    </p>
   </div>
   <div class='ocr_carea' id='block_1_11' title="bbox 259 1270 1586 1351">
    <p class='ocr_par' dir='ltr' id='par_1_11' title="bbox 259 1270 1586 1351">
     <span class='ocr_line' id='line_1_11' title="bbox 259 1270 1586 1351; baseline -0.015 -11"><span class='ocrx_word' id='word_1_73' title='bbox 259 1283 425 1348; x_wconf 90' lang='lat' dir='ltr'><strong>detis,</strong></span> <span class='ocrx_word' id='word_1_74' title='bbox 453 1282 614 1351; x_wconf 84' lang='lat' dir='ltr'><strong>idque</strong></span> <span class='ocrx_word' id='word_1_75' title='bbox 636 1277 884 1335; x_wconf 76' lang='lat' dir='ltr'><strong>efﬁcietis</strong></span> <span class='ocrx_word' id='word_1_76' title='bbox 914 1285 970 1329; x_wconf 89' lang='lat' dir='ltr'><strong>ut</strong></span> <span class='ocrx_word' id='word_1_77' title='bbox 997 1275 1136 1328; x_wconf 84' lang='lat' dir='ltr'><strong>Deus</strong></span> <span class='ocrx_word' id='word_1_78' title='bbox 1163 1270 1586 1340; x_wconf 85' lang='lat' dir='ltr'><strong>blasphemetur.</strong></span> 
     </span>
    </p>
   </div>
   <div class='ocr_carea' id='block_1_12' title="bbox 335 1357 1862 1438">
    <p class='ocr_par' dir='ltr' id='par_1_12' title="bbox 335 1357 1862 1438">
     <span class='ocr_line' id='line_1_12' title="bbox 335 1357 1862 1438; baseline -0.014 -9"><span class='ocrx_word' id='word_1_79' title='bbox 335 1375 394 1429; x_wconf 88' lang='lat'><strong>8.</strong></span> <span class='ocrx_word' id='word_1_80' title='bbox 433 1371 601 1426; x_wconf 76' lang='lat' dir='ltr'><strong>Virtus</strong></span> <span class='ocrx_word' id='word_1_81' title='bbox 643 1371 798 1424; x_wconf 76' lang='lat' dir='ltr'><strong>latere</strong></span> <span class='ocrx_word' id='word_1_82' title='bbox 832 1366 1038 1438; x_wconf 64' lang='lat' dir='ltr'><strong>inquit;</strong></span> <span class='ocrx_word' id='word_1_83' title='bbox 1079 1363 1223 1418; x_wconf 71' lang='lat' dir='ltr'><strong>illam</strong></span> <span class='ocrx_word' id='word_1_84' title='bbox 1259 1358 1475 1429; x_wconf 79' lang='lat' dir='ltr'><strong>improbi</strong></span> <span class='ocrx_word' id='word_1_85' title='bbox 1517 1359 1618 1428; x_wconf 80' lang='lat' dir='ltr'><strong>ipsi</strong></span> <span class='ocrx_word' id='word_1_86' title='bbox 1644 1357 1703 1410; x_wconf 80' lang='lat' dir='ltr'><strong>in</strong></span> <span class='ocrx_word' id='word_1_87' title='bbox 1735 1371 1862 1409; x_wconf 77' lang='lat' dir='ltr'><strong>con-</strong></span> 
     </span>
    </p>
   </div>
   <div class='ocr_carea' id='block_1_13' title="bbox 261 1449 1861 1525">
    <p class='ocr_par' dir='ltr' id='par_1_13' title="bbox 261 1449 1861 1525">
     <span class='ocr_line' id='line_1_13' title="bbox 261 1449 1861 1525; baseline -0.014 -6"><span class='ocrx_word' id='word_1_88' title='bbox 261 1465 475 1520; x_wconf 76' lang='lat' dir='ltr'><strong>scientia</strong></span> <span class='ocrx_word' id='word_1_89' title='bbox 501 1479 596 1516; x_wconf 73' lang='lat' dir='ltr'><strong>sua</strong></span> <span class='ocrx_word' id='word_1_90' title='bbox 621 1462 853 1515; x_wconf 79' lang='lat' dir='ltr'><strong>laudant.</strong></span> <span class='ocrx_word' id='word_1_91' title='bbox 885 1456 931 1511; x_wconf 66' lang='grc' dir='ltr'><strong><em>ρ</em></strong></span> <span class='ocrx_word' id='word_1_92' title='bbox 933 1459 1052 1512; x_wconf 79' lang='lat' dir='ltr'><strong>ilius</strong></span> <span class='ocrx_word' id='word_1_93' title='bbox 1092 1454 1307 1525; x_wconf 67' lang='lat' dir='ltr'><strong>aqualis</strong></span> <span class='ocrx_word' id='word_1_94' title='bbox 1337 1450 1504 1505; x_wconf 88' lang='lat' dir='ltr'><strong>Patri.</strong></span> <span class='ocrx_word' id='word_1_95' title='bbox 1533 1479 1604 1491; x_wconf 90' lang='lat'><strong>-—</strong></span> <span class='ocrx_word' id='word_1_96' title='bbox 1630 1449 1695 1504; x_wconf 79' lang='lat' dir='ltr'><strong>Et</strong></span> <span class='ocrx_word' id='word_1_97' title='bbox 1723 1463 1861 1519; x_wconf 74' lang='lat' dir='ltr'><strong>quo.-</strong></span> 
     </span>
    </p>
   </div>
   <div class='ocr_carea' id='block_1_14' title="bbox 261 1540 1860 1624">
    <p class='ocr_par' dir='ltr' id='par_1_14' title="bbox 261 1540 1860 1624">
     <span class='ocr_line' id='line_1_14' title="bbox 261 1540 1860 1624; baseline -0.012 -12"><span class='ocrx_word' id='word_1_98' title='bbox 261 1557 448 1622; x_wconf 82' lang='lat' dir='ltr'><strong>tnodo,</strong></span> <span class='ocrx_word' id='word_1_99' title='bbox 501 1554 727 1624; x_wconf 85' lang='lat' dir='ltr'><strong>inquies,</strong></span> <span class='ocrx_word' id='word_1_100' title='bbox 785 1566 882 1620; x_wconf 87' lang='lat' dir='ltr'><strong>per</strong></span> <span class='ocrx_word' id='word_1_101' title='bbox 911 1565 1008 1603; x_wconf 90' lang='lat' dir='ltr'><strong>nos</strong></span> <span class='ocrx_word' id='word_1_102' title='bbox 1054 1544 1441 1619; x_wconf 81' lang='lat' dir='ltr'><strong>glorificabitur</strong></span> <span class='ocrx_word' id='word_1_103' title='bbox 1494 1541 1759 1604; x_wconf 79' lang='lat' dir='ltr'><strong>Christus,</strong></span> <span class='ocrx_word' id='word_1_104' title='bbox 1815 1540 1860 1594; x_wconf 89' lang='lat' dir='ltr'><strong>si</strong></span> 
     </span>
    </p>
   </div>
   <div class='ocr_carea' id='block_1_15' title="bbox 263 1631 1862 1704">
    <p class='ocr_par' dir='ltr' id='par_1_15' title="bbox 263 1631 1862 1704">
     <span class='ocr_line' id='line_1_15' title="bbox 263 1631 1862 1704; baseline -0.012 0"><span class='ocrx_word' id='word_1_105' title='bbox 263 1647 425 1704; x_wconf 82' lang='lat' dir='ltr'><strong>nobis</strong></span> <span class='ocrx_word' id='word_1_106' title='bbox 451 1644 695 1699; x_wconf 77' lang='lat' dir='ltr'><strong>homines</strong></span> <span class='ocrx_word' id='word_1_107' title='bbox 719 1639 1051 1696; x_wconf 86' lang='lat' dir='ltr'><strong>maledicturi</strong></span> <span class='ocrx_word' id='word_1_108' title='bbox 1082 1637 1234 1691; x_wconf 80' lang='lat' dir='ltr'><strong>sint?</strong></span> <span class='ocrx_word' id='word_1_109' title='bbox 1263 1637 1334 1690; x_wconf 79' lang='grc' dir='ltr'><strong>ΔΙ.</strong></span> <span class='ocrx_word' id='word_1_110' title='bbox 1365 1648 1470 1688; x_wconf 78' lang='lat' dir='ltr'><strong>non</strong></span> <span class='ocrx_word' id='word_1_111' title='bbox 1497 1647 1686 1687; x_wconf 88' lang='lat' dir='ltr'><strong>omnes</strong></span> <span class='ocrx_word' id='word_1_112' title='bbox 1710 1646 1726 1693; x_wconf 89' lang='lat'><strong>;</strong></span> <span class='ocrx_word' id='word_1_113' title='bbox 1755 1631 1862 1685; x_wconf 89' lang='lat' dir='ltr'><strong>imo</strong></span> 
     </span>
    </p>
   </div>
   <div class='ocr_carea' id='block_1_16' title="bbox 269 1720 1858 1806">
    <p class='ocr_par' dir='ltr' id='par_1_16' title="bbox 269 1720 1858 1806">
     <span class='ocr_line' id='line_1_16' title="bbox 269 1720 1858 1806; baseline -0.013 -12"><span class='ocrx_word' id='word_1_114' title='bbox 269 1738 364 1806; x_wconf 81' lang='lat' dir='ltr'><strong>qui</strong></span> <span class='ocrx_word' id='word_1_115' title='bbox 384 1737 438 1792; x_wconf 90' lang='lat' dir='ltr'><strong>id</strong></span> <span class='ocrx_word' id='word_1_116' title='bbox 464 1735 677 1799; x_wconf 87' lang='lat' dir='ltr'><strong>facient,</strong></span> <span class='ocrx_word' id='word_1_117' title='bbox 708 1734 760 1788; x_wconf 87' lang='lat' dir='ltr'><strong>id</strong></span> <span class='ocrx_word' id='word_1_118' title='bbox 791 1746 860 1787; x_wconf 87' lang='lat' dir='ltr'><strong>ex</strong></span> <span class='ocrx_word' id='word_1_119' title='bbox 887 1729 1083 1785; x_wconf 89' lang='lat' dir='ltr'><strong>invidia</strong></span> <span class='ocrx_word' id='word_1_120' title='bbox 1113 1727 1348 1782; x_wconf 87' lang='lat' dir='ltr'><strong>facient:</strong></span> <span class='ocrx_word' id='word_1_121' title='bbox 1373 1723 1536 1778; x_wconf 82' lang='lat' dir='ltr'><strong>invidi</strong></span> <span class='ocrx_word' id='word_1_122' title='bbox 1569 1731 1751 1777; x_wconf 89' lang='lat' dir='ltr'><strong>autem</strong></span> <span class='ocrx_word' id='word_1_123' title='bbox 1778 1720 1858 1775; x_wconf 92' lang='lat' dir='ltr'><strong>illi</strong></span> 
     </span>
    </p>
   </div>
   <div class='ocr_carea' id='block_1_17' title="bbox 264 1813 1858 1887">
    <p class='ocr_par' dir='ltr' id='par_1_17' title="bbox 264 1813 1858 1887">
     <span class='ocr_line' id='line_1_17' title="bbox 264 1813 1858 1887; baseline -0.013 0"><span class='ocrx_word' id='word_1_124' title='bbox 264 1831 323 1887; x_wconf 88' lang='lat' dir='ltr'><strong>in</strong></span> <span class='ocrx_word' id='word_1_125' title='bbox 347 1827 683 1885; x_wconf 86' lang='lat' dir='ltr'><strong>conscientia</strong></span> <span class='ocrx_word' id='word_1_126' title='bbox 724 1839 823 1880; x_wconf 86' lang='lat' dir='ltr'><strong>sua</strong></span> <span class='ocrx_word' id='word_1_127' title='bbox 850 1837 944 1877; x_wconf 76' lang='lat' dir='ltr'><strong>vos</strong></span> <span class='ocrx_word' id='word_1_128' title='bbox 972 1821 1308 1875; x_wconf 89' lang='lat' dir='ltr'><strong>mirabuntur</strong></span> <span class='ocrx_word' id='word_1_129' title='bbox 1334 1827 1497 1887; x_wconf 87' lang='lat' dir='ltr'><strong>atque</strong></span> <span class='ocrx_word' id='word_1_130' title='bbox 1520 1813 1814 1885; x_wconf 86' lang='lat' dir='ltr'><strong>suspicient</strong></span> <span class='ocrx_word' id='word_1_131' title='bbox 1844 1831 1858 1867; x_wconf 90' lang='lat'><strong>:</strong></span> 
     </span>
    </p>
   </div>
   <div class='ocr_carea' id='block_1_18' title="bbox 259 1907 1862 1994">
    <p class='ocr_par' dir='ltr' id='par_1_18' title="bbox 259 1907 1862 1994">
     <span class='ocr_line' id='line_1_18' title="bbox 259 1907 1862 1994; baseline -0.012 -15"><span class='ocrx_word' id='word_1_132' title='bbox 259 1919 718 1994; x_wconf 78' lang='lat' dir='ltr'><strong>quemadmodum</strong></span> <span class='ocrx_word' id='word_1_133' title='bbox 755 1926 808 1970; x_wconf 89' lang='lat' dir='ltr'><strong>et</strong></span> <span class='ocrx_word' id='word_1_134' title='bbox 839 1917 872 1970; x_wconf 91' lang='lat' dir='ltr'><strong>ii</strong></span> <span class='ocrx_word' id='word_1_135' title='bbox 909 1914 1000 1985; x_wconf 92' lang='lat' dir='ltr'><strong>qui</strong></span> <span class='ocrx_word' id='word_1_136' title='bbox 1030 1912 1209 1984; x_wconf 84' lang='lat' dir='ltr'><strong>palam</strong></span> <span class='ocrx_word' id='word_1_137' title='bbox 1258 1908 1517 1981; x_wconf 80' lang='lat' dir='ltr'><strong>improbis</strong></span> <span class='ocrx_word' id='word_1_138' title='bbox 1551 1907 1862 1972; x_wconf 75' lang='lat' dir='ltr'><strong>adulantur,</strong></span> 
     </span>
    </p>
   </div>
   <div class='ocr_carea' id='block_1_19' title="bbox 265 1999 1863 2072">
    <p class='ocr_par' dir='ltr' id='par_1_19' title="bbox 265 1999 1863 2072">
     <span class='ocr_line' id='line_1_19' title="bbox 265 1999 1863 2072; baseline -0.012 -2"><span class='ocrx_word' id='word_1_139' title='bbox 265 2021 450 2070; x_wconf 88' lang='lat' dir='ltr'><strong>mente</strong></span> <span class='ocrx_word' id='word_1_140' title='bbox 482 2010 700 2067; x_wconf 84' lang='lat' dir='ltr'><strong>eosdem</strong></span> <span class='ocrx_word' id='word_1_141' title='bbox 730 2008 1102 2063; x_wconf 88' lang='lat' dir='ltr'><strong>criminantur.</strong></span> <span class='ocrx_word' id='word_1_142' title='bbox 1149 2002 1288 2070; x_wconf 84' lang='lat' dir='ltr'><strong>Quid</strong></span> <span class='ocrx_word' id='word_1_143' title='bbox 1325 2016 1454 2072; x_wconf 83' lang='lat' dir='ltr'><strong>ergo</strong></span> <span class='ocrx_word' id='word_1_144' title='bbox 1483 1999 1764 2072; x_wconf 72' lang='lat' dir='ltr'><strong>prmcipis?</strong></span> <span class='ocrx_word' id='word_1_145' title='bbox 1793 2014 1863 2052; x_wconf 89' lang='lat' dir='ltr'><strong>an</strong></span> 
     </span>
    </p>
   </div>
   <div class='ocr_carea' id='block_1_20' title="bbox 264 2089 1856 2164">
    <p class='ocr_par' dir='ltr' id='par_1_20' title="bbox 264 2089 1856 2164">
     <span class='ocr_line' id='line_1_20' title="bbox 264 2089 1856 2164; baseline -0.013 -1"><span class='ocrx_word' id='word_1_146' title='bbox 264 2116 327 2164; x_wconf 89' lang='lat' dir='ltr'><strong>ut</strong></span> <span class='ocrx_word' id='word_1_147' title='bbox 350 2106 420 2161; x_wconf 87' lang='lat' dir='ltr'><strong>ad</strong></span> <span class='ocrx_word' id='word_1_148' title='bbox 444 2102 856 2161; x_wconf 82' lang='lat' dir='ltr'><strong>ostentationem</strong></span> <span class='ocrx_word' id='word_1_149' title='bbox 885 2107 940 2155; x_wconf 91' lang='lat' dir='ltr'><strong>et</strong></span> <span class='ocrx_word' id='word_1_150' title='bbox 977 2098 1200 2152; x_wconf 84' lang='lat' dir='ltr'><strong>honoris</strong></span> <span class='ocrx_word' id='word_1_151' title='bbox 1237 2093 1524 2164; x_wconf 87' lang='lat' dir='ltr'><strong>aucupium</strong></span> <span class='ocrx_word' id='word_1_152' title='bbox 1570 2089 1856 2146; x_wconf 78' lang='lat' dir='ltr'><strong>vivamus?</strong></span> 
     </span>
    </p>
   </div>
   <div class='ocr_carea' id='block_1_21' title="bbox 266 2181 1863 2262">
    <p class='ocr_par' dir='ltr' id='par_1_21' title="bbox 266 2181 1863 2262">
     <span class='ocr_line' id='line_1_21' title="bbox 266 2181 1863 2262; baseline -0.014 -6"><span class='ocrx_word' id='word_1_153' title='bbox 266 2199 455 2262; x_wconf 81' lang='lat' dir='ltr'><strong>Absit,</strong></span> <span class='ocrx_word' id='word_1_154' title='bbox 499 2210 606 2251; x_wconf 90' lang='lat' dir='ltr'><strong>non</strong></span> <span class='ocrx_word' id='word_1_155' title='bbox 649 2191 704 2248; x_wconf 91' lang='lat' dir='ltr'><strong>id</strong></span> <span class='ocrx_word' id='word_1_156' title='bbox 728 2191 868 2247; x_wconf 88' lang='lat' dir='ltr'><strong>dico.</strong></span> <span class='ocrx_word' id='word_1_157' title='bbox 898 2188 1082 2259; x_wconf 80' lang='lat' dir='ltr'><strong>Neque</strong></span> <span class='ocrx_word' id='word_1_158' title='bbox 1110 2185 1256 2242; x_wconf 91' lang='lat' dir='ltr'><strong>enim</strong></span> <span class='ocrx_word' id='word_1_159' title='bbox 1282 2185 1415 2249; x_wconf 92' lang='lat' dir='ltr'><strong>dixi,</strong></span> <span class='ocrx_word' id='word_1_160' title='bbox 1446 2182 1507 2239; x_wconf 88' lang='lat' dir='ltr'><strong>id</strong></span> <span class='ocrx_word' id='word_1_161' title='bbox 1537 2181 1770 2244; x_wconf 87' lang='lat' dir='ltr'><strong>studete,</strong></span> <span class='ocrx_word' id='word_1_162' title='bbox 1805 2189 1863 2234; x_wconf 91' lang='lat' dir='ltr'><strong>nt</strong></span> 
     </span>
    </p>
   </div>
   <div class='ocr_carea' id='block_1_22' title="bbox 265 2273 1862 2358">
    <p class='ocr_par' dir='ltr' id='par_1_22' title="bbox 265 2273 1862 2358">
     <span class='ocr_line' id='line_1_22' title="bbox 265 2273 1862 2358; baseline -0.014 -10"><span class='ocrx_word' id='word_1_163' title='bbox 265 2293 409 2348; x_wconf 87' lang='lat' dir='ltr'><strong>bona</strong></span> <span class='ocrx_word' id='word_1_164' title='bbox 439 2302 601 2358; x_wconf 83' lang='lat' dir='ltr'><strong>opera</strong></span> <span class='ocrx_word' id='word_1_165' title='bbox 629 2294 809 2340; x_wconf 81' lang='lat' dir='ltr'><strong>vestra</strong></span> <span class='ocrx_word' id='word_1_166' title='bbox 827 2283 878 2337; x_wconf 88' lang='lat' dir='ltr'><strong>in</strong></span> <span class='ocrx_word' id='word_1_167' title='bbox 911 2281 1144 2336; x_wconf 88' lang='lat' dir='ltr'><strong>medium</strong></span> <span class='ocrx_word' id='word_1_168' title='bbox 1175 2277 1467 2353; x_wconf 74' lang='lat' dir='ltr'><strong>proferatis.</strong></span> <span class='ocrx_word' id='word_1_169' title='bbox 1492 2295 1505 2331; x_wconf 89' lang='lat'><strong>:</strong></span> <span class='ocrx_word' id='word_1_170' title='bbox 1529 2290 1704 2346; x_wconf 87' lang='lat' dir='ltr'><strong>neque</strong></span> <span class='ocrx_word' id='word_1_171' title='bbox 1728 2273 1862 2338; x_wconf 88' lang='lat' dir='ltr'><strong>dixi,</strong></span> 
     </span>
    </p>
   </div>
   <div class='ocr_carea' id='block_1_23' title="bbox 269 2366 1860 2440">
    <p class='ocr_par' dir='ltr' id='par_1_23' title="bbox 269 2366 1860 2440">
     <span class='ocr_line' id='line_1_23' title="bbox 269 2366 1860 2440; baseline -0.015 1"><span class='ocrx_word' id='word_1_172' title='bbox 269 2379 636 2440; x_wconf 78' lang='lat' dir='ltr'><strong>Exhibeteilla</strong></span> <span class='ocrx_word' id='word_1_173' title='bbox 663 2375 817 2440; x_wconf 87' lang='lat' dir='ltr'><strong>;sed,</strong></span> <span class='ocrx_word' id='word_1_174' title='bbox 835 2371 1021 2428; x_wconf 76' lang='lat' dir='ltr'><strong>Lucem</strong></span> <span class='ocrx_word' id='word_1_175' title='bbox 1047 2371 1138 2425; x_wconf 72' lang='lat' dir='ltr'><strong>lux</strong></span> <span class='ocrx_word' id='word_1_176' title='bbox 1152 2379 1354 2433; x_wconf 74' lang='lat' dir='ltr'><strong>uestra;</strong></span> <span class='ocrx_word' id='word_1_177' title='bbox 1383 2367 1547 2422; x_wconf 91' lang='lat' dir='ltr'><strong>multa</strong></span> <span class='ocrx_word' id='word_1_178' title='bbox 1573 2366 1646 2422; x_wconf 89' lang='lat' dir='ltr'><strong>sit</strong></span> <span class='ocrx_word' id='word_1_179' title='bbox 1668 2366 1860 2432; x_wconf 86' lang='lat' dir='ltr'><strong>virtus,</strong></span> 
     </span>
    </p>
   </div>
   <div class='ocr_carea' id='block_1_24' title="bbox 263 2457 1860 2544">
    <p class='ocr_par' dir='ltr' id='par_1_24' title="bbox 263 2457 1860 2544">
     <span class='ocr_line' id='line_1_24' title="bbox 263 2457 1860 2544; baseline -0.012 -15"><span class='ocrx_word' id='word_1_180' title='bbox 263 2473 527 2544; x_wconf 88' lang='lat' dir='ltr'><strong>copiosus</strong></span> <span class='ocrx_word' id='word_1_181' title='bbox 543 2470 697 2540; x_wconf 82' lang='lat' dir='ltr'><strong>ignis,</strong></span> <span class='ocrx_word' id='word_1_182' title='bbox 731 2467 826 2520; x_wconf 86' lang='lat' dir='ltr'><strong>lux</strong></span> <span class='ocrx_word' id='word_1_183' title='bbox 849 2462 1149 2520; x_wconf 68' lang='lat' dir='ltr'><strong>ineliabilis.</strong></span> <span class='ocrx_word' id='word_1_184' title='bbox 1180 2458 1316 2516; x_wconf 84' lang='lat' dir='ltr'><strong>Cum</strong></span> <span class='ocrx_word' id='word_1_185' title='bbox 1345 2459 1490 2514; x_wconf 86' lang='lat' dir='ltr'><strong>enim</strong></span> <span class='ocrx_word' id='word_1_186' title='bbox 1517 2467 1664 2513; x_wconf 88' lang='lat' dir='ltr'><strong>tanta</strong></span> <span class='ocrx_word' id='word_1_187' title='bbox 1685 2457 1860 2511; x_wconf 88' lang='lat' dir='ltr'><strong>virtus</strong></span> 
     </span>
    </p>
   </div>
   <div class='ocr_carea' id='block_1_25' title="bbox 273 2546 1867 2629">
    <p class='ocr_par' dir='ltr' id='par_1_25' title="bbox 273 2546 1867 2629">
     <span class='ocr_line' id='line_1_25' title="bbox 273 2546 1867 2629; baseline -0.011 -10"><span class='ocrx_word' id='word_1_188' title='bbox 273 2564 364 2627; x_wconf 88' lang='lat' dir='ltr'><strong>sit,</strong></span> <span class='ocrx_word' id='word_1_189' title='bbox 399 2560 516 2618; x_wconf 84' lang='lat' dir='ltr'><strong>fieri</strong></span> <span class='ocrx_word' id='word_1_190' title='bbox 538 2575 646 2616; x_wconf 89' lang='lat' dir='ltr'><strong>non</strong></span> <span class='ocrx_word' id='word_1_191' title='bbox 662 2564 842 2629; x_wconf 86' lang='lat' dir='ltr'><strong>potest</strong></span> <span class='ocrx_word' id='word_1_192' title='bbox 866 2564 924 2609; x_wconf 93' lang='lat' dir='ltr'><strong>ut</strong></span> <span class='ocrx_word' id='word_1_193' title='bbox 943 2554 1126 2617; x_wconf 87' lang='lat' dir='ltr'><strong>lateat,</strong></span> <span class='ocrx_word' id='word_1_194' title='bbox 1155 2549 1369 2606; x_wconf 88' lang='lat' dir='ltr'><strong>etiamsi</strong></span> <span class='ocrx_word' id='word_1_195' title='bbox 1389 2549 1438 2603; x_wconf 89' lang='lat' dir='ltr'><strong>is</strong></span> <span class='ocrx_word' id='word_1_196' title='bbox 1455 2549 1546 2620; x_wconf 90' lang='lat' dir='ltr'><strong>qui</strong></span> <span class='ocrx_word' id='word_1_197' title='bbox 1568 2546 1714 2602; x_wconf 83' lang='lat' dir='ltr'><strong>illam</strong></span> <span class='ocrx_word' id='word_1_198' title='bbox 1742 2562 1867 2618; x_wconf 89' lang='lat' dir='ltr'><strong>pos-</strong></span> 
     </span>
    </p>
   </div>
   <div class='ocr_carea' id='block_1_26' title="bbox 264 2638 1866 2716">
    <p class='ocr_par' dir='ltr' id='par_1_26' title="bbox 264 2638 1866 2716">
     <span class='ocr_line' id='line_1_26' title="bbox 264 2638 1866 2716; baseline -0.012 -5"><span class='ocrx_word' id='word_1_199' title='bbox 264 2654 410 2711; x_wconf 85' lang='lat' dir='ltr'><strong>sidet</strong></span> <span class='ocrx_word' id='word_1_200' title='bbox 434 2693 449 2716; x_wconf 92' lang='lat'>.</span> <span class='ocrx_word' id='word_1_201' title='bbox 480 2646 788 2706; x_wconf 86' lang='lat' dir='ltr'><strong>omnimodo</strong></span> <span class='ocrx_word' id='word_1_202' title='bbox 815 2659 932 2702; x_wconf 87' lang='lat' dir='ltr'><strong>eam</strong></span> <span class='ocrx_word' id='word_1_203' title='bbox 963 2643 1251 2699; x_wconf 88' lang='lat' dir='ltr'><strong>obscuram</strong></span> <span class='ocrx_word' id='word_1_204' title='bbox 1277 2654 1399 2696; x_wconf 87' lang='lat' dir='ltr'><strong>esse</strong></span> <span class='ocrx_word' id='word_1_205' title='bbox 1425 2638 1576 2695; x_wconf 87' lang='lat' dir='ltr'><strong>velit.</strong></span> <span class='ocrx_word' id='word_1_206' title='bbox 1627 2638 1866 2708; x_wconf 86' lang='lat' dir='ltr'><strong>lrrepre-</strong></span> 
     </span>
    </p>
   </div>
   <div class='ocr_carea' id='block_1_27' title="bbox 267 2729 1869 2810">
    <p class='ocr_par' dir='ltr' id='par_1_27' title="bbox 267 2729 1869 2810">
     <span class='ocr_line' id='line_1_27' title="bbox 267 2729 1869 2810; baseline -0.012 -10"><span class='ocrx_word' id='word_1_207' title='bbox 267 2742 588 2801; x_wconf 85' lang='lat' dir='ltr'><strong>bensibilem</strong></span> <span class='ocrx_word' id='word_1_208' title='bbox 618 2739 777 2810; x_wconf 86' lang='lat' dir='ltr'><strong>igitur</strong></span> <span class='ocrx_word' id='word_1_209' title='bbox 797 2735 902 2792; x_wconf 84' lang='lat' dir='ltr'><strong>illis</strong></span> <span class='ocrx_word' id='word_1_210' title='bbox 925 2732 1176 2790; x_wconf 75' lang='lat' dir='ltr'><strong>exhibete</strong></span> <span class='ocrx_word' id='word_1_211' title='bbox 1203 2732 1388 2796; x_wconf 89' lang='lat' dir='ltr'><strong>vitam,</strong></span> <span class='ocrx_word' id='word_1_212' title='bbox 1428 2729 1732 2800; x_wconf 86' lang='lat' dir='ltr'><strong>nullamque</strong></span> <span class='ocrx_word' id='word_1_213' title='bbox 1775 2743 1869 2781; x_wconf 89' lang='lat' dir='ltr'><strong>vc-</strong></span> 
     </span>
    </p>
   </div>
   <div class='ocr_carea' id='block_1_28' title="bbox 265 2820 1879 2892">
    <p class='ocr_par' dir='ltr' id='par_1_28' title="bbox 265 2820 1879 2892">
     <span class='ocr_line' id='line_1_28' title="bbox 265 2820 1879 2892; baseline -0.01 -1"><span class='ocrx_word' id='word_1_214' title='bbox 265 2849 386 2892; x_wconf 86' lang='lat' dir='ltr'><strong>ram</strong></span> <span class='ocrx_word' id='word_1_215' title='bbox 415 2832 646 2888; x_wconf 87' lang='lat' dir='ltr'><strong>habeant</strong></span> <span class='ocrx_word' id='word_1_216' title='bbox 678 2827 961 2884; x_wconf 80' lang='lat' dir='ltr'><strong>accusandi</strong></span> <span class='ocrx_word' id='word_1_217' title='bbox 987 2823 1326 2881; x_wconf 84' lang='lat' dir='ltr'><strong>occasionem</strong></span> <span class='ocrx_word' id='word_1_218' title='bbox 1348 2839 1364 2887; x_wconf 86' lang='lat'><strong>;</strong></span> <span class='ocrx_word' id='word_1_219' title='bbox 1386 2821 1596 2878; x_wconf 89' lang='lat' dir='ltr'><strong>etiamsi</strong></span> <span class='ocrx_word' id='word_1_220' title='bbox 1625 2820 1879 2877; x_wconf 86' lang='lat' dir='ltr'><strong>sexcenti-</strong></span> 
     </span>
    </p>
   </div>
   <div class='ocr_carea' id='block_1_29' title="bbox 271 2909 1869 2990">
    <p class='ocr_par' dir='ltr' id='par_1_29' title="bbox 271 2909 1869 2990">
     <span class='ocr_line' id='line_1_29' title="bbox 271 2909 1869 2990; baseline -0.011 -9"><span class='ocrx_word' id='word_1_221' title='bbox 271 2934 614 2981; x_wconf 86' lang='lat' dir='ltr'><strong>accusatores</strong></span> <span class='ocrx_word' id='word_1_222' title='bbox 632 2919 834 2982; x_wconf 89' lang='lat' dir='ltr'><strong>adsint,</strong></span> <span class='ocrx_word' id='word_1_223' title='bbox 860 2933 1020 2973; x_wconf 89' lang='lat' dir='ltr'><strong>nemo</strong></span> <span class='ocrx_word' id='word_1_224' title='bbox 1049 2909 1144 2969; x_wconf 83' lang='lat' dir='ltr'><strong>vos</strong></span> <span class='ocrx_word' id='word_1_225' title='bbox 1183 2913 1474 2968; x_wconf 82' lang='lat' dir='ltr'><strong>obscurare</strong></span> <span class='ocrx_word' id='word_1_226' title='bbox 1500 2912 1714 2990; x_wconf 82' lang='lat' dir='ltr'><strong>poterit.</strong></span> <span class='ocrx_word' id='word_1_227' title='bbox 1742 2909 1869 2965; x_wconf 84' lang='lat' dir='ltr'><strong>Pul-</strong></span> 
     </span>
    </p>
   </div>
   <div class='ocr_carea' id='block_1_30' title="bbox 266 3002 1868 3078">
    <p class='ocr_par' dir='ltr' id='par_1_30' title="bbox 266 3002 1868 3078">
     <span class='ocr_line' id='line_1_30' title="bbox 266 3002 1868 3078; baseline -0.009 -6"><span class='ocrx_word' id='word_1_228' title='bbox 266 3017 398 3072; x_wconf 87' lang='lat' dir='ltr'><strong>cbre</strong></span> <span class='ocrx_word' id='word_1_229' title='bbox 420 3014 582 3078; x_wconf 89' lang='lat' dir='ltr'><strong>dixit,</strong></span> <span class='ocrx_word' id='word_1_230' title='bbox 624 3009 760 3065; x_wconf 70' lang='lat' dir='ltr'><strong>Lux.</strong></span> <span class='ocrx_word' id='word_1_231' title='bbox 791 3008 934 3063; x_wconf 82' lang='lat' dir='ltr'><strong>Nihil</strong></span> <span class='ocrx_word' id='word_1_232' title='bbox 976 3007 1120 3063; x_wconf 88' lang='lat' dir='ltr'><strong>enim</strong></span> <span class='ocrx_word' id='word_1_233' title='bbox 1179 3003 1452 3059; x_wconf 88' lang='lat' dir='ltr'><strong>hominem</strong></span> <span class='ocrx_word' id='word_1_234' title='bbox 1473 3002 1555 3058; x_wconf 88' lang='lat' dir='ltr'><strong>sic</strong></span> <span class='ocrx_word' id='word_1_235' title='bbox 1601 3003 1868 3058; x_wconf 84' lang='lat' dir='ltr'><strong>illustrem</strong></span> 
     </span>
    </p>
   </div>
   <div class='ocr_carea' id='block_1_31' title="bbox 283 3093 1867 3172">
    <p class='ocr_par' dir='ltr' id='par_1_31' title="bbox 283 3093 1867 3172">
     <span class='ocr_line' id='line_1_31' title="bbox 283 3093 1867 3172; baseline -0.011 -8"><span class='ocrx_word' id='word_1_236' title='bbox 283 3106 475 3172; x_wconf 81' lang='lat' dir='ltr'><strong>efﬁcit,</strong></span> <span class='ocrx_word' id='word_1_237' title='bbox 496 3103 706 3160; x_wconf 89' lang='lat' dir='ltr'><strong>etiamsi</strong></span> <span class='ocrx_word' id='word_1_238' title='bbox 736 3113 956 3171; x_wconf 83' lang='lat' dir='ltr'><strong>prorsus</strong></span> <span class='ocrx_word' id='word_1_239' title='bbox 982 3098 1149 3153; x_wconf 85' lang='lat' dir='ltr'><strong>latere</strong></span> <span class='ocrx_word' id='word_1_240' title='bbox 1171 3095 1319 3160; x_wconf 88' lang='lat' dir='ltr'><strong>velit,</strong></span> <span class='ocrx_word' id='word_1_241' title='bbox 1361 3105 1420 3150; x_wconf 91' lang='lat' dir='ltr'><strong>ut</strong></span> <span class='ocrx_word' id='word_1_242' title='bbox 1442 3094 1655 3149; x_wconf 86' lang='lat' dir='ltr'><strong>virtutis</strong></span> <span class='ocrx_word' id='word_1_243' title='bbox 1681 3093 1867 3162; x_wconf 84' lang='lat' dir='ltr'><strong>splen-</strong></span> 
     </span>
    </p>
   </div>
   <div class='ocr_carea' id='block_1_32' title="bbox 266 3184 1868 3261">
    <p class='ocr_par' dir='ltr' id='par_1_32' title="bbox 266 3184 1868 3261">
     <span class='ocr_line' id='line_1_32' title="bbox 266 3184 1868 3261; baseline -0.009 -6"><span class='ocrx_word' id='word_1_244' title='bbox 266 3199 390 3255; x_wconf 86' lang='lat' dir='ltr'><strong>dor.</strong></span> <span class='ocrx_word' id='word_1_245' title='bbox 435 3196 588 3253; x_wconf 82' lang='lat' dir='ltr'><strong>Sicut</strong></span> <span class='ocrx_word' id='word_1_246' title='bbox 613 3194 754 3249; x_wconf 86' lang='lat' dir='ltr'><strong>enim</strong></span> <span class='ocrx_word' id='word_1_247' title='bbox 797 3194 914 3261; x_wconf 85' lang='lat' dir='ltr'><strong>ipso</strong></span> <span class='ocrx_word' id='word_1_248' title='bbox 952 3189 1112 3246; x_wconf 88' lang='lat' dir='ltr'><strong>solari</strong></span> <span class='ocrx_word' id='word_1_249' title='bbox 1163 3187 1314 3243; x_wconf 83' lang='lat' dir='ltr'><strong>radio</strong></span> <span class='ocrx_word' id='word_1_250' title='bbox 1367 3184 1749 3251; x_wconf 87' lang='lat' dir='ltr'><strong>circumdatus,</strong></span> <span class='ocrx_word' id='word_1_251' title='bbox 1797 3186 1868 3241; x_wconf 82' lang='lat' dir='ltr'><strong>ita</strong></span> 
     </span>
    </p>
   </div>
   <div class='ocr_carea' id='block_1_33' title="bbox 271 3275 1870 3352">
    <p class='ocr_par' dir='ltr' id='par_1_33' title="bbox 271 3275 1870 3352">
     <span class='ocr_line' id='line_1_33' title="bbox 271 3275 1870 3352; baseline -0.009 -7"><span class='ocrx_word' id='word_1_252' title='bbox 271 3290 436 3345; x_wconf 84' lang='lat' dir='ltr'><strong>etiam</strong></span> <span class='ocrx_word' id='word_1_253' title='bbox 460 3286 658 3342; x_wconf 88' lang='lat' dir='ltr'><strong>clarius</strong></span> <span class='ocrx_word' id='word_1_254' title='bbox 687 3283 933 3352; x_wconf 74' lang='lat' dir='ltr'><strong>refulget,</strong></span> <span class='ocrx_word' id='word_1_255' title='bbox 987 3294 1093 3334; x_wconf 89' lang='lat' dir='ltr'><strong>non</strong></span> <span class='ocrx_word' id='word_1_256' title='bbox 1125 3280 1182 3334; x_wconf 92' lang='lat' dir='ltr'><strong>in</strong></span> <span class='ocrx_word' id='word_1_257' title='bbox 1213 3287 1413 3334; x_wconf 87' lang='lat' dir='ltr'><strong>terram</strong></span> <span class='ocrx_word' id='word_1_258' title='bbox 1453 3286 1658 3331; x_wconf 89' lang='lat' dir='ltr'><strong>tantum</strong></span> <span class='ocrx_word' id='word_1_259' title='bbox 1691 3275 1870 3331; x_wconf 86' lang='lat' dir='ltr'><strong>radios</strong></span> 
     </span>
    </p>
   </div>
   <div class='ocr_carea' id='block_1_34' title="bbox 273 3366 1865 3446">
    <p class='ocr_par' dir='ltr' id='par_1_34' title="bbox 273 3366 1865 3446">
     <span class='ocr_line' id='line_1_34' title="bbox 273 3366 1865 3446; baseline -0.009 -9"><span class='ocrx_word' id='word_1_260' title='bbox 273 3382 551 3440; x_wconf 84' lang='lat' dir='ltr'><strong>emittens,</strong></span> <span class='ocrx_word' id='word_1_261' title='bbox 576 3376 670 3433; x_wconf 88' lang='lat' dir='ltr'><strong>sed</strong></span> <span class='ocrx_word' id='word_1_262' title='bbox 697 3375 872 3446; x_wconf 80' lang='lat' dir='ltr'><strong>ipsum</strong></span> <span class='ocrx_word' id='word_1_263' title='bbox 901 3372 1091 3427; x_wconf 77' lang='lat' dir='ltr'><strong>czelum</strong></span> <span class='ocrx_word' id='word_1_264' title='bbox 1137 3366 1549 3424; x_wconf 76' lang='lat' dir='ltr'><strong>transcenderis.</strong></span> <span class='ocrx_word' id='word_1_265' title='bbox 1578 3366 1715 3422; x_wconf 80' lang='lat' dir='ltr'><strong>Hinc</strong></span> <span class='ocrx_word' id='word_1_266' title='bbox 1743 3366 1865 3422; x_wconf 91' lang='lat' dir='ltr'><strong>illos</strong></span> 
     </span>
    </p>
   </div>
   <div class='ocr_carea' id='block_1_35' title="bbox 272 3457 1868 3528">
    <p class='ocr_par' dir='ltr' id='par_1_35' title="bbox 272 3457 1868 3528">
     <span class='ocr_line' id='line_1_35' title="bbox 272 3457 1868 3528; baseline -0.011 0"><span class='ocrx_word' id='word_1_267' title='bbox 272 3470 561 3528; x_wconf 84' lang='lat' dir='ltr'><strong>admodum</strong></span> <span class='ocrx_word' id='word_1_268' title='bbox 587 3466 915 3522; x_wconf 77' lang='lat' dir='ltr'><strong>cnnsolatur.</strong></span> <span class='ocrx_word' id='word_1_269' title='bbox 947 3461 1081 3518; x_wconf 82' lang='lat' dir='ltr'><strong>Nam</strong></span> <span class='ocrx_word' id='word_1_270' title='bbox 1127 3461 1173 3515; x_wconf 87' lang='lat' dir='ltr'><strong>si</strong></span> <span class='ocrx_word' id='word_1_271' title='bbox 1201 3460 1269 3516; x_wconf 90' lang='lat' dir='ltr'><strong>de</strong></span> <span class='ocrx_word' id='word_1_272' title='bbox 1295 3458 1594 3514; x_wconf 84' lang='lat' dir='ltr'><strong>maledictis</strong></span> <span class='ocrx_word' id='word_1_273' title='bbox 1612 3499 1629 3524; x_wconf 91' lang='lat'><strong>,</strong></span> <span class='ocrx_word' id='word_1_274' title='bbox 1658 3457 1868 3528; x_wconf 90' lang='lat' dir='ltr'><strong>inquit,</strong></span> 
     </span>
    </p>
   </div>
   <div class='ocr_carea' id='block_1_36' title="bbox 272 3545 1864 3624">
    <p class='ocr_par' dir='ltr' id='par_1_36' title="bbox 272 3545 1864 3624">
     <span class='ocr_line' id='line_1_36' title="bbox 272 3545 1864 3624; baseline -0.011 -5"><span class='ocrx_word' id='word_1_275' title='bbox 272 3562 496 3621; x_wconf 86' lang='lat' dir='ltr'><strong>doletis.</strong></span> <span class='ocrx_word' id='word_1_276' title='bbox 531 3559 683 3614; x_wconf 77' lang='lat' dir='ltr'><strong>multi</strong></span> <span class='ocrx_word' id='word_1_277' title='bbox 716 3545 894 3612; x_wconf 73' lang='lat' dir='ltr'><strong>ctiam&#39;</strong></span> <span class='ocrx_word' id='word_1_278' title='bbox 907 3562 1065 3608; x_wconf 87' lang='lat' dir='ltr'><strong>erunt</strong></span> <span class='ocrx_word' id='word_1_279' title='bbox 1086 3554 1174 3624; x_wconf 87' lang='lat' dir='ltr'><strong>qui</strong></span> <span class='ocrx_word' id='word_1_280' title='bbox 1201 3559 1420 3622; x_wconf 82' lang='lat' dir='ltr'><strong>propter</strong></span> <span class='ocrx_word' id='word_1_281' title='bbox 1446 3565 1542 3606; x_wconf 88' lang='lat' dir='ltr'><strong>vos</strong></span> <span class='ocrx_word' id='word_1_282' title='bbox 1573 3550 1738 3605; x_wconf 89' lang='lat' dir='ltr'><strong>Deum</strong></span> <span class='ocrx_word' id='word_1_283' title='bbox 1766 3549 1864 3603; x_wconf 60' lang='lat' dir='ltr'><strong>ad.</strong></span> 
     </span>
    </p>
   </div>
   <div class='ocr_carea' id='block_1_37' title="bbox 273 3643 1868 3717">
    <p class='ocr_par' dir='ltr' id='par_1_37' title="bbox 273 3643 1868 3717">
     <span class='ocr_line' id='line_1_37' title="bbox 273 3643 1868 3717; baseline -0.011 -5"><span class='ocrx_word' id='word_1_284' title='bbox 273 3657 558 3712; x_wconf 71' lang='lat' dir='ltr'><strong>mirentur.</strong></span> <span class='ocrx_word' id='word_1_285' title='bbox 611 3647 874 3717; x_wconf 82' lang='lat' dir='ltr'><strong>Utrinque</strong></span> <span class='ocrx_word' id='word_1_286' title='bbox 915 3659 1045 3701; x_wconf 88' lang='lat' dir='ltr'><strong>vero</strong></span> <span class='ocrx_word' id='word_1_287' title='bbox 1072 3643 1339 3713; x_wconf 79' lang='lat' dir='ltr'><strong>colligitur</strong></span> <span class='ocrx_word' id='word_1_288' title='bbox 1387 3655 1630 3707; x_wconf 85' lang='lat' dir='ltr'><strong>merces,</strong></span> <span class='ocrx_word' id='word_1_289' title='bbox 1661 3650 1868 3697; x_wconf 91' lang='lat' dir='ltr'><strong>etcum</strong></span> 
     </span>
    </p>
   </div>
   <div class='ocr_carea' id='block_1_38' title="bbox 271 3731 1869 3815">
    <p class='ocr_par' dir='ltr' id='par_1_38' title="bbox 271 3731 1869 3815">
     <span class='ocr_line' id='line_1_38' title="bbox 271 3731 1869 3815; baseline -0.009 -17"><span class='ocrx_word' id='word_1_290' title='bbox 271 3754 496 3815; x_wconf 86' lang='lat' dir='ltr'><strong>propter</strong></span> <span class='ocrx_word' id='word_1_291' title='bbox 521 3755 612 3795; x_wconf 79' lang='lat' dir='ltr'><strong>vos</strong></span> <span class='ocrx_word' id='word_1_292' title='bbox 645 3738 784 3793; x_wconf 84' lang='lat' dir='ltr'><strong>Deus</strong></span> <span class='ocrx_word' id='word_1_293' title='bbox 813 3735 1144 3808; x_wconf 74' lang='lat' dir='ltr'><strong>glorificatur</strong></span> <span class='ocrx_word' id='word_1_294' title='bbox 1166 3775 1183 3800; x_wconf 90' lang='lat'><strong>,</strong></span> <span class='ocrx_word' id='word_1_295' title='bbox 1215 3740 1416 3788; x_wconf 80' lang='lat' dir='ltr'><strong>etcum</strong></span> <span class='ocrx_word' id='word_1_296' title='bbox 1449 3740 1670 3802; x_wconf 84' lang='lat' dir='ltr'><strong>propter</strong></span> <span class='ocrx_word' id='word_1_297' title='bbox 1700 3731 1869 3786; x_wconf 88' lang='lat' dir='ltr'><strong>Deum</strong></span> 
     </span>
    </p>
   </div>
   <div class='ocr_carea' id='block_1_39' title="bbox 276 3823 1894 3895">
    <p class='ocr_par' dir='ltr' id='par_1_39' title="bbox 276 3823 1894 3895">
     <span class='ocr_line' id='line_1_39' title="bbox 276 3823 1894 3895; baseline -0.007 -4"><span class='ocrx_word' id='word_1_298' title='bbox 276 3851 381 3891; x_wconf 81' lang='lat' dir='ltr'><strong>vos</strong></span> <span class='ocrx_word' id='word_1_299' title='bbox 431 3830 732 3889; x_wconf 83' lang='lat' dir='ltr'><strong>maledictis</strong></span> <span class='ocrx_word' id='word_1_300' title='bbox 770 3827 1120 3882; x_wconf 81' lang='lat' dir='ltr'><strong>incessimini.</strong></span> <span class='ocrx_word' id='word_1_301' title='bbox 1183 3825 1390 3880; x_wconf 79' lang='lat' dir='ltr'><strong>Etenim</strong></span> <span class='ocrx_word' id='word_1_302' title='bbox 1419 3839 1489 3879; x_wconf 90' lang='lat' dir='ltr'><strong>ne</strong></span> <span class='ocrx_word' id='word_1_303' title='bbox 1518 3823 1659 3880; x_wconf 86' lang='lat' dir='ltr'><strong>male</strong></span> <span class='ocrx_word' id='word_1_304' title='bbox 1683 3824 1894 3895; x_wconf 76' lang='lat' dir='ltr'><strong>audire</strong></span> 
     </span>
    </p>
   </div>
   <div class='ocr_carea' id='block_1_40' title="bbox 270 3917 1875 3992">
    <p class='ocr_par' dir='ltr' id='par_1_40' title="bbox 270 3917 1875 3992">
     <span class='ocr_line' id='line_1_40' title="bbox 270 3917 1875 3992; baseline -0.011 -7"><span class='ocrx_word' id='word_1_305' title='bbox 270 3927 584 3985; x_wconf 82' lang='lat' dir='ltr'><strong>studeamus</strong></span> <span class='ocrx_word' id='word_1_306' title='bbox 613 3964 631 3989; x_wconf 88' lang='lat'><strong>,</strong></span> <span class='ocrx_word' id='word_1_307' title='bbox 671 3921 811 3992; x_wconf 82' lang='lat' dir='ltr'><strong>quod</strong></span> <span class='ocrx_word' id='word_1_308' title='bbox 840 3920 1192 3976; x_wconf 85' lang='lat' dir='ltr'><strong>didicerimus</strong></span> <span class='ocrx_word' id='word_1_309' title='bbox 1217 3917 1343 3974; x_wconf 87' lang='lat' dir='ltr'><strong>hinc</strong></span> <span class='ocrx_word' id='word_1_310' title='bbox 1384 3917 1663 3988; x_wconf 77' lang='lat' dir='ltr'><strong>praemium</strong></span> <span class='ocrx_word' id='word_1_311' title='bbox 1687 3929 1875 3984; x_wconf 69' lang='lat' dir='ltr'><strong>repor.</strong></span> 
     </span>
    </p>
   </div>
   <div class='ocr_carea' id='block_1_41' title="bbox 272 4005 1876 4084">
    <p class='ocr_par' dir='ltr' id='par_1_41' title="bbox 272 4005 1876 4084">
     <span class='ocr_line' id='line_1_41' title="bbox 272 4005 1876 4084; baseline -0.011 -8"><span class='ocrx_word' id='word_1_312' title='bbox 272 4020 378 4076; x_wconf 73' lang='lat' dir='ltr'><strong>tari</strong></span> <span class='ocrx_word' id='word_1_313' title='bbox 407 4058 424 4084; x_wconf 95' lang='lat'><strong>,</strong></span> <span class='ocrx_word' id='word_1_314' title='bbox 452 4032 559 4072; x_wconf 85' lang='lat' dir='ltr'><strong>non</strong></span> <span class='ocrx_word' id='word_1_315' title='bbox 591 4012 722 4070; x_wconf 77' lang='lat' dir='ltr'><strong>illud</strong></span> <span class='ocrx_word' id='word_1_316' title='bbox 751 4011 1066 4082; x_wconf 84' lang='lat' dir='ltr'><strong>simpliciter</strong></span> <span class='ocrx_word' id='word_1_317' title='bbox 1114 4008 1310 4079; x_wconf 84' lang='lat' dir='ltr'><strong>posuit,</strong></span> <span class='ocrx_word' id='word_1_318' title='bbox 1362 4006 1460 4061; x_wconf 88' lang='lat' dir='ltr'><strong>sed</strong></span> <span class='ocrx_word' id='word_1_319' title='bbox 1501 4020 1626 4060; x_wconf 87' lang='lat' dir='ltr'><strong>cum</strong></span> <span class='ocrx_word' id='word_1_320' title='bbox 1665 4005 1876 4060; x_wconf 84' lang='lat' dir='ltr'><strong>duabus</strong></span> 
     </span>
    </p>
   </div>
   <div class='ocr_carea' id='block_1_42' title="bbox 272 4097 1872 4171">
    <p class='ocr_par' dir='ltr' id='par_1_42' title="bbox 272 4097 1872 4171">
     <span class='ocr_line' id='line_1_42' title="bbox 272 4097 1872 4171; baseline -0.011 -4"><span class='ocrx_word' id='word_1_321' title='bbox 272 4105 748 4170; x_wconf 60' lang='lat' dir='ltr'><strong>distinctionibus;</strong></span> <span class='ocrx_word' id='word_1_322' title='bbox 804 4117 1000 4171; x_wconf 87' lang='lat' dir='ltr'><strong>nempe</strong></span> <span class='ocrx_word' id='word_1_323' title='bbox 1037 4116 1158 4156; x_wconf 90' lang='lat' dir='ltr'><strong>cum</strong></span> <span class='ocrx_word' id='word_1_324' title='bbox 1190 4098 1319 4155; x_wconf 77' lang='lat' dir='ltr'><strong>falsa</strong></span> <span class='ocrx_word' id='word_1_325' title='bbox 1349 4097 1600 4154; x_wconf 86' lang='lat' dir='ltr'><strong>dicuntur</strong></span> <span class='ocrx_word' id='word_1_326' title='bbox 1624 4137 1639 4161; x_wconf 85' lang='lat'><strong>,</strong></span> <span class='ocrx_word' id='word_1_327' title='bbox 1668 4105 1724 4151; x_wconf 89' lang='lat' dir='ltr'><strong>et</strong></span> <span class='ocrx_word' id='word_1_328' title='bbox 1750 4113 1872 4152; x_wconf 87' lang='lat' dir='ltr'><strong>cum</strong></span> 
     </span>
    </p>
   </div>
   <div class='ocr_carea' id='block_1_43' title="bbox 275 4186 1871 4272">
    <p class='ocr_par' dir='ltr' id='par_1_43' title="bbox 275 4186 1871 4272">
     <span class='ocr_line' id='line_1_43' title="bbox 275 4186 1871 4272; baseline -0.009 -17"><span class='ocrx_word' id='word_1_329' title='bbox 275 4211 496 4272; x_wconf 74' lang='lat' dir='ltr'><strong>proptcr</strong></span> <span class='ocrx_word' id='word_1_330' title='bbox 552 4199 718 4254; x_wconf 86' lang='lat' dir='ltr'><strong>Deum</strong></span> <span class='ocrx_word' id='word_1_331' title='bbox 763 4192 1133 4250; x_wconf 86' lang='lat' dir='ltr'><strong>maledicimur</strong></span> <span class='ocrx_word' id='word_1_332' title='bbox 1176 4187 1562 4258; x_wconf 79' lang='lat' dir='ltr'><strong>:ostenditque</strong></span> <span class='ocrx_word' id='word_1_333' title='bbox 1614 4202 1718 4241; x_wconf 88' lang='lat' dir='ltr'><strong>non</strong></span> <span class='ocrx_word' id='word_1_334' title='bbox 1744 4186 1871 4241; x_wconf 83' lang='lat' dir='ltr'><strong>illud</strong></span> 
     </span>
    </p>
   </div>
   <div class='ocr_carea' id='block_1_44' title="bbox 276 4280 1878 4358">
    <p class='ocr_par' dir='ltr' id='par_1_44' title="bbox 276 4280 1878 4358">
     <span class='ocr_line' id='line_1_44' title="bbox 276 4280 1878 4358; baseline -0.011 -7"><span class='ocrx_word' id='word_1_335' title='bbox 276 4305 507 4358; x_wconf 82' lang='lat' dir='ltr'><strong>tantum,</strong></span> <span class='ocrx_word' id='word_1_336' title='bbox 548 4292 641 4349; x_wconf 87' lang='lat' dir='ltr'><strong>sed</strong></span> <span class='ocrx_word' id='word_1_337' title='bbox 688 4291 848 4346; x_wconf 85' lang='lat' dir='ltr'><strong>etiam</strong></span> <span class='ocrx_word' id='word_1_338' title='bbox 893 4289 1031 4344; x_wconf 68' lang='lat' dir='ltr'><strong>bene</strong></span> <span class='ocrx_word' id='word_1_339' title='bbox 1071 4287 1258 4342; x_wconf 86' lang='lat' dir='ltr'><strong>audire</strong></span> <span class='ocrx_word' id='word_1_340' title='bbox 1304 4285 1530 4340; x_wconf 82' lang='lat' dir='ltr'><strong>multum</strong></span> <span class='ocrx_word' id='word_1_341' title='bbox 1561 4280 1755 4337; x_wconf 78' lang='lat' dir='ltr'><strong>aﬂ‘erre</strong></span> <span class='ocrx_word' id='word_1_342' title='bbox 1795 4283 1878 4334; x_wconf 85' lang='lat' dir='ltr'><strong>lu-</strong></span> 
     </span>
    </p>
   </div>
   <div class='ocr_carea' id='block_1_45' title="bbox 274 4372 1876 4454">
    <p class='ocr_par' dir='ltr' id='par_1_45' title="bbox 274 4372 1876 4454">
     <span class='ocr_line' id='line_1_45' title="bbox 274 4372 1876 4454; baseline -0.011 -11"><span class='ocrx_word' id='word_1_343' title='bbox 274 4403 451 4451; x_wconf 83' lang='lat' dir='ltr'><strong>crum,</strong></span> <span class='ocrx_word' id='word_1_344' title='bbox 483 4386 653 4454; x_wconf 83' lang='lat' dir='ltr'><strong>gloria</strong></span> <span class='ocrx_word' id='word_1_345' title='bbox 675 4383 727 4436; x_wconf 89' lang='lat' dir='ltr'><strong>in</strong></span> <span class='ocrx_word' id='word_1_346' title='bbox 761 4381 930 4436; x_wconf 80' lang='lat' dir='ltr'><strong>Deum</strong></span> <span class='ocrx_word' id='word_1_347' title='bbox 956 4386 1314 4432; x_wconf 81' lang='lat' dir='ltr'><strong>transeunte:</strong></span> <span class='ocrx_word' id='word_1_348' title='bbox 1348 4376 1595 4442; x_wconf 81' lang='lat' dir='ltr'><strong>bonaque</strong></span> <span class='ocrx_word' id='word_1_349' title='bbox 1631 4372 1752 4426; x_wconf 81' lang='lat' dir='ltr'><strong>illos</strong></span> <span class='ocrx_word' id='word_1_350' title='bbox 1780 4387 1876 4441; x_wconf 81' lang='lat' dir='ltr'><strong>spe</strong></span> 
     </span>
    </p>
   </div>
   <div class='ocr_carea' id='block_1_46' title="bbox 281 4464 1872 4537">
    <p class='ocr_par' dir='ltr' id='par_1_46' title="bbox 281 4464 1872 4537">
     <span class='ocr_line' id='line_1_46' title="bbox 281 4464 1872 4537; baseline -0.013 0"><span class='ocrx_word' id='word_1_351' title='bbox 281 4481 450 4537; x_wconf 79' lang='lat' dir='ltr'><strong>fulcit.</strong></span> <span class='ocrx_word' id='word_1_352' title='bbox 479 4477 594 4534; x_wconf 80' lang='lat' dir='ltr'><strong>Non</strong></span> <span class='ocrx_word' id='word_1_353' title='bbox 622 4476 764 4531; x_wconf 88' lang='lat' dir='ltr'><strong>enim</strong></span> <span class='ocrx_word' id='word_1_354' title='bbox 792 4482 993 4527; x_wconf 83' lang='lat' dir='ltr'><strong>tantam</strong></span> <span class='ocrx_word' id='word_1_355' title='bbox 1023 4469 1131 4522; x_wconf 87' lang='lat' dir='ltr'><strong>vim</strong></span> <span class='ocrx_word' id='word_1_356' title='bbox 1157 4467 1399 4530; x_wconf 82' lang='lat' dir='ltr'><strong>habent,</strong></span> <span class='ocrx_word' id='word_1_357' title='bbox 1430 4464 1622 4535; x_wconf 78' lang='lat' dir='ltr'><strong>inquit,</strong></span> <span class='ocrx_word' id='word_1_358' title='bbox 1652 4465 1872 4534; x_wconf 81' lang='lat' dir='ltr'><strong>iniquo-</strong></span> 
     </span>
    </p>
   </div>
   <div class='ocr_carea' id='block_1_47' title="bbox 280 4555 1877 4631">
    <p class='ocr_par' dir='ltr' id='par_1_47' title="bbox 280 4555 1877 4631">
     <span class='ocr_line' id='line_1_47' title="bbox 280 4555 1877 4631; baseline -0.013 -3"><span class='ocrx_word' id='word_1_359' title='bbox 280 4589 398 4628; x_wconf 85' lang='lat' dir='ltr'><strong>rum</strong></span> <span class='ocrx_word' id='word_1_360' title='bbox 426 4567 732 4631; x_wconf 84' lang='lat' dir='ltr'><strong>maledicta,</strong></span> <span class='ocrx_word' id='word_1_361' title='bbox 765 4574 825 4618; x_wconf 93' lang='lat' dir='ltr'><strong>ut</strong></span> <span class='ocrx_word' id='word_1_362' title='bbox 851 4562 987 4618; x_wconf 88' lang='lat' dir='ltr'><strong>alios</strong></span> <span class='ocrx_word' id='word_1_363' title='bbox 1017 4561 1086 4614; x_wconf 86' lang='lat' dir='ltr'><strong>ita</strong></span> <span class='ocrx_word' id='word_1_364' title='bbox 1131 4557 1487 4613; x_wconf 75' lang='lat' dir='ltr'><strong>obtenebrare</strong></span> <span class='ocrx_word' id='word_1_365' title='bbox 1519 4555 1724 4624; x_wconf 78' lang='lat' dir='ltr'><strong>possint</strong></span> <span class='ocrx_word' id='word_1_366' title='bbox 1750 4596 1765 4620; x_wconf 90' lang='lat'><strong>,</strong></span> <span class='ocrx_word' id='word_1_367' title='bbox 1819 4562 1877 4608; x_wconf 92' lang='lat' dir='ltr'><strong>ut</strong></span> 
     </span>
    </p>
   </div>
   <div class='ocr_carea' id='block_1_48' title="bbox 280 4645 1874 4718">
    <p class='ocr_par' dir='ltr' id='par_1_48' title="bbox 280 4645 1874 4718">
     <span class='ocr_line' id='line_1_48' title="bbox 280 4645 1874 4718; baseline -0.013 0"><span class='ocrx_word' id='word_1_368' title='bbox 280 4665 458 4718; x_wconf 80' lang='lat' dir='ltr'><strong>lucem</strong></span> <span class='ocrx_word' id='word_1_369' title='bbox 494 4667 722 4712; x_wconf 78' lang='lat' dir='ltr'><strong>vestram</strong></span> <span class='ocrx_word' id='word_1_370' title='bbox 751 4670 856 4708; x_wconf 85' lang='lat' dir='ltr'><strong>non</strong></span> <span class='ocrx_word' id='word_1_371' title='bbox 888 4651 1120 4706; x_wconf 70' lang='lat' dir='ltr'><strong>videant.</strong></span> <span class='ocrx_word' id='word_1_372' title='bbox 1144 4647 1278 4706; x_wconf 81' lang='lat' dir='ltr'><strong>Cum</strong></span> <span class='ocrx_word' id='word_1_373' title='bbox 1308 4647 1450 4701; x_wconf 77' lang='lat' dir='ltr'><strong>enim</strong></span> <span class='ocrx_word' id='word_1_374' title='bbox 1482 4645 1726 4700; x_wconf 80' lang='lat' dir='ltr'><strong>infatuati</strong></span> <span class='ocrx_word' id='word_1_375' title='bbox 1759 4646 1874 4698; x_wconf 81' lang='lat' dir='ltr'><strong>fue-</strong></span> 
     </span>
    </p>
   </div>
   <div class='ocr_carea' id='block_1_49' title="bbox 283 4739 1876 4818">
    <p class='ocr_par' dir='ltr' id='par_1_49' title="bbox 283 4739 1876 4818">
     <span class='ocr_line' id='line_1_49' title="bbox 283 4739 1876 4818; baseline -0.013 -9"><span class='ocrx_word' id='word_1_376' title='bbox 283 4755 404 4809; x_wconf 86' lang='lat' dir='ltr'><strong>ritis</strong></span> <span class='ocrx_word' id='word_1_377' title='bbox 433 4793 451 4818; x_wconf 93' lang='lat'><strong>,</strong></span> <span class='ocrx_word' id='word_1_378' title='bbox 479 4759 606 4804; x_wconf 87' lang='lat' dir='ltr'><strong>tunc</strong></span> <span class='ocrx_word' id='word_1_379' title='bbox 649 4757 856 4801; x_wconf 80' lang='lat' dir='ltr'><strong>tantum</strong></span> <span class='ocrx_word' id='word_1_380' title='bbox 892 4758 988 4797; x_wconf 89' lang='lat' dir='ltr'><strong>vos</strong></span> <span class='ocrx_word' id='word_1_381' title='bbox 1013 4739 1401 4794; x_wconf 67' lang='lat' dir='ltr'><strong>cuneulcabunt</strong></span> <span class='ocrx_word' id='word_1_382' title='bbox 1425 4754 1440 4802; x_wconf 90' lang='lat'><strong>;</strong></span> <span class='ocrx_word' id='word_1_383' title='bbox 1470 4751 1574 4790; x_wconf 87' lang='lat' dir='ltr'><strong>non</strong></span> <span class='ocrx_word' id='word_1_384' title='bbox 1602 4751 1729 4791; x_wconf 86' lang='lat' dir='ltr'><strong>vero</strong></span> <span class='ocrx_word' id='word_1_385' title='bbox 1755 4751 1876 4790; x_wconf 84' lang='lat' dir='ltr'><strong>cum</strong></span> 
     </span>
    </p>
   </div>
   <div class='ocr_carea' id='block_1_50' title="bbox 281 4828 1871 4900">
    <p class='ocr_par' dir='ltr' id='par_1_50' title="bbox 281 4828 1871 4900">
     <span class='ocr_line' id='line_1_50' title="bbox 281 4828 1871 4900; baseline -0.014 0"><span class='ocrx_word' id='word_1_386' title='bbox 281 4854 432 4900; x_wconf 85' lang='lat' dir='ltr'><strong>recta</strong></span> <span class='ocrx_word' id='word_1_387' title='bbox 465 4840 724 4893; x_wconf 80' lang='lat' dir='ltr'><strong>facientes</strong></span> <span class='ocrx_word' id='word_1_388' title='bbox 751 4831 1097 4890; x_wconf 85' lang='lat' dir='ltr'><strong>acensamini.</strong></span> <span class='ocrx_word' id='word_1_389' title='bbox 1139 4830 1290 4884; x_wconf 79' lang='lat' dir='ltr'><strong>Tunc</strong></span> <span class='ocrx_word' id='word_1_390' title='bbox 1338 4829 1482 4884; x_wconf 86' lang='lat' dir='ltr'><strong>enim</strong></span> <span class='ocrx_word' id='word_1_391' title='bbox 1515 4828 1663 4882; x_wconf 89' lang='lat' dir='ltr'><strong>multi</strong></span> <span class='ocrx_word' id='word_1_392' title='bbox 1692 4836 1871 4892; x_wconf 80' lang='lat' dir='ltr'><strong>erunt,</strong></span> 
     </span>
    </p>
   </div>
   <div class='ocr_carea' id='block_1_51' title="bbox 285 4912 1880 5005">
    <p class='ocr_par' dir='ltr' id='par_1_51' title="bbox 285 4912 1880 5005">
     <span class='ocr_line' id='line_1_51' title="bbox 285 4912 1880 5005; baseline -0.012 -14"><span class='ocrx_word' id='word_1_393' title='bbox 285 4937 376 5005; x_wconf 86' lang='lat' dir='ltr'><strong>qui</strong></span> <span class='ocrx_word' id='word_1_394' title='bbox 409 4912 878 4988; x_wconf 68' lang='lat' dir='ltr'><strong>mirabunturnon</strong></span> <span class='ocrx_word' id='word_1_395' title='bbox 929 4940 1021 4979; x_wconf 88' lang='lat' dir='ltr'><strong>vos</strong></span> <span class='ocrx_word' id='word_1_396' title='bbox 1067 4931 1268 4975; x_wconf 85' lang='lat' dir='ltr'><strong>tantum</strong></span> <span class='ocrx_word' id='word_1_397' title='bbox 1296 4961 1309 4983; x_wconf 91' lang='lat'><strong>,</strong></span> <span class='ocrx_word' id='word_1_398' title='bbox 1342 4919 1439 4974; x_wconf 90' lang='lat' dir='ltr'><strong>sed</strong></span> <span class='ocrx_word' id='word_1_399' title='bbox 1462 4931 1677 4989; x_wconf 83' lang='lat' dir='ltr'><strong>propter</strong></span> <span class='ocrx_word' id='word_1_400' title='bbox 1705 4934 1800 4973; x_wconf 89' lang='lat' dir='ltr'><strong>vos</strong></span> <span class='ocrx_word' id='word_1_401' title='bbox 1827 4927 1880 4974; x_wconf 91' lang='lat' dir='ltr'><strong>et</strong></span> 
     </span>
    </p>
   </div>
   <div class='ocr_carea' id='block_1_52' title="bbox 289 5012 1878 5082">
    <p class='ocr_par' dir='ltr' id='par_1_52' title="bbox 289 5012 1878 5082">
     <span class='ocr_line' id='line_1_52' title="bbox 289 5012 1878 5082; baseline -0.011 0"><span class='ocrx_word' id='word_1_402' title='bbox 289 5029 502 5082; x_wconf 65' lang='lat' dir='ltr'><strong>Patrem</strong></span> <span class='ocrx_word' id='word_1_403' title='bbox 529 5031 787 5076; x_wconf 84' lang='lat' dir='ltr'><strong>vestrum.</strong></span> <span class='ocrx_word' id='word_1_404' title='bbox 818 5016 927 5072; x_wconf 83' lang='lat' dir='ltr'><strong>Nec</strong></span> <span class='ocrx_word' id='word_1_405' title='bbox 954 5015 1118 5080; x_wconf 83' lang='lat' dir='ltr'><strong>dixit,</strong></span> <span class='ocrx_word' id='word_1_406' title='bbox 1143 5015 1333 5078; x_wconf 88' lang='lat' dir='ltr'><strong>Deum,</strong></span> <span class='ocrx_word' id='word_1_407' title='bbox 1357 5013 1469 5077; x_wconf 87' lang='lat' dir='ltr'><strong>sed,</strong></span> <span class='ocrx_word' id='word_1_408' title='bbox 1504 5012 1736 5077; x_wconf 86' lang='lat' dir='ltr'><strong>Patrem,</strong></span> <span class='ocrx_word' id='word_1_409' title='bbox 1765 5013 1878 5081; x_wconf 82' lang='lat' dir='ltr'><strong>jam</strong></span> 
     </span>
    </p>
   </div>
   <div class='ocr_carea' id='block_1_53' title="bbox 283 5101 1877 5183">
    <p class='ocr_par' dir='ltr' id='par_1_53' title="bbox 283 5101 1877 5183">
     <span class='ocr_line' id='line_1_53' title="bbox 283 5101 1877 5183; baseline -0.012 -9"><span class='ocrx_word' id='word_1_410' title='bbox 283 5118 494 5174; x_wconf 84' lang='lat' dir='ltr'><strong>semina</strong></span> <span class='ocrx_word' id='word_1_411' title='bbox 535 5113 741 5183; x_wconf 82' lang='lat' dir='ltr'><strong>jaciens</strong></span> <span class='ocrx_word' id='word_1_412' title='bbox 788 5106 1079 5162; x_wconf 80' lang='lat' dir='ltr'><strong>nobilitatis</strong></span> <span class='ocrx_word' id='word_1_413' title='bbox 1124 5104 1266 5158; x_wconf 91' lang='lat' dir='ltr'><strong>illius</strong></span> <span class='ocrx_word' id='word_1_414' title='bbox 1323 5103 1454 5172; x_wconf 87' lang='lat' dir='ltr'><strong>ipsis</strong></span> <span class='ocrx_word' id='word_1_415' title='bbox 1514 5101 1877 5156; x_wconf 68' lang='lat' dir='ltr'><strong>conferendze.</strong></span> 
     </span>
    </p>
   </div>
   <div class='ocr_carea' id='block_1_54' title="bbox 290 5196 1881 5270">
    <p class='ocr_par' dir='ltr' id='par_1_54' title="bbox 290 5196 1881 5270">
     <span class='ocr_line' id='line_1_54' title="bbox 290 5196 1881 5270; baseline -0.009 -6"><span class='ocrx_word' id='word_1_416' title='bbox 290 5207 494 5264; x_wconf 82' lang='lat' dir='ltr'><strong>Deinde</strong></span> <span class='ocrx_word' id='word_1_417' title='bbox 523 5205 740 5258; x_wconf 84' lang='lat' dir='ltr'><strong>honoris</strong></span> <span class='ocrx_word' id='word_1_418' title='bbox 764 5197 1120 5270; x_wconf 63' lang='lat' dir='ltr'><strong>aequalitatem</strong></span> <span class='ocrx_word' id='word_1_419' title='bbox 1147 5196 1447 5261; x_wconf 83' lang='lat' dir='ltr'><strong>declarans,</strong></span> <span class='ocrx_word' id='word_1_420' title='bbox 1478 5210 1598 5249; x_wconf 88' lang='lat' dir='ltr'><strong>cum</strong></span> <span class='ocrx_word' id='word_1_421' title='bbox 1632 5196 1881 5263; x_wconf 85' lang='lat' dir='ltr'><strong>superius</strong></span> 
     </span>
    </p>
   </div>
   <div class='ocr_carea' id='block_1_55' title="bbox 287 5287 1878 5360">
    <p class='ocr_par' dir='ltr' id='par_1_55' title="bbox 287 5287 1878 5360">
     <span class='ocr_line' id='line_1_55' title="bbox 287 5287 1878 5360; baseline -0.013 -1"><span class='ocrx_word' id='word_1_422' title='bbox 287 5303 514 5360; x_wconf 83' lang='lat' dir='ltr'><strong>dixisset</strong></span> <span class='ocrx_word' id='word_1_423' title='bbox 549 5317 568 5352; x_wconf 73' lang='grc' dir='ltr'>ι-</span> <span class='ocrx_word' id='word_1_424' title='bbox 589 5296 669 5353; x_wconf 85' lang='lat' dir='ltr'><strong>Ne</strong></span> <span class='ocrx_word' id='word_1_425' title='bbox 690 5291 1080 5350; x_wconf 85' lang='lat' dir='ltr'><strong>contristemini</strong></span> <span class='ocrx_word' id='word_1_426' title='bbox 1109 5304 1232 5346; x_wconf 87' lang='lat' dir='ltr'><strong>cum</strong></span> <span class='ocrx_word' id='word_1_427' title='bbox 1257 5289 1397 5342; x_wconf 89' lang='lat' dir='ltr'><strong>male</strong></span> <span class='ocrx_word' id='word_1_428' title='bbox 1424 5287 1739 5350; x_wconf 84' lang='lat' dir='ltr'><strong>audieritis;</strong></span> <span class='ocrx_word' id='word_1_429' title='bbox 1769 5288 1878 5341; x_wconf 83' lang='lat' dir='ltr'><strong>suf-</strong></span> 
     </span>
    </p>
   </div>
   <div class='ocr_carea' id='block_1_56' title="bbox 292 5375 1885 5453">
    <p class='ocr_par' dir='ltr' id='par_1_56' title="bbox 292 5375 1885 5453">
     <span class='ocr_line' id='line_1_56' title="bbox 292 5375 1885 5453; baseline -0.01 -5"><span class='ocrx_word' id='word_1_430' title='bbox 292 5394 405 5448; x_wconf 82' lang='lat' dir='ltr'><strong>ficit</strong></span> <span class='ocrx_word' id='word_1_431' title='bbox 423 5389 569 5444; x_wconf 76' lang='lat' dir='ltr'><strong>enim</strong></span> <span class='ocrx_word' id='word_1_432' title='bbox 592 5387 742 5441; x_wconf 89' lang='lat' dir='ltr'><strong>vobis</strong></span> <span class='ocrx_word' id='word_1_433' title='bbox 780 5382 924 5453; x_wconf 89' lang='lat' dir='ltr'><strong>quod</strong></span> <span class='ocrx_word' id='word_1_434' title='bbox 951 5390 1168 5452; x_wconf 85' lang='lat' dir='ltr'><strong>propter</strong></span> <span class='ocrx_word' id='word_1_435' title='bbox 1199 5394 1284 5433; x_wconf 83' lang='lat' dir='ltr'><strong>me</strong></span> <span class='ocrx_word' id='word_1_436' title='bbox 1340 5379 1436 5432; x_wconf 87' lang='lat' dir='ltr'><strong>ista</strong></span> <span class='ocrx_word' id='word_1_437' title='bbox 1476 5377 1704 5432; x_wconf 84' lang='lat' dir='ltr'><strong>audiatis</strong></span> <span class='ocrx_word' id='word_1_438' title='bbox 1737 5395 1750 5430; x_wconf 93' lang='lat'>:</span> <span class='ocrx_word' id='word_1_439' title='bbox 1783 5375 1885 5432; x_wconf 86' lang='lat' dir='ltr'><strong>hoc</strong></span> 
     </span>
    </p>
   </div>
   <div class='ocr_carea' id='block_1_57' title="bbox 293 5471 1880 5548">
    <p class='ocr_par' dir='ltr' id='par_1_57' title="bbox 293 5471 1880 5548">
     <span class='ocr_line' id='line_1_57' title="bbox 293 5471 1880 5548; baseline -0.014 -6"><span class='ocrx_word' id='word_1_440' title='bbox 293 5497 413 5542; x_wconf 75' lang='lat' dir='ltr'><strong>loco</strong></span> <span class='ocrx_word' id='word_1_441' title='bbox 464 5484 678 5537; x_wconf 76' lang='lat' dir='ltr'><strong>Patrem</strong></span> <span class='ocrx_word' id='word_1_442' title='bbox 722 5478 906 5548; x_wconf 89' lang='lat' dir='ltr'><strong>ponit,</strong></span> <span class='ocrx_word' id='word_1_443' title='bbox 939 5473 1297 5545; x_wconf 63' lang='lat' dir='ltr'><strong>aequalitatem</strong></span> <span class='ocrx_word' id='word_1_444' title='bbox 1343 5471 1539 5539; x_wconf 82' lang='lat' dir='ltr'><strong>ubique.</strong></span> <span class='ocrx_word' id='word_1_445' title='bbox 1581 5471 1880 5524; x_wconf 84' lang='lat' dir='ltr'><strong>declarans.</strong></span> 
     </span>
    </p>
   </div>
   <div class='ocr_carea' id='block_1_58' title="bbox 292 5561 1885 5644">
    <p class='ocr_par' dir='ltr' id='par_1_58' title="bbox 292 5561 1885 5644">
     <span class='ocr_line' id='line_1_58' title="bbox 292 5561 1885 5644; baseline -0.013 -10"><span class='ocrx_word' id='word_1_446' title='bbox 292 5581 430 5634; x_wconf 74' lang='lat' dir='ltr'><strong>Cum</strong></span> <span class='ocrx_word' id='word_1_447' title='bbox 478 5574 636 5644; x_wconf 77' lang='lat' dir='ltr'><strong>igitur</strong></span> <span class='ocrx_word' id='word_1_448' title='bbox 667 5571 901 5625; x_wconf 84' lang='lat' dir='ltr'><strong>sciamus</strong></span> <span class='ocrx_word' id='word_1_449' title='bbox 927 5575 1184 5636; x_wconf 85' lang='lat' dir='ltr'><strong>quantum</strong></span> <span class='ocrx_word' id='word_1_450' title='bbox 1215 5563 1345 5616; x_wconf 86' lang='lat' dir='ltr'><strong>lucri</strong></span> <span class='ocrx_word' id='word_1_451' title='bbox 1391 5577 1457 5617; x_wconf 82' lang='lat' dir='ltr'><strong>ex</strong></span> <span class='ocrx_word' id='word_1_452' title='bbox 1486 5562 1584 5614; x_wconf 85' lang='lat' dir='ltr'><strong>hac</strong></span> <span class='ocrx_word' id='word_1_453' title='bbox 1613 5561 1885 5630; x_wconf 82' lang='lat' dir='ltr'><strong>diligentia</strong></span> 
     </span>
    </p>
   </div>
   <div class='ocr_carea' id='block_1_59' title="bbox 294 5651 1886 5739">
    <p class='ocr_par' dir='ltr' id='par_1_59' title="bbox 294 5651 1886 5739">
     <span class='ocr_line' id='line_1_59' title="bbox 294 5651 1886 5739; baseline -0.013 -13"><span class='ocrx_word' id='word_1_454' title='bbox 294 5677 654 5739; x_wconf 69' lang='lat' dir='ltr'><strong>reperti-mus,</strong></span> <span class='ocrx_word' id='word_1_455' title='bbox 681 5669 734 5716; x_wconf 90' lang='lat' dir='ltr'><strong>et</strong></span> <span class='ocrx_word' id='word_1_456' title='bbox 761 5667 1018 5730; x_wconf 90' lang='lat' dir='ltr'><strong>quantum</strong></span> <span class='ocrx_word' id='word_1_457' title='bbox 1044 5670 1110 5711; x_wconf 89' lang='lat' dir='ltr'><strong>cx</strong></span> <span class='ocrx_word' id='word_1_458' title='bbox 1135 5653 1378 5709; x_wconf 89' lang='lat' dir='ltr'><strong>socordia</strong></span> <span class='ocrx_word' id='word_1_459' title='bbox 1407 5651 1699 5721; x_wconf 73' lang='lat' dir='ltr'><strong>periculum</strong></span> <span class='ocrx_word' id='word_1_460' title='bbox 1733 5666 1886 5706; x_wconf 85' lang='lat' dir='ltr'><strong>cree-</strong></span> 
     </span>
    </p>
   </div>
   <div class='ocr_carea' id='block_1_60' title="bbox 297 5743 1885 5831">
    <p class='ocr_par' dir='ltr' id='par_1_60' title="bbox 297 5743 1885 5831">
     <span class='ocr_line' id='line_1_60' title="bbox 297 5743 1885 5831; baseline -0.014 -12"><span class='ocrx_word' id='word_1_461' title='bbox 297 5774 380 5818; x_wconf 81' lang='lat' dir='ltr'><strong>tur</strong></span> <span class='ocrx_word' id='word_1_462' title='bbox 412 5761 618 5831; x_wconf 78' lang='lat' dir='ltr'><strong>(nostra</strong></span> <span class='ocrx_word' id='word_1_463' title='bbox 640 5755 836 5826; x_wconf 89' lang='lat' dir='ltr'><strong>quippe</strong></span> <span class='ocrx_word' id='word_1_464' title='bbox 865 5749 1099 5822; x_wconf 87' lang='lat' dir='ltr'><strong>pernicie</strong></span> <span class='ocrx_word' id='word_1_465' title='bbox 1120 5746 1288 5803; x_wconf 89' lang='lat' dir='ltr'><strong>multo</strong></span> <span class='ocrx_word' id='word_1_466' title='bbox 1316 5744 1464 5816; x_wconf 79' lang='lat' dir='ltr'><strong>pejus</strong></span> <span class='ocrx_word' id='word_1_467' title='bbox 1486 5753 1588 5812; x_wconf 89' lang='lat' dir='ltr'><strong>est,</strong></span> <span class='ocrx_word' id='word_1_468' title='bbox 1617 5743 1759 5814; x_wconf 92' lang='lat' dir='ltr'><strong>quod</strong></span> <span class='ocrx_word' id='word_1_469' title='bbox 1784 5744 1885 5797; x_wconf 84' lang='lat' dir='ltr'><strong>Dn-</strong></span> 
     </span>
    </p>
   </div>
   <div class='ocr_carea' id='block_1_61' title="bbox 1446 321 2382 392">
    <p class='ocr_par' dir='ltr' id='par_1_61' title="bbox 1446 321 2382 392">
     <span class='ocr_line' id='line_1_61' title="bbox 1446 321 2382 392; baseline -0.018 0"><span class='ocrx_word' id='word_1_470' title='bbox 1446 335 1511 392; x_wconf 83' lang='lat' dir='ltr'><strong>fN</strong></span> <span class='ocrx_word' id='word_1_471' title='bbox 1548 327 1952 390; x_wconf 68' lang='lat' dir='ltr'><strong>MATTIIA&#39;ZUM</strong></span> <span class='ocrx_word' id='word_1_472' title='bbox 1994 325 2224 381; x_wconf 78' lang='lat' dir='ltr'><strong>llOMlL.</strong></span> <span class='ocrx_word' id='word_1_473' title='bbox 2270 321 2382 377; x_wconf 74' lang='lat' dir='ltr'><strong>XV.</strong></span> 
     </span>
    </p>
   </div>
   <div class='ocr_carea' id='block_1_62' title="bbox 3467 317 3573 373">
    <p class='ocr_par' dir='ltr' id='par_1_62' title="bbox 3467 317 3573 373">
     <span class='ocr_line' id='line_1_62' title="bbox 3467 317 3573 373; baseline -0.019 0"><span class='ocrx_word' id='word_1_474' title='bbox 3467 317 3573 373; x_wconf 68' lang='grc'><strong>⁸256</strong></span> 
     </span>
    </p>
   </div>
   <div class='ocr_carea' id='block_1_63' title="bbox 1969 432 3574 505">
    <p class='ocr_par' dir='ltr' id='par_1_63' title="bbox 1969 432 3574 505">
     <span class='ocr_line' id='line_1_63' title="bbox 1969 432 3574 505; baseline -0.002 -12"><span class='ocrx_word' id='word_1_475' title='bbox 1969 440 2150 493; x_wconf 90' lang='lat' dir='ltr'><strong>minus</strong></span> <span class='ocrx_word' id='word_1_476' title='bbox 2195 447 2379 493; x_wconf 86' lang='lat' dir='ltr'><strong>noster</strong></span> <span class='ocrx_word' id='word_1_477' title='bbox 2407 435 2811 505; x_wconf 84' lang='lat' dir='ltr'><strong>blasphcmetur</strong></span> <span class='ocrx_word' id='word_1_478' title='bbox 2865 442 3086 504; x_wconf 75' lang='lat' dir='ltr'><strong>propter</strong></span> <span class='ocrx_word' id='word_1_479' title='bbox 3120 447 3220 488; x_wconf 88' lang='lat' dir='ltr'><strong>nos</strong></span> <span class='ocrx_word' id='word_1_480' title='bbox 3242 432 3306 504; x_wconf 71' lang='lat'><strong>)..,</strong></span> <span class='ocrx_word' id='word_1_481' title='bbox 3333 433 3452 490; x_wconf 78' lang='lat' dir='ltr'><strong>sine</strong></span> <span class='ocrx_word' id='word_1_482' title='bbox 3491 434 3574 490; x_wconf 83' lang='lat' dir='ltr'><strong>of-</strong></span> 
     </span>
    </p>
   </div>
   <div class='ocr_carea' id='block_1_64' title="bbox 1967 523 3574 599">
    <p class='ocr_par' dir='ltr' id='par_1_64' title="bbox 1967 523 3574 599">
     <span class='ocr_line' id='line_1_64' title="bbox 1967 523 3574 599; baseline -0.003 -15"><span class='ocrx_word' id='word_1_483' title='bbox 1967 529 2215 584; x_wconf 90' lang='lat' dir='ltr'><strong>fensione</strong></span> <span class='ocrx_word' id='word_1_484' title='bbox 2267 529 2436 583; x_wconf 89' lang='lat' dir='ltr'><strong>simus</strong></span> <span class='ocrx_word' id='word_1_485' title='bbox 2475 536 2530 581; x_wconf 91' lang='lat' dir='ltr'><strong>et</strong></span> <span class='ocrx_word' id='word_1_486' title='bbox 2556 525 2755 581; x_wconf 64' lang='lat' dir='ltr'><strong>Judatis</strong></span> <span class='ocrx_word' id='word_1_487' title='bbox 2782 533 2839 579; x_wconf 89' lang='lat' dir='ltr'><strong>et</strong></span> <span class='ocrx_word' id='word_1_488' title='bbox 2867 523 3118 599; x_wconf 76' lang='lat' dir='ltr'><strong>gentibus</strong></span> <span class='ocrx_word' id='word_1_489' title='bbox 3144 567 3158 588; x_wconf 91' lang='lat'><strong>,</strong></span> <span class='ocrx_word' id='word_1_490' title='bbox 3217 533 3273 579; x_wconf 88' lang='lat' dir='ltr'><strong>et</strong></span> <span class='ocrx_word' id='word_1_491' title='bbox 3315 523 3574 581; x_wconf 72' lang='lat' dir='ltr'><strong>Ecclesia:</strong></span> 
     </span>
    </p>
   </div>
   <div class='ocr_carea' id='block_1_65' title="bbox 1969 616 3574 689">
    <p class='ocr_par' dir='ltr' id='par_1_65' title="bbox 1969 616 3574 689">
     <span class='ocr_line' id='line_1_65' title="bbox 1969 616 3574 689; baseline -0.001 -15"><span class='ocrx_word' id='word_1_492' title='bbox 1969 619 2089 685; x_wconf 87' lang='lat' dir='ltr'><strong>Dei,</strong></span> <span class='ocrx_word' id='word_1_493' title='bbox 2122 621 2393 689; x_wconf 88' lang='lat' dir='ltr'><strong>vitamque</strong></span> <span class='ocrx_word' id='word_1_494' title='bbox 2437 617 2554 672; x_wconf 85' lang='lat' dir='ltr'><strong>sole</strong></span> <span class='ocrx_word' id='word_1_495' title='bbox 2594 616 3013 687; x_wconf 88' lang='lat' dir='ltr'><strong>splendidiorem</strong></span> <span class='ocrx_word' id='word_1_496' title='bbox 3042 617 3418 685; x_wconf 78' lang='lat' dir='ltr'><strong>exhibeamus,</strong></span> <span class='ocrx_word' id='word_1_497' title='bbox 3444 627 3501 674; x_wconf 90' lang='lat' dir='ltr'><strong>et</strong></span> <span class='ocrx_word' id='word_1_498' title='bbox 3529 621 3574 673; x_wconf 88' lang='lat' dir='ltr'><strong>si</strong></span> 
     </span>
    </p>
   </div>
   <div class='ocr_carea' id='block_1_66' title="bbox 1972 708 3576 780">
    <p class='ocr_par' dir='ltr' id='par_1_66' title="bbox 1972 708 3576 780">
     <span class='ocr_line' id='line_1_66' title="bbox 1972 708 3576 780; baseline -0.002 -14"><span class='ocrx_word' id='word_1_499' title='bbox 1972 713 2298 768; x_wconf 88' lang='lat' dir='ltr'><strong>maledicere</strong></span> <span class='ocrx_word' id='word_1_500' title='bbox 2347 712 2468 780; x_wconf 90' lang='lat' dir='ltr'><strong>quis</strong></span> <span class='ocrx_word' id='word_1_501' title='bbox 2496 710 2661 775; x_wconf 88' lang='lat' dir='ltr'><strong>velit,</strong></span> <span class='ocrx_word' id='word_1_502' title='bbox 2693 724 2760 764; x_wconf 91' lang='lat' dir='ltr'><strong>ne</strong></span> <span class='ocrx_word' id='word_1_503' title='bbox 2802 709 3116 772; x_wconf 88' lang='lat' dir='ltr'><strong>doleamus,</strong></span> <span class='ocrx_word' id='word_1_504' title='bbox 3146 709 3194 764; x_wconf 88' lang='lat' dir='ltr'><strong>si</strong></span> <span class='ocrx_word' id='word_1_505' title='bbox 3224 709 3364 764; x_wconf 84' lang='lat' dir='ltr'><strong>male</strong></span> <span class='ocrx_word' id='word_1_506' title='bbox 3391 708 3576 764; x_wconf 85' lang='lat' dir='ltr'><strong>audia-</strong></span> 
     </span>
    </p>
   </div>
   <div class='ocr_carea' id='block_1_67' title="bbox 1967 800 3576 874">
    <p class='ocr_par' dir='ltr' id='par_1_67' title="bbox 1967 800 3576 874">
     <span class='ocr_line' id='line_1_67' title="bbox 1967 800 3576 874; baseline -0.001 -15"><span class='ocrx_word' id='word_1_507' title='bbox 1967 821 2108 870; x_wconf 89' lang='lat' dir='ltr'><strong>mus,</strong></span> <span class='ocrx_word' id='word_1_508' title='bbox 2137 804 2230 860; x_wconf 89' lang='lat' dir='ltr'><strong>sed</strong></span> <span class='ocrx_word' id='word_1_509' title='bbox 2255 804 2299 859; x_wconf 91' lang='lat' dir='ltr'><strong>si</strong></span> <span class='ocrx_word' id='word_1_510' title='bbox 2329 804 2522 858; x_wconf 88' lang='lat' dir='ltr'><strong>merito</strong></span> <span class='ocrx_word' id='word_1_511' title='bbox 2552 802 2693 858; x_wconf 89' lang='lat' dir='ltr'><strong>male</strong></span> <span class='ocrx_word' id='word_1_512' title='bbox 2719 801 3019 873; x_wconf 86' lang='lat' dir='ltr'><strong>audiamus.</strong></span> <span class='ocrx_word' id='word_1_513' title='bbox 3046 800 3104 856; x_wconf 90' lang='lat' dir='ltr'><strong>Si</strong></span> <span class='ocrx_word' id='word_1_514' title='bbox 3129 802 3274 857; x_wconf 89' lang='lat' dir='ltr'><strong>enim</strong></span> <span class='ocrx_word' id='word_1_515' title='bbox 3304 802 3356 856; x_wconf 93' lang='lat' dir='ltr'><strong>in</strong></span> <span class='ocrx_word' id='word_1_516' title='bbox 3382 804 3576 874; x_wconf 78' lang='lat' dir='ltr'><strong>nequi-</strong></span> 
     </span>
    </p>
   </div>
   <div class='ocr_carea' id='block_1_68' title="bbox 1971 893 3576 964">
    <p class='ocr_par' dir='ltr' id='par_1_68' title="bbox 1971 893 3576 964">
     <span class='ocr_line' id='line_1_68' title="bbox 1971 893 3576 964; baseline -0.003 -11"><span class='ocrx_word' id='word_1_517' title='bbox 1971 898 2041 954; x_wconf 89' lang='lat' dir='ltr'><strong>tia</strong></span> <span class='ocrx_word' id='word_1_518' title='bbox 2074 899 2316 952; x_wconf 83' lang='lat' dir='ltr'><strong>vivamus</strong></span> <span class='ocrx_word' id='word_1_519' title='bbox 2341 939 2356 962; x_wconf 95' lang='lat'><strong>,</strong></span> <span class='ocrx_word' id='word_1_520' title='bbox 2386 897 2487 952; x_wconf 89' lang='lat' dir='ltr'><strong>etsi</strong></span> <span class='ocrx_word' id='word_1_521' title='bbox 2521 910 2680 950; x_wconf 88' lang='lat' dir='ltr'><strong>nemo</strong></span> <span class='ocrx_word' id='word_1_522' title='bbox 2732 895 2804 949; x_wconf 89' lang='lat' dir='ltr'><strong>sit</strong></span> <span class='ocrx_word' id='word_1_523' title='bbox 2845 897 2934 964; x_wconf 89' lang='lat' dir='ltr'><strong>qui</strong></span> <span class='ocrx_word' id='word_1_524' title='bbox 2982 893 3266 950; x_wconf 78' lang='lat' dir='ltr'><strong>maledicat</strong></span> <span class='ocrx_word' id='word_1_525' title='bbox 3290 935 3305 959; x_wconf 94' lang='lat'><strong>,</strong></span> <span class='ocrx_word' id='word_1_526' title='bbox 3336 895 3576 949; x_wconf 87' lang='lat' dir='ltr'><strong>omnium</strong></span> 
     </span>
    </p>
   </div>
   <div class='ocr_carea' id='block_1_69' title="bbox 1968 984 3579 1054">
    <p class='ocr_par' dir='ltr' id='par_1_69' title="bbox 1968 984 3579 1054">
     <span class='ocr_line' id='line_1_69' title="bbox 1968 984 3579 1054; baseline -0.002 -10"><span class='ocrx_word' id='word_1_527' title='bbox 1968 989 2253 1046; x_wconf 87' lang='lat' dir='ltr'><strong>miserrimi</strong></span> <span class='ocrx_word' id='word_1_528' title='bbox 2282 1004 2504 1054; x_wconf 88' lang='lat' dir='ltr'><strong>sumus;</strong></span> <span class='ocrx_word' id='word_1_529' title='bbox 2535 987 2579 1041; x_wconf 92' lang='lat' dir='ltr'><strong>si</strong></span> <span class='ocrx_word' id='word_1_530' title='bbox 2597 995 2778 1041; x_wconf 83' lang='lat' dir='ltr'><strong>autem</strong></span> <span class='ocrx_word' id='word_1_531' title='bbox 2801 985 3055 1039; x_wconf 89' lang='lat' dir='ltr'><strong>virtutem</strong></span> <span class='ocrx_word' id='word_1_532' title='bbox 3075 984 3338 1051; x_wconf 89' lang='lat' dir='ltr'><strong>colamus,</strong></span> <span class='ocrx_word' id='word_1_533' title='bbox 3363 985 3579 1041; x_wconf 69' lang='lat' dir='ltr'><strong>etiamsi</strong></span> 
     </span>
    </p>
   </div>
   <div class='ocr_carea' id='block_1_70' title="bbox 1970 1075 3579 1143">
    <p class='ocr_par' dir='ltr' id='par_1_70' title="bbox 1970 1075 3579 1143">
     <span class='ocr_line' id='line_1_70' title="bbox 1970 1075 3579 1143; baseline -0.003 -8"><span class='ocrx_word' id='word_1_534' title='bbox 1970 1088 2113 1134; x_wconf 90' lang='lat' dir='ltr'><strong>totus</strong></span> <span class='ocrx_word' id='word_1_535' title='bbox 2141 1078 2290 1135; x_wconf 88' lang='lat' dir='ltr'><strong>orbis</strong></span> <span class='ocrx_word' id='word_1_536' title='bbox 2328 1078 2484 1133; x_wconf 89' lang='lat' dir='ltr'><strong>nobis</strong></span> <span class='ocrx_word' id='word_1_537' title='bbox 2509 1076 2795 1132; x_wconf 89' lang='lat' dir='ltr'><strong>maledicat</strong></span> <span class='ocrx_word' id='word_1_538' title='bbox 2819 1117 2841 1143; x_wconf 91' lang='lat'><strong>,</strong></span> <span class='ocrx_word' id='word_1_539' title='bbox 2868 1077 3080 1132; x_wconf 82' lang='lat' dir='ltr'><strong>erimus</strong></span> <span class='ocrx_word' id='word_1_540' title='bbox 3099 1075 3344 1131; x_wconf 89' lang='lat' dir='ltr'><strong>onmium</strong></span> <span class='ocrx_word' id='word_1_541' title='bbox 3373 1077 3579 1133; x_wconf 79' lang='lat' dir='ltr'><strong>beatis-</strong></span> 
     </span>
    </p>
   </div>
   <div class='ocr_carea' id='block_1_71' title="bbox 1970 1170 3578 1242">
    <p class='ocr_par' dir='ltr' id='par_1_71' title="bbox 1970 1170 3578 1242">
     <span class='ocr_line' id='line_1_71' title="bbox 1970 1170 3578 1242; baseline 0 -16"><span class='ocrx_word' id='word_1_542' title='bbox 1970 1174 2094 1228; x_wconf 91' lang='lat' dir='ltr'><strong>simi</strong></span> <span class='ocrx_word' id='word_1_543' title='bbox 2124 1213 2141 1239; x_wconf 95' lang='lat'><strong>,</strong></span> <span class='ocrx_word' id='word_1_544' title='bbox 2173 1182 2237 1230; x_wconf 89' lang='lat' dir='ltr'><strong>et.</strong></span> <span class='ocrx_word' id='word_1_545' title='bbox 2257 1188 2352 1228; x_wconf 91' lang='lat' dir='ltr'><strong>eos</strong></span> <span class='ocrx_word' id='word_1_546' title='bbox 2382 1187 2572 1227; x_wconf 84' lang='lat' dir='ltr'><strong>omnes</strong></span> <span class='ocrx_word' id='word_1_547' title='bbox 2602 1172 2691 1242; x_wconf 87' lang='lat' dir='ltr'><strong>qui</strong></span> <span class='ocrx_word' id='word_1_548' title='bbox 2744 1170 2977 1226; x_wconf 82' lang='lat' dir='ltr'><strong>salutem</strong></span> <span class='ocrx_word' id='word_1_549' title='bbox 3005 1171 3264 1242; x_wconf 87' lang='lat' dir='ltr'><strong>consequi</strong></span> <span class='ocrx_word' id='word_1_550' title='bbox 3295 1171 3484 1236; x_wconf 89' lang='lat' dir='ltr'><strong>velint,</strong></span> <span class='ocrx_word' id='word_1_551' title='bbox 3510 1173 3578 1226; x_wconf 83' lang='lat' dir='ltr'><strong>ad</strong></span> 
     </span>
    </p>
   </div>
   <div class='ocr_carea' id='block_1_72' title="bbox 1967 1261 3572 1334">
    <p class='ocr_par' dir='ltr' id='par_1_72' title="bbox 1967 1261 3572 1334">
     <span class='ocr_line' id='line_1_72' title="bbox 1967 1261 3572 1334; baseline -0.001 -15"><span class='ocrx_word' id='word_1_552' title='bbox 1967 1280 2066 1320; x_wconf 88' lang='lat' dir='ltr'><strong>nos</strong></span> <span class='ocrx_word' id='word_1_553' title='bbox 2098 1263 2471 1334; x_wconf 88' lang='lat' dir='ltr'><strong>pertrahemus</strong></span> <span class='ocrx_word' id='word_1_554' title='bbox 2504 1281 2516 1316; x_wconf 88' lang='lat'>:</span> <span class='ocrx_word' id='word_1_555' title='bbox 2548 1278 2656 1317; x_wconf 88' lang='lat' dir='ltr'><strong>non</strong></span> <span class='ocrx_word' id='word_1_556' title='bbox 2694 1262 2840 1318; x_wconf 89' lang='lat' dir='ltr'><strong>enim</strong></span> <span class='ocrx_word' id='word_1_557' title='bbox 2872 1261 3174 1318; x_wconf 89' lang='lat' dir='ltr'><strong>maledictis</strong></span> <span class='ocrx_word' id='word_1_558' title='bbox 3203 1261 3572 1333; x_wconf 81' lang='lat' dir='ltr'><strong>improborum</strong></span> 
     </span>
    </p>
   </div>
   <div class='ocr_carea' id='block_1_73' title="bbox 1966 1355 3571 1420">
    <p class='ocr_par' dir='ltr' id='par_1_73' title="bbox 1966 1355 3571 1420">
     <span class='ocr_line' id='line_1_73' title="bbox 1966 1355 3571 1420; baseline 0.003 -12"><span class='ocrx_word' id='word_1_559' title='bbox 1966 1357 2202 1411; x_wconf 88' lang='lat' dir='ltr'><strong>animum</strong></span> <span class='ocrx_word' id='word_1_560' title='bbox 2246 1356 2611 1420; x_wconf 72' lang='lat' dir='ltr'><strong>adhibebunt,</strong></span> <span class='ocrx_word' id='word_1_561' title='bbox 2668 1355 2763 1410; x_wconf 92' lang='lat' dir='ltr'><strong>sed</strong></span> <span class='ocrx_word' id='word_1_562' title='bbox 2817 1355 2940 1409; x_wconf 79' lang='lat' dir='ltr'><strong>vita:</strong></span> <span class='ocrx_word' id='word_1_563' title='bbox 2998 1371 3120 1411; x_wconf 90' lang='lat' dir='ltr'><strong>cum</strong></span> <span class='ocrx_word' id='word_1_564' title='bbox 3165 1357 3361 1412; x_wconf 90' lang='lat' dir='ltr'><strong>virtute</strong></span> <span class='ocrx_word' id='word_1_565' title='bbox 3409 1366 3571 1413; x_wconf 71' lang='lat' dir='ltr'><strong>actae.</strong></span> 
     </span>
    </p>
   </div>
   <div class='ocr_carea' id='block_1_74' title="bbox 1971 1448 3576 1518">
    <p class='ocr_par' dir='ltr' id='par_1_74' title="bbox 1971 1448 3576 1518">
     <span class='ocr_line' id='line_1_74' title="bbox 1971 1448 3576 1518; baseline -0.001 -14"><span class='ocrx_word' id='word_1_566' title='bbox 1971 1450 2183 1505; x_wconf 83' lang='lat' dir='ltr'><strong>Etenim</strong></span> <span class='ocrx_word' id='word_1_567' title='bbox 2205 1449 2328 1504; x_wconf 87' lang='lat' dir='ltr'><strong>tuba</strong></span> <span class='ocrx_word' id='word_1_568' title='bbox 2359 1449 2588 1504; x_wconf 87' lang='lat' dir='ltr'><strong>clariora</strong></span> <span class='ocrx_word' id='word_1_569' title='bbox 2642 1457 2769 1502; x_wconf 79' lang='lat' dir='ltr'><strong>sunt</strong></span> <span class='ocrx_word' id='word_1_570' title='bbox 2797 1463 2963 1517; x_wconf 80' lang='lat' dir='ltr'><strong>Opera</strong></span> <span class='ocrx_word' id='word_1_571' title='bbox 2994 1448 3159 1514; x_wconf 88' lang='lat' dir='ltr'><strong>bona,</strong></span> <span class='ocrx_word' id='word_1_572' title='bbox 3193 1449 3308 1518; x_wconf 88' lang='lat' dir='ltr'><strong>ipsa</strong></span> <span class='ocrx_word' id='word_1_573' title='bbox 3350 1449 3470 1504; x_wconf 88' lang='lat' dir='ltr'><strong>luce</strong></span> <span class='ocrx_word' id='word_1_574' title='bbox 3491 1450 3576 1503; x_wconf 57' lang='lat' dir='ltr'><strong>lu.</strong></span> 
     </span>
    </p>
   </div>
   <div class='ocr_carea' id='block_1_75' title="bbox 1969 1539 3565 1612">
    <p class='ocr_par' dir='ltr' id='par_1_75' title="bbox 1969 1539 3565 1612">
     <span class='ocr_line' id='line_1_75' title="bbox 1969 1539 3565 1612; baseline 0.001 -18"><span class='ocrx_word' id='word_1_575' title='bbox 1969 1540 2142 1595; x_wconf 87' lang='lat' dir='ltr'><strong>cidior</strong></span> <span class='ocrx_word' id='word_1_576' title='bbox 2187 1540 2293 1596; x_wconf 87' lang='lat' dir='ltr'><strong>vita</strong></span> <span class='ocrx_word' id='word_1_577' title='bbox 2325 1556 2491 1612; x_wconf 88' lang='lat' dir='ltr'><strong>pura,</strong></span> <span class='ocrx_word' id='word_1_578' title='bbox 2523 1541 2734 1595; x_wconf 83' lang='lat' dir='ltr'><strong>etiamsi</strong></span> <span class='ocrx_word' id='word_1_579' title='bbox 2783 1539 3049 1594; x_wconf 90' lang='lat' dir='ltr'><strong>innumeri</strong></span> <span class='ocrx_word' id='word_1_580' title='bbox 3094 1541 3204 1594; x_wconf 84' lang='lat' dir='ltr'><strong>sint</strong></span> <span class='ocrx_word' id='word_1_581' title='bbox 3245 1539 3282 1594; x_wconf 89' lang='lat' dir='ltr'><strong>ii</strong></span> <span class='ocrx_word' id='word_1_582' title='bbox 3309 1542 3399 1610; x_wconf 85' lang='lat' dir='ltr'><strong>qui</strong></span> <span class='ocrx_word' id='word_1_583' title='bbox 3429 1543 3565 1598; x_wconf 90' lang='lat' dir='ltr'><strong>oblo-</strong></span> 
     </span>
    </p>
   </div>
   <div class='ocr_carea' id='block_1_76' title="bbox 1967 1630 3579 1700">
    <p class='ocr_par' dir='ltr' id='par_1_76' title="bbox 1967 1630 3579 1700">
     <span class='ocr_line' id='line_1_76' title="bbox 1967 1630 3579 1700; baseline 0.004 -18"><span class='ocrx_word' id='word_1_584' title='bbox 1967 1641 2219 1700; x_wconf 79' lang='lat' dir='ltr'><strong>quantun.</strong></span> <span class='ocrx_word' id='word_1_585' title='bbox 2251 1633 2310 1688; x_wconf 87' lang='lat' dir='ltr'><strong>Si</strong></span> <span class='ocrx_word' id='word_1_586' title='bbox 2333 1633 2480 1687; x_wconf 89' lang='lat' dir='ltr'><strong>enim</strong></span> <span class='ocrx_word' id='word_1_587' title='bbox 2509 1632 2690 1687; x_wconf 84' lang='lat' dir='ltr'><strong>omnia</strong></span> <span class='ocrx_word' id='word_1_588' title='bbox 2711 1631 3016 1699; x_wconf 87' lang='lat' dir='ltr'><strong>supradicta</strong></span> <span class='ocrx_word' id='word_1_589' title='bbox 3049 1630 3368 1698; x_wconf 81' lang='lat' dir='ltr'><strong>habeamus,</strong></span> <span class='ocrx_word' id='word_1_590' title='bbox 3396 1634 3441 1688; x_wconf 88' lang='lat' dir='ltr'><strong>si</strong></span> <span class='ocrx_word' id='word_1_591' title='bbox 3471 1635 3579 1688; x_wconf 85' lang='grc' dir='ltr'>ιιιὶ-</span> 
     </span>
    </p>
   </div>
   <div class='ocr_carea' id='block_1_77' title="bbox 1971 1707 3580 1792">
    <p class='ocr_par' dir='ltr' id='par_1_77' title="bbox 1971 1707 3580 1792">
     <span class='ocr_line' id='line_1_77' title="bbox 1971 1707 3580 1792; baseline 0.001 -16"><span class='ocrx_word' id='word_1_592' title='bbox 1971 1723 2329 1788; x_wconf 90' lang='lat' dir='ltr'><strong>tcs,.humiles</strong></span> <span class='ocrx_word' id='word_1_593' title='bbox 2357 1737 2420 1777; x_wconf 87' lang='lat' dir='ltr'><strong>ac</strong></span> <span class='ocrx_word' id='word_1_594' title='bbox 2462 1721 2843 1777; x_wconf 87' lang='lat' dir='ltr'><strong>misericordes</strong></span> <span class='ocrx_word' id='word_1_595' title='bbox 2887 1721 3059 1776; x_wconf 88' lang='lat' dir='ltr'><strong>simus</strong></span> <span class='ocrx_word' id='word_1_596' title='bbox 3081 1761 3096 1785; x_wconf 92' lang='lat'><strong>,</strong></span> <span class='ocrx_word' id='word_1_597' title='bbox 3148 1721 3194 1775; x_wconf 89' lang='lat' dir='ltr'><strong>si</strong></span> <span class='ocrx_word' id='word_1_598' title='bbox 3225 1722 3356 1777; x_wconf 92' lang='lat' dir='ltr'><strong>item</strong></span> <span class='ocrx_word' id='word_1_599' title='bbox 3382 1707 3499 1792; x_wconf 89' lang='lat' dir='ltr'><strong>puri</strong></span> <span class='ocrx_word' id='word_1_600' title='bbox 3526 1734 3580 1777; x_wconf 89' lang='lat' dir='ltr'><strong>et</strong></span> 
     </span>
    </p>
   </div>
   <div class='ocr_carea' id='block_1_78' title="bbox 1969 1811 3578 1885">
    <p class='ocr_par' dir='ltr' id='par_1_78' title="bbox 1969 1811 3578 1885">
     <span class='ocr_line' id='line_1_78' title="bbox 1969 1811 3578 1885; baseline 0 -17"><span class='ocrx_word' id='word_1_601' title='bbox 1969 1814 2197 1885; x_wconf 84' lang='lat' dir='ltr'><strong>pacifici,</strong></span> <span class='ocrx_word' id='word_1_602' title='bbox 2246 1829 2311 1870; x_wconf 89' lang='lat' dir='ltr'><strong>ac</strong></span> <span class='ocrx_word' id='word_1_603' title='bbox 2339 1814 2481 1869; x_wconf 88' lang='lat' dir='ltr'><strong>male</strong></span> <span class='ocrx_word' id='word_1_604' title='bbox 2526 1812 2811 1869; x_wconf 87' lang='lat' dir='ltr'><strong>audientes</strong></span> <span class='ocrx_word' id='word_1_605' title='bbox 2839 1827 2948 1867; x_wconf 89' lang='lat' dir='ltr'><strong>non</strong></span> <span class='ocrx_word' id='word_1_606' title='bbox 2977 1811 3275 1867; x_wconf 86' lang='lat' dir='ltr'><strong>referamus</strong></span> <span class='ocrx_word' id='word_1_607' title='bbox 3302 1811 3578 1883; x_wconf 69' lang='lat' dir='ltr'><strong>iniuriam,</strong></span> 
     </span>
    </p>
   </div>
   <div class='ocr_carea' id='block_1_79' title="bbox 1971 1906 3578 1976">
    <p class='ocr_par' dir='ltr' id='par_1_79' title="bbox 1971 1906 3578 1976">
     <span class='ocr_line' id='line_1_79' title="bbox 1971 1906 3578 1976; baseline 0.002 -16"><span class='ocrx_word' id='word_1_608' title='bbox 1971 1907 2080 1961; x_wconf 89' lang='lat' dir='ltr'><strong>imo</strong></span> <span class='ocrx_word' id='word_1_609' title='bbox 2105 1907 2268 1961; x_wconf 90' lang='lat' dir='ltr'><strong>etiam</strong></span> <span class='ocrx_word' id='word_1_610' title='bbox 2289 1906 2640 1976; x_wconf 81' lang='lat' dir='ltr'><strong>gaudeamus,</strong></span> <span class='ocrx_word' id='word_1_611' title='bbox 2663 1920 2769 1960; x_wconf 89' lang='lat' dir='ltr'><strong>non</strong></span> <span class='ocrx_word' id='word_1_612' title='bbox 2801 1906 2978 1960; x_wconf 89' lang='lat' dir='ltr'><strong>minus</strong></span> <span class='ocrx_word' id='word_1_613' title='bbox 3005 1921 3164 1975; x_wconf 89' lang='lat' dir='ltr'><strong>quam</strong></span> <span class='ocrx_word' id='word_1_614' title='bbox 3197 1921 3294 1976; x_wconf 87' lang='lat' dir='ltr'><strong>per</strong></span> <span class='ocrx_word' id='word_1_615' title='bbox 3322 1906 3578 1963; x_wconf 81' lang='lat' dir='ltr'><strong>miracula</strong></span> 
     </span>
    </p>
   </div>
   <div class='ocr_carea' id='block_1_80' title="bbox 1969 1998 3579 2069">
    <p class='ocr_par' dir='ltr' id='par_1_80' title="bbox 1969 1998 3579 2069">
     <span class='ocr_line' id='line_1_80' title="bbox 1969 1998 3579 2069; baseline 0.001 -15"><span class='ocrx_word' id='word_1_616' title='bbox 1969 2007 2303 2068; x_wconf 84' lang='lat' dir='ltr'><strong>spectatores</strong></span> <span class='ocrx_word' id='word_1_617' title='bbox 2345 1999 2412 2054; x_wconf 90' lang='lat' dir='ltr'><strong>ad</strong></span> <span class='ocrx_word' id='word_1_618' title='bbox 2440 2015 2538 2055; x_wconf 87' lang='lat' dir='ltr'><strong>nos</strong></span> <span class='ocrx_word' id='word_1_619' title='bbox 2571 1999 2968 2069; x_wconf 88' lang='lat' dir='ltr'><strong>pertrahemus,</strong></span> <span class='ocrx_word' id='word_1_620' title='bbox 3021 1998 3359 2068; x_wconf 83' lang='lat' dir='ltr'><strong>libenterque</strong></span> <span class='ocrx_word' id='word_1_621' title='bbox 3389 2014 3579 2055; x_wconf 88' lang='lat' dir='ltr'><strong>omnes</strong></span> 
     </span>
    </p>
   </div>
   <div class='ocr_carea' id='block_1_81' title="bbox 1969 2088 3573 2162">
    <p class='ocr_par' dir='ltr' id='par_1_81' title="bbox 1969 2088 3573 2162">
     <span class='ocr_line' id='line_1_81' title="bbox 1969 2088 3573 2162; baseline 0.001 -19"><span class='ocrx_word' id='word_1_622' title='bbox 1969 2089 2037 2145; x_wconf 86' lang='lat' dir='ltr'><strong>ad</strong></span> <span class='ocrx_word' id='word_1_623' title='bbox 2067 2106 2165 2145; x_wconf 89' lang='lat' dir='ltr'><strong>nos</strong></span> <span class='ocrx_word' id='word_1_624' title='bbox 2213 2090 2513 2155; x_wconf 89' lang='lat' dir='ltr'><strong>accedent,</strong></span> <span class='ocrx_word' id='word_1_625' title='bbox 2542 2091 2657 2146; x_wconf 85' lang='lat' dir='ltr'><strong>sive</strong></span> <span class='ocrx_word' id='word_1_626' title='bbox 2688 2090 2798 2146; x_wconf 89' lang='lat' dir='ltr'><strong>fera</strong></span> <span class='ocrx_word' id='word_1_627' title='bbox 2828 2089 2950 2161; x_wconf 93' lang='lat' dir='ltr'><strong>quis</strong></span> <span class='ocrx_word' id='word_1_628' title='bbox 2978 2089 3160 2154; x_wconf 90' lang='lat' dir='ltr'><strong>fuerit,</strong></span> <span class='ocrx_word' id='word_1_629' title='bbox 3194 2089 3310 2145; x_wconf 89' lang='lat' dir='ltr'><strong>sive</strong></span> <span class='ocrx_word' id='word_1_630' title='bbox 3335 2088 3573 2162; x_wconf 66' lang='lat' dir='ltr'><strong>daemon,</strong></span> 
     </span>
    </p>
   </div>
   <div class='ocr_carea' id='block_1_82' title="bbox 1969 2179 3581 2258">
    <p class='ocr_par' dir='ltr' id='par_1_82' title="bbox 1969 2179 3581 2258">
     <span class='ocr_line' id='line_1_82' title="bbox 1969 2179 3581 2258; baseline -0.001 -22"><span class='ocrx_word' id='word_1_631' title='bbox 1969 2191 2062 2237; x_wconf 87' lang='lat' dir='ltr'><strong>aut</strong></span> <span class='ocrx_word' id='word_1_632' title='bbox 2111 2183 2322 2252; x_wconf 85' lang='lat' dir='ltr'><strong>quidvis</strong></span> <span class='ocrx_word' id='word_1_633' title='bbox 2351 2182 2518 2258; x_wconf 81' lang='lat' dir='ltr'><strong>aliud.</strong></span> <span class='ocrx_word' id='word_1_634' title='bbox 2564 2182 2620 2237; x_wconf 90' lang='lat' dir='ltr'><strong>Si</strong></span> <span class='ocrx_word' id='word_1_635' title='bbox 2662 2182 2884 2251; x_wconf 87' lang='lat' dir='ltr'><strong>quidam</strong></span> <span class='ocrx_word' id='word_1_636' title='bbox 2926 2180 3285 2242; x_wconf 72' lang='lat' dir='ltr'><strong>maledicunt,</strong></span> <span class='ocrx_word' id='word_1_637' title='bbox 3340 2196 3408 2236; x_wconf 88' lang='lat' dir='ltr'><strong>ne</strong></span> <span class='ocrx_word' id='word_1_638' title='bbox 3457 2179 3581 2236; x_wconf 84' lang='lat' dir='ltr'><strong>ideo</strong></span> 
     </span>
    </p>
   </div>
   <div class='ocr_carea' id='block_1_83' title="bbox 1970 2269 3576 2342">
    <p class='ocr_par' dir='ltr' id='par_1_83' title="bbox 1970 2269 3576 2342">
     <span class='ocr_line' id='line_1_83' title="bbox 1970 2269 3576 2342; baseline -0.001 -16"><span class='ocrx_word' id='word_1_639' title='bbox 1970 2272 2222 2337; x_wconf 87' lang='lat' dir='ltr'><strong>turberis,</strong></span> <span class='ocrx_word' id='word_1_640' title='bbox 2247 2289 2421 2342; x_wconf 84' lang='lat' dir='ltr'><strong>neque</strong></span> <span class='ocrx_word' id='word_1_641' title='bbox 2441 2286 2600 2327; x_wconf 90' lang='lat' dir='ltr'><strong>cures</strong></span> <span class='ocrx_word' id='word_1_642' title='bbox 2620 2272 2665 2326; x_wconf 87' lang='lat' dir='ltr'><strong>si</strong></span> <span class='ocrx_word' id='word_1_643' title='bbox 2693 2281 2744 2326; x_wconf 92' lang='lat' dir='ltr'><strong>te</strong></span> <span class='ocrx_word' id='word_1_644' title='bbox 2765 2272 2937 2340; x_wconf 87' lang='lat' dir='ltr'><strong>palam</strong></span> <span class='ocrx_word' id='word_1_645' title='bbox 2956 2269 3283 2326; x_wconf 85' lang='lat' dir='ltr'><strong>contumelia</strong></span> <span class='ocrx_word' id='word_1_646' title='bbox 3306 2269 3576 2333; x_wconf 80' lang='lat' dir='ltr'><strong>afficiant;</strong></span> 
     </span>
    </p>
   </div>
   <div class='ocr_carea' id='block_1_84' title="bbox 1969 2359 3581 2430">
    <p class='ocr_par' dir='ltr' id='par_1_84' title="bbox 1969 2359 3581 2430">
     <span class='ocr_line' id='line_1_84' title="bbox 1969 2359 3581 2430; baseline 0 -13"><span class='ocrx_word' id='word_1_647' title='bbox 1969 2361 2066 2417; x_wconf 87' lang='lat' dir='ltr'><strong>sed</strong></span> <span class='ocrx_word' id='word_1_648' title='bbox 2125 2376 2312 2417; x_wconf 89' lang='lat' dir='ltr'><strong>eorum</strong></span> <span class='ocrx_word' id='word_1_649' title='bbox 2365 2362 2748 2416; x_wconf 81' lang='lat' dir='ltr'><strong>conscientiam</strong></span> <span class='ocrx_word' id='word_1_650' title='bbox 2803 2360 3048 2430; x_wconf 85' lang='lat' dir='ltr'><strong>explora,</strong></span> <span class='ocrx_word' id='word_1_651' title='bbox 3104 2370 3160 2417; x_wconf 89' lang='lat' dir='ltr'><strong>et</strong></span> <span class='ocrx_word' id='word_1_652' title='bbox 3206 2359 3412 2416; x_wconf 85' lang='lat' dir='ltr'><strong>videbis</strong></span> <span class='ocrx_word' id='word_1_653' title='bbox 3455 2361 3581 2418; x_wconf 83' lang='lat' dir='ltr'><strong>illus</strong></span> 
     </span>
    </p>
   </div>
   <div class='ocr_carea' id='block_1_85' title="bbox 1969 2450 3580 2523">
    <p class='ocr_par' dir='ltr' id='par_1_85' title="bbox 1969 2450 3580 2523">
     <span class='ocr_line' id='line_1_85' title="bbox 1969 2450 3580 2523; baseline 0.001 -17"><span class='ocrx_word' id='word_1_654' title='bbox 1969 2452 2308 2523; x_wconf 89' lang='lat' dir='ltr'><strong>plaudentes,</strong></span> <span class='ocrx_word' id='word_1_655' title='bbox 2343 2453 2601 2507; x_wconf 88' lang='lat' dir='ltr'><strong>mirantes</strong></span> <span class='ocrx_word' id='word_1_656' title='bbox 2624 2493 2639 2518; x_wconf 94' lang='lat'><strong>,</strong></span> <span class='ocrx_word' id='word_1_657' title='bbox 2671 2460 2729 2508; x_wconf 92' lang='lat' dir='ltr'><strong>et</strong></span> <span class='ocrx_word' id='word_1_658' title='bbox 2750 2451 2899 2508; x_wconf 84' lang='lat' dir='ltr'><strong>mille</strong></span> <span class='ocrx_word' id='word_1_659' title='bbox 2935 2450 3079 2506; x_wconf 90' lang='lat' dir='ltr'><strong>intus</strong></span> <span class='ocrx_word' id='word_1_660' title='bbox 3107 2451 3357 2507; x_wconf 84' lang='lat' dir='ltr'><strong>laudibus</strong></span> <span class='ocrx_word' id='word_1_661' title='bbox 3378 2467 3580 2508; x_wconf 85' lang='lat' dir='ltr'><strong>ornan-</strong></span> 
     </span>
    </p>
   </div>
   <div class='ocr_carea' id='block_1_86' title="bbox 1973 2541 3582 2614">
    <p class='ocr_par' dir='ltr' id='par_1_86' title="bbox 1973 2541 3582 2614">
     <span class='ocr_line' id='line_1_86' title="bbox 1973 2541 3582 2614; baseline 0 -15"><span class='ocrx_word' id='word_1_662' title='bbox 1973 2553 2074 2599; x_wconf 87' lang='lat' dir='ltr'><strong>tes.</strong></span> <span class='ocrx_word' id='word_1_663' title='bbox 2127 2543 2260 2599; x_wconf 78' lang='lat' dir='ltr'><strong>Vide</strong></span> <span class='ocrx_word' id='word_1_664' title='bbox 2305 2544 2466 2614; x_wconf 81' lang='lat' dir='ltr'><strong>igitur</strong></span> <span class='ocrx_word' id='word_1_665' title='bbox 2509 2558 2616 2613; x_wconf 89' lang='lat' dir='ltr'><strong>quo</strong></span> <span class='ocrx_word' id='word_1_666' title='bbox 2654 2552 2812 2614; x_wconf 88' lang='lat' dir='ltr'><strong>pacto</strong></span> <span class='ocrx_word' id='word_1_667' title='bbox 2840 2541 3340 2598; x_wconf 80' lang='lat' dir='ltr'><strong>Nabuchodonosor</strong></span> <span class='ocrx_word' id='word_1_668' title='bbox 3381 2557 3582 2612; x_wconf 85' lang='lat' dir='ltr'><strong>pueros</strong></span> 
     </span>
    </p>
   </div>
   <div class='ocr_carea' id='block_1_87' title="bbox 1975 2633 3581 2702">
    <p class='ocr_par' dir='ltr' id='par_1_87' title="bbox 1975 2633 3581 2702">
     <span class='ocr_line' id='line_1_87' title="bbox 1975 2633 3581 2702; baseline -0.001 -13"><span class='ocrx_word' id='word_1_669' title='bbox 1975 2635 2030 2689; x_wconf 91' lang='lat' dir='ltr'><strong>in</strong></span> <span class='ocrx_word' id='word_1_670' title='bbox 2082 2635 2300 2690; x_wconf 88' lang='lat' dir='ltr'><strong>fornace</strong></span> <span class='ocrx_word' id='word_1_671' title='bbox 2344 2636 2544 2700; x_wconf 88' lang='lat' dir='ltr'><strong>laudet,</strong></span> <span class='ocrx_word' id='word_1_672' title='bbox 2593 2635 2806 2690; x_wconf 86' lang='lat' dir='ltr'><strong>etiamsi</strong></span> <span class='ocrx_word' id='word_1_673' title='bbox 2839 2633 3010 2690; x_wconf 80' lang='lat' dir='ltr'><strong>hostis</strong></span> <span class='ocrx_word' id='word_1_674' title='bbox 3039 2633 3394 2702; x_wconf 87' lang='lat' dir='ltr'><strong>inimicusque</strong></span> <span class='ocrx_word' id='word_1_675' title='bbox 3438 2646 3581 2691; x_wconf 83' lang='lat' dir='ltr'><strong>esset</strong></span> 
     </span>
    </p>
   </div>
   <div class='ocr_carea' id='block_1_88' title="bbox 1973 2724 3581 2796">
    <p class='ocr_par' dir='ltr' id='par_1_88' title="bbox 1973 2724 3581 2796">
     <span class='ocr_line' id='line_1_88' title="bbox 1973 2724 3581 2796; baseline -0.002 -16"><span class='ocrx_word' id='word_1_676' title='bbox 1973 2725 2136 2795; x_wconf 83' lang='lat' dir='ltr'><strong>(Dan.</strong></span> <span class='ocrx_word' id='word_1_677' title='bbox 2167 2725 2237 2796; x_wconf 80' lang='lat'><strong>3)</strong></span> <span class='ocrx_word' id='word_1_678' title='bbox 2267 2744 2281 2780; x_wconf 90' lang='lat'><strong>:</strong></span> <span class='ocrx_word' id='word_1_679' title='bbox 2314 2726 2408 2780; x_wconf 88' lang='lat' dir='ltr'><strong>sed</strong></span> <span class='ocrx_word' id='word_1_680' title='bbox 2453 2726 2579 2794; x_wconf 81' lang='lat' dir='ltr'><strong>quia</strong></span> <span class='ocrx_word' id='word_1_681' title='bbox 2607 2725 2741 2780; x_wconf 91' lang='lat' dir='ltr'><strong>vidit</strong></span> <span class='ocrx_word' id='word_1_682' title='bbox 2789 2724 3000 2779; x_wconf 87' lang='lat' dir='ltr'><strong>fortiter</strong></span> <span class='ocrx_word' id='word_1_683' title='bbox 3027 2734 3254 2791; x_wconf 87' lang='lat' dir='ltr'><strong>stantes,</strong></span> <span class='ocrx_word' id='word_1_684' title='bbox 3290 2725 3409 2778; x_wconf 89' lang='lat' dir='ltr'><strong>illos</strong></span> <span class='ocrx_word' id='word_1_685' title='bbox 3439 2740 3581 2795; x_wconf 70' lang='lat' dir='ltr'><strong>prin-</strong></span> 
     </span>
    </p>
   </div>
   <div class='ocr_carea' id='block_1_89' title="bbox 1972 2810 3583 2890">
    <p class='ocr_par' dir='ltr' id='par_1_89' title="bbox 1972 2810 3583 2890">
     <span class='ocr_line' id='line_1_89' title="bbox 1972 2810 3583 2890; baseline 0.001 -20"><span class='ocrx_word' id='word_1_686' title='bbox 1972 2816 2115 2871; x_wconf 86' lang='lat' dir='ltr'><strong>dicat</strong></span> <span class='ocrx_word' id='word_1_687' title='bbox 2137 2813 2193 2870; x_wconf 86' lang='lat' dir='ltr'><strong>et</strong></span> <span class='ocrx_word' id='word_1_688' title='bbox 2221 2810 2465 2880; x_wconf 78' lang='lat' dir='ltr'><strong>enronat,</strong></span> <span class='ocrx_word' id='word_1_689' title='bbox 2500 2829 2606 2872; x_wconf 83' lang='lat' dir='ltr'><strong>non</strong></span> <span class='ocrx_word' id='word_1_690' title='bbox 2633 2815 2748 2870; x_wconf 80' lang='lat' dir='ltr'><strong>alia</strong></span> <span class='ocrx_word' id='word_1_691' title='bbox 2763 2815 2832 2871; x_wconf 92' lang='lat' dir='ltr'><strong>de</strong></span> <span class='ocrx_word' id='word_1_692' title='bbox 2858 2829 3041 2876; x_wconf 72' lang='lat' dir='ltr'><strong>causa.</strong></span> <span class='ocrx_word' id='word_1_693' title='bbox 3061 2814 3164 2870; x_wconf 89' lang='lat' dir='ltr'><strong>nisi</strong></span> <span class='ocrx_word' id='word_1_694' title='bbox 3192 2816 3315 2885; x_wconf 86' lang='lat' dir='ltr'><strong>quia</strong></span> <span class='ocrx_word' id='word_1_695' title='bbox 3347 2816 3446 2890; x_wconf 73' lang='lat' dir='ltr'><strong>ipsi</strong></span> <span class='ocrx_word' id='word_1_696' title='bbox 3473 2832 3583 2873; x_wconf 84' lang='lat' dir='ltr'><strong>non</strong></span> 
     </span>
    </p>
   </div>
   <div class='ocr_carea' id='block_1_90' title="bbox 1973 2903 3576 2975">
    <p class='ocr_par' dir='ltr' id='par_1_90' title="bbox 1973 2903 3576 2975">
     <span class='ocr_line' id='line_1_90' title="bbox 1973 2903 3576 2975; baseline 0.001 -16"><span class='ocrx_word' id='word_1_697' title='bbox 1973 2905 2440 2975; x_wconf 86' lang='lat' dir='ltr'><strong>obtemperantes,</strong></span> <span class='ocrx_word' id='word_1_698' title='bbox 2468 2905 2639 2975; x_wconf 84' lang='lat' dir='ltr'><strong>legem</strong></span> <span class='ocrx_word' id='word_1_699' title='bbox 2669 2904 2762 2959; x_wconf 90' lang='lat' dir='ltr'><strong>Dei</strong></span> <span class='ocrx_word' id='word_1_700' title='bbox 2787 2905 3092 2960; x_wconf 88' lang='lat' dir='ltr'><strong>audierant.</strong></span> <span class='ocrx_word' id='word_1_701' title='bbox 3131 2903 3576 2974; x_wconf 82' lang='lat' dir='ltr'><strong>Diabolusenim,</strong></span> 
     </span>
    </p>
   </div>
   <div class='ocr_carea' id='block_1_91' title="bbox 1973 2993 3584 3066">
    <p class='ocr_par' dir='ltr' id='par_1_91' title="bbox 1973 2993 3584 3066">
     <span class='ocr_line' id='line_1_91' title="bbox 1973 2993 3584 3066; baseline 0.001 -16"><span class='ocrx_word' id='word_1_702' title='bbox 1973 3011 2097 3051; x_wconf 90' lang='lat' dir='ltr'><strong>cum</strong></span> <span class='ocrx_word' id='word_1_703' title='bbox 2129 2995 2277 3054; x_wconf 87' lang='lat' dir='ltr'><strong>videt</strong></span> <span class='ocrx_word' id='word_1_704' title='bbox 2301 3012 2360 3052; x_wconf 91' lang='lat' dir='ltr'><strong>se</strong></span> <span class='ocrx_word' id='word_1_705' title='bbox 2383 2995 2515 3051; x_wconf 88' lang='lat' dir='ltr'><strong>nihil</strong></span> <span class='ocrx_word' id='word_1_706' title='bbox 2535 2993 2823 3066; x_wconf 87' lang='lat' dir='ltr'><strong>proficere,</strong></span> <span class='ocrx_word' id='word_1_707' title='bbox 2846 2993 3065 3050; x_wconf 90' lang='lat' dir='ltr'><strong>demum</strong></span> <span class='ocrx_word' id='word_1_708' title='bbox 3088 2995 3355 3062; x_wconf 87' lang='lat' dir='ltr'><strong>abscedit,</strong></span> <span class='ocrx_word' id='word_1_709' title='bbox 3387 2995 3584 3051; x_wconf 89' lang='lat' dir='ltr'><strong>timens</strong></span> 
     </span>
    </p>
   </div>
   <div class='ocr_carea' id='block_1_92' title="bbox 1975 3087 3584 3158">
    <p class='ocr_par' dir='ltr' id='par_1_92' title="bbox 1975 3087 3584 3158">
     <span class='ocr_line' id='line_1_92' title="bbox 1975 3087 3584 3158; baseline 0.002 -16"><span class='ocrx_word' id='word_1_710' title='bbox 1975 3104 2044 3144; x_wconf 93' lang='lat' dir='ltr'><strong>ne</strong></span> <span class='ocrx_word' id='word_1_711' title='bbox 2075 3089 2255 3158; x_wconf 87' lang='lat' dir='ltr'><strong>plures</strong></span> <span class='ocrx_word' id='word_1_712' title='bbox 2301 3089 2457 3144; x_wconf 87' lang='lat' dir='ltr'><strong>nobis</strong></span> <span class='ocrx_word' id='word_1_713' title='bbox 2499 3101 2733 3143; x_wconf 88' lang='lat' dir='ltr'><strong>coronas</strong></span> <span class='ocrx_word' id='word_1_714' title='bbox 2776 3087 3049 3146; x_wconf 86' lang='lat' dir='ltr'><strong>conciliet.</strong></span> <span class='ocrx_word' id='word_1_715' title='bbox 3094 3087 3228 3141; x_wconf 88' lang='lat' dir='ltr'><strong>Cum</strong></span> <span class='ocrx_word' id='word_1_716' title='bbox 3277 3099 3461 3144; x_wconf 89' lang='lat' dir='ltr'><strong>autem</strong></span> <span class='ocrx_word' id='word_1_717' title='bbox 3493 3089 3584 3146; x_wconf 89' lang='lat' dir='ltr'><strong>ille</strong></span> 
     </span>
    </p>
   </div>
   <div class='ocr_carea' id='block_1_93' title="bbox 1975 3176 3585 3249">
    <p class='ocr_par' dir='ltr' id='par_1_93' title="bbox 1975 3176 3585 3249">
     <span class='ocr_line' id='line_1_93' title="bbox 1975 3176 3585 3249; baseline 0.001 -15"><span class='ocrx_word' id='word_1_718' title='bbox 1975 3177 2318 3246; x_wconf 79' lang='lat' dir='ltr'><strong>discesserit,</strong></span> <span class='ocrx_word' id='word_1_719' title='bbox 2339 3180 2682 3249; x_wconf 83' lang='lat' dir='ltr'><strong>quantumvis</strong></span> <span class='ocrx_word' id='word_1_720' title='bbox 2726 3176 3065 3232; x_wconf 82' lang='lat' dir='ltr'><strong>facinorosos</strong></span> <span class='ocrx_word' id='word_1_721' title='bbox 3091 3186 3148 3231; x_wconf 92' lang='lat' dir='ltr'><strong>et</strong></span> <span class='ocrx_word' id='word_1_722' title='bbox 3174 3179 3438 3233; x_wconf 86' lang='lat' dir='ltr'><strong>scelestus</strong></span> <span class='ocrx_word' id='word_1_723' title='bbox 3463 3180 3585 3248; x_wconf 83' lang='lat' dir='ltr'><strong>quis</strong></span> 
     </span>
    </p>
   </div>
   <div class='ocr_carea' id='block_1_94' title="bbox 1977 3268 3584 3340">
    <p class='ocr_par' dir='ltr' id='par_1_94' title="bbox 1977 3268 3584 3340">
     <span class='ocr_line' id='line_1_94' title="bbox 1977 3268 3584 3340; baseline 0.001 -16"><span class='ocrx_word' id='word_1_724' title='bbox 1977 3271 2157 3334; x_wconf 90' lang='lat' dir='ltr'><strong>fuerit,</strong></span> <span class='ocrx_word' id='word_1_725' title='bbox 2205 3270 2416 3326; x_wconf 87' lang='lat' dir='ltr'><strong>sublata</strong></span> <span class='ocrx_word' id='word_1_726' title='bbox 2442 3268 2531 3324; x_wconf 91' lang='lat' dir='ltr'><strong>illa</strong></span> <span class='ocrx_word' id='word_1_727' title='bbox 2561 3268 2790 3338; x_wconf 82' lang='lat' dir='ltr'><strong>caligine</strong></span> <span class='ocrx_word' id='word_1_728' title='bbox 2833 3268 3086 3323; x_wconf 86' lang='lat' dir='ltr'><strong>virtutem</strong></span> <span class='ocrx_word' id='word_1_729' title='bbox 3117 3280 3394 3338; x_wconf 83' lang='lat' dir='ltr'><strong>agnoscet.</strong></span> <span class='ocrx_word' id='word_1_730' title='bbox 3425 3269 3584 3340; x_wconf 81' lang='lat' dir='ltr'><strong>Quod</strong></span> 
     </span>
    </p>
   </div>
   <div class='ocr_carea' id='block_1_95' title="bbox 1977 3358 3581 3433">
    <p class='ocr_par' dir='ltr' id='par_1_95' title="bbox 1977 3358 3581 3433">
     <span class='ocr_line' id='line_1_95' title="bbox 1977 3358 3581 3433; baseline 0 -15"><span class='ocrx_word' id='word_1_731' title='bbox 1977 3364 2021 3418; x_wconf 89' lang='lat' dir='ltr'><strong>si</strong></span> <span class='ocrx_word' id='word_1_732' title='bbox 2050 3363 2297 3420; x_wconf 86' lang='lat' dir='ltr'><strong>homines</strong></span> <span class='ocrx_word' id='word_1_733' title='bbox 2315 3379 2347 3418; x_wconf 90' lang='lat' dir='ltr'><strong>a</strong></span> <span class='ocrx_word' id='word_1_734' title='bbox 2373 3371 2525 3419; x_wconf 89' lang='lat' dir='ltr'><strong>recto</strong></span> <span class='ocrx_word' id='word_1_735' title='bbox 2556 3361 2840 3419; x_wconf 84' lang='lat' dir='ltr'><strong>ratiocinio</strong></span> <span class='ocrx_word' id='word_1_736' title='bbox 2868 3358 3179 3427; x_wconf 78' lang='lat' dir='ltr'><strong>deﬂectunt,</strong></span> <span class='ocrx_word' id='word_1_737' title='bbox 3210 3377 3239 3415; x_wconf 89' lang='lat' dir='ltr'><strong>a</strong></span> <span class='ocrx_word' id='word_1_738' title='bbox 3274 3361 3384 3416; x_wconf 88' lang='lat' dir='ltr'><strong>Deo</strong></span> <span class='ocrx_word' id='word_1_739' title='bbox 3406 3363 3581 3433; x_wconf 67' lang='lat' dir='ltr'><strong>maio-</strong></span> 
     </span>
    </p>
   </div>
   <div class='ocr_carea' id='block_1_96' title="bbox 1979 3450 3137 3522">
    <p class='ocr_par' dir='ltr' id='par_1_96' title="bbox 1979 3450 3137 3522">
     <span class='ocr_line' id='line_1_96' title="bbox 1979 3450 3137 3522; baseline -0.005 -12"><span class='ocrx_word' id='word_1_740' title='bbox 1979 3471 2092 3510; x_wconf 90' lang='lat' dir='ltr'><strong>rem</strong></span> <span class='ocrx_word' id='word_1_741' title='bbox 2120 3454 2531 3510; x_wconf 86' lang='lat' dir='ltr'><strong>admirationem</strong></span> <span class='ocrx_word' id='word_1_742' title='bbox 2565 3454 2886 3522; x_wconf 80' lang='lat' dir='ltr'><strong>laudemque</strong></span> <span class='ocrx_word' id='word_1_743' title='bbox 2913 3450 3137 3508; x_wconf 84' lang='lat' dir='ltr'><strong>referes.</strong></span> 
     </span>
    </p>
   </div>
   <div class='ocr_carea' id='block_1_97' title="bbox 2054 3544 3586 3614">
    <p class='ocr_par' dir='ltr' id='par_1_97' title="bbox 2054 3544 3586 3614">
     <span class='ocr_line' id='line_1_97' title="bbox 2054 3544 3586 3614; baseline 0.004 -18"><span class='ocrx_word' id='word_1_744' title='bbox 2054 3546 2117 3602; x_wconf 86' lang='lat'><strong>9.</strong></span> <span class='ocrx_word' id='word_1_745' title='bbox 2148 3545 2226 3602; x_wconf 76' lang='lat' dir='ltr'><strong>Ne</strong></span> <span class='ocrx_word' id='word_1_746' title='bbox 2253 3546 2440 3604; x_wconf 77' lang='lat' dir='ltr'><strong>doleas</strong></span> <span class='ocrx_word' id='word_1_747' title='bbox 2467 3546 2666 3614; x_wconf 78' lang='lat' dir='ltr'><strong>itaque,</strong></span> <span class='ocrx_word' id='word_1_748' title='bbox 2704 3560 2880 3614; x_wconf 75' lang='lat' dir='ltr'><strong>neque</strong></span> <span class='ocrx_word' id='word_1_749' title='bbox 2922 3544 3386 3600; x_wconf 82' lang='lat' dir='ltr'><strong>animocmtcidas</strong></span> <span class='ocrx_word' id='word_1_750' title='bbox 3414 3563 3428 3598; x_wconf 89' lang='lat'><strong>:</strong></span> <span class='ocrx_word' id='word_1_751' title='bbox 3461 3560 3586 3601; x_wconf 82' lang='lat' dir='ltr'><strong>nam</strong></span> 
     </span>
    </p>
   </div>
   <div class='ocr_carea' id='block_1_98' title="bbox 1978 3633 3585 3708">
    <p class='ocr_par' dir='ltr' id='par_1_98' title="bbox 1978 3633 3585 3708">
     <span class='ocr_line' id='line_1_98' title="bbox 1978 3633 3585 3708; baseline -0.002 -14"><span class='ocrx_word' id='word_1_752' title='bbox 1978 3647 2034 3694; x_wconf 87' lang='lat' dir='ltr'><strong>et</strong></span> <span class='ocrx_word' id='word_1_753' title='bbox 2054 3638 2283 3708; x_wconf 90' lang='lat' dir='ltr'><strong>apostoli</strong></span> <span class='ocrx_word' id='word_1_754' title='bbox 2304 3637 2423 3692; x_wconf 87' lang='lat' dir='ltr'><strong>aliis</strong></span> <span class='ocrx_word' id='word_1_755' title='bbox 2444 3637 2663 3706; x_wconf 87' lang='lat' dir='ltr'><strong>quidem</strong></span> <span class='ocrx_word' id='word_1_756' title='bbox 2675 3644 2836 3694; x_wconf 84' lang='lat' dir='ltr'><strong>erant</strong></span> <span class='ocrx_word' id='word_1_757' title='bbox 2863 3633 3001 3689; x_wconf 88' lang='lat' dir='ltr'><strong>odor</strong></span> <span class='ocrx_word' id='word_1_758' title='bbox 3026 3635 3238 3698; x_wconf 90' lang='lat' dir='ltr'><strong>mortis,</strong></span> <span class='ocrx_word' id='word_1_759' title='bbox 3261 3635 3383 3692; x_wconf 88' lang='lat' dir='ltr'><strong>aliis</strong></span> <span class='ocrx_word' id='word_1_760' title='bbox 3404 3645 3585 3691; x_wconf 83' lang='lat' dir='ltr'><strong>autem</strong></span> 
     </span>
    </p>
   </div>
   <div class='ocr_carea' id='block_1_99' title="bbox 1979 3726 3585 3801">
    <p class='ocr_par' dir='ltr' id='par_1_99' title="bbox 1979 3726 3585 3801">
     <span class='ocr_line' id='line_1_99' title="bbox 1979 3726 3585 3801; baseline -0.003 -15"><span class='ocrx_word' id='word_1_761' title='bbox 1979 3731 2116 3788; x_wconf 81' lang='lat' dir='ltr'><strong>odor</strong></span> <span class='ocrx_word' id='word_1_762' title='bbox 2137 3731 2262 3786; x_wconf 70' lang='lat' dir='ltr'><strong>vita:</strong></span> <span class='ocrx_word' id='word_1_763' title='bbox 2293 3729 2370 3801; x_wconf 74' lang='lat'><strong>(9..</strong></span> <span class='ocrx_word' id='word_1_764' title='bbox 2399 3727 2519 3783; x_wconf 87' lang='lat' dir='ltr'><strong>Cor.</strong></span> <span class='ocrx_word' id='word_1_765' title='bbox 2561 3727 2616 3780; x_wconf 67' lang='grc' dir='ltr'><strong>Ξ.</strong></span> <span class='ocrx_word' id='word_1_766' title='bbox 2652 3727 2719 3782; x_wconf 78' lang='grc'><strong>16</strong></span> <span class='ocrx_word' id='word_1_767' title='bbox 2747 3729 2783 3794; x_wconf 93' lang='grc'><strong>).</strong></span> <span class='ocrx_word' id='word_1_768' title='bbox 2819 3726 2952 3781; x_wconf 85' lang='lat' dir='ltr'><strong>Nam</strong></span> <span class='ocrx_word' id='word_1_769' title='bbox 2980 3726 3115 3784; x_wconf 77' lang='lat' dir='ltr'><strong>situ</strong></span> <span class='ocrx_word' id='word_1_770' title='bbox 3145 3726 3347 3781; x_wconf 83' lang='lat' dir='ltr'><strong>nullam</strong></span> <span class='ocrx_word' id='word_1_771' title='bbox 3391 3741 3585 3781; x_wconf 87' lang='lat' dir='ltr'><strong>ansam</strong></span> 
     </span>
    </p>
   </div>
   <div class='ocr_carea' id='block_1_100' title="bbox 1979 3814 3591 3886">
    <p class='ocr_par' dir='ltr' id='par_1_100' title="bbox 1979 3814 3591 3886">
     <span class='ocr_line' id='line_1_100' title="bbox 1979 3814 3591 3886; baseline -0.002 -10"><span class='ocrx_word' id='word_1_772' title='bbox 1979 3821 2217 3886; x_wconf 82' lang='lat' dir='ltr'><strong>dederis,</strong></span> <span class='ocrx_word' id='word_1_773' title='bbox 2240 3821 2308 3874; x_wconf 85' lang='lat' dir='ltr'><strong>ab</strong></span> <span class='ocrx_word' id='word_1_774' title='bbox 2328 3818 2474 3874; x_wconf 91' lang='lat' dir='ltr'><strong>omni</strong></span> <span class='ocrx_word' id='word_1_775' title='bbox 2503 3816 2731 3872; x_wconf 88' lang='lat' dir='ltr'><strong>crimine</strong></span> <span class='ocrx_word' id='word_1_776' title='bbox 2772 3814 3068 3879; x_wconf 71' lang='lat' dir='ltr'><strong>liberaris;</strong></span> <span class='ocrx_word' id='word_1_777' title='bbox 3091 3816 3201 3870; x_wconf 90' lang='lat' dir='ltr'><strong>imo</strong></span> <span class='ocrx_word' id='word_1_778' title='bbox 3229 3816 3438 3871; x_wconf 85' lang='lat' dir='ltr'><strong>beatior</strong></span> <span class='ocrx_word' id='word_1_779' title='bbox 3458 3816 3591 3872; x_wconf 84' lang='lat' dir='ltr'><strong>effe-</strong></span> 
     </span>
    </p>
   </div>
   <div class='ocr_carea' id='block_1_101' title="bbox 1979 3904 3591 3979">
    <p class='ocr_par' dir='ltr' id='par_1_101' title="bbox 1979 3904 3591 3979">
     <span class='ocr_line' id='line_1_101' title="bbox 1979 3904 3591 3979; baseline -0.004 -13"><span class='ocrx_word' id='word_1_780' title='bbox 1979 3921 2099 3972; x_wconf 83' lang='lat' dir='ltr'><strong>ctus</strong></span> <span class='ocrx_word' id='word_1_781' title='bbox 2128 3926 2208 3968; x_wconf 82' lang='lat' dir='ltr'><strong>es.</strong></span> <span class='ocrx_word' id='word_1_782' title='bbox 2238 3907 2548 3979; x_wconf 65' lang='lat' dir='ltr'><strong>Resrilende</strong></span> <span class='ocrx_word' id='word_1_783' title='bbox 2574 3908 2734 3978; x_wconf 80' lang='lat' dir='ltr'><strong>igitur</strong></span> <span class='ocrx_word' id='word_1_784' title='bbox 2757 3906 2814 3961; x_wconf 91' lang='lat' dir='ltr'><strong>in</strong></span> <span class='ocrx_word' id='word_1_785' title='bbox 2840 3907 2970 3971; x_wconf 87' lang='lat' dir='ltr'><strong>vita,</strong></span> <span class='ocrx_word' id='word_1_786' title='bbox 2993 3913 3047 3960; x_wconf 90' lang='lat' dir='ltr'><strong>et</strong></span> <span class='ocrx_word' id='word_1_787' title='bbox 3082 3904 3378 3962; x_wconf 84' lang='lat' dir='ltr'><strong>maledicos</strong></span> <span class='ocrx_word' id='word_1_788' title='bbox 3401 3921 3468 3961; x_wconf 91' lang='lat' dir='ltr'><strong>ne</strong></span> <span class='ocrx_word' id='word_1_789' title='bbox 3494 3921 3591 3961; x_wconf 90' lang='lat' dir='ltr'><strong>cu-</strong></span> 
     </span>
    </p>
   </div>
   <div class='ocr_carea' id='block_1_102' title="bbox 1981 3987 3583 4072">
    <p class='ocr_par' dir='ltr' id='par_1_102' title="bbox 1981 3987 3583 4072">
     <span class='ocr_line' id='line_1_102' title="bbox 1981 3987 3583 4072; baseline -0.002 -14"><span class='ocrx_word' id='word_1_790' title='bbox 1981 4018 2090 4058; x_wconf 88' lang='lat' dir='ltr'><strong>res.</strong></span> <span class='ocrx_word' id='word_1_791' title='bbox 2123 4002 2240 4058; x_wconf 87' lang='lat' dir='ltr'><strong>Non</strong></span> <span class='ocrx_word' id='word_1_792' title='bbox 2271 4010 2452 4072; x_wconf 83' lang='lat' dir='ltr'><strong>potest</strong></span> <span class='ocrx_word' id='word_1_793' title='bbox 2480 3999 2622 4055; x_wconf 85' lang='lat' dir='ltr'><strong>enim</strong></span> <span class='ocrx_word' id='word_1_794' title='bbox 2644 4042 2660 4065; x_wconf 91' lang='lat'><strong>,</strong></span> <span class='ocrx_word' id='word_1_795' title='bbox 2688 3987 2794 4054; x_wconf 80' lang='lat' dir='ltr'><strong>non</strong></span> <span class='ocrx_word' id='word_1_796' title='bbox 2823 3999 2997 4069; x_wconf 89' lang='lat' dir='ltr'><strong>potest</strong></span> <span class='ocrx_word' id='word_1_797' title='bbox 3034 4013 3170 4054; x_wconf 87' lang='lat' dir='ltr'><strong>sane</strong></span> <span class='ocrx_word' id='word_1_798' title='bbox 3189 3999 3279 4069; x_wconf 91' lang='lat' dir='ltr'><strong>qui</strong></span> <span class='ocrx_word' id='word_1_799' title='bbox 3328 4000 3583 4056; x_wconf 87' lang='lat' dir='ltr'><strong>virtutem</strong></span> 
     </span>
    </p>
   </div>
   <div class='ocr_carea' id='block_1_103' title="bbox 1983 4090 3589 4154">
    <p class='ocr_par' dir='ltr' id='par_1_103' title="bbox 1983 4090 3589 4154">
     <span class='ocr_line' id='line_1_103' title="bbox 1983 4090 3589 4154; baseline -0.001 -5"><span class='ocrx_word' id='word_1_800' title='bbox 1983 4097 2111 4152; x_wconf 88' lang='lat' dir='ltr'><strong>colit</strong></span> <span class='ocrx_word' id='word_1_801' title='bbox 2140 4111 2249 4154; x_wconf 85' lang='lat' dir='ltr'><strong>non</strong></span> <span class='ocrx_word' id='word_1_802' title='bbox 2295 4095 2494 4148; x_wconf 89' lang='lat' dir='ltr'><strong>multos</strong></span> <span class='ocrx_word' id='word_1_803' title='bbox 2527 4092 2726 4150; x_wconf 86' lang='lat' dir='ltr'><strong>habere</strong></span> <span class='ocrx_word' id='word_1_804' title='bbox 2776 4092 3041 4148; x_wconf 88' lang='lat' dir='ltr'><strong>inimicos.</strong></span> <span class='ocrx_word' id='word_1_805' title='bbox 3072 4090 3181 4147; x_wconf 87' lang='lat' dir='ltr'><strong>Sed</strong></span> <span class='ocrx_word' id='word_1_806' title='bbox 3233 4091 3364 4146; x_wconf 90' lang='lat' dir='ltr'><strong>nihil</strong></span> <span class='ocrx_word' id='word_1_807' title='bbox 3397 4092 3589 4148; x_wconf 90' lang='lat' dir='ltr'><strong>horum</strong></span> 
     </span>
    </p>
   </div>
   <div class='ocr_carea' id='block_1_104' title="bbox 1984 4184 3590 4259">
    <p class='ocr_par' dir='ltr' id='par_1_104' title="bbox 1984 4184 3590 4259">
     <span class='ocr_line' id='line_1_104' title="bbox 1984 4184 3590 4259; baseline -0.001 -19"><span class='ocrx_word' id='word_1_808' title='bbox 1984 4189 2153 4259; x_wconf 79' lang='lat' dir='ltr'><strong>probo</strong></span> <span class='ocrx_word' id='word_1_809' title='bbox 2186 4202 2384 4243; x_wconf 86' lang='lat' dir='ltr'><strong>nocere</strong></span> <span class='ocrx_word' id='word_1_810' title='bbox 2428 4194 2607 4256; x_wconf 85' lang='lat' dir='ltr'><strong>potest</strong></span> <span class='ocrx_word' id='word_1_811' title='bbox 2634 4202 2650 4240; x_wconf 87' lang='lat'><strong>:</strong></span> <span class='ocrx_word' id='word_1_812' title='bbox 2702 4201 2798 4255; x_wconf 90' lang='lat' dir='ltr'><strong>per</strong></span> <span class='ocrx_word' id='word_1_813' title='bbox 2828 4185 2944 4239; x_wconf 64' lang='lat' dir='ltr'><strong>huic</strong></span> <span class='ocrx_word' id='word_1_814' title='bbox 2983 4185 3127 4240; x_wconf 89' lang='lat' dir='ltr'><strong>enim</strong></span> <span class='ocrx_word' id='word_1_815' title='bbox 3157 4184 3316 4254; x_wconf 80' lang='lat' dir='ltr'><strong>longe</strong></span> <span class='ocrx_word' id='word_1_816' title='bbox 3345 4184 3590 4255; x_wconf 83' lang='lat' dir='ltr'><strong>splendi-</strong></span> 
     </span>
    </p>
   </div>
   <div class='ocr_carea' id='block_1_105' title="bbox 1981 4277 3588 4345">
    <p class='ocr_par' dir='ltr' id='par_1_105' title="bbox 1981 4277 3588 4345">
     <span class='ocr_line' id='line_1_105' title="bbox 1981 4277 3588 4345; baseline -0.002 -13"><span class='ocrx_word' id='word_1_817' title='bbox 1981 4279 2103 4333; x_wconf 87' lang='lat' dir='ltr'><strong>dior</strong></span> <span class='ocrx_word' id='word_1_818' title='bbox 2131 4277 2252 4334; x_wconf 89' lang='lat' dir='ltr'><strong>erit.</strong></span> <span class='ocrx_word' id='word_1_819' title='bbox 2288 4277 2414 4332; x_wconf 67' lang='lat' dir='ltr'><strong>llu&#39;c</strong></span> <span class='ocrx_word' id='word_1_820' title='bbox 2443 4278 2621 4345; x_wconf 86' lang='lat' dir='ltr'><strong>itaque</strong></span> <span class='ocrx_word' id='word_1_821' title='bbox 2648 4277 2969 4344; x_wconf 81' lang='lat' dir='ltr'><strong>cogitantes.</strong></span> <span class='ocrx_word' id='word_1_822' title='bbox 3002 4289 3168 4328; x_wconf 89' lang='lat' dir='ltr'><strong>unum</strong></span> <span class='ocrx_word' id='word_1_823' title='bbox 3223 4281 3427 4327; x_wconf 82' lang='lat' dir='ltr'><strong>tantum</strong></span> <span class='ocrx_word' id='word_1_824' title='bbox 3459 4289 3588 4329; x_wconf 87' lang='lat' dir='ltr'><strong>sco-</strong></span> 
     </span>
    </p>
   </div>
   <div class='ocr_carea' id='block_1_106' title="bbox 1982 4364 3594 4440">
    <p class='ocr_par' dir='ltr' id='par_1_106' title="bbox 1982 4364 3594 4440">
     <span class='ocr_line' id='line_1_106' title="bbox 1982 4364 3594 4440; baseline -0.003 -16"><span class='ocrx_word' id='word_1_825' title='bbox 1982 4386 2109 4440; x_wconf 85' lang='lat' dir='ltr'><strong>pum</strong></span> <span class='ocrx_word' id='word_1_826' title='bbox 2141 4370 2470 4433; x_wconf 85' lang='lat' dir='ltr'><strong>habeamus,</strong></span> <span class='ocrx_word' id='word_1_827' title='bbox 2516 4382 2639 4422; x_wconf 92' lang='lat' dir='ltr'><strong>cum</strong></span> <span class='ocrx_word' id='word_1_828' title='bbox 2666 4365 2940 4435; x_wconf 79' lang='lat' dir='ltr'><strong>diligentia</strong></span> <span class='ocrx_word' id='word_1_829' title='bbox 2991 4373 3231 4418; x_wconf 86' lang='lat' dir='ltr'><strong>nostram</strong></span> <span class='ocrx_word' id='word_1_830' title='bbox 3272 4364 3594 4431; x_wconf 80' lang='lat' dir='ltr'><strong>diSpensare</strong></span> 
     </span>
    </p>
   </div>
   <div class='ocr_carea' id='block_1_107' title="bbox 1984 4455 3594 4526">
    <p class='ocr_par' dir='ltr' id='par_1_107' title="bbox 1984 4455 3594 4526">
     <span class='ocr_line' id='line_1_107' title="bbox 1984 4455 3594 4526; baseline -0.002 -13"><span class='ocrx_word' id='word_1_831' title='bbox 1984 4464 2146 4515; x_wconf 84' lang='lat' dir='ltr'><strong>vitam</strong></span> <span class='ocrx_word' id='word_1_832' title='bbox 2178 4480 2190 4515; x_wconf 87' lang='lat'><strong>:</strong></span> <span class='ocrx_word' id='word_1_833' title='bbox 2223 4461 2300 4514; x_wconf 77' lang='lat' dir='ltr'><strong>sic</strong></span> <span class='ocrx_word' id='word_1_834' title='bbox 2315 4459 2460 4514; x_wconf 91' lang='lat' dir='ltr'><strong>enim</strong></span> <span class='ocrx_word' id='word_1_835' title='bbox 2486 4474 2583 4513; x_wconf 91' lang='lat' dir='ltr'><strong>eos</strong></span> <span class='ocrx_word' id='word_1_836' title='bbox 2607 4457 2696 4526; x_wconf 91' lang='lat' dir='ltr'><strong>qui</strong></span> <span class='ocrx_word' id='word_1_837' title='bbox 2725 4459 2777 4511; x_wconf 90' lang='lat' dir='ltr'><strong>in</strong></span> <span class='ocrx_word' id='word_1_838' title='bbox 2809 4456 3044 4510; x_wconf 87' lang='lat' dir='ltr'><strong>tenebris</strong></span> <span class='ocrx_word' id='word_1_839' title='bbox 3072 4455 3283 4519; x_wconf 87' lang='lat' dir='ltr'><strong>sedent,</strong></span> <span class='ocrx_word' id='word_1_840' title='bbox 3306 4455 3372 4509; x_wconf 88' lang='lat' dir='ltr'><strong>ad</strong></span> <span class='ocrx_word' id='word_1_841' title='bbox 3396 4471 3594 4525; x_wconf 83' lang='lat' dir='ltr'><strong>super-</strong></span> 
     </span>
    </p>
   </div>
   <div class='ocr_carea' id='block_1_108' title="bbox 1985 4546 3594 4622">
    <p class='ocr_par' dir='ltr' id='par_1_108' title="bbox 1985 4546 3594 4622">
     <span class='ocr_line' id='line_1_108' title="bbox 1985 4546 3594 4622; baseline -0.005 -13"><span class='ocrx_word' id='word_1_842' title='bbox 1985 4570 2110 4609; x_wconf 88' lang='lat' dir='ltr'><strong>nam</strong></span> <span class='ocrx_word' id='word_1_843' title='bbox 2135 4554 2296 4606; x_wconf 85' lang='lat' dir='ltr'><strong>vitam</strong></span> <span class='ocrx_word' id='word_1_844' title='bbox 2328 4551 2484 4622; x_wconf 83' lang='lat' dir='ltr'><strong>quasi</strong></span> <span class='ocrx_word' id='word_1_845' title='bbox 2508 4564 2671 4604; x_wconf 86' lang='lat' dir='ltr'><strong>manu</strong></span> <span class='ocrx_word' id='word_1_846' title='bbox 2689 4548 2968 4602; x_wconf 81' lang='lat' dir='ltr'><strong>ducemus.</strong></span> <span class='ocrx_word' id='word_1_847' title='bbox 2999 4547 3166 4600; x_wconf 77' lang='lat' dir='ltr'><strong>Tanta</strong></span> <span class='ocrx_word' id='word_1_848' title='bbox 3196 4547 3400 4601; x_wconf 89' lang='lat' dir='ltr'><strong>scilicet</strong></span> <span class='ocrx_word' id='word_1_849' title='bbox 3433 4546 3594 4615; x_wconf 68' lang='lat' dir='ltr'><strong>huius</strong></span> 
     </span>
    </p>
   </div>
   <div class='ocr_carea' id='block_1_109' title="bbox 1986 4634 3595 4705">
    <p class='ocr_par' dir='ltr' id='par_1_109' title="bbox 1986 4634 3595 4705">
     <span class='ocr_line' id='line_1_109' title="bbox 1986 4634 3595 4705; baseline -0.005 -7"><span class='ocrx_word' id='word_1_850' title='bbox 1986 4645 2134 4698; x_wconf 86' lang='lat' dir='ltr'><strong>lucis.</strong></span> <span class='ocrx_word' id='word_1_851' title='bbox 2155 4645 2232 4698; x_wconf 85' lang='lat' dir='ltr'><strong>vis</strong></span> <span class='ocrx_word' id='word_1_852' title='bbox 2285 4651 2397 4704; x_wconf 87' lang='lat' dir='ltr'><strong>est,</strong></span> <span class='ocrx_word' id='word_1_853' title='bbox 2444 4650 2501 4694; x_wconf 92' lang='lat' dir='ltr'><strong>ut</strong></span> <span class='ocrx_word' id='word_1_854' title='bbox 2545 4654 2651 4692; x_wconf 91' lang='lat' dir='ltr'><strong>non</strong></span> <span class='ocrx_word' id='word_1_855' title='bbox 2705 4637 2793 4692; x_wconf 88' lang='lat' dir='ltr'><strong>hic</strong></span> <span class='ocrx_word' id='word_1_856' title='bbox 2843 4646 3046 4690; x_wconf 80' lang='lat' dir='ltr'><strong>tantum</strong></span> <span class='ocrx_word' id='word_1_857' title='bbox 3102 4634 3337 4705; x_wconf 80' lang='lat' dir='ltr'><strong>fulgeat,</strong></span> <span class='ocrx_word' id='word_1_858' title='bbox 3395 4635 3488 4690; x_wconf 90' lang='lat' dir='ltr'><strong>sed</strong></span> <span class='ocrx_word' id='word_1_859' title='bbox 3541 4647 3595 4690; x_wconf 86' lang='lat' dir='ltr'><strong>et</strong></span> 
     </span>
    </p>
   </div>
   <div class='ocr_carea' id='block_1_110' title="bbox 1985 4727 3598 4805">
    <p class='ocr_par' dir='ltr' id='par_1_110' title="bbox 1985 4727 3598 4805">
     <span class='ocr_line' id='line_1_110' title="bbox 1985 4727 3598 4805; baseline -0.004 -16"><span class='ocrx_word' id='word_1_860' title='bbox 1985 4729 2272 4805; x_wconf 84' lang='lat' dir='ltr'><strong>sequentes</strong></span> <span class='ocrx_word' id='word_1_861' title='bbox 2325 4747 2385 4788; x_wconf 92' lang='lat' dir='ltr'><strong>se</strong></span> <span class='ocrx_word' id='word_1_862' title='bbox 2430 4731 2522 4785; x_wconf 91' lang='lat' dir='ltr'><strong>illo</strong></span> <span class='ocrx_word' id='word_1_863' title='bbox 2559 4730 2806 4784; x_wconf 81' lang='lat' dir='ltr'><strong>deducat.</strong></span> <span class='ocrx_word' id='word_1_864' title='bbox 2853 4728 2988 4781; x_wconf 88' lang='lat' dir='ltr'><strong>Cum</strong></span> <span class='ocrx_word' id='word_1_865' title='bbox 3037 4728 3180 4782; x_wconf 90' lang='lat' dir='ltr'><strong>enim</strong></span> <span class='ocrx_word' id='word_1_866' title='bbox 3225 4742 3324 4780; x_wconf 85' lang='lat' dir='ltr'><strong>nos</strong></span> <span class='ocrx_word' id='word_1_867' title='bbox 3360 4727 3598 4782; x_wconf 88' lang='lat' dir='ltr'><strong>viderint</strong></span> 
     </span>
    </p>
   </div>
   <div class='ocr_carea' id='block_1_111' title="bbox 1986 4817 3595 4896">
    <p class='ocr_par' dir='ltr' id='par_1_111' title="bbox 1986 4817 3595 4896">
     <span class='ocr_line' id='line_1_111' title="bbox 1986 4817 3595 4896; baseline -0.003 -17"><span class='ocrx_word' id='word_1_868' title='bbox 1986 4826 2269 4896; x_wconf 80' lang='lat' dir='ltr'><strong>praesentia</strong></span> <span class='ocrx_word' id='word_1_869' title='bbox 2317 4823 2496 4876; x_wconf 85' lang='lat' dir='ltr'><strong>omnia</strong></span> <span class='ocrx_word' id='word_1_870' title='bbox 2552 4817 2911 4890; x_wconf 69' lang='lat' dir='ltr'><strong>despicier‘tes</strong></span> <span class='ocrx_word' id='word_1_871' title='bbox 2964 4828 3021 4874; x_wconf 91' lang='lat' dir='ltr'><strong>et</strong></span> <span class='ocrx_word' id='word_1_872' title='bbox 3063 4819 3130 4873; x_wconf 90' lang='lat' dir='ltr'><strong>ad</strong></span> <span class='ocrx_word' id='word_1_873' title='bbox 3168 4817 3342 4872; x_wconf 87' lang='lat' dir='ltr'><strong>futura</strong></span> <span class='ocrx_word' id='word_1_874' title='bbox 3383 4834 3595 4889; x_wconf 51' lang='lat' dir='ltr'><strong>pnnpa.</strong></span> 
     </span>
    </p>
   </div>
   <div class='ocr_carea' id='block_1_112' title="bbox 1989 4910 3594 4986">
    <p class='ocr_par' dir='ltr' id='par_1_112' title="bbox 1989 4910 3594 4986">
     <span class='ocr_line' id='line_1_112' title="bbox 1989 4910 3594 4986; baseline -0.006 -14"><span class='ocrx_word' id='word_1_875' title='bbox 1989 4926 2132 4973; x_wconf 81' lang='lat' dir='ltr'><strong>ratos</strong></span> <span class='ocrx_word' id='word_1_876' title='bbox 2157 4958 2171 4982; x_wconf 93' lang='lat'><strong>,</strong></span> <span class='ocrx_word' id='word_1_877' title='bbox 2219 4914 2473 4986; x_wconf 88' lang='lat' dir='ltr'><strong>operibus</strong></span> <span class='ocrx_word' id='word_1_878' title='bbox 2512 4913 2680 4982; x_wconf 82' lang='lat' dir='ltr'><strong>magis</strong></span> <span class='ocrx_word' id='word_1_879' title='bbox 2715 4927 2874 4981; x_wconf 86' lang='lat' dir='ltr'><strong>quam</strong></span> <span class='ocrx_word' id='word_1_880' title='bbox 2904 4910 3088 4965; x_wconf 88' lang='lat' dir='ltr'><strong>verbis</strong></span> <span class='ocrx_word' id='word_1_881' title='bbox 3120 4910 3594 4979; x_wconf 78' lang='lat' dir='ltr'><strong>obtemperabant.</strong></span> 
     </span>
    </p>
   </div>
   <div class='ocr_carea' id='block_1_113' title="bbox 1988 5001 3597 5075">
    <p class='ocr_par' dir='ltr' id='par_1_113' title="bbox 1988 5001 3597 5075">
     <span class='ocr_line' id='line_1_113' title="bbox 1988 5001 3597 5075; baseline -0.002 -15"><span class='ocrx_word' id='word_1_882' title='bbox 1988 5009 2119 5075; x_wconf 81' lang='lat' dir='ltr'><strong>Quis</strong></span> <span class='ocrx_word' id='word_1_883' title='bbox 2143 5008 2286 5062; x_wconf 91' lang='lat' dir='ltr'><strong>enim</strong></span> <span class='ocrx_word' id='word_1_884' title='bbox 2318 5015 2400 5059; x_wconf 91' lang='lat' dir='ltr'><strong>est</strong></span> <span class='ocrx_word' id='word_1_885' title='bbox 2429 5005 2498 5058; x_wconf 75' lang='lat' dir='ltr'><strong>ita</strong></span> <span class='ocrx_word' id='word_1_886' title='bbox 2525 5004 2722 5058; x_wconf 90' lang='lat' dir='ltr'><strong>stultus</strong></span> <span class='ocrx_word' id='word_1_887' title='bbox 2748 5044 2762 5068; x_wconf 92' lang='lat'><strong>,</strong></span> <span class='ocrx_word' id='word_1_888' title='bbox 2806 5002 2895 5071; x_wconf 88' lang='lat' dir='ltr'><strong>qui</strong></span> <span class='ocrx_word' id='word_1_889' title='bbox 2939 5001 3126 5056; x_wconf 87' lang='lat' dir='ltr'><strong>videns</strong></span> <span class='ocrx_word' id='word_1_890' title='bbox 3173 5002 3444 5059; x_wconf 84' lang='lat' dir='ltr'><strong>hominem</strong></span> <span class='ocrx_word' id='word_1_891' title='bbox 3479 5001 3597 5058; x_wconf 84' lang='lat' dir='ltr'><strong>heri</strong></span> 
     </span>
    </p>
   </div>
   <div class='ocr_carea' id='block_1_114' title="bbox 1989 5092 3599 5161">
    <p class='ocr_par' dir='ltr' id='par_1_114' title="bbox 1989 5092 3599 5161">
     <span class='ocr_line' id='line_1_114' title="bbox 1989 5092 3599 5161; baseline -0.004 -6"><span class='ocrx_word' id='word_1_892' title='bbox 1989 5110 2043 5155; x_wconf 84' lang='lat' dir='ltr'><strong>et</strong></span> <span class='ocrx_word' id='word_1_893' title='bbox 2069 5099 2262 5154; x_wconf 86' lang='lat' dir='ltr'><strong>nudius</strong></span> <span class='ocrx_word' id='word_1_894' title='bbox 2290 5097 2479 5151; x_wconf 86' lang='lat' dir='ltr'><strong>tertius</strong></span> <span class='ocrx_word' id='word_1_895' title='bbox 2517 5095 2860 5149; x_wconf 86' lang='lat' dir='ltr'><strong>deliciantem</strong></span> <span class='ocrx_word' id='word_1_896' title='bbox 2886 5104 2940 5148; x_wconf 88' lang='lat' dir='ltr'><strong>et</strong></span> <span class='ocrx_word' id='word_1_897' title='bbox 2962 5093 3208 5156; x_wconf 88' lang='lat' dir='ltr'><strong>divitem,</strong></span> <span class='ocrx_word' id='word_1_898' title='bbox 3235 5092 3348 5161; x_wconf 86' lang='lat' dir='ltr'><strong>jam</strong></span> <span class='ocrx_word' id='word_1_899' title='bbox 3367 5105 3599 5148; x_wconf 85' lang='lat' dir='ltr'><strong>exutum</strong></span> 
     </span>
    </p>
   </div>
   <div class='ocr_carea' id='block_1_115' title="bbox 1990 5182 3600 5250">
    <p class='ocr_par' dir='ltr' id='par_1_115' title="bbox 1990 5182 3600 5250">
     <span class='ocr_line' id='line_1_115' title="bbox 1990 5182 3600 5250; baseline -0.004 -4"><span class='ocrx_word' id='word_1_900' title='bbox 1990 5191 2240 5246; x_wconf 84' lang='lat' dir='ltr'><strong>omnibus</strong></span> <span class='ocrx_word' id='word_1_901' title='bbox 2293 5197 2349 5243; x_wconf 90' lang='lat' dir='ltr'><strong>et</strong></span> <span class='ocrx_word' id='word_1_902' title='bbox 2393 5202 2496 5242; x_wconf 90' lang='lat' dir='ltr'><strong>ceu</strong></span> <span class='ocrx_word' id='word_1_903' title='bbox 2537 5185 2812 5240; x_wconf 87' lang='lat' dir='ltr'><strong>volucrem</strong></span> <span class='ocrx_word' id='word_1_904' title='bbox 2843 5182 3095 5238; x_wconf 74' lang='lat' dir='ltr'><strong>effectum</strong></span> <span class='ocrx_word' id='word_1_905' title='bbox 3119 5224 3133 5250; x_wconf 94' lang='lat'><strong>,</strong></span> <span class='ocrx_word' id='word_1_906' title='bbox 3161 5183 3231 5237; x_wconf 87' lang='lat' dir='ltr'><strong>ad</strong></span> <span class='ocrx_word' id='word_1_907' title='bbox 3276 5184 3472 5237; x_wconf 88' lang='lat' dir='ltr'><strong>famem</strong></span> <span class='ocrx_word' id='word_1_908' title='bbox 3495 5227 3509 5249; x_wconf 89' lang='lat'><strong>,</strong></span> <span class='ocrx_word' id='word_1_909' title='bbox 3545 5195 3600 5240; x_wconf 90' lang='lat' dir='ltr'><strong>et</strong></span> 
     </span>
    </p>
   </div>
   <div class='ocr_carea' id='block_1_116' title="bbox 1993 5275 3598 5354">
    <p class='ocr_par' dir='ltr' id='par_1_116' title="bbox 1993 5275 3598 5354">
     <span class='ocr_line' id='line_1_116' title="bbox 1993 5275 3598 5354; baseline -0.004 -17"><span class='ocrx_word' id='word_1_910' title='bbox 1993 5289 2383 5354; x_wconf 83' lang='lat' dir='ltr'><strong>paupertatem,</strong></span> <span class='ocrx_word' id='word_1_911' title='bbox 2419 5279 2485 5333; x_wconf 87' lang='lat' dir='ltr'><strong>ad</strong></span> <span class='ocrx_word' id='word_1_912' title='bbox 2515 5276 2934 5335; x_wconf 85' lang='lat' dir='ltr'><strong>macerationem</strong></span> <span class='ocrx_word' id='word_1_913' title='bbox 2964 5290 3205 5341; x_wconf 82' lang='lat' dir='ltr'><strong>omnem,</strong></span> <span class='ocrx_word' id='word_1_914' title='bbox 3239 5275 3304 5327; x_wconf 89' lang='lat' dir='ltr'><strong>ad</strong></span> <span class='ocrx_word' id='word_1_915' title='bbox 3334 5275 3598 5343; x_wconf 84' lang='lat' dir='ltr'><strong>pericula,</strong></span> 
     </span>
    </p>
   </div>
   <div class='ocr_carea' id='block_1_117' title="bbox 1993 5364 3598 5442">
    <p class='ocr_par' dir='ltr' id='par_1_117' title="bbox 1993 5364 3598 5442">
     <span class='ocr_line' id='line_1_117' title="bbox 1993 5364 3598 5442; baseline -0.005 -16"><span class='ocrx_word' id='word_1_916' title='bbox 1993 5376 2056 5428; x_wconf 85' lang='lat' dir='ltr'><strong>ad</strong></span> <span class='ocrx_word' id='word_1_917' title='bbox 2081 5373 2394 5442; x_wconf 78' lang='lat' dir='ltr'><strong>sanguinem</strong></span> <span class='ocrx_word' id='word_1_918' title='bbox 2428 5367 2778 5429; x_wconf 85' lang='lat' dir='ltr'><strong>fundendtun,</strong></span> <span class='ocrx_word' id='word_1_919' title='bbox 2813 5367 2880 5418; x_wconf 86' lang='lat' dir='ltr'><strong>ad</strong></span> <span class='ocrx_word' id='word_1_920' title='bbox 2904 5375 3104 5420; x_wconf 88' lang='lat' dir='ltr'><strong>&#39;necem</strong></span> <span class='ocrx_word' id='word_1_921' title='bbox 3136 5374 3298 5435; x_wconf 87' lang='lat' dir='ltr'><strong>atque</strong></span> <span class='ocrx_word' id='word_1_922' title='bbox 3322 5364 3388 5416; x_wconf 86' lang='lat' dir='ltr'><strong>ad</strong></span> <span class='ocrx_word' id='word_1_923' title='bbox 3416 5368 3598 5418; x_wconf 79' lang='lat' dir='ltr'><strong>omnia</strong></span> 
     </span>
    </p>
   </div>
   <div class='ocr_carea' id='block_1_118' title="bbox 1994 5456 3610 5536">
    <p class='ocr_par' dir='ltr' id='par_1_118' title="bbox 1994 5456 3610 5536">
     <span class='ocr_line' id='line_1_118' title="bbox 1994 5456 3610 5536; baseline -0.004 -18"><span class='ocrx_word' id='word_1_924' title='bbox 1994 5481 2114 5536; x_wconf 73' lang='lat' dir='ltr'><strong>qure</strong></span> <span class='ocrx_word' id='word_1_925' title='bbox 2167 5464 2298 5518; x_wconf 83' lang='lat' dir='ltr'><strong>dura</strong></span> <span class='ocrx_word' id='word_1_926' title='bbox 2352 5469 2672 5533; x_wconf 76' lang='lat' dir='ltr'><strong>reputantur</strong></span> <span class='ocrx_word' id='word_1_927' title='bbox 2727 5465 2993 5527; x_wconf 82' lang='lat' dir='ltr'><strong>paratum,</strong></span> <span class='ocrx_word' id='word_1_928' title='bbox 3050 5472 3157 5510; x_wconf 89' lang='lat' dir='ltr'><strong>non</strong></span> <span class='ocrx_word' id='word_1_929' title='bbox 3209 5456 3340 5511; x_wconf 82' lang='lat' dir='ltr'><strong>hinc</strong></span> <span class='ocrx_word' id='word_1_930' title='bbox 3390 5456 3610 5516; x_wconf 77' lang='lat' dir='ltr'><strong>clarum</strong></span> 
     </span>
    </p>
   </div>
   <div class='ocr_carea' id='block_1_119' title="bbox 1995 5547 3602 5626">
    <p class='ocr_par' dir='ltr' id='par_1_119' title="bbox 1995 5547 3602 5626">
     <span class='ocr_line' id='line_1_119' title="bbox 1995 5547 3602 5626; baseline -0.006 -16"><span class='ocrx_word' id='word_1_931' title='bbox 1995 5556 2221 5626; x_wconf 85' lang='lat' dir='ltr'><strong>accipiat</strong></span> <span class='ocrx_word' id='word_1_932' title='bbox 2271 5556 2566 5608; x_wconf 79' lang='lat' dir='ltr'><strong>futurorum</strong></span> <span class='ocrx_word' id='word_1_933' title='bbox 2593 5549 3004 5620; x_wconf 73' lang='lat' dir='ltr'><strong>argumentum?</strong></span> <span class='ocrx_word' id='word_1_934' title='bbox 3046 5547 3102 5601; x_wconf 89' lang='lat' dir='ltr'><strong>Si</strong></span> <span class='ocrx_word' id='word_1_935' title='bbox 3142 5563 3271 5602; x_wconf 90' lang='lat' dir='ltr'><strong>vero</strong></span> <span class='ocrx_word' id='word_1_936' title='bbox 3315 5549 3602 5616; x_wconf 61' lang='lat' dir='ltr'><strong>prsesenti-</strong></span> 
     </span>
    </p>
   </div>
   <div class='ocr_carea' id='block_1_120' title="bbox 1999 5639 3600 5714">
    <p class='ocr_par' dir='ltr' id='par_1_120' title="bbox 1999 5639 3600 5714">
     <span class='ocr_line' id='line_1_120' title="bbox 1999 5639 3600 5714; baseline -0.008 -9"><span class='ocrx_word' id='word_1_937' title='bbox 1999 5651 2101 5705; x_wconf 90' lang='lat' dir='ltr'><strong>bus</strong></span> <span class='ocrx_word' id='word_1_938' title='bbox 2126 5662 2236 5701; x_wconf 82' lang='lat' dir='ltr'><strong>nos.</strong></span> <span class='ocrx_word' id='word_1_939' title='bbox 2265 5645 2625 5714; x_wconf 84' lang='lat' dir='ltr'><strong>implicemus,</strong></span> <span class='ocrx_word' id='word_1_940' title='bbox 2655 5651 2816 5709; x_wconf 83' lang='lat' dir='ltr'><strong>atque</strong></span> <span class='ocrx_word' id='word_1_941' title='bbox 2843 5640 2895 5694; x_wconf 89' lang='lat' dir='ltr'><strong>in</strong></span> <span class='ocrx_word' id='word_1_942' title='bbox 2939 5639 3046 5694; x_wconf 89' lang='lat' dir='ltr'><strong>illis</strong></span> <span class='ocrx_word' id='word_1_943' title='bbox 3073 5654 3174 5693; x_wconf 89' lang='lat' dir='ltr'><strong>nos</strong></span> <span class='ocrx_word' id='word_1_944' title='bbox 3199 5641 3600 5708; x_wconf 79' lang='lat' dir='ltr'><strong>immergamus,</strong></span> 
     </span>
    </p>
   </div>
   <div class='ocr_carea' id='block_1_121' title="bbox 2000 5730 3607 5811">
    <p class='ocr_par' dir='ltr' id='par_1_121' title="bbox 2000 5730 3607 5811">
     <span class='ocr_line' id='line_1_121' title="bbox 2000 5730 3607 5811; baseline 0.001 -19"><span class='ocrx_word' id='word_1_945' title='bbox 2000 5739 2271 5811; x_wconf 77' lang='lat' dir='ltr'><strong>quonion</strong></span> <span class='ocrx_word' id='word_1_946' title='bbox 2303 5736 2526 5793; x_wconf 87' lang='lat' dir='ltr'><strong>credere</strong></span> <span class='ocrx_word' id='word_1_947' title='bbox 2582 5743 2873 5804; x_wconf 85' lang='lat' dir='ltr'><strong>poterunt,</strong></span> <span class='ocrx_word' id='word_1_948' title='bbox 2930 5747 3030 5791; x_wconf 81' lang='lat' dir='ltr'><strong>nos</strong></span> <span class='ocrx_word' id='word_1_949' title='bbox 3055 5732 3122 5788; x_wconf 87' lang='lat' dir='ltr'><strong>ad</strong></span> <span class='ocrx_word' id='word_1_950' title='bbox 3151 5732 3315 5788; x_wconf 79' lang='lat' dir='ltr'><strong>aliam</strong></span> <span class='ocrx_word' id='word_1_951' title='bbox 3348 5730 3607 5793; x_wconf 79' lang='lat' dir='ltr'><strong>festinare</strong></span> 
     </span>
    </p>
   </div>
  </div>
