  <div class='ocr_page' id='page_1' title='image "/cluster/home/n/w/nwhite01/storage/ocr_20150623/57/pst.000005712564/163.png"; bbox 0 0 4124 6302; ppageno 0'>
   <div class='ocr_carea' id='block_1_1' title="bbox 547 276 652 340">
    <p class='ocr_par' dir='ltr' id='par_1_1' title="bbox 547 276 652 340">
     <span class='ocr_line' id='line_1_1' title="bbox 547 276 652 340; baseline -0.029 0"><span class='ocrx_word' id='word_1_1' title='bbox 547 276 652 340; x_wconf 76' lang='lat'><strong>9.55</strong></span> 
     </span>
    </p>
   </div>
   <div class='ocr_carea' id='block_1_2' title="bbox 560 418 2127 495">
    <p class='ocr_par' dir='ltr' id='par_1_2' title="bbox 560 418 2127 495">
     <span class='ocr_line' id='line_1_2' title="bbox 560 418 2127 495; baseline -0.008 -13"><span class='ocrx_word' id='word_1_2' title='bbox 560 426 829 494; x_wconf 84' lang='lat' dir='ltr'><strong>patriam?</strong></span> <span class='ocrx_word' id='word_1_3' title='bbox 873 426 1004 495; x_wconf 71' lang='lat' dir='ltr'><strong>Quae</strong></span> <span class='ocrx_word' id='word_1_4' title='bbox 1056 440 1184 480; x_wconf 85' lang='lat' dir='ltr'><strong>vero</strong></span> <span class='ocrx_word' id='word_1_5' title='bbox 1229 424 1384 480; x_wconf 89' lang='lat' dir='ltr'><strong>nobis</strong></span> <span class='ocrx_word' id='word_1_6' title='bbox 1432 423 1645 478; x_wconf 89' lang='lat' dir='ltr'><strong>demum</strong></span> <span class='ocrx_word' id='word_1_7' title='bbox 1690 422 1793 476; x_wconf 88' lang='lat' dir='ltr'><strong>erit</strong></span> <span class='ocrx_word' id='word_1_8' title='bbox 1837 418 2127 479; x_wconf 74' lang='lat' dir='ltr'><strong>excusatio,</strong></span> 
     </span>
    </p>
   </div>
   <div class='ocr_carea' id='block_1_3' title="bbox 552 512 2126 589">
    <p class='ocr_par' dir='ltr' id='par_1_3' title="bbox 552 512 2126 589">
     <span class='ocr_line' id='line_1_3' title="bbox 552 512 2126 589; baseline -0.005 -18"><span class='ocrx_word' id='word_1_9' title='bbox 552 533 673 571; x_wconf 90' lang='lat' dir='ltr'><strong>cum</strong></span> <span class='ocrx_word' id='word_1_10' title='bbox 704 534 807 572; x_wconf 90' lang='lat' dir='ltr'><strong>non</strong></span> <span class='ocrx_word' id='word_1_11' title='bbox 839 526 1039 570; x_wconf 84' lang='lat' dir='ltr'><strong>tantum</strong></span> <span class='ocrx_word' id='word_1_12' title='bbox 1074 516 1253 589; x_wconf 79' lang='lat' dir='ltr'><strong>valeat</strong></span> <span class='ocrx_word' id='word_1_13' title='bbox 1281 514 1418 584; x_wconf 90' lang='lat' dir='ltr'><strong>apud</strong></span> <span class='ocrx_word' id='word_1_14' title='bbox 1460 527 1558 568; x_wconf 86' lang='lat' dir='ltr'><strong>nos</strong></span> <span class='ocrx_word' id='word_1_15' title='bbox 1600 512 1691 567; x_wconf 90' lang='lat' dir='ltr'><strong>Dei</strong></span> <span class='ocrx_word' id='word_1_16' title='bbox 1736 515 1891 565; x_wconf 89' lang='lat' dir='ltr'><strong>timor</strong></span> <span class='ocrx_word' id='word_1_17' title='bbox 1912 552 1925 576; x_wconf 88' lang='lat'><strong>,</strong></span> <span class='ocrx_word' id='word_1_18' title='bbox 1955 525 2126 580; x_wconf 87' lang='lat' dir='ltr'><strong>quan-</strong></span> 
     </span>
    </p>
   </div>
   <div class='ocr_carea' id='block_1_4' title="bbox 557 602 2127 676">
    <p class='ocr_par' dir='ltr' id='par_1_4' title="bbox 557 602 2127 676">
     <span class='ocr_line' id='line_1_4' title="bbox 557 602 2127 676; baseline -0.003 -18"><span class='ocrx_word' id='word_1_19' title='bbox 557 618 671 659; x_wconf 83' lang='lat' dir='ltr'><strong>tunr</strong></span> <span class='ocrx_word' id='word_1_20' title='bbox 726 607 889 659; x_wconf 82' lang='lat' dir='ltr'><strong>valuit</strong></span> <span class='ocrx_word' id='word_1_21' title='bbox 944 605 1083 676; x_wconf 89' lang='lat' dir='ltr'><strong>apud</strong></span> <span class='ocrx_word' id='word_1_22' title='bbox 1145 605 1454 661; x_wconf 72' lang='lat' dir='ltr'><strong>Grmcorum</strong></span> <span class='ocrx_word' id='word_1_23' title='bbox 1502 602 1846 673; x_wconf 80' lang='lat' dir='ltr'><strong>philosophos</strong></span> <span class='ocrx_word' id='word_1_24' title='bbox 1898 603 2127 655; x_wconf 88' lang='lat' dir='ltr'><strong>humana</strong></span> 
     </span>
    </p>
   </div>
   <div class='ocr_carea' id='block_1_5' title="bbox 550 692 2129 766">
    <p class='ocr_par' dir='ltr' id='par_1_5' title="bbox 550 692 2129 766">
     <span class='ocr_line' id='line_1_5' title="bbox 550 692 2129 766; baseline -0.004 -15"><span class='ocrx_word' id='word_1_25' title='bbox 550 695 762 766; x_wconf 84' lang='lat' dir='ltr'><strong>gloria?</strong></span> <span class='ocrx_word' id='word_1_26' title='bbox 786 695 919 751; x_wconf 85' lang='lat' dir='ltr'><strong>Nam</strong></span> <span class='ocrx_word' id='word_1_27' title='bbox 946 697 1156 751; x_wconf 88' lang='lat' dir='ltr'><strong>illorum</strong></span> <span class='ocrx_word' id='word_1_28' title='bbox 1186 696 1397 766; x_wconf 89' lang='lat' dir='ltr'><strong>quidam</strong></span> <span class='ocrx_word' id='word_1_29' title='bbox 1438 694 1690 763; x_wconf 86' lang='lat' dir='ltr'><strong>pecunias</strong></span> <span class='ocrx_word' id='word_1_30' title='bbox 1711 692 2016 762; x_wconf 87' lang='lat' dir='ltr'><strong>abjecerunt</strong></span> <span class='ocrx_word' id='word_1_31' title='bbox 2038 733 2052 754; x_wconf 93' lang='lat'><strong>,</strong></span> <span class='ocrx_word' id='word_1_32' title='bbox 2075 699 2129 746; x_wconf 90' lang='lat' dir='ltr'><strong>et</strong></span> 
     </span>
    </p>
   </div>
   <div class='ocr_carea' id='block_1_6' title="bbox 555 785 2129 857">
    <p class='ocr_par' dir='ltr' id='par_1_6' title="bbox 555 785 2129 857">
     <span class='ocr_line' id='line_1_6' title="bbox 555 785 2129 857; baseline -0.004 -16"><span class='ocrx_word' id='word_1_33' title='bbox 555 800 783 843; x_wconf 88' lang='lat' dir='ltr'><strong>mortem</strong></span> <span class='ocrx_word' id='word_1_34' title='bbox 824 796 1279 857; x_wconf 87' lang='lat' dir='ltr'><strong>contempserunt,</strong></span> <span class='ocrx_word' id='word_1_35' title='bbox 1324 796 1381 841; x_wconf 93' lang='lat' dir='ltr'><strong>ut</strong></span> <span class='ocrx_word' id='word_1_36' title='bbox 1417 801 1536 841; x_wconf 89' lang='lat' dir='ltr'><strong>sese</strong></span> <span class='ocrx_word' id='word_1_37' title='bbox 1574 785 2129 841; x_wconf 66' lang='lat' dir='ltr'><strong>hominibusistenta-</strong></span> 
     </span>
    </p>
   </div>
   <div class='ocr_carea' id='block_1_7' title="bbox 552 878 2127 948">
    <p class='ocr_par' dir='ltr' id='par_1_7' title="bbox 552 878 2127 948">
     <span class='ocr_line' id='line_1_7' title="bbox 552 878 2127 948; baseline -0.003 -14"><span class='ocrx_word' id='word_1_38' title='bbox 552 890 673 934; x_wconf 87' lang='lat' dir='ltr'><strong>rent</strong></span> <span class='ocrx_word' id='word_1_39' title='bbox 711 898 725 935; x_wconf 88' lang='lat'><strong>:</strong></span> <span class='ocrx_word' id='word_1_40' title='bbox 755 880 978 948; x_wconf 87' lang='lat' dir='ltr'><strong>ideoque</strong></span> <span class='ocrx_word' id='word_1_41' title='bbox 1003 895 1135 933; x_wconf 86' lang='lat' dir='ltr'><strong>vana</strong></span> <span class='ocrx_word' id='word_1_42' title='bbox 1179 880 1272 933; x_wconf 91' lang='lat' dir='ltr'><strong>fuit</strong></span> <span class='ocrx_word' id='word_1_43' title='bbox 1300 878 1513 933; x_wconf 90' lang='lat' dir='ltr'><strong>illorum</strong></span> <span class='ocrx_word' id='word_1_44' title='bbox 1546 893 1689 947; x_wconf 83' lang='lat' dir='ltr'><strong>spes.</strong></span> <span class='ocrx_word' id='word_1_45' title='bbox 1720 880 1973 947; x_wconf 71' lang='lat' dir='ltr'><strong>Qumnam</strong></span> <span class='ocrx_word' id='word_1_46' title='bbox 2000 891 2127 946; x_wconf 87' lang='lat' dir='ltr'><strong>ergo</strong></span> 
     </span>
    </p>
   </div>
   <div class='ocr_carea' id='block_1_8' title="bbox 553 970 2126 1041">
    <p class='ocr_par' dir='ltr' id='par_1_8' title="bbox 553 970 2126 1041">
     <span class='ocr_line' id='line_1_8' title="bbox 553 970 2126 1041; baseline 0.001 -19"><span class='ocrx_word' id='word_1_47' title='bbox 553 987 650 1026; x_wconf 92' lang='lat' dir='ltr'><strong>uos</strong></span> <span class='ocrx_word' id='word_1_48' title='bbox 676 970 913 1026; x_wconf 78' lang='lat' dir='ltr'><strong>defensio</strong></span> <span class='ocrx_word' id='word_1_49' title='bbox 951 972 1214 1036; x_wconf 89' lang='lat' dir='ltr'><strong>liberabit,</strong></span> <span class='ocrx_word' id='word_1_50' title='bbox 1243 986 1364 1026; x_wconf 90' lang='lat' dir='ltr'><strong>cum</strong></span> <span class='ocrx_word' id='word_1_51' title='bbox 1395 980 1517 1041; x_wconf 88' lang='lat' dir='ltr'><strong>post</strong></span> <span class='ocrx_word' id='word_1_52' title='bbox 1556 980 1698 1025; x_wconf 87' lang='lat' dir='ltr'><strong>tanta</strong></span> <span class='ocrx_word' id='word_1_53' title='bbox 1739 970 1893 1024; x_wconf 91' lang='lat' dir='ltr'><strong>nobis</strong></span> <span class='ocrx_word' id='word_1_54' title='bbox 1932 984 2126 1039; x_wconf 89' lang='lat' dir='ltr'><strong>propo-</strong></span> 
     </span>
    </p>
   </div>
   <div class='ocr_carea' id='block_1_9' title="bbox 550 1061 2127 1132">
    <p class='ocr_par' dir='ltr' id='par_1_9' title="bbox 550 1061 2127 1132">
     <span class='ocr_line' id='line_1_9' title="bbox 550 1061 2127 1132; baseline 0.001 -19"><span class='ocrx_word' id='word_1_55' title='bbox 550 1064 649 1114; x_wconf 71' lang='lat' dir='ltr'><strong>sita</strong></span> <span class='ocrx_word' id='word_1_56' title='bbox 680 1068 817 1115; x_wconf 84' lang='lat' dir='ltr'><strong>bona</strong></span> <span class='ocrx_word' id='word_1_57' title='bbox 838 1102 853 1126; x_wconf 94' lang='lat'><strong>,</strong></span> <span class='ocrx_word' id='word_1_58' title='bbox 886 1072 939 1116; x_wconf 91' lang='lat' dir='ltr'><strong>et</strong></span> <span class='ocrx_word' id='word_1_59' title='bbox 967 1073 1084 1131; x_wconf 90' lang='lat' dir='ltr'><strong>post</strong></span> <span class='ocrx_word' id='word_1_60' title='bbox 1111 1072 1309 1116; x_wconf 77' lang='lat' dir='ltr'><strong>tanuim</strong></span> <span class='ocrx_word' id='word_1_61' title='bbox 1348 1063 1503 1117; x_wconf 91' lang='lat' dir='ltr'><strong>nobis</strong></span> <span class='ocrx_word' id='word_1_62' title='bbox 1530 1071 1768 1132; x_wconf 88' lang='lat' dir='ltr'><strong>apertam</strong></span> <span class='ocrx_word' id='word_1_63' title='bbox 1796 1061 1863 1117; x_wconf 90' lang='lat' dir='ltr'><strong>ad</strong></span> <span class='ocrx_word' id='word_1_64' title='bbox 1894 1062 2127 1131; x_wconf 88' lang='lat' dir='ltr'><strong>philoso-</strong></span> 
     </span>
    </p>
   </div>
   <div class='ocr_carea' id='block_1_10' title="bbox 550 1142 2129 1222">
    <p class='ocr_par' dir='ltr' id='par_1_10' title="bbox 550 1142 2129 1222">
     <span class='ocr_line' id='line_1_10' title="bbox 550 1142 2129 1222; baseline 0 -17"><span class='ocrx_word' id='word_1_65' title='bbox 550 1142 819 1221; x_wconf 79' lang='lat' dir='ltr'><strong>phandum</strong></span> <span class='ocrx_word' id='word_1_66' title='bbox 850 1157 1009 1219; x_wconf 88' lang='lat' dir='ltr'><strong>viam,</strong></span> <span class='ocrx_word' id='word_1_67' title='bbox 1044 1169 1110 1208; x_wconf 86' lang='lat' dir='ltr'><strong>ne</strong></span> <span class='ocrx_word' id='word_1_68' title='bbox 1146 1155 1288 1222; x_wconf 86' lang='lat' dir='ltr'><strong>paria</strong></span> <span class='ocrx_word' id='word_1_69' title='bbox 1316 1154 1530 1222; x_wconf 84' lang='lat' dir='ltr'><strong>quidem</strong></span> <span class='ocrx_word' id='word_1_70' title='bbox 1572 1152 1679 1207; x_wconf 81' lang='lat' dir='ltr'><strong>illis</strong></span> <span class='ocrx_word' id='word_1_71' title='bbox 1703 1153 1923 1222; x_wconf 88' lang='lat' dir='ltr'><strong>exsequi</strong></span> <span class='ocrx_word' id='word_1_72' title='bbox 1954 1151 2129 1221; x_wconf 86' lang='lat' dir='ltr'><strong>possi—</strong></span> 
     </span>
    </p>
   </div>
   <div class='ocr_carea' id='block_1_11' title="bbox 551 1242 2119 1313">
    <p class='ocr_par' dir='ltr' id='par_1_11' title="bbox 551 1242 2119 1313">
     <span class='ocr_line' id='line_1_11' title="bbox 551 1242 2119 1313; baseline 0.001 -19"><span class='ocrx_word' id='word_1_73' title='bbox 551 1259 690 1310; x_wconf 86' lang='lat' dir='ltr'><strong>mus,</strong></span> <span class='ocrx_word' id='word_1_74' title='bbox 714 1243 808 1297; x_wconf 88' lang='lat' dir='ltr'><strong>sed</strong></span> <span class='ocrx_word' id='word_1_75' title='bbox 836 1253 890 1297; x_wconf 92' lang='lat' dir='ltr'><strong>et</strong></span> <span class='ocrx_word' id='word_1_76' title='bbox 916 1258 1010 1297; x_wconf 90' lang='lat' dir='ltr'><strong>nos</strong></span> <span class='ocrx_word' id='word_1_77' title='bbox 1041 1254 1094 1297; x_wconf 91' lang='lat' dir='ltr'><strong>et</strong></span> <span class='ocrx_word' id='word_1_78' title='bbox 1122 1245 1257 1299; x_wconf 81' lang='lat' dir='ltr'><strong>aiios</strong></span> <span class='ocrx_word' id='word_1_79' title='bbox 1294 1243 1737 1313; x_wconf 81' lang='lat' dir='ltr'><strong>pessumdemus?</strong></span> <span class='ocrx_word' id='word_1_80' title='bbox 1765 1242 1949 1313; x_wconf 77' lang='lat' dir='ltr'><strong>Neque</strong></span> <span class='ocrx_word' id='word_1_81' title='bbox 1978 1245 2119 1298; x_wconf 88' lang='lat' dir='ltr'><strong>enim</strong></span> 
     </span>
    </p>
   </div>
   <div class='ocr_carea' id='block_1_12' title="bbox 548 1331 2121 1402">
    <p class='ocr_par' dir='ltr' id='par_1_12' title="bbox 548 1331 2121 1402">
     <span class='ocr_line' id='line_1_12' title="bbox 548 1331 2121 1402; baseline 0.001 -18"><span class='ocrx_word' id='word_1_82' title='bbox 548 1333 619 1385; x_wconf 91' lang='lat' dir='ltr'><strong>ita</strong></span> <span class='ocrx_word' id='word_1_83' title='bbox 647 1331 1030 1387; x_wconf 63' lang='lat' dir='ltr'><strong>nocetGramus</strong></span> <span class='ocrx_word' id='word_1_84' title='bbox 1050 1333 1227 1402; x_wconf 90' lang='lat' dir='ltr'><strong>inique</strong></span> <span class='ocrx_word' id='word_1_85' title='bbox 1248 1347 1429 1401; x_wconf 89' lang='lat' dir='ltr'><strong>agens,</strong></span> <span class='ocrx_word' id='word_1_86' title='bbox 1458 1343 1514 1386; x_wconf 89' lang='lat' dir='ltr'><strong>ut</strong></span> <span class='ocrx_word' id='word_1_87' title='bbox 1534 1333 1865 1387; x_wconf 88' lang='lat' dir='ltr'><strong>Christianus</strong></span> <span class='ocrx_word' id='word_1_88' title='bbox 1892 1333 2121 1401; x_wconf 91' lang='lat' dir='ltr'><strong>idipsum</strong></span> 
     </span>
    </p>
   </div>
   <div class='ocr_carea' id='block_1_13' title="bbox 548 1408 2126 1491">
    <p class='ocr_par' dir='ltr' id='par_1_13' title="bbox 548 1408 2126 1491">
     <span class='ocr_line' id='line_1_13' title="bbox 548 1408 2126 1491; baseline 0.003 -20"><span class='ocrx_word' id='word_1_89' title='bbox 548 1422 785 1475; x_wconf 81' lang='lat' dir='ltr'><strong>faciens:</strong></span> <span class='ocrx_word' id='word_1_90' title='bbox 821 1430 873 1475; x_wconf 90' lang='lat' dir='ltr'><strong>et</strong></span> <span class='ocrx_word' id='word_1_91' title='bbox 909 1421 1030 1489; x_wconf 84' lang='lat' dir='ltr'><strong>jure</strong></span> <span class='ocrx_word' id='word_1_92' title='bbox 1074 1421 1313 1490; x_wconf 85' lang='lat' dir='ltr'><strong>quidem.</strong></span> <span class='ocrx_word' id='word_1_93' title='bbox 1367 1408 1579 1475; x_wconf 84' lang='lat' dir='ltr'><strong>Illorum</strong></span> <span class='ocrx_word' id='word_1_94' title='bbox 1612 1422 1754 1476; x_wconf 90' lang='lat' dir='ltr'><strong>enim</strong></span> <span class='ocrx_word' id='word_1_95' title='bbox 1803 1422 2010 1491; x_wconf 80' lang='lat' dir='ltr'><strong>putrida</strong></span> <span class='ocrx_word' id='word_1_96' title='bbox 2041 1431 2126 1477; x_wconf 88' lang='lat' dir='ltr'><strong>est</strong></span> 
     </span>
    </p>
   </div>
   <div class='ocr_carea' id='block_1_14' title="bbox 547 1509 2116 1581">
    <p class='ocr_par' dir='ltr' id='par_1_14' title="bbox 547 1509 2116 1581">
     <span class='ocr_line' id='line_1_14' title="bbox 547 1509 2116 1581; baseline 0.001 -18"><span class='ocrx_word' id='word_1_97' title='bbox 547 1509 785 1563; x_wconf 90' lang='lat' dir='ltr'><strong>doctrina</strong></span> <span class='ocrx_word' id='word_1_98' title='bbox 809 1519 863 1564; x_wconf 89' lang='lat' dir='ltr'><strong>et</strong></span> <span class='ocrx_word' id='word_1_99' title='bbox 889 1510 1066 1579; x_wconf 88' lang='lat' dir='ltr'><strong>epinio</strong></span> <span class='ocrx_word' id='word_1_100' title='bbox 1091 1525 1107 1574; x_wconf 91' lang='lat'><strong>;</strong></span> <span class='ocrx_word' id='word_1_101' title='bbox 1135 1519 1314 1564; x_wconf 90' lang='lat' dir='ltr'><strong>nostra</strong></span> <span class='ocrx_word' id='word_1_102' title='bbox 1337 1526 1464 1564; x_wconf 83' lang='lat' dir='ltr'><strong>vero</strong></span> <span class='ocrx_word' id='word_1_103' title='bbox 1482 1526 1575 1580; x_wconf 88' lang='lat' dir='ltr'><strong>per</strong></span> <span class='ocrx_word' id='word_1_104' title='bbox 1592 1511 1684 1566; x_wconf 87' lang='lat' dir='ltr'><strong>Dei</strong></span> <span class='ocrx_word' id='word_1_105' title='bbox 1704 1512 1929 1581; x_wconf 80' lang='lat' dir='ltr'><strong>gratiam</strong></span> <span class='ocrx_word' id='word_1_106' title='bbox 1955 1513 2116 1567; x_wconf 86' lang='lat' dir='ltr'><strong>etiam</strong></span> 
     </span>
    </p>
   </div>
   <div class='ocr_carea' id='block_1_15' title="bbox 547 1600 2122 1671">
    <p class='ocr_par' dir='ltr' id='par_1_15' title="bbox 547 1600 2122 1671">
     <span class='ocr_line' id='line_1_15' title="bbox 547 1600 2122 1671; baseline 0.003 -18"><span class='ocrx_word' id='word_1_107' title='bbox 547 1600 686 1670; x_wconf 88' lang='lat' dir='ltr'><strong>apud</strong></span> <span class='ocrx_word' id='word_1_108' title='bbox 744 1602 935 1671; x_wconf 88' lang='lat' dir='ltr'><strong>impios</strong></span> <span class='ocrx_word' id='word_1_109' title='bbox 987 1602 1305 1658; x_wconf 85' lang='lat' dir='ltr'><strong>venerabilis</strong></span> <span class='ocrx_word' id='word_1_110' title='bbox 1378 1612 1462 1658; x_wconf 90' lang='lat' dir='ltr'><strong>est</strong></span> <span class='ocrx_word' id='word_1_111' title='bbox 1515 1612 1570 1659; x_wconf 90' lang='lat' dir='ltr'><strong>et</strong></span> <span class='ocrx_word' id='word_1_112' title='bbox 1626 1604 1865 1659; x_wconf 81' lang='lat' dir='ltr'><strong>illustris.</strong></span> <span class='ocrx_word' id='word_1_113' title='bbox 1919 1603 2122 1659; x_wconf 81' lang='lat' dir='ltr'><strong>Idcirco</strong></span> 
     </span>
    </p>
   </div>
   <div class='ocr_carea' id='block_1_16' title="bbox 547 1692 2122 1763">
    <p class='ocr_par' dir='ltr' id='par_1_16' title="bbox 547 1692 2122 1763">
     <span class='ocr_line' id='line_1_16' title="bbox 547 1692 2122 1763; baseline 0.004 -18"><span class='ocrx_word' id='word_1_114' title='bbox 547 1692 759 1761; x_wconf 86' lang='lat' dir='ltr'><strong>quando</strong></span> <span class='ocrx_word' id='word_1_115' title='bbox 779 1696 1008 1748; x_wconf 80' lang='lat' dir='ltr'><strong>maxime</strong></span> <span class='ocrx_word' id='word_1_116' title='bbox 1036 1694 1186 1748; x_wconf 89' lang='lat' dir='ltr'><strong>nobis</strong></span> <span class='ocrx_word' id='word_1_117' title='bbox 1200 1695 1525 1763; x_wconf 80' lang='lat' dir='ltr'><strong>exprobrare</strong></span> <span class='ocrx_word' id='word_1_118' title='bbox 1551 1696 1737 1750; x_wconf 89' lang='lat' dir='ltr'><strong>volunt</strong></span> <span class='ocrx_word' id='word_1_119' title='bbox 1759 1706 1815 1750; x_wconf 90' lang='lat' dir='ltr'><strong>et</strong></span> <span class='ocrx_word' id='word_1_120' title='bbox 1842 1696 2122 1752; x_wconf 84' lang='lat' dir='ltr'><strong>maledicta</strong></span> 
     </span>
    </p>
   </div>
   <div class='ocr_carea' id='block_1_17' title="bbox 547 1784 2122 1858">
    <p class='ocr_par' dir='ltr' id='par_1_17' title="bbox 547 1784 2122 1858">
     <span class='ocr_line' id='line_1_17' title="bbox 547 1784 2122 1858; baseline 0.006 -23"><span class='ocrx_word' id='word_1_121' title='bbox 547 1798 765 1852; x_wconf 82' lang='lat' dir='ltr'><strong>augere,</strong></span> <span class='ocrx_word' id='word_1_122' title='bbox 799 1784 851 1838; x_wconf 89' lang='lat' dir='ltr'><strong>id</strong></span> <span class='ocrx_word' id='word_1_123' title='bbox 880 1785 1213 1855; x_wconf 88' lang='lat' dir='ltr'><strong>subjungunt</strong></span> <span class='ocrx_word' id='word_1_124' title='bbox 1241 1828 1255 1850; x_wconf 89' lang='lat'><strong>,</strong></span> <span class='ocrx_word' id='word_1_125' title='bbox 1284 1787 1619 1841; x_wconf 83' lang='lat' dir='ltr'><strong>Christianus</strong></span> <span class='ocrx_word' id='word_1_126' title='bbox 1666 1788 1778 1858; x_wconf 90' lang='lat' dir='ltr'><strong>(a);</strong></span> <span class='ocrx_word' id='word_1_127' title='bbox 1810 1804 1917 1843; x_wconf 88' lang='lat' dir='ltr'><strong>non</strong></span> <span class='ocrx_word' id='word_1_128' title='bbox 1956 1790 2008 1843; x_wconf 91' lang='lat' dir='ltr'><strong>id</strong></span> <span class='ocrx_word' id='word_1_129' title='bbox 2036 1789 2122 1844; x_wconf 85' lang='lat' dir='ltr'><strong>di-</strong></span> 
     </span>
    </p>
   </div>
   <div class='ocr_carea' id='block_1_18' title="bbox 547 1874 2124 1944">
    <p class='ocr_par' dir='ltr' id='par_1_18' title="bbox 547 1874 2124 1944">
     <span class='ocr_line' id='line_1_18' title="bbox 547 1874 2124 1944; baseline 0.006 -20"><span class='ocrx_word' id='word_1_130' title='bbox 547 1874 683 1927; x_wconf 82' lang='lat' dir='ltr'><strong>cturi</strong></span> <span class='ocrx_word' id='word_1_131' title='bbox 713 1883 879 1939; x_wconf 89' lang='lat' dir='ltr'><strong>certe,</strong></span> <span class='ocrx_word' id='word_1_132' title='bbox 913 1876 1013 1927; x_wconf 77' lang='lat' dir='ltr'><strong>nisi</strong></span> <span class='ocrx_word' id='word_1_133' title='bbox 1043 1891 1286 1944; x_wconf 85' lang='lat' dir='ltr'><strong>magnam</strong></span> <span class='ocrx_word' id='word_1_134' title='bbox 1312 1878 1379 1930; x_wconf 91' lang='lat' dir='ltr'><strong>de</strong></span> <span class='ocrx_word' id='word_1_135' title='bbox 1395 1876 1633 1930; x_wconf 86' lang='lat' dir='ltr'><strong>doctrina</strong></span> <span class='ocrx_word' id='word_1_136' title='bbox 1656 1887 1838 1933; x_wconf 89' lang='lat' dir='ltr'><strong>nostra</strong></span> <span class='ocrx_word' id='word_1_137' title='bbox 1865 1878 2124 1934; x_wconf 89' lang='lat' dir='ltr'><strong>haberent</strong></span> 
     </span>
    </p>
   </div>
   <div class='ocr_carea' id='block_1_19' title="bbox 547 1965 2122 2039">
    <p class='ocr_par' dir='ltr' id='par_1_19' title="bbox 547 1965 2122 2039">
     <span class='ocr_line' id='line_1_19' title="bbox 547 1965 2122 2039; baseline 0.005 -24"><span class='ocrx_word' id='word_1_138' title='bbox 547 1965 871 2033; x_wconf 85' lang='lat' dir='ltr'><strong>opinionem.</strong></span> <span class='ocrx_word' id='word_1_139' title='bbox 922 1966 1035 2031; x_wconf 83' lang='lat' dir='ltr'><strong>Non</strong></span> <span class='ocrx_word' id='word_1_140' title='bbox 1087 1967 1278 2021; x_wconf 89' lang='lat' dir='ltr'><strong>audisti</strong></span> <span class='ocrx_word' id='word_1_141' title='bbox 1323 1969 1495 2037; x_wconf 90' lang='lat' dir='ltr'><strong>qualia</strong></span> <span class='ocrx_word' id='word_1_142' title='bbox 1540 1978 1595 2023; x_wconf 89' lang='lat' dir='ltr'><strong>et</strong></span> <span class='ocrx_word' id='word_1_143' title='bbox 1636 1980 1828 2039; x_wconf 89' lang='lat' dir='ltr'><strong>quanta</strong></span> <span class='ocrx_word' id='word_1_144' title='bbox 1881 1969 2122 2024; x_wconf 89' lang='lat' dir='ltr'><strong>Christus</strong></span> 
     </span>
    </p>
   </div>
   <div class='ocr_carea' id='block_1_20' title="bbox 543 2054 2120 2131">
    <p class='ocr_par' dir='ltr' id='par_1_20' title="bbox 543 2054 2120 2131">
     <span class='ocr_line' id='line_1_20' title="bbox 543 2054 2120 2131; baseline 0.006 -25"><span class='ocrx_word' id='word_1_145' title='bbox 543 2054 803 2122; x_wconf 83' lang='lat' dir='ltr'><strong>jusserit?</strong></span> <span class='ocrx_word' id='word_1_146' title='bbox 831 2054 1053 2122; x_wconf 85' lang='lat' dir='ltr'><strong>Quando</strong></span> <span class='ocrx_word' id='word_1_147' title='bbox 1079 2071 1206 2126; x_wconf 90' lang='lat' dir='ltr'><strong>ergo</strong></span> <span class='ocrx_word' id='word_1_148' title='bbox 1230 2059 1431 2127; x_wconf 87' lang='lat' dir='ltr'><strong>poteris</strong></span> <span class='ocrx_word' id='word_1_149' title='bbox 1463 2058 1544 2113; x_wconf 83' lang='lat' dir='ltr'><strong>vel</strong></span> <span class='ocrx_word' id='word_1_150' title='bbox 1572 2075 1733 2113; x_wconf 91' lang='lat' dir='ltr'><strong>unum</strong></span> <span class='ocrx_word' id='word_1_151' title='bbox 1761 2060 1875 2130; x_wconf 87' lang='lat' dir='ltr'><strong>ejus</strong></span> <span class='ocrx_word' id='word_1_152' title='bbox 1898 2060 2120 2131; x_wconf 88' lang='lat' dir='ltr'><strong>implere</strong></span> 
     </span>
    </p>
   </div>
   <div class='ocr_carea' id='block_1_21' title="bbox 549 2147 2120 2213">
    <p class='ocr_par' dir='ltr' id='par_1_21' title="bbox 549 2147 2120 2213">
     <span class='ocr_line' id='line_1_21' title="bbox 549 2147 2120 2213; baseline 0.008 -19"><span class='ocrx_word' id='word_1_153' title='bbox 549 2153 867 2213; x_wconf 72' lang='lat' dir='ltr'><strong>prmceptum</strong></span> <span class='ocrx_word' id='word_1_154' title='bbox 891 2186 906 2211; x_wconf 93' lang='lat'><strong>,</strong></span> <span class='ocrx_word' id='word_1_155' title='bbox 946 2162 1067 2201; x_wconf 88' lang='lat' dir='ltr'><strong>cum</strong></span> <span class='ocrx_word' id='word_1_156' title='bbox 1096 2147 1271 2203; x_wconf 86' lang='lat' dir='ltr'><strong>missis</strong></span> <span class='ocrx_word' id='word_1_157' title='bbox 1299 2150 1565 2213; x_wconf 89' lang='lat' dir='ltr'><strong>onmibus,</strong></span> <span class='ocrx_word' id='word_1_158' title='bbox 1610 2152 1904 2206; x_wconf 89' lang='lat' dir='ltr'><strong>circumcas</strong></span> <span class='ocrx_word' id='word_1_159' title='bbox 1932 2167 2120 2207; x_wconf 90' lang='lat' dir='ltr'><strong>usuras</strong></span> 
     </span>
    </p>
   </div>
   <div class='ocr_carea' id='block_1_22' title="bbox 542 2234 2119 2309">
    <p class='ocr_par' dir='ltr' id='par_1_22' title="bbox 542 2234 2119 2309">
     <span class='ocr_line' id='line_1_22' title="bbox 542 2234 2119 2309; baseline 0.007 -24"><span class='ocrx_word' id='word_1_160' title='bbox 542 2236 817 2303; x_wconf 71' lang='lat' dir='ltr'><strong>colligens,</strong></span> <span class='ocrx_word' id='word_1_161' title='bbox 848 2234 1020 2290; x_wconf 64' lang='lat' dir='ltr'><strong>faenus</strong></span> <span class='ocrx_word' id='word_1_162' title='bbox 1050 2238 1239 2292; x_wconf 71' lang='grc' dir='ltr'>[ωηοτὶ</span> <span class='ocrx_word' id='word_1_163' title='bbox 1265 2238 1469 2293; x_wconf 85' lang='lat' dir='ltr'><strong>addens</strong></span> <span class='ocrx_word' id='word_1_164' title='bbox 1494 2280 1509 2303; x_wconf 93' lang='lat'><strong>,</strong></span> <span class='ocrx_word' id='word_1_165' title='bbox 1541 2241 1928 2309; x_wconf 77' lang='lat' dir='ltr'><strong>negotiationes</strong></span> <span class='ocrx_word' id='word_1_166' title='bbox 1968 2242 2119 2296; x_wconf 52' lang='lat' dir='ltr'><strong>insti.</strong></span> 
     </span>
    </p>
   </div>
   <div class='ocr_carea' id='block_1_23' title="bbox 544 2334 2120 2400">
    <p class='ocr_par' dir='ltr' id='par_1_23' title="bbox 544 2334 2120 2400">
     <span class='ocr_line' id='line_1_23' title="bbox 544 2334 2120 2400; baseline 0.007 -23"><span class='ocrx_word' id='word_1_167' title='bbox 544 2334 718 2391; x_wconf 87' lang='lat' dir='ltr'><strong>tuens,</strong></span> <span class='ocrx_word' id='word_1_168' title='bbox 766 2340 1040 2381; x_wconf 78' lang='lat' dir='ltr'><strong>servorum</strong></span> <span class='ocrx_word' id='word_1_169' title='bbox 1064 2342 1255 2399; x_wconf 89' lang='lat' dir='ltr'><strong>greges</strong></span> <span class='ocrx_word' id='word_1_170' title='bbox 1281 2344 1465 2384; x_wconf 83' lang='lat' dir='ltr'><strong>emens</strong></span> <span class='ocrx_word' id='word_1_171' title='bbox 1488 2371 1502 2394; x_wconf 86' lang='lat'><strong>,</strong></span> <span class='ocrx_word' id='word_1_172' title='bbox 1526 2342 1777 2400; x_wconf 84' lang='lat' dir='ltr'><strong>argentea</strong></span> <span class='ocrx_word' id='word_1_173' title='bbox 1819 2348 1944 2387; x_wconf 68' lang='grc' dir='ltr'><strong>νιιεει</strong></span> <span class='ocrx_word' id='word_1_174' title='bbox 1970 2348 2120 2388; x_wconf 87' lang='lat' dir='ltr'><strong>com-</strong></span> 
     </span>
    </p>
   </div>
   <div class='ocr_carea' id='block_1_24' title="bbox 544 2418 2122 2488">
    <p class='ocr_par' dir='ltr' id='par_1_24' title="bbox 544 2418 2122 2488">
     <span class='ocr_line' id='line_1_24' title="bbox 544 2418 2122 2488; baseline 0.01 -22"><span class='ocrx_word' id='word_1_175' title='bbox 544 2430 757 2483; x_wconf 83' lang='lat' dir='ltr'><strong>parans,</strong></span> <span class='ocrx_word' id='word_1_176' title='bbox 788 2432 965 2484; x_wconf 86' lang='lat' dir='ltr'><strong>agros,</strong></span> <span class='ocrx_word' id='word_1_177' title='bbox 997 2418 1184 2473; x_wconf 87' lang='lat' dir='ltr'><strong>domos</strong></span> <span class='ocrx_word' id='word_1_178' title='bbox 1210 2460 1225 2485; x_wconf 88' lang='lat'><strong>,</strong></span> <span class='ocrx_word' id='word_1_179' title='bbox 1253 2421 1638 2488; x_wconf 83' lang='lat' dir='ltr'><strong>supellectilem</strong></span> <span class='ocrx_word' id='word_1_180' title='bbox 1668 2425 2027 2480; x_wconf 80' lang='lat' dir='ltr'><strong>immensam?</strong></span> <span class='ocrx_word' id='word_1_181' title='bbox 2054 2426 2122 2481; x_wconf 85' lang='lat' dir='ltr'><strong>Et</strong></span> 
     </span>
    </p>
   </div>
   <div class='ocr_carea' id='block_1_25' title="bbox 543 2505 2120 2583">
    <p class='ocr_par' dir='ltr' id='par_1_25' title="bbox 543 2505 2120 2583">
     <span class='ocr_line' id='line_1_25' title="bbox 543 2505 2120 2583; baseline 0.008 -25"><span class='ocrx_word' id='word_1_182' title='bbox 543 2505 743 2559; x_wconf 81' lang='lat' dir='ltr'><strong>utinam</strong></span> <span class='ocrx_word' id='word_1_183' title='bbox 772 2506 821 2559; x_wconf 91' lang='lat' dir='ltr'><strong>id</strong></span> <span class='ocrx_word' id='word_1_184' title='bbox 856 2506 1026 2560; x_wconf 89' lang='lat' dir='ltr'><strong>solum</strong></span> <span class='ocrx_word' id='word_1_185' title='bbox 1058 2522 1265 2576; x_wconf 85' lang='lat' dir='ltr'><strong>ageres.</strong></span> <span class='ocrx_word' id='word_1_186' title='bbox 1291 2509 1423 2563; x_wconf 89' lang='lat' dir='ltr'><strong>Cum</strong></span> <span class='ocrx_word' id='word_1_187' title='bbox 1455 2528 1582 2567; x_wconf 86' lang='lat' dir='ltr'><strong>vero</strong></span> <span class='ocrx_word' id='word_1_188' title='bbox 1622 2514 1705 2568; x_wconf 88' lang='lat' dir='ltr'><strong>his</strong></span> <span class='ocrx_word' id='word_1_189' title='bbox 1736 2514 2120 2583; x_wconf 78' lang='lat' dir='ltr'><strong>intempestivis</strong></span> 
     </span>
    </p>
   </div>
   <div class='ocr_carea' id='block_1_26' title="bbox 543 2597 2116 2676">
    <p class='ocr_par' dir='ltr' id='par_1_26' title="bbox 543 2597 2116 2676">
     <span class='ocr_line' id='line_1_26' title="bbox 543 2597 2116 2676; baseline 0.007 -25"><span class='ocrx_word' id='word_1_190' title='bbox 543 2597 855 2665; x_wconf 86' lang='lat' dir='ltr'><strong>injustitiam</strong></span> <span class='ocrx_word' id='word_1_191' title='bbox 887 2614 1098 2668; x_wconf 89' lang='lat' dir='ltr'><strong>quoque</strong></span> <span class='ocrx_word' id='word_1_192' title='bbox 1117 2600 1303 2667; x_wconf 80' lang='lat' dir='ltr'><strong>addas,</strong></span> <span class='ocrx_word' id='word_1_193' title='bbox 1333 2612 1531 2658; x_wconf 89' lang='lat' dir='ltr'><strong>terram</strong></span> <span class='ocrx_word' id='word_1_194' title='bbox 1556 2604 1792 2661; x_wconf 79' lang='lat' dir='ltr'><strong>ﬁnitimis</strong></span> <span class='ocrx_word' id='word_1_195' title='bbox 1816 2607 2116 2676; x_wconf 87' lang='lat' dir='ltr'><strong>abstrahas,</strong></span> 
     </span>
    </p>
   </div>
   <div class='ocr_carea' id='block_1_27' title="bbox 540 2687 2116 2768">
    <p class='ocr_par' dir='ltr' id='par_1_27' title="bbox 540 2687 2116 2768">
     <span class='ocr_line' id='line_1_27' title="bbox 540 2687 2116 2768; baseline 0.008 -27"><span class='ocrx_word' id='word_1_196' title='bbox 540 2687 730 2743; x_wconf 89' lang='lat' dir='ltr'><strong>domos</strong></span> <span class='ocrx_word' id='word_1_197' title='bbox 774 2689 1005 2757; x_wconf 86' lang='lat' dir='ltr'><strong>spolies,</strong></span> <span class='ocrx_word' id='word_1_198' title='bbox 1054 2706 1315 2761; x_wconf 87' lang='lat' dir='ltr'><strong>pauperes</strong></span> <span class='ocrx_word' id='word_1_199' title='bbox 1361 2703 1591 2759; x_wconf 81' lang='lat' dir='ltr'><strong>alteras,</strong></span> <span class='ocrx_word' id='word_1_200' title='bbox 1637 2696 1830 2752; x_wconf 86' lang='lat' dir='ltr'><strong>famem</strong></span> <span class='ocrx_word' id='word_1_201' title='bbox 1883 2714 2116 2768; x_wconf 87' lang='lat' dir='ltr'><strong>augeas,</strong></span> 
     </span>
    </p>
   </div>
   <div class='ocr_carea' id='block_1_28' title="bbox 542 2777 2118 2847">
    <p class='ocr_par' dir='ltr' id='par_1_28' title="bbox 542 2777 2118 2847">
     <span class='ocr_line' id='line_1_28' title="bbox 542 2777 2118 2847; baseline 0.008 -16"><span class='ocrx_word' id='word_1_202' title='bbox 542 2777 757 2846; x_wconf 85' lang='lat' dir='ltr'><strong>quando</strong></span> <span class='ocrx_word' id='word_1_203' title='bbox 802 2778 999 2847; x_wconf 89' lang='lat' dir='ltr'><strong>puteris</strong></span> <span class='ocrx_word' id='word_1_204' title='bbox 1041 2779 1107 2833; x_wconf 90' lang='lat' dir='ltr'><strong>ad</strong></span> <span class='ocrx_word' id='word_1_205' title='bbox 1162 2781 1278 2835; x_wconf 66' lang='lat' dir='ltr'><strong>haec</strong></span> <span class='ocrx_word' id='word_1_206' title='bbox 1324 2782 1505 2838; x_wconf 82' lang='lat' dir='ltr'><strong>limina</strong></span> <span class='ocrx_word' id='word_1_207' title='bbox 1558 2786 1855 2842; x_wconf 81' lang='lat' dir='ltr'><strong>accedere?</strong></span> <span class='ocrx_word' id='word_1_208' title='bbox 1921 2787 2118 2844; x_wconf 78' lang='lat' dir='ltr'><strong>Verum</strong></span> 
     </span>
    </p>
   </div>
   <div class='ocr_carea' id='block_1_29' title="bbox 542 2866 2119 2947">
    <p class='ocr_par' dir='ltr' id='par_1_29' title="bbox 542 2866 2119 2947">
     <span class='ocr_line' id='line_1_29' title="bbox 542 2866 2119 2947; baseline 0.01 -28"><span class='ocrx_word' id='word_1_209' title='bbox 542 2866 855 2936; x_wconf 81' lang='lat' dir='ltr'><strong>quandoque</strong></span> <span class='ocrx_word' id='word_1_210' title='bbox 882 2882 1170 2936; x_wconf 85' lang='lat' dir='ltr'><strong>pauperum</strong></span> <span class='ocrx_word' id='word_1_211' title='bbox 1211 2871 1500 2926; x_wconf 81' lang='lat' dir='ltr'><strong>misereris.</strong></span> <span class='ocrx_word' id='word_1_212' title='bbox 1526 2873 1581 2928; x_wconf 91' lang='lat' dir='ltr'><strong>ld</strong></span> <span class='ocrx_word' id='word_1_213' title='bbox 1620 2884 1679 2928; x_wconf 90' lang='lat' dir='ltr'><strong>et</strong></span> <span class='ocrx_word' id='word_1_214' title='bbox 1700 2890 1800 2947; x_wconf 88' lang='lat' dir='ltr'><strong>ego</strong></span> <span class='ocrx_word' id='word_1_215' title='bbox 1828 2879 1948 2931; x_wconf 81' lang='lat' dir='ltr'><strong>novi</strong></span> <span class='ocrx_word' id='word_1_216' title='bbox 1986 2899 1998 2933; x_wconf 92' lang='lat'><strong>:</strong></span> <span class='ocrx_word' id='word_1_217' title='bbox 2026 2878 2119 2934; x_wconf 88' lang='lat' dir='ltr'><strong>sed</strong></span> 
     </span>
    </p>
   </div>
   <div class='ocr_carea' id='block_1_30' title="bbox 543 2957 2114 3036">
    <p class='ocr_par' dir='ltr' id='par_1_30' title="bbox 543 2957 2114 3036">
     <span class='ocr_line' id='line_1_30' title="bbox 543 2957 2114 3036; baseline 0.01 -27"><span class='ocrx_word' id='word_1_218' title='bbox 543 2957 629 3011; x_wconf 92' lang='lat' dir='ltr'><strong>hic</strong></span> <span class='ocrx_word' id='word_1_219' title='bbox 658 2972 870 3026; x_wconf 88' lang='lat' dir='ltr'><strong>quoque</strong></span> <span class='ocrx_word' id='word_1_220' title='bbox 889 2958 1052 3011; x_wconf 91' lang='lat' dir='ltr'><strong>multa</strong></span> <span class='ocrx_word' id='word_1_221' title='bbox 1084 2962 1345 3027; x_wconf 87' lang='lat' dir='ltr'><strong>pernicies</strong></span> <span class='ocrx_word' id='word_1_222' title='bbox 1375 2972 1479 3017; x_wconf 89' lang='lat' dir='ltr'><strong>est.</strong></span> <span class='ocrx_word' id='word_1_223' title='bbox 1503 2965 1609 3019; x_wconf 86' lang='lat' dir='ltr'><strong>Aut</strong></span> <span class='ocrx_word' id='word_1_224' title='bbox 1633 2968 1775 3021; x_wconf 90' lang='lat' dir='ltr'><strong>enim</strong></span> <span class='ocrx_word' id='word_1_225' title='bbox 1804 2982 1925 3022; x_wconf 92' lang='lat' dir='ltr'><strong>cum</strong></span> <span class='ocrx_word' id='word_1_226' title='bbox 1958 2970 2114 3036; x_wconf 85' lang='lat' dir='ltr'><strong>fastu,</strong></span> 
     </span>
    </p>
   </div>
   <div class='ocr_carea' id='block_1_31' title="bbox 541 3047 2121 3132">
    <p class='ocr_par' dir='ltr' id='par_1_31' title="bbox 541 3047 2121 3132">
     <span class='ocr_line' id='line_1_31' title="bbox 541 3047 2121 3132; baseline 0.011 -33"><span class='ocrx_word' id='word_1_227' title='bbox 541 3057 632 3101; x_wconf 87' lang='lat' dir='ltr'><strong>aut</strong></span> <span class='ocrx_word' id='word_1_228' title='bbox 660 3047 725 3102; x_wconf 92' lang='lat' dir='ltr'><strong>ad</strong></span> <span class='ocrx_word' id='word_1_229' title='bbox 773 3064 955 3101; x_wconf 88' lang='lat' dir='ltr'><strong>vanam</strong></span> <span class='ocrx_word' id='word_1_230' title='bbox 1001 3050 1229 3120; x_wconf 79' lang='lat' dir='ltr'><strong>gloriam</strong></span> <span class='ocrx_word' id='word_1_231' title='bbox 1264 3054 1313 3107; x_wconf 89' lang='lat' dir='ltr'><strong>id</strong></span> <span class='ocrx_word' id='word_1_232' title='bbox 1345 3056 1459 3124; x_wconf 90' lang='lat' dir='ltr'><strong>agis</strong></span> <span class='ocrx_word' id='word_1_233' title='bbox 1480 3095 1499 3123; x_wconf 92' lang='lat'><strong>,</strong></span> <span class='ocrx_word' id='word_1_234' title='bbox 1530 3066 1588 3111; x_wconf 91' lang='lat' dir='ltr'><strong>ut</strong></span> <span class='ocrx_word' id='word_1_235' title='bbox 1613 3073 1715 3115; x_wconf 89' lang='lat' dir='ltr'><strong>nec</strong></span> <span class='ocrx_word' id='word_1_236' title='bbox 1740 3060 1791 3114; x_wconf 90' lang='lat' dir='ltr'><strong>in</strong></span> <span class='ocrx_word' id='word_1_237' title='bbox 1822 3060 1973 3116; x_wconf 89' lang='lat' dir='ltr'><strong>bonis</strong></span> <span class='ocrx_word' id='word_1_238' title='bbox 2003 3063 2121 3132; x_wconf 89' lang='lat' dir='ltr'><strong>qui-</strong></span> 
     </span>
    </p>
   </div>
   <div class='ocr_carea' id='block_1_32' title="bbox 541 3136 2117 3218">
    <p class='ocr_par' dir='ltr' id='par_1_32' title="bbox 541 3136 2117 3218">
     <span class='ocr_line' id='line_1_32' title="bbox 541 3136 2117 3218; baseline 0.012 -30"><span class='ocrx_word' id='word_1_239' title='bbox 541 3136 663 3189; x_wconf 86' lang='lat' dir='ltr'><strong>dem</strong></span> <span class='ocrx_word' id='word_1_240' title='bbox 697 3138 945 3205; x_wconf 82' lang='lat' dir='ltr'><strong>operibus</strong></span> <span class='ocrx_word' id='word_1_241' title='bbox 998 3139 1193 3209; x_wconf 84' lang='lat' dir='ltr'><strong>aliquid</strong></span> <span class='ocrx_word' id='word_1_242' title='bbox 1239 3142 1461 3198; x_wconf 85' lang='lat' dir='ltr'><strong>lucreris</strong></span> <span class='ocrx_word' id='word_1_243' title='bbox 1495 3164 1529 3201; x_wconf 63' lang='lat'><strong>.2</strong></span> <span class='ocrx_word' id='word_1_244' title='bbox 1567 3164 1672 3216; x_wconf 83' lang='lat' dir='ltr'><strong>quo</strong></span> <span class='ocrx_word' id='word_1_245' title='bbox 1721 3150 1848 3218; x_wconf 88' lang='lat' dir='ltr'><strong>quid</strong></span> <span class='ocrx_word' id='word_1_246' title='bbox 1892 3153 2117 3206; x_wconf 88' lang='lat' dir='ltr'><strong>misera-</strong></span> 
     </span>
    </p>
   </div>
   <div class='ocr_carea' id='block_1_33' title="bbox 541 3228 2112 3318">
    <p class='ocr_par' dir='ltr' id='par_1_33' title="bbox 541 3228 2112 3318">
     <span class='ocr_line' id='line_1_33' title="bbox 541 3228 2112 3318; baseline 0.012 -35"><span class='ocrx_word' id='word_1_247' title='bbox 541 3228 703 3284; x_wconf 84' lang='lat' dir='ltr'><strong>bilius</strong></span> <span class='ocrx_word' id='word_1_248' title='bbox 732 3245 979 3300; x_wconf 86' lang='lat' dir='ltr'><strong>umquam</strong></span> <span class='ocrx_word' id='word_1_249' title='bbox 1009 3231 1188 3300; x_wconf 88' lang='lat' dir='ltr'><strong>fuerit,</strong></span> <span class='ocrx_word' id='word_1_250' title='bbox 1214 3250 1334 3289; x_wconf 90' lang='lat' dir='ltr'><strong>cum</strong></span> <span class='ocrx_word' id='word_1_251' title='bbox 1359 3238 1411 3292; x_wconf 86' lang='lat' dir='ltr'><strong>in</strong></span> <span class='ocrx_word' id='word_1_252' title='bbox 1445 3249 1597 3308; x_wconf 65' lang='lat' dir='ltr'><strong>portu</strong></span> <span class='ocrx_word' id='word_1_253' title='bbox 1637 3244 1753 3313; x_wconf 89' lang='lat' dir='ltr'><strong>ipso</strong></span> <span class='ocrx_word' id='word_1_254' title='bbox 1784 3246 2112 3318; x_wconf 79' lang='lat' dir='ltr'><strong>naufragium</strong></span> 
     </span>
    </p>
   </div>
   <div class='ocr_carea' id='block_1_34' title="bbox 542 3316 2117 3407">
    <p class='ocr_par' dir='ltr' id='par_1_34' title="bbox 542 3316 2117 3407">
     <span class='ocr_line' id='line_1_34' title="bbox 542 3316 2117 3407; baseline 0.014 -36"><span class='ocrx_word' id='word_1_255' title='bbox 542 3316 797 3386; x_wconf 85' lang='lat' dir='ltr'><strong>patiaris?</strong></span> <span class='ocrx_word' id='word_1_256' title='bbox 822 3318 898 3374; x_wconf 91' lang='lat' dir='ltr'><strong>Ne</strong></span> <span class='ocrx_word' id='word_1_257' title='bbox 930 3320 1088 3389; x_wconf 88' lang='lat' dir='ltr'><strong>igitur</strong></span> <span class='ocrx_word' id='word_1_258' title='bbox 1115 3323 1166 3376; x_wconf 93' lang='lat' dir='ltr'><strong>id</strong></span> <span class='ocrx_word' id='word_1_259' title='bbox 1196 3326 1426 3391; x_wconf 87' lang='lat' dir='ltr'><strong>eveniat,</strong></span> <span class='ocrx_word' id='word_1_260' title='bbox 1459 3343 1581 3382; x_wconf 89' lang='lat' dir='ltr'><strong>cum</strong></span> <span class='ocrx_word' id='word_1_261' title='bbox 1608 3331 1731 3385; x_wconf 91' lang='lat' dir='ltr'><strong>boui</strong></span> <span class='ocrx_word' id='word_1_262' title='bbox 1758 3335 1956 3404; x_wconf 90' lang='lat' dir='ltr'><strong>aliquid</strong></span> <span class='ocrx_word' id='word_1_263' title='bbox 1979 3316 2117 3407; x_wconf 59' lang='grc' dir='ltr'><strong>ὀρε-</strong></span> 
     </span>
    </p>
   </div>
   <div class='ocr_carea' id='block_1_35' title="bbox 540 3417 2119 3487">
    <p class='ocr_par' dir='ltr' id='par_1_35' title="bbox 540 3417 2119 3487">
     <span class='ocr_line' id='line_1_35' title="bbox 540 3417 2119 3487; baseline 0.016 -27"><span class='ocrx_word' id='word_1_264' title='bbox 540 3417 686 3462; x_wconf 89' lang='lat' dir='ltr'><strong>ratus</strong></span> <span class='ocrx_word' id='word_1_265' title='bbox 710 3423 787 3473; x_wconf 88' lang='lat' dir='ltr'><strong>es,</strong></span> <span class='ocrx_word' id='word_1_266' title='bbox 834 3425 901 3461; x_wconf 90' lang='lat' dir='ltr'><strong>ne</strong></span> <span class='ocrx_word' id='word_1_267' title='bbox 931 3427 1135 3478; x_wconf 69' lang='lat' dir='ltr'><strong>quaeras</strong></span> <span class='ocrx_word' id='word_1_268' title='bbox 1180 3428 1207 3466; x_wconf 87' lang='lat' dir='ltr'><strong>a</strong></span> <span class='ocrx_word' id='word_1_269' title='bbox 1234 3430 1321 3471; x_wconf 89' lang='lat' dir='ltr'><strong>me</strong></span> <span class='ocrx_word' id='word_1_270' title='bbox 1352 3420 1610 3487; x_wconf 86' lang='lat' dir='ltr'><strong>gratiam,</strong></span> <span class='ocrx_word' id='word_1_271' title='bbox 1641 3432 1699 3477; x_wconf 91' lang='lat' dir='ltr'><strong>ut</strong></span> <span class='ocrx_word' id='word_1_272' title='bbox 1727 3424 1890 3479; x_wconf 90' lang='lat' dir='ltr'><strong>Deum</strong></span> <span class='ocrx_word' id='word_1_273' title='bbox 1924 3428 2119 3485; x_wconf 92' lang='lat' dir='ltr'><strong>habeas</strong></span> 
     </span>
    </p>
   </div>
   <div class='ocr_carea' id='block_1_36' title="bbox 540 3503 2119 3582">
    <p class='ocr_par' dir='ltr' id='par_1_36' title="bbox 540 3503 2119 3582">
     <span class='ocr_line' id='line_1_36' title="bbox 540 3503 2119 3582; baseline 0.015 -32"><span class='ocrx_word' id='word_1_274' title='bbox 540 3503 869 3569; x_wconf 75' lang='lat' dir='ltr'><strong>debitorem,</strong></span> <span class='ocrx_word' id='word_1_275' title='bbox 898 3504 983 3574; x_wconf 83' lang='lat' dir='ltr'><strong>qui</strong></span> <span class='ocrx_word' id='word_1_276' title='bbox 1023 3505 1096 3556; x_wconf 84' lang='lat' dir='ltr'><strong>ait</strong></span> <span class='ocrx_word' id='word_1_277' title='bbox 1130 3522 1142 3555; x_wconf 89' lang='lat'><strong>:</strong></span> <span class='ocrx_word' id='word_1_278' title='bbox 1176 3504 1408 3559; x_wconf 68' lang='lat' dir='ltr'><strong>Multum:</strong></span> <span class='ocrx_word' id='word_1_279' title='bbox 1437 3508 1554 3563; x_wconf 80' lang='lat' dir='ltr'><strong>date</strong></span> <span class='ocrx_word' id='word_1_280' title='bbox 1601 3512 1663 3565; x_wconf 79' lang='lat' dir='ltr'><strong>iis</strong></span> <span class='ocrx_word' id='word_1_281' title='bbox 1712 3531 1742 3566; x_wconf 84' lang='grc' dir='ltr'><strong><em>α</em></strong></span> <span class='ocrx_word' id='word_1_282' title='bbox 1789 3516 1966 3582; x_wconf 81' lang='lat' dir='ltr'><strong>quibus</strong></span> <span class='ocrx_word' id='word_1_283' title='bbox 2016 3536 2119 3573; x_wconf 78' lang='lat' dir='ltr'><strong>non</strong></span> 
     </span>
    </p>
   </div>
   <div class='ocr_carea' id='block_1_37' title="bbox 540 3601 2118 3681">
    <p class='ocr_par' dir='ltr' id='par_1_37' title="bbox 540 3601 2118 3681">
     <span class='ocr_line' id='line_1_37' title="bbox 540 3601 2118 3681; baseline 0.011 -29"><span class='ocrx_word' id='word_1_284' title='bbox 540 3601 753 3667; x_wconf 72' lang='lat' dir='ltr'><strong>speratis</strong></span> <span class='ocrx_word' id='word_1_285' title='bbox 777 3617 862 3655; x_wconf 86' lang='lat' dir='ltr'><strong>vos</strong></span> <span class='ocrx_word' id='word_1_286' title='bbox 881 3614 1173 3673; x_wconf 79' lang='lat' dir='ltr'><strong>accepturos</strong></span> <span class='ocrx_word' id='word_1_287' title='bbox 1199 3605 1349 3676; x_wconf 84' lang='lat' dir='ltr'><strong>(Luc.</strong></span> <span class='ocrx_word' id='word_1_288' title='bbox 1369 3607 1421 3663; x_wconf 88' lang='lat'><strong>6.</strong></span> <span class='ocrx_word' id='word_1_289' title='bbox 1451 3607 1564 3679; x_wconf 74' lang='lat'><strong>35).</strong></span> <span class='ocrx_word' id='word_1_290' title='bbox 1585 3609 1759 3664; x_wconf 82' lang='lat' dir='ltr'><strong>Habes</strong></span> <span class='ocrx_word' id='word_1_291' title='bbox 1783 3611 2077 3669; x_wconf 88' lang='lat' dir='ltr'><strong>debitorem</strong></span> <span class='ocrx_word' id='word_1_292' title='bbox 2102 3633 2118 3681; x_wconf 93' lang='lat'><strong>;</strong></span> 
     </span>
    </p>
   </div>
   <div class='ocr_carea' id='block_1_38' title="bbox 541 3689 2124 3772">
    <p class='ocr_par' dir='ltr' id='par_1_38' title="bbox 541 3689 2124 3772">
     <span class='ocr_line' id='line_1_38' title="bbox 541 3689 2124 3772; baseline 0.013 -32"><span class='ocrx_word' id='word_1_293' title='bbox 541 3703 636 3740; x_wconf 91' lang='lat' dir='ltr'><strong>cur</strong></span> <span class='ocrx_word' id='word_1_294' title='bbox 664 3689 754 3743; x_wconf 89' lang='lat' dir='ltr'><strong>illo</strong></span> <span class='ocrx_word' id='word_1_295' title='bbox 784 3692 969 3746; x_wconf 89' lang='lat' dir='ltr'><strong>relicto</strong></span> <span class='ocrx_word' id='word_1_296' title='bbox 993 3733 1008 3756; x_wconf 94' lang='lat'><strong>,</strong></span> <span class='ocrx_word' id='word_1_297' title='bbox 1034 3709 1064 3746; x_wconf 89' lang='lat' dir='ltr'><strong>a</strong></span> <span class='ocrx_word' id='word_1_298' title='bbox 1095 3710 1182 3749; x_wconf 88' lang='lat' dir='ltr'><strong>me</strong></span> <span class='ocrx_word' id='word_1_299' title='bbox 1230 3698 1505 3765; x_wconf 82' lang='lat' dir='ltr'><strong>exposcis,</strong></span> <span class='ocrx_word' id='word_1_300' title='bbox 1551 3698 1771 3754; x_wconf 90' lang='lat' dir='ltr'><strong>homine</strong></span> <span class='ocrx_word' id='word_1_301' title='bbox 1799 3717 2031 3772; x_wconf 81' lang='lat' dir='ltr'><strong>paupere</strong></span> <span class='ocrx_word' id='word_1_302' title='bbox 2068 3717 2124 3761; x_wconf 90' lang='lat' dir='ltr'><strong>et</strong></span> 
     </span>
    </p>
   </div>
   <div class='ocr_carea' id='block_1_39' title="bbox 543 3780 2117 3864">
    <p class='ocr_par' dir='ltr' id='par_1_39' title="bbox 543 3780 2117 3864">
     <span class='ocr_line' id='line_1_39' title="bbox 543 3780 2117 3864; baseline 0.012 -32"><span class='ocrx_word' id='word_1_303' title='bbox 543 3780 739 3837; x_wconf 88' lang='lat' dir='ltr'><strong>misero</strong></span> <span class='ocrx_word' id='word_1_304' title='bbox 759 3782 793 3835; x_wconf 68' lang='grc' dir='ltr'><strong>’ἐι</strong></span> <span class='ocrx_word' id='word_1_305' title='bbox 808 3782 943 3838; x_wconf 83' lang='lat' dir='ltr'><strong>Num</strong></span> <span class='ocrx_word' id='word_1_306' title='bbox 1000 3786 1303 3856; x_wconf 85' lang='lat' dir='ltr'><strong>indignatur</strong></span> <span class='ocrx_word' id='word_1_307' title='bbox 1331 3789 1417 3843; x_wconf 90' lang='lat' dir='ltr'><strong>hic</strong></span> <span class='ocrx_word' id='word_1_308' title='bbox 1441 3790 1679 3864; x_wconf 77' lang='lat' dir='ltr'><strong>debitor,</strong></span> <span class='ocrx_word' id='word_1_309' title='bbox 1708 3810 1829 3849; x_wconf 88' lang='lat' dir='ltr'><strong>cum</strong></span> <span class='ocrx_word' id='word_1_310' title='bbox 1881 3796 2117 3852; x_wconf 89' lang='lat' dir='ltr'><strong>debitum</strong></span> 
     </span>
    </p>
   </div>
   <div class='ocr_carea' id='block_1_40' title="bbox 541 3872 2117 3945">
    <p class='ocr_par' dir='ltr' id='par_1_40' title="bbox 541 3872 2117 3945">
     <span class='ocr_line' id='line_1_40' title="bbox 541 3872 2117 3945; baseline 0.011 -20"><span class='ocrx_word' id='word_1_311' title='bbox 541 3872 811 3943; x_wconf 85' lang='lat' dir='ltr'><strong>exigitur?</strong></span> <span class='ocrx_word' id='word_1_312' title='bbox 838 3890 962 3929; x_wconf 91' lang='lat' dir='ltr'><strong>num</strong></span> <span class='ocrx_word' id='word_1_313' title='bbox 989 3892 1186 3945; x_wconf 88' lang='lat' dir='ltr'><strong>pauper</strong></span> <span class='ocrx_word' id='word_1_314' title='bbox 1214 3880 1333 3932; x_wconf 87' lang='lat' dir='ltr'><strong>est?</strong></span> <span class='ocrx_word' id='word_1_315' title='bbox 1362 3896 1485 3934; x_wconf 89' lang='lat' dir='ltr'><strong>num</strong></span> <span class='ocrx_word' id='word_1_316' title='bbox 1508 3884 1714 3939; x_wconf 85' lang='lat' dir='ltr'><strong>solvere</strong></span> <span class='ocrx_word' id='word_1_317' title='bbox 1734 3890 1982 3943; x_wconf 84' lang='lat' dir='ltr'><strong>recusat?</strong></span> <span class='ocrx_word' id='word_1_318' title='bbox 2005 3889 2117 3944; x_wconf 81' lang='lat' dir='ltr'><strong>Non</strong></span> 
     </span>
    </p>
   </div>
   <div class='ocr_carea' id='block_1_41' title="bbox 541 3962 2121 4037">
    <p class='ocr_par' dir='ltr' id='par_1_41' title="bbox 541 3962 2121 4037">
     <span class='ocr_line' id='line_1_41' title="bbox 541 3962 2121 4037; baseline 0.015 -22"><span class='ocrx_word' id='word_1_319' title='bbox 541 3962 696 4017; x_wconf 81' lang='lat' dir='ltr'><strong>vides</strong></span> <span class='ocrx_word' id='word_1_320' title='bbox 714 3964 830 4033; x_wconf 89' lang='lat' dir='ltr'><strong>ejus</strong></span> <span class='ocrx_word' id='word_1_321' title='bbox 861 3965 1153 4022; x_wconf 75' lang='lat' dir='ltr'><strong>ineffabiles</strong></span> <span class='ocrx_word' id='word_1_322' title='bbox 1171 3968 1492 4026; x_wconf 83' lang='lat' dir='ltr'><strong>thesauros?</strong></span> <span class='ocrx_word' id='word_1_323' title='bbox 1519 3989 1622 4029; x_wconf 92' lang='lat' dir='ltr'><strong>non</strong></span> <span class='ocrx_word' id='word_1_324' title='bbox 1648 3976 1799 4033; x_wconf 83' lang='lat' dir='ltr'><strong>vides</strong></span> <span class='ocrx_word' id='word_1_325' title='bbox 1842 3979 1982 4035; x_wconf 89' lang='lat' dir='ltr'><strong>illam</strong></span> <span class='ocrx_word' id='word_1_326' title='bbox 2009 3983 2121 4037; x_wconf 86' lang='lat' dir='ltr'><strong>ine—</strong></span> 
     </span>
    </p>
   </div>
   <div class='ocr_carea' id='block_1_42' title="bbox 543 4054 2121 4137">
    <p class='ocr_par' dir='ltr' id='par_1_42' title="bbox 543 4054 2121 4137">
     <span class='ocr_line' id='line_1_42' title="bbox 543 4054 2121 4137; baseline 0.011 -32"><span class='ocrx_word' id='word_1_327' title='bbox 543 4054 859 4108; x_wconf 85' lang='lat' dir='ltr'><strong>narrabilem</strong></span> <span class='ocrx_word' id='word_1_328' title='bbox 913 4054 1331 4112; x_wconf 73' lang='lat' dir='ltr'><strong>liberalitatem?</strong></span> <span class='ocrx_word' id='word_1_329' title='bbox 1377 4061 1456 4113; x_wconf 82' lang='lat' dir='ltr'><strong>Ab</strong></span> <span class='ocrx_word' id='word_1_330' title='bbox 1507 4063 1596 4116; x_wconf 91' lang='lat' dir='ltr'><strong>illo</strong></span> <span class='ocrx_word' id='word_1_331' title='bbox 1652 4067 1809 4134; x_wconf 88' lang='lat' dir='ltr'><strong>igitur</strong></span> <span class='ocrx_word' id='word_1_332' title='bbox 1866 4072 2017 4137; x_wconf 79' lang='lat' dir='ltr'><strong>exige</strong></span> <span class='ocrx_word' id='word_1_333' title='bbox 2068 4084 2121 4123; x_wconf 91' lang='lat' dir='ltr'><strong>et</strong></span> 
     </span>
    </p>
   </div>
   <div class='ocr_carea' id='block_1_43' title="bbox 542 4146 2122 4219">
    <p class='ocr_par' dir='ltr' id='par_1_43' title="bbox 542 4146 2122 4219">
     <span class='ocr_line' id='line_1_43' title="bbox 542 4146 2122 4219; baseline 0.012 -21"><span class='ocrx_word' id='word_1_334' title='bbox 542 4158 796 4207; x_wconf 85' lang='lat' dir='ltr'><strong>cxposce.</strong></span> <span class='ocrx_word' id='word_1_335' title='bbox 842 4146 933 4200; x_wconf 88' lang='lat' dir='ltr'><strong>Sic</strong></span> <span class='ocrx_word' id='word_1_336' title='bbox 982 4158 1198 4218; x_wconf 86' lang='lat' dir='ltr'><strong>rogatus</strong></span> <span class='ocrx_word' id='word_1_337' title='bbox 1230 4149 1443 4219; x_wconf 88' lang='lat' dir='ltr'><strong>gaudet.</strong></span> <span class='ocrx_word' id='word_1_338' title='bbox 1472 4152 1604 4207; x_wconf 87' lang='lat' dir='ltr'><strong>Nam</strong></span> <span class='ocrx_word' id='word_1_339' title='bbox 1633 4156 1675 4209; x_wconf 89' lang='lat' dir='ltr'><strong>si</strong></span> <span class='ocrx_word' id='word_1_340' title='bbox 1704 4157 1895 4212; x_wconf 87' lang='lat' dir='ltr'><strong>viderit</strong></span> <span class='ocrx_word' id='word_1_341' title='bbox 1920 4162 1987 4215; x_wconf 88' lang='lat' dir='ltr'><strong>ab</strong></span> <span class='ocrx_word' id='word_1_342' title='bbox 2012 4162 2122 4217; x_wconf 90' lang='lat' dir='ltr'><strong>alio</strong></span> 
     </span>
    </p>
   </div>
   <div class='ocr_carea' id='block_1_44' title="bbox 543 4234 2120 4320">
    <p class='ocr_par' dir='ltr' id='par_1_44' title="bbox 543 4234 2120 4320">
     <span class='ocr_line' id='line_1_44' title="bbox 543 4234 2120 4320; baseline 0.012 -32"><span class='ocrx_word' id='word_1_343' title='bbox 543 4234 681 4303; x_wconf 86' lang='lat' dir='ltr'><strong>exigi</strong></span> <span class='ocrx_word' id='word_1_344' title='bbox 713 4234 763 4289; x_wconf 89' lang='lat' dir='ltr'><strong>id</strong></span> <span class='ocrx_word' id='word_1_345' title='bbox 786 4236 922 4303; x_wconf 88' lang='lat' dir='ltr'><strong>quod</strong></span> <span class='ocrx_word' id='word_1_346' title='bbox 951 4237 1063 4305; x_wconf 88' lang='lat' dir='ltr'><strong>ipse</strong></span> <span class='ocrx_word' id='word_1_347' title='bbox 1083 4238 1261 4302; x_wconf 87' lang='lat' dir='ltr'><strong>debet,</strong></span> <span class='ocrx_word' id='word_1_348' title='bbox 1304 4245 1625 4298; x_wconf 87' lang='lat' dir='ltr'><strong>contumelia</strong></span> <span class='ocrx_word' id='word_1_349' title='bbox 1656 4246 1902 4301; x_wconf 75' lang='lat' dir='ltr'><strong>affectum</strong></span> <span class='ocrx_word' id='word_1_350' title='bbox 1934 4266 1994 4306; x_wconf 89' lang='lat' dir='ltr'><strong>se</strong></span> <span class='ocrx_word' id='word_1_351' title='bbox 2021 4268 2120 4320; x_wconf 85' lang='lat' dir='ltr'><strong>pu-</strong></span> 
     </span>
    </p>
   </div>
   <div class='ocr_carea' id='block_1_45' title="bbox 543 4325 2114 4403">
    <p class='ocr_par' dir='ltr' id='par_1_45' title="bbox 543 4325 2114 4403">
     <span class='ocr_line' id='line_1_45' title="bbox 543 4325 2114 4403; baseline 0.01 -23"><span class='ocrx_word' id='word_1_352' title='bbox 543 4325 695 4388; x_wconf 84' lang='lat' dir='ltr'><strong>tabit,</strong></span> <span class='ocrx_word' id='word_1_353' title='bbox 725 4338 821 4379; x_wconf 88' lang='lat' dir='ltr'><strong>nec</strong></span> <span class='ocrx_word' id='word_1_354' title='bbox 853 4326 945 4379; x_wconf 88' lang='lat' dir='ltr'><strong>tibi</strong></span> <span class='ocrx_word' id='word_1_355' title='bbox 975 4337 1156 4395; x_wconf 87' lang='lat' dir='ltr'><strong>postea</strong></span> <span class='ocrx_word' id='word_1_356' title='bbox 1184 4329 1403 4396; x_wconf 82' lang='lat' dir='ltr'><strong>reddet,</strong></span> <span class='ocrx_word' id='word_1_357' title='bbox 1430 4332 1536 4387; x_wconf 90' lang='lat' dir='ltr'><strong>imo</strong></span> <span class='ocrx_word' id='word_1_358' title='bbox 1566 4344 1617 4388; x_wconf 90' lang='lat' dir='ltr'><strong>te</strong></span> <span class='ocrx_word' id='word_1_359' title='bbox 1652 4336 1794 4403; x_wconf 88' lang='lat' dir='ltr'><strong>juste</strong></span> <span class='ocrx_word' id='word_1_360' title='bbox 1819 4341 2114 4396; x_wconf 88' lang='lat' dir='ltr'><strong>accusabit.</strong></span> 
     </span>
    </p>
   </div>
   <div class='ocr_carea' id='block_1_46' title="bbox 545 4416 2119 4495">
    <p class='ocr_par' dir='ltr' id='par_1_46' title="bbox 545 4416 2119 4495">
     <span class='ocr_line' id='line_1_46' title="bbox 545 4416 2119 4495; baseline 0.011 -25"><span class='ocrx_word' id='word_1_361' title='bbox 545 4418 598 4470; x_wconf 91' lang='lat' dir='ltr'><strong>In</strong></span> <span class='ocrx_word' id='word_1_362' title='bbox 625 4433 730 4487; x_wconf 89' lang='lat' dir='ltr'><strong>quo</strong></span> <span class='ocrx_word' id='word_1_363' title='bbox 753 4433 840 4472; x_wconf 88' lang='lat' dir='ltr'><strong>me</strong></span> <span class='ocrx_word' id='word_1_364' title='bbox 868 4419 1153 4488; x_wconf 88' lang='lat' dir='ltr'><strong>ingratum,</strong></span> <span class='ocrx_word' id='word_1_365' title='bbox 1201 4416 1441 4492; x_wconf 80' lang='lat' dir='ltr'><strong>inquiet,</strong></span> <span class='ocrx_word' id='word_1_366' title='bbox 1471 4424 1913 4495; x_wconf 84' lang='lat' dir='ltr'><strong>deprehendisti?</strong></span> <span class='ocrx_word' id='word_1_367' title='bbox 1962 4448 2119 4488; x_wconf 89' lang='lat' dir='ltr'><strong>mene</strong></span> 
     </span>
    </p>
   </div>
   <div class='ocr_carea' id='block_1_47' title="bbox 542 4510 2118 4581">
    <p class='ocr_par' dir='ltr' id='par_1_47' title="bbox 542 4510 2118 4581">
     <span class='ocr_line' id='line_1_47' title="bbox 542 4510 2118 4581; baseline 0.012 -23"><span class='ocrx_word' id='word_1_368' title='bbox 542 4520 831 4575; x_wconf 84' lang='lat' dir='ltr'><strong>pauperem</strong></span> <span class='ocrx_word' id='word_1_369' title='bbox 859 4517 1029 4574; x_wconf 87' lang='lat' dir='ltr'><strong>putas,</strong></span> <span class='ocrx_word' id='word_1_370' title='bbox 1051 4510 1139 4579; x_wconf 88' lang='lat' dir='ltr'><strong>qui</strong></span> <span class='ocrx_word' id='word_1_371' title='bbox 1164 4526 1250 4566; x_wconf 90' lang='lat' dir='ltr'><strong>me</strong></span> <span class='ocrx_word' id='word_1_372' title='bbox 1270 4516 1630 4581; x_wconf 84' lang='lat' dir='ltr'><strong>praetermisso</strong></span> <span class='ocrx_word' id='word_1_373' title='bbox 1652 4517 1784 4573; x_wconf 88' lang='lat' dir='ltr'><strong>alios</strong></span> <span class='ocrx_word' id='word_1_374' title='bbox 1800 4518 2005 4577; x_wconf 86' lang='lat' dir='ltr'><strong>adeas?</strong></span> <span class='ocrx_word' id='word_1_375' title='bbox 2028 4524 2118 4578; x_wconf 87' lang='lat' dir='ltr'><strong>alii</strong></span> 
     </span>
    </p>
   </div>
   <div class='ocr_carea' id='block_1_48' title="bbox 541 4597 2121 4684">
    <p class='ocr_par' dir='ltr' id='par_1_48' title="bbox 541 4597 2121 4684">
     <span class='ocr_line' id='line_1_48' title="bbox 541 4597 2121 4684; baseline 0.015 -36"><span class='ocrx_word' id='word_1_376' title='bbox 541 4605 784 4649; x_wconf 87' lang='lat' dir='ltr'><strong>mutuum</strong></span> <span class='ocrx_word' id='word_1_377' title='bbox 828 4597 1039 4665; x_wconf 90' lang='lat' dir='ltr'><strong>dedisti,</strong></span> <span class='ocrx_word' id='word_1_378' title='bbox 1091 4609 1145 4655; x_wconf 88' lang='lat' dir='ltr'><strong>et</strong></span> <span class='ocrx_word' id='word_1_379' title='bbox 1195 4601 1263 4655; x_wconf 90' lang='lat' dir='ltr'><strong>ab</strong></span> <span class='ocrx_word' id='word_1_380' title='bbox 1317 4603 1420 4656; x_wconf 87' lang='lat' dir='ltr'><strong>alio</strong></span> <span class='ocrx_word' id='word_1_381' title='bbox 1469 4607 1681 4676; x_wconf 74' lang='lat' dir='ltr'><strong>exigis?</strong></span> <span class='ocrx_word' id='word_1_382' title='bbox 1723 4608 1834 4664; x_wconf 81' lang='lat' dir='ltr'><strong>Etsi</strong></span> <span class='ocrx_word' id='word_1_383' title='bbox 1890 4628 2121 4684; x_wconf 88' lang='lat' dir='ltr'><strong>namque</strong></span> 
     </span>
    </p>
   </div>
   <div class='ocr_carea' id='block_1_49' title="bbox 540 4682 2119 4769">
    <p class='ocr_par' dir='ltr' id='par_1_49' title="bbox 540 4682 2119 4769">
     <span class='ocr_line' id='line_1_49' title="bbox 540 4682 2119 4769; baseline 0.016 -32"><span class='ocrx_word' id='word_1_384' title='bbox 540 4682 705 4740; x_wconf 89' lang='lat' dir='ltr'><strong>homo</strong></span> <span class='ocrx_word' id='word_1_385' title='bbox 733 4694 1017 4755; x_wconf 83' lang='lat' dir='ltr'><strong>acceperit,</strong></span> <span class='ocrx_word' id='word_1_386' title='bbox 1047 4690 1187 4745; x_wconf 88' lang='lat' dir='ltr'><strong>Deus</strong></span> <span class='ocrx_word' id='word_1_387' title='bbox 1215 4692 1344 4746; x_wconf 79' lang='lat' dir='ltr'><strong>dare</strong></span> <span class='ocrx_word' id='word_1_388' title='bbox 1370 4694 1530 4763; x_wconf 85' lang='lat' dir='ltr'><strong>jussit</strong></span> <span class='ocrx_word' id='word_1_389' title='bbox 1563 4714 1576 4751; x_wconf 93' lang='lat'><strong>:</strong></span> <span class='ocrx_word' id='word_1_390' title='bbox 1605 4698 1717 4766; x_wconf 90' lang='lat' dir='ltr'><strong>ipse</strong></span> <span class='ocrx_word' id='word_1_391' title='bbox 1742 4702 1944 4769; x_wconf 88' lang='lat' dir='ltr'><strong>primus</strong></span> <span class='ocrx_word' id='word_1_392' title='bbox 1969 4682 2119 4761; x_wconf 80' lang='lat' dir='ltr'><strong>debi-</strong></span> 
     </span>
    </p>
   </div>
   <div class='ocr_carea' id='block_1_50' title="bbox 539 4785 2119 4863">
    <p class='ocr_par' dir='ltr' id='par_1_50' title="bbox 539 4785 2119 4863">
     <span class='ocr_line' id='line_1_50' title="bbox 539 4785 2119 4863; baseline 0.016 -34"><span class='ocrx_word' id='word_1_393' title='bbox 539 4788 622 4832; x_wconf 92' lang='lat' dir='ltr'><strong>tor</strong></span> <span class='ocrx_word' id='word_1_394' title='bbox 649 4788 705 4833; x_wconf 92' lang='lat' dir='ltr'><strong>et</strong></span> <span class='ocrx_word' id='word_1_395' title='bbox 732 4792 957 4847; x_wconf 88' lang='lat' dir='ltr'><strong>sponsor</strong></span> <span class='ocrx_word' id='word_1_396' title='bbox 996 4796 1115 4837; x_wconf 88' lang='lat' dir='ltr'><strong>esse</strong></span> <span class='ocrx_word' id='word_1_397' title='bbox 1139 4785 1251 4838; x_wconf 90' lang='lat' dir='ltr'><strong>vult</strong></span> <span class='ocrx_word' id='word_1_398' title='bbox 1269 4827 1282 4848; x_wconf 88' lang='lat'><strong>,</strong></span> <span class='ocrx_word' id='word_1_399' title='bbox 1314 4802 1623 4844; x_wconf 81' lang='lat' dir='ltr'><strong>innumeras</strong></span> <span class='ocrx_word' id='word_1_400' title='bbox 1651 4791 1743 4845; x_wconf 90' lang='lat' dir='ltr'><strong>tibi</strong></span> <span class='ocrx_word' id='word_1_401' title='bbox 1790 4797 2030 4863; x_wconf 77' lang='lat' dir='ltr'><strong>praebens</strong></span> <span class='ocrx_word' id='word_1_402' title='bbox 2051 4800 2119 4855; x_wconf 92' lang='lat' dir='ltr'><strong>ab</strong></span> 
     </span>
    </p>
   </div>
   <div class='ocr_carea' id='block_1_51' title="bbox 538 4869 2115 4949">
    <p class='ocr_par' dir='ltr' id='par_1_51' title="bbox 538 4869 2115 4949">
     <span class='ocr_line' id='line_1_51' title="bbox 538 4869 2115 4949; baseline 0.015 -27"><span class='ocrx_word' id='word_1_403' title='bbox 538 4882 605 4922; x_wconf 88' lang='lat' dir='ltr'><strong>eo</strong></span> <span class='ocrx_word' id='word_1_404' title='bbox 630 4869 844 4937; x_wconf 87' lang='lat' dir='ltr'><strong>petendi</strong></span> <span class='ocrx_word' id='word_1_405' title='bbox 871 4872 1198 4930; x_wconf 88' lang='lat' dir='ltr'><strong>occasiones.</strong></span> <span class='ocrx_word' id='word_1_406' title='bbox 1230 4875 1310 4932; x_wconf 87' lang='lat' dir='ltr'><strong>Ne</strong></span> <span class='ocrx_word' id='word_1_407' title='bbox 1349 4878 1509 4949; x_wconf 88' lang='lat' dir='ltr'><strong>igitur</strong></span> <span class='ocrx_word' id='word_1_408' title='bbox 1545 4890 1687 4935; x_wconf 88' lang='lat' dir='ltr'><strong>tanta</strong></span> <span class='ocrx_word' id='word_1_409' title='bbox 1722 4883 1970 4943; x_wconf 77' lang='lat' dir='ltr'><strong>facilitate</strong></span> <span class='ocrx_word' id='word_1_410' title='bbox 2001 4902 2115 4945; x_wconf 88' lang='lat' dir='ltr'><strong>tan-</strong></span> 
     </span>
    </p>
   </div>
   <div class='ocr_carea' id='block_1_52' title="bbox 540 4954 2116 5052">
    <p class='ocr_par' dir='ltr' id='par_1_52' title="bbox 540 4954 2116 5052">
     <span class='ocr_line' id='line_1_52' title="bbox 540 4954 2116 5052; baseline 0.017 -40"><span class='ocrx_word' id='word_1_411' title='bbox 540 4969 701 5028; x_wconf 86' lang='lat' dir='ltr'><strong>taque</strong></span> <span class='ocrx_word' id='word_1_412' title='bbox 721 4960 1041 5018; x_wconf 87' lang='lat' dir='ltr'><strong>abundantia</strong></span> <span class='ocrx_word' id='word_1_413' title='bbox 1071 4954 1447 5035; x_wconf 56' lang='lat' dir='ltr'><strong>praetermissa,</strong></span> <span class='ocrx_word' id='word_1_414' title='bbox 1479 4986 1508 5025; x_wconf 87' lang='lat' dir='ltr'><strong>a</strong></span> <span class='ocrx_word' id='word_1_415' title='bbox 1535 4989 1620 5027; x_wconf 89' lang='lat' dir='ltr'><strong>me</strong></span> <span class='ocrx_word' id='word_1_416' title='bbox 1645 4978 1887 5047; x_wconf 79' lang='lat' dir='ltr'><strong>accipere</strong></span> <span class='ocrx_word' id='word_1_417' title='bbox 1908 4996 2116 5052; x_wconf 59' lang='lat' dir='ltr'><strong>quaeras</strong></span> 
     </span>
    </p>
   </div>
   <div class='ocr_carea' id='block_1_53' title="bbox 540 5048 2112 5138">
    <p class='ocr_par' dir='ltr' id='par_1_53' title="bbox 540 5048 2112 5138">
     <span class='ocr_line' id='line_1_53' title="bbox 540 5048 2112 5138; baseline 0.018 -38"><span class='ocrx_word' id='word_1_418' title='bbox 540 5048 630 5115; x_wconf 88' lang='lat' dir='ltr'><strong>qui</strong></span> <span class='ocrx_word' id='word_1_419' title='bbox 657 5048 784 5103; x_wconf 92' lang='lat' dir='ltr'><strong>nihil</strong></span> <span class='ocrx_word' id='word_1_420' title='bbox 817 5050 1009 5108; x_wconf 89' lang='lat' dir='ltr'><strong>habeo.</strong></span> <span class='ocrx_word' id='word_1_421' title='bbox 1040 5052 1151 5120; x_wconf 85' lang='lat' dir='ltr'><strong>Qua</strong></span> <span class='ocrx_word' id='word_1_422' title='bbox 1174 5056 1240 5110; x_wconf 91' lang='lat' dir='ltr'><strong>de</strong></span> <span class='ocrx_word' id='word_1_423' title='bbox 1266 5072 1424 5114; x_wconf 86' lang='lat' dir='ltr'><strong>causa</strong></span> <span class='ocrx_word' id='word_1_424' title='bbox 1457 5070 1509 5114; x_wconf 88' lang='lat' dir='ltr'><strong>te</strong></span> <span class='ocrx_word' id='word_1_425' title='bbox 1542 5064 1671 5118; x_wconf 89' lang='lat' dir='ltr'><strong>mihi</strong></span> <span class='ocrx_word' id='word_1_426' title='bbox 1694 5048 1965 5138; x_wconf 74' lang='lat' dir='ltr'><strong>ostentas,</strong></span> <span class='ocrx_word' id='word_1_427' title='bbox 1993 5089 2112 5128; x_wconf 91' lang='lat' dir='ltr'><strong>cum</strong></span> 
     </span>
    </p>
   </div>
   <div class='ocr_carea' id='block_1_54' title="bbox 541 5142 2114 5219">
    <p class='ocr_par' dir='ltr' id='par_1_54' title="bbox 541 5142 2114 5219">
     <span class='ocr_line' id='line_1_54' title="bbox 541 5142 2114 5219; baseline 0.018 -28"><span class='ocrx_word' id='word_1_428' title='bbox 541 5142 758 5209; x_wconf 83' lang='lat' dir='ltr'><strong>pauperi</strong></span> <span class='ocrx_word' id='word_1_429' title='bbox 779 5157 968 5212; x_wconf 84' lang='lat' dir='ltr'><strong>erogas</strong></span> <span class='ocrx_word' id='word_1_430' title='bbox 988 5145 1012 5197; x_wconf 85' lang='lat'><strong>?</strong></span> <span class='ocrx_word' id='word_1_431' title='bbox 1034 5143 1168 5199; x_wconf 83' lang='lat' dir='ltr'><strong>Num</strong></span> <span class='ocrx_word' id='word_1_432' title='bbox 1181 5162 1280 5217; x_wconf 85' lang='lat' dir='ltr'><strong>ego</strong></span> <span class='ocrx_word' id='word_1_433' title='bbox 1304 5149 1411 5205; x_wconf 86' lang='lat' dir='ltr'><strong>dixi</strong></span> <span class='ocrx_word' id='word_1_434' title='bbox 1442 5153 1555 5217; x_wconf 89' lang='lat' dir='ltr'><strong>tibi,</strong></span> <span class='ocrx_word' id='word_1_435' title='bbox 1583 5155 1693 5209; x_wconf 86' lang='lat' dir='ltr'><strong>Da?</strong></span> <span class='ocrx_word' id='word_1_436' title='bbox 1714 5175 1839 5215; x_wconf 90' lang='lat' dir='ltr'><strong>num</strong></span> <span class='ocrx_word' id='word_1_437' title='bbox 1861 5176 1890 5215; x_wconf 90' lang='lat' dir='ltr'><strong>a</strong></span> <span class='ocrx_word' id='word_1_438' title='bbox 1911 5179 1997 5218; x_wconf 89' lang='lat' dir='ltr'><strong>me</strong></span> <span class='ocrx_word' id='word_1_439' title='bbox 2016 5182 2114 5219; x_wconf 89' lang='lat' dir='ltr'><strong>au-</strong></span> 
     </span>
    </p>
   </div>
   <div class='ocr_carea' id='block_1_55' title="bbox 502 5230 2117 5324">
    <p class='ocr_par' dir='ltr' id='par_1_55' title="bbox 502 5230 2117 5324">
     <span class='ocr_line' id='line_1_55' title="bbox 502 5230 2117 5324; baseline 0.017 -41"><span class='ocrx_word' id='word_1_440' title='bbox 502 5252 503 5259; x_wconf 53' lang='grc' dir='ltr'><strong>η</strong></span> <span class='ocrx_word' id='word_1_441' title='bbox 539 5230 687 5298; x_wconf 88' lang='lat' dir='ltr'><strong>disti,</strong></span> <span class='ocrx_word' id='word_1_442' title='bbox 722 5242 776 5287; x_wconf 89' lang='lat' dir='ltr'><strong>ut</strong></span> <span class='ocrx_word' id='word_1_443' title='bbox 803 5250 831 5289; x_wconf 89' lang='lat' dir='ltr'><strong>a</strong></span> <span class='ocrx_word' id='word_1_444' title='bbox 863 5251 948 5290; x_wconf 90' lang='lat' dir='ltr'><strong>me</strong></span> <span class='ocrx_word' id='word_1_445' title='bbox 976 5239 1200 5308; x_wconf 82' lang='lat' dir='ltr'><strong>exigas?</strong></span> <span class='ocrx_word' id='word_1_446' title='bbox 1226 5239 1342 5310; x_wconf 87' lang='lat' dir='ltr'><strong>Ipse</strong></span> <span class='ocrx_word' id='word_1_447' title='bbox 1371 5244 1506 5299; x_wconf 84' lang='lat' dir='ltr'><strong>dixit</strong></span> <span class='ocrx_word' id='word_1_448' title='bbox 1535 5263 1548 5299; x_wconf 90' lang='lat'><strong>:</strong></span> <span class='ocrx_word' id='word_1_449' title='bbox 1582 5246 1682 5314; x_wconf 81' lang='lat' dir='ltr'><strong>Qui</strong></span> <span class='ocrx_word' id='word_1_450' title='bbox 1701 5252 1960 5307; x_wconf 71' lang='lat' dir='ltr'><strong>miseretur</strong></span> <span class='ocrx_word' id='word_1_451' title='bbox 1987 5273 2117 5324; x_wconf 80' lang='lat' dir='ltr'><strong>pau-</strong></span> 
     </span>
    </p>
   </div>
   <div class='ocr_carea' id='block_1_56' title="bbox 544 5325 2145 5407">
    <p class='ocr_par' dir='ltr' id='par_1_56' title="bbox 544 5325 2145 5407">
     <span class='ocr_line' id='line_1_56' title="bbox 544 5325 2145 5407; baseline 0.017 -33"><span class='ocrx_word' id='word_1_452' title='bbox 544 5339 654 5391; x_wconf 78' lang='lat' dir='ltr'><strong>pers</strong></span> <span class='ocrx_word' id='word_1_453' title='bbox 679 5365 694 5386; x_wconf 95' lang='lat'><strong>,</strong></span> <span class='ocrx_word' id='word_1_454' title='bbox 722 5325 995 5393; x_wconf 72' lang='lat' dir='ltr'><strong>[anei-amr</strong></span> <span class='ocrx_word' id='word_1_455' title='bbox 1022 5328 1130 5384; x_wconf 81' lang='lat' dir='ltr'><strong>Deo</strong></span> <span class='ocrx_word' id='word_1_456' title='bbox 1157 5329 1353 5402; x_wconf 80' lang='lat' dir='ltr'><strong>(Prov.</strong></span> <span class='ocrx_word' id='word_1_457' title='bbox 1386 5334 1469 5390; x_wconf 84' lang='grc'><strong>19.</strong></span> <span class='ocrx_word' id='word_1_458' title='bbox 1505 5336 1631 5407; x_wconf 79' lang='lat' dir='ltr'><strong>l7).</strong></span> <span class='ocrx_word' id='word_1_459' title='bbox 1687 5339 1795 5395; x_wconf 90' lang='lat' dir='ltr'><strong>Deo</strong></span> <span class='ocrx_word' id='word_1_460' title='bbox 1820 5342 2114 5401; x_wconf 70' lang='lat' dir='ltr'><strong>fmneratus</strong></span> <span class='ocrx_word' id='word_1_461' title='bbox 2139 5385 2145 5391; x_wconf 87' lang='grc'><strong>-</strong></span> 
     </span>
    </p>
   </div>
   <div class='ocr_carea' id='block_1_57' title="bbox 539 5413 2113 5494">
    <p class='ocr_par' dir='ltr' id='par_1_57' title="bbox 539 5413 2113 5494">
     <span class='ocr_line' id='line_1_57' title="bbox 539 5413 2113 5494; baseline 0.017 -27"><span class='ocrx_word' id='word_1_462' title='bbox 539 5413 633 5468; x_wconf 86' lang='lat' dir='ltr'><strong>es?</strong></span> <span class='ocrx_word' id='word_1_463' title='bbox 657 5414 741 5469; x_wconf 72' lang='lat' dir='ltr'><strong>Ab</strong></span> <span class='ocrx_word' id='word_1_464' title='bbox 766 5416 858 5470; x_wconf 89' lang='lat' dir='ltr'><strong>illo</strong></span> <span class='ocrx_word' id='word_1_465' title='bbox 880 5418 1052 5488; x_wconf 87' lang='lat' dir='ltr'><strong>exige.</strong></span> <span class='ocrx_word' id='word_1_466' title='bbox 1079 5421 1149 5475; x_wconf 81' lang='lat' dir='ltr'><strong>At</strong></span> <span class='ocrx_word' id='word_1_467' title='bbox 1174 5437 1278 5477; x_wconf 89' lang='lat' dir='ltr'><strong>non</strong></span> <span class='ocrx_word' id='word_1_468' title='bbox 1311 5434 1479 5481; x_wconf 87' lang='lat' dir='ltr'><strong>totum</strong></span> <span class='ocrx_word' id='word_1_469' title='bbox 1505 5443 1646 5485; x_wconf 89' lang='lat' dir='ltr'><strong>nunc</strong></span> <span class='ocrx_word' id='word_1_470' title='bbox 1672 5432 1887 5489; x_wconf 79' lang='lat' dir='ltr'><strong>reddit?</strong></span> <span class='ocrx_word' id='word_1_471' title='bbox 1918 5435 2113 5494; x_wconf 76' lang='lat' dir='ltr'><strong>Verum</strong></span> 
     </span>
    </p>
   </div>
   <div class='ocr_carea' id='block_1_58' title="bbox 599 5546 2112 5623">
    <p class='ocr_par' dir='ltr' id='par_1_58' title="bbox 599 5546 2112 5623">
     <span class='ocr_line' id='line_1_58' title="bbox 599 5546 2112 5623; baseline 0.02 -29"><span class='ocrx_word' id='word_1_472' title='bbox 599 5546 834 5623; x_wconf 43' lang='lat' dir='ltr'><strong>te!</strong></span> <span class='ocrx_word' id='word_1_473' title='bbox 852 5558 1075 5623; x_wconf 75' lang='lat' dir='ltr'><strong>tempore</strong></span> <span class='ocrx_word' id='word_1_474' title='bbox 1106 5554 1427 5623; x_wconf 66' lang='lat' dir='ltr'><strong>Chrysostomi</strong></span> <span class='ocrx_word' id='word_1_475' title='bbox 1452 5563 1600 5623; x_wconf 80' lang='lat' dir='ltr'><strong>etiam</strong></span> <span class='ocrx_word' id='word_1_476' title='bbox 1643 5562 1900 5619; x_wconf 83' lang='lat' dir='ltr'><strong>Christiani</strong></span> <span class='ocrx_word' id='word_1_477' title='bbox 1932 5584 2112 5623; x_wconf 88' lang='lat' dir='ltr'><strong>nomen</strong></span> 
     </span>
    </p>
   </div>
   <div class='ocr_carea' id='block_1_59' title="bbox 536 5608 2112 5697">
    <p class='ocr_par' dir='ltr' id='par_1_59' title="bbox 536 5608 2112 5697">
     <span class='ocr_line' id='line_1_59' title="bbox 536 5608 2112 5697; baseline 0.008 0"><span class='ocrx_word' id='word_1_478' title='bbox 536 5608 1242 5697; x_wconf 56' lang='lat' dir='ltr'><strong>Rmﬁ’f‘.:£‘1&quot;_§399‘9§~</strong></span> <span class='ocrx_word' id='word_1_479' title='bbox 1256 5608 2112 5697; x_wconf 52' lang='grc' dir='ltr'><strong>,ςεςξιξείξάὶδῖυυῖῖεῖῖᾘίέιυῖὲῖὸἓ</strong></span> 
     </span>
    </p>
   </div>
   <div class='ocr_carea' id='block_1_60' title="bbox 541 5670 1495 5739">
    <p class='ocr_par' dir='ltr' id='par_1_60' title="bbox 541 5670 1495 5739">
     <span class='ocr_line' id='line_1_60' title="bbox 541 5670 1495 5739; baseline 0.015 -22"><span class='ocrx_word' id='word_1_480' title='bbox 541 5675 594 5719; x_wconf 82' lang='lat' dir='ltr'><strong>ut</strong></span> <span class='ocrx_word' id='word_1_481' title='bbox 615 5672 680 5720; x_wconf 78' lang='lat' dir='ltr'><strong>sit</strong></span> <span class='ocrx_word' id='word_1_482' title='bbox 703 5670 809 5730; x_wconf 83' lang='lat' dir='ltr'><strong>ipse</strong></span> <span class='ocrx_word' id='word_1_483' title='bbox 837 5670 963 5725; x_wconf 76' lang='lat' dir='ltr'><strong>libro</strong></span> <span class='ocrx_word' id='word_1_484' title='bbox 978 5670 1133 5739; x_wconf 64' lang='lat' dir='ltr'><strong>primo</strong></span> <span class='ocrx_word' id='word_1_485' title='bbox 1153 5670 1241 5727; x_wconf 73' lang='lat' dir='ltr'><strong>Ad</strong></span> <span class='ocrx_word' id='word_1_486' title='bbox 1256 5670 1495 5733; x_wconf 62' lang='lat' dir='ltr'><strong>Nationes.</strong></span> 
     </span>
    </p>
   </div>
   <div class='ocr_carea' id='block_1_61' title="bbox 1293 282 3108 349">
    <p class='ocr_par' dir='ltr' id='par_1_61' title="bbox 1293 282 3108 349">
     <span class='ocr_line' id='line_1_61' title="bbox 1293 282 3108 349; baseline 0 -4"><span class='ocrx_word' id='word_1_487' title='bbox 1293 290 1349 349; x_wconf 90' lang='lat' dir='ltr'><strong>S.</strong></span> <span class='ocrx_word' id='word_1_488' title='bbox 1388 288 1665 344; x_wconf 76' lang='lat' dir='ltr'><strong>JUANNlS</strong></span> <span class='ocrx_word' id='word_1_489' title='bbox 1702 282 2177 343; x_wconf 80' lang='lat' dir='ltr'><strong>CllBYSOSTOMl</strong></span> <span class='ocrx_word' id='word_1_490' title='bbox 2214 283 2530 344; x_wconf 75' lang='lat' dir='ltr'><strong>ARCHIEP.</strong></span> <span class='ocrx_word' id='word_1_491' title='bbox 2570 286 3108 349; x_wconf 78' lang='lat' dir='ltr'><strong>CONSTANTINOP.</strong></span> 
     </span>
    </p>
   </div>
   <div class='ocr_carea' id='block_1_62' title="bbox 3725 297 3830 353">
    <p class='ocr_par' dir='ltr' id='par_1_62' title="bbox 3725 297 3830 353">
     <span class='ocr_line' id='line_1_62' title="bbox 3725 297 3830 353; baseline 0.019 -1"><span class='ocrx_word' id='word_1_492' title='bbox 3725 297 3830 353; x_wconf 72' lang='grc'><strong>258</strong></span> 
     </span>
    </p>
   </div>
   <div class='ocr_carea' id='block_1_63' title="bbox 2240 414 3826 499">
    <p class='ocr_par' dir='ltr' id='par_1_63' title="bbox 2240 414 3826 499">
     <span class='ocr_line' id='line_1_63' title="bbox 2240 414 3826 499; baseline 0.01 -29"><span class='ocrx_word' id='word_1_493' title='bbox 2240 415 2292 470; x_wconf 88' lang='lat' dir='ltr'><strong>id</strong></span> <span class='ocrx_word' id='word_1_494' title='bbox 2319 419 2384 472; x_wconf 89' lang='lat' dir='ltr'><strong>ad</strong></span> <span class='ocrx_word' id='word_1_495' title='bbox 2414 419 2693 477; x_wconf 89' lang='lat' dir='ltr'><strong>utilitatem</strong></span> <span class='ocrx_word' id='word_1_496' title='bbox 2722 430 2864 477; x_wconf 87' lang='lat' dir='ltr'><strong>tuam</strong></span> <span class='ocrx_word' id='word_1_497' title='bbox 2894 422 3041 477; x_wconf 82' lang='lat' dir='ltr'><strong>facit.</strong></span> <span class='ocrx_word' id='word_1_498' title='bbox 3086 414 3403 496; x_wconf 33' lang='lat' dir='ltr'><strong>Est‘quippe</strong></span> <span class='ocrx_word' id='word_1_499' title='bbox 3436 425 3555 483; x_wconf 88' lang='lat' dir='ltr'><strong>talis</strong></span> <span class='ocrx_word' id='word_1_500' title='bbox 3580 427 3826 499; x_wconf 72' lang='lat' dir='ltr'><strong>debitor,</strong></span> 
     </span>
    </p>
   </div>
   <div class='ocr_carea' id='block_1_64' title="bbox 2235 506 3825 583">
    <p class='ocr_par' dir='ltr' id='par_1_64' title="bbox 2235 506 3825 583">
     <span class='ocr_line' id='line_1_64' title="bbox 2235 506 3825 583; baseline 0.01 -24"><span class='ocrx_word' id='word_1_501' title='bbox 2235 506 2323 575; x_wconf 90' lang='lat' dir='ltr'><strong>qui</strong></span> <span class='ocrx_word' id='word_1_502' title='bbox 2352 522 2455 563; x_wconf 91' lang='lat' dir='ltr'><strong>non</strong></span> <span class='ocrx_word' id='word_1_503' title='bbox 2481 511 2655 565; x_wconf 91' lang='lat' dir='ltr'><strong>solum</strong></span> <span class='ocrx_word' id='word_1_504' title='bbox 2684 511 2735 566; x_wconf 92' lang='lat' dir='ltr'><strong>id</strong></span> <span class='ocrx_word' id='word_1_505' title='bbox 2754 514 2894 581; x_wconf 91' lang='lat' dir='ltr'><strong>quod</strong></span> <span class='ocrx_word' id='word_1_506' title='bbox 2918 523 3105 570; x_wconf 90' lang='lat' dir='ltr'><strong>mutuo</strong></span> <span class='ocrx_word' id='word_1_507' title='bbox 3131 517 3310 570; x_wconf 90' lang='lat' dir='ltr'><strong>datum</strong></span> <span class='ocrx_word' id='word_1_508' title='bbox 3345 527 3446 583; x_wconf 86' lang='lat' dir='ltr'><strong>est,</strong></span> <span class='ocrx_word' id='word_1_509' title='bbox 3478 528 3537 572; x_wconf 93' lang='lat' dir='ltr'><strong>ut</strong></span> <span class='ocrx_word' id='word_1_510' title='bbox 3561 521 3715 575; x_wconf 89' lang='lat' dir='ltr'><strong>multi</strong></span> <span class='ocrx_word' id='word_1_511' title='bbox 3743 522 3825 574; x_wconf 82' lang='lat' dir='ltr'><strong>fa-</strong></span> 
     </span>
    </p>
   </div>
   <div class='ocr_carea' id='block_1_65' title="bbox 2234 598 3826 683">
    <p class='ocr_par' dir='ltr' id='par_1_65' title="bbox 2234 598 3826 683">
     <span class='ocr_line' id='line_1_65' title="bbox 2234 598 3826 683; baseline 0.011 -33"><span class='ocrx_word' id='word_1_512' title='bbox 2234 598 2420 665; x_wconf 91' lang='lat' dir='ltr'><strong>ciunt,</strong></span> <span class='ocrx_word' id='word_1_513' title='bbox 2452 602 2677 657; x_wconf 89' lang='lat' dir='ltr'><strong>reddere</strong></span> <span class='ocrx_word' id='word_1_514' title='bbox 2710 603 2955 670; x_wconf 84' lang='lat' dir='ltr'><strong>festinet;</strong></span> <span class='ocrx_word' id='word_1_515' title='bbox 2989 606 3082 660; x_wconf 85' lang='lat' dir='ltr'><strong>sed</strong></span> <span class='ocrx_word' id='word_1_516' title='bbox 3112 609 3274 663; x_wconf 90' lang='lat' dir='ltr'><strong>etiam</strong></span> <span class='ocrx_word' id='word_1_517' title='bbox 3293 609 3345 663; x_wconf 92' lang='lat' dir='ltr'><strong>id</strong></span> <span class='ocrx_word' id='word_1_518' title='bbox 3372 618 3510 681; x_wconf 86' lang='lat' dir='ltr'><strong>agat,</strong></span> <span class='ocrx_word' id='word_1_519' title='bbox 3536 611 3668 666; x_wconf 81' lang='lat' dir='ltr'><strong>.ut&#39;id</strong></span> <span class='ocrx_word' id='word_1_520' title='bbox 3683 615 3826 683; x_wconf 87' lang='lat' dir='ltr'><strong>quod</strong></span> 
     </span>
    </p>
   </div>
   <div class='ocr_carea' id='block_1_66' title="bbox 2233 688 3822 772">
    <p class='ocr_par' dir='ltr' id='par_1_66' title="bbox 2233 688 3822 772">
     <span class='ocr_line' id='line_1_66' title="bbox 2233 688 3822 772; baseline 0.011 -31"><span class='ocrx_word' id='word_1_521' title='bbox 2233 688 2414 744; x_wconf 90' lang='lat' dir='ltr'><strong>datum</strong></span> <span class='ocrx_word' id='word_1_522' title='bbox 2433 702 2535 758; x_wconf 89' lang='lat' dir='ltr'><strong>est,</strong></span> <span class='ocrx_word' id='word_1_523' title='bbox 2570 693 2621 747; x_wconf 91' lang='lat' dir='ltr'><strong>in</strong></span> <span class='ocrx_word' id='word_1_524' title='bbox 2650 703 2761 747; x_wconf 91' lang='lat' dir='ltr'><strong>tuto</strong></span> <span class='ocrx_word' id='word_1_525' title='bbox 2787 694 3092 764; x_wconf 83' lang='lat' dir='ltr'><strong>depositum</strong></span> <span class='ocrx_word' id='word_1_526' title='bbox 3114 698 3203 753; x_wconf 91' lang='lat' dir='ltr'><strong>sit.</strong></span> <span class='ocrx_word' id='word_1_527' title='bbox 3235 700 3359 756; x_wconf 92' lang='lat' dir='ltr'><strong>ldeo</strong></span> <span class='ocrx_word' id='word_1_528' title='bbox 3380 718 3500 772; x_wconf 67' lang='lat' dir='ltr'><strong>quae</strong></span> <span class='ocrx_word' id='word_1_529' title='bbox 3530 702 3615 758; x_wconf 88' lang='lat' dir='ltr'><strong>hic</strong></span> <span class='ocrx_word' id='word_1_530' title='bbox 3645 703 3822 761; x_wconf 82' lang='lat' dir='ltr'><strong>debita</strong></span> 
     </span>
    </p>
   </div>
   <div class='ocr_carea' id='block_1_67' title="bbox 2232 784 3169 855">
    <p class='ocr_par' dir='ltr' id='par_1_67' title="bbox 2232 784 3169 855">
     <span class='ocr_line' id='line_1_67' title="bbox 2232 784 3169 855; baseline 0.01 -20"><span class='ocrx_word' id='word_1_531' title='bbox 2232 791 2356 835; x_wconf 86' lang='lat' dir='ltr'><strong>sunt</strong></span> <span class='ocrx_word' id='word_1_532' title='bbox 2386 784 2588 847; x_wconf 88' lang='lat' dir='ltr'><strong>reddit;</strong></span> <span class='ocrx_word' id='word_1_533' title='bbox 2611 800 2727 855; x_wconf 71' lang='lat' dir='ltr'><strong>qua:</strong></span> <span class='ocrx_word' id='word_1_534' title='bbox 2750 786 2879 852; x_wconf 91' lang='lat' dir='ltr'><strong>illic,</strong></span> <span class='ocrx_word' id='word_1_535' title='bbox 2912 800 3169 844; x_wconf 80' lang='lat' dir='ltr'><strong>reservat.</strong></span> 
     </span>
    </p>
   </div>
   <div class='ocr_carea' id='block_1_68' title="bbox 2306 872 3824 958">
    <p class='ocr_par' dir='ltr' id='par_1_68' title="bbox 2306 872 3824 958">
     <span class='ocr_line' id='line_1_68' title="bbox 2306 872 3824 958; baseline 0.013 -32"><span class='ocrx_word' id='word_1_536' title='bbox 2306 872 2392 927; x_wconf 77' lang='grc'><strong>10.</strong></span> <span class='ocrx_word' id='word_1_537' title='bbox 2441 872 2566 929; x_wconf 72' lang='lat' dir='ltr'><strong>Haec</strong></span> <span class='ocrx_word' id='word_1_538' title='bbox 2606 890 2723 930; x_wconf 88' lang='lat' dir='ltr'><strong>cum</strong></span> <span class='ocrx_word' id='word_1_539' title='bbox 2750 878 3007 943; x_wconf 83' lang='lat' dir='ltr'><strong>sciamus,</strong></span> <span class='ocrx_word' id='word_1_540' title='bbox 3042 882 3423 939; x_wconf 69' lang='lat' dir='ltr'><strong>misericordias</strong></span> <span class='ocrx_word' id='word_1_541' title='bbox 3451 901 3699 958; x_wconf 82' lang='lat' dir='ltr'><strong>magnam</strong></span> <span class='ocrx_word' id='word_1_542' title='bbox 3726 889 3824 945; x_wconf 87' lang='lat' dir='ltr'><strong>de-</strong></span> 
     </span>
    </p>
   </div>
   <div class='ocr_carea' id='block_1_69' title="bbox 2232 965 3822 1044">
    <p class='ocr_par' dir='ltr' id='par_1_69' title="bbox 2232 965 3822 1044">
     <span class='ocr_line' id='line_1_69' title="bbox 2232 965 3822 1044; baseline 0.011 -29"><span class='ocrx_word' id='word_1_543' title='bbox 2232 975 2353 1016; x_wconf 90' lang='lat' dir='ltr'><strong>mus</strong></span> <span class='ocrx_word' id='word_1_544' title='bbox 2377 976 2594 1031; x_wconf 79' lang='lat' dir='ltr'><strong>Operam</strong></span> <span class='ocrx_word' id='word_1_545' title='bbox 2644 965 2974 1036; x_wconf 89' lang='lat' dir='ltr'><strong>multamque</strong></span> <span class='ocrx_word' id='word_1_546' title='bbox 3024 969 3404 1027; x_wconf 89' lang='lat' dir='ltr'><strong>humanitatem</strong></span> <span class='ocrx_word' id='word_1_547' title='bbox 3434 989 3784 1033; x_wconf 81' lang='lat' dir='ltr'><strong>exerceamus</strong></span> <span class='ocrx_word' id='word_1_548' title='bbox 3804 1021 3822 1044; x_wconf 93' lang='lat'><strong>,</strong></span> 
     </span>
    </p>
   </div>
   <div class='ocr_carea' id='block_1_70' title="bbox 2234 1056 3827 1138">
    <p class='ocr_par' dir='ltr' id='par_1_70' title="bbox 2234 1056 3827 1138">
     <span class='ocr_line' id='line_1_70' title="bbox 2234 1056 3827 1138; baseline 0.011 -30"><span class='ocrx_word' id='word_1_549' title='bbox 2234 1063 2288 1108; x_wconf 87' lang='lat' dir='ltr'><strong>et</strong></span> <span class='ocrx_word' id='word_1_550' title='bbox 2318 1056 2555 1123; x_wconf 87' lang='lat' dir='ltr'><strong>pecuniis</strong></span> <span class='ocrx_word' id='word_1_551' title='bbox 2579 1066 2634 1111; x_wconf 91' lang='lat' dir='ltr'><strong>et</strong></span> <span class='ocrx_word' id='word_1_552' title='bbox 2659 1058 2929 1126; x_wconf 86' lang='lat' dir='ltr'><strong>operibus.</strong></span> <span class='ocrx_word' id='word_1_553' title='bbox 2958 1061 3026 1115; x_wconf 87' lang='lat' dir='ltr'><strong>Et</strong></span> <span class='ocrx_word' id='word_1_554' title='bbox 3049 1063 3094 1116; x_wconf 91' lang='lat' dir='ltr'><strong>si</strong></span> <span class='ocrx_word' id='word_1_555' title='bbox 3121 1064 3395 1122; x_wconf 87' lang='lat' dir='ltr'><strong>videamus</strong></span> <span class='ocrx_word' id='word_1_556' title='bbox 3423 1067 3653 1138; x_wconf 89' lang='lat' dir='ltr'><strong>aliquem</strong></span> <span class='ocrx_word' id='word_1_557' title='bbox 3680 1071 3827 1126; x_wconf 80' lang='lat' dir='ltr'><strong>male</strong></span> 
     </span>
    </p>
   </div>
   <div class='ocr_carea' id='block_1_71' title="bbox 2234 1146 3822 1230">
    <p class='ocr_par' dir='ltr' id='par_1_71' title="bbox 2234 1146 3822 1230">
     <span class='ocr_line' id='line_1_71' title="bbox 2234 1146 3822 1230; baseline 0.012 -32"><span class='ocrx_word' id='word_1_558' title='bbox 2234 1146 2543 1201; x_wconf 86' lang='lat' dir='ltr'><strong>mulctatum</strong></span> <span class='ocrx_word' id='word_1_559' title='bbox 2573 1159 2626 1203; x_wconf 90' lang='lat' dir='ltr'><strong>et</strong></span> <span class='ocrx_word' id='word_1_560' title='bbox 2665 1164 2862 1206; x_wconf 67' lang='lat' dir='ltr'><strong>cursum</strong></span> <span class='ocrx_word' id='word_1_561' title='bbox 2892 1153 2942 1206; x_wconf 93' lang='lat' dir='ltr'><strong>in</strong></span> <span class='ocrx_word' id='word_1_562' title='bbox 2972 1155 3109 1219; x_wconf 90' lang='lat' dir='ltr'><strong>foro,</strong></span> <span class='ocrx_word' id='word_1_563' title='bbox 3148 1156 3191 1209; x_wconf 91' lang='lat' dir='ltr'><strong>si</strong></span> <span class='ocrx_word' id='word_1_564' title='bbox 3223 1168 3499 1227; x_wconf 86' lang='lat' dir='ltr'><strong>argentum</strong></span> <span class='ocrx_word' id='word_1_565' title='bbox 3529 1175 3822 1230; x_wconf 83' lang='lat' dir='ltr'><strong>possumus</strong></span> 
     </span>
    </p>
   </div>
   <div class='ocr_carea' id='block_1_72' title="bbox 2231 1233 3820 1318">
    <p class='ocr_par' dir='ltr' id='par_1_72' title="bbox 2231 1233 3820 1318">
     <span class='ocr_line' id='line_1_72' title="bbox 2231 1233 3820 1318; baseline 0.014 -31"><span class='ocrx_word' id='word_1_566' title='bbox 2231 1233 2502 1304; x_wconf 88' lang='lat' dir='ltr'><strong>deponere</strong></span> <span class='ocrx_word' id='word_1_567' title='bbox 2523 1278 2538 1303; x_wconf 90' lang='lat'><strong>,</strong></span> <span class='ocrx_word' id='word_1_568' title='bbox 2566 1236 2897 1306; x_wconf 87' lang='lat' dir='ltr'><strong>deponamus</strong></span> <span class='ocrx_word' id='word_1_569' title='bbox 2922 1259 2936 1307; x_wconf 93' lang='lat'><strong>;</strong></span> <span class='ocrx_word' id='word_1_570' title='bbox 2964 1245 3007 1297; x_wconf 89' lang='lat' dir='ltr'><strong>si</strong></span> <span class='ocrx_word' id='word_1_571' title='bbox 3034 1246 3213 1301; x_wconf 81' lang='lat' dir='ltr'><strong>verbis</strong></span> <span class='ocrx_word' id='word_1_572' title='bbox 3254 1262 3368 1302; x_wconf 86' lang='lat' dir='ltr'><strong>rem</strong></span> <span class='ocrx_word' id='word_1_573' title='bbox 3396 1264 3680 1318; x_wconf 85' lang='lat' dir='ltr'><strong>possumus</strong></span> <span class='ocrx_word' id='word_1_574' title='bbox 3709 1264 3820 1309; x_wconf 85' lang='lat' dir='ltr'><strong>ter-</strong></span> 
     </span>
    </p>
   </div>
   <div class='ocr_carea' id='block_1_73' title="bbox 2230 1324 3822 1406">
    <p class='ocr_par' dir='ltr' id='par_1_73' title="bbox 2230 1324 3822 1406">
     <span class='ocr_line' id='line_1_73' title="bbox 2230 1324 3822 1406; baseline 0.015 -30"><span class='ocrx_word' id='word_1_575' title='bbox 2230 1324 2456 1391; x_wconf 89' lang='lat' dir='ltr'><strong>minare,</strong></span> <span class='ocrx_word' id='word_1_576' title='bbox 2481 1342 2547 1380; x_wconf 91' lang='lat' dir='ltr'><strong>ne</strong></span> <span class='ocrx_word' id='word_1_577' title='bbox 2576 1329 2771 1398; x_wconf 83' lang='lat' dir='ltr'><strong>pigeat.</strong></span> <span class='ocrx_word' id='word_1_578' title='bbox 2800 1331 2898 1385; x_wconf 87' lang='lat' dir='ltr'><strong>Est</strong></span> <span class='ocrx_word' id='word_1_579' title='bbox 2922 1335 3063 1389; x_wconf 91' lang='lat' dir='ltr'><strong>enim</strong></span> <span class='ocrx_word' id='word_1_580' title='bbox 3093 1336 3252 1390; x_wconf 90' lang='lat' dir='ltr'><strong>etiam</strong></span> <span class='ocrx_word' id='word_1_581' title='bbox 3283 1354 3380 1406; x_wconf 88' lang='lat' dir='ltr'><strong>pro</strong></span> <span class='ocrx_word' id='word_1_582' title='bbox 3403 1354 3650 1398; x_wconf 82' lang='lat' dir='ltr'><strong>sermone</strong></span> <span class='ocrx_word' id='word_1_583' title='bbox 3676 1360 3822 1399; x_wconf 89' lang='lat' dir='ltr'><strong>mer-</strong></span> 
     </span>
    </p>
   </div>
   <div class='ocr_carea' id='block_1_74' title="bbox 2230 1416 3821 1498">
    <p class='ocr_par' dir='ltr' id='par_1_74' title="bbox 2230 1416 3821 1498">
     <span class='ocr_line' id='line_1_74' title="bbox 2230 1416 3821 1498; baseline 0.013 -29"><span class='ocrx_word' id='word_1_584' title='bbox 2230 1430 2359 1480; x_wconf 90' lang='lat' dir='ltr'><strong>ces;</strong></span> <span class='ocrx_word' id='word_1_585' title='bbox 2410 1416 2518 1472; x_wconf 90' lang='lat' dir='ltr'><strong>imo</strong></span> <span class='ocrx_word' id='word_1_586' title='bbox 2570 1422 2729 1474; x_wconf 90' lang='lat' dir='ltr'><strong>etiam</strong></span> <span class='ocrx_word' id='word_1_587' title='bbox 2776 1437 2872 1491; x_wconf 87' lang='lat' dir='ltr'><strong>pro</strong></span> <span class='ocrx_word' id='word_1_588' title='bbox 2909 1427 3232 1494; x_wconf 85' lang='lat' dir='ltr'><strong>gemitibus;</strong></span> <span class='ocrx_word' id='word_1_589' title='bbox 3285 1429 3443 1498; x_wconf 88' lang='lat' dir='ltr'><strong>idque</strong></span> <span class='ocrx_word' id='word_1_590' title='bbox 3487 1433 3674 1488; x_wconf 86' lang='lat' dir='ltr'><strong>beatus</strong></span> <span class='ocrx_word' id='word_1_591' title='bbox 3716 1435 3821 1491; x_wconf 85' lang='lat' dir='ltr'><strong>Job</strong></span> 
     </span>
    </p>
   </div>
   <div class='ocr_carea' id='block_1_75' title="bbox 2229 1501 3818 1595">
    <p class='ocr_par' dir='ltr' id='par_1_75' title="bbox 2229 1501 3818 1595">
     <span class='ocr_line' id='line_1_75' title="bbox 2229 1501 3818 1595; baseline 0.011 -30"><span class='ocrx_word' id='word_1_592' title='bbox 2229 1501 2441 1566; x_wconf 78' lang='lat' dir='ltr'><strong>dicebat</strong></span> <span class='ocrx_word' id='word_1_593' title='bbox 2471 1531 2484 1565; x_wconf 93' lang='lat'>:</span> <span class='ocrx_word' id='word_1_594' title='bbox 2516 1512 2630 1584; x_wconf 81' lang='lat' dir='ltr'><strong>Ego</strong></span> <span class='ocrx_word' id='word_1_595' title='bbox 2668 1526 2836 1569; x_wconf 82' lang='lat' dir='ltr'><strong>autem</strong></span> <span class='ocrx_word' id='word_1_596' title='bbox 2869 1520 3052 1588; x_wconf 80' lang='lat' dir='ltr'><strong>ﬂebam</strong></span> <span class='ocrx_word' id='word_1_597' title='bbox 3099 1537 3252 1590; x_wconf 81' lang='lat' dir='ltr'><strong>super</strong></span> <span class='ocrx_word' id='word_1_598' title='bbox 3275 1539 3473 1578; x_wconf 83' lang='lat' dir='ltr'><strong>omnem</strong></span> <span class='ocrx_word' id='word_1_599' title='bbox 3512 1526 3818 1595; x_wconf 78' lang='lat' dir='ltr'><strong>inﬁrmum:</strong></span> 
     </span>
    </p>
   </div>
   <div class='ocr_carea' id='block_1_76' title="bbox 2227 1605 3816 1687">
    <p class='ocr_par' dir='ltr' id='par_1_76' title="bbox 2227 1605 3816 1687">
     <span class='ocr_line' id='line_1_76' title="bbox 2227 1605 3816 1687; baseline 0.014 -33"><span class='ocrx_word' id='word_1_600' title='bbox 2227 1605 2450 1673; x_wconf 83' lang='lat' dir='ltr'><strong>ingemui</strong></span> <span class='ocrx_word' id='word_1_601' title='bbox 2473 1616 2640 1660; x_wconf 82' lang='lat' dir='ltr'><strong>autem</strong></span> <span class='ocrx_word' id='word_1_602' title='bbox 2680 1610 2853 1662; x_wconf 81' lang='lat' dir='ltr'><strong>videns</strong></span> <span class='ocrx_word' id='word_1_603' title='bbox 2892 1612 3052 1664; x_wconf 77' lang='lat' dir='ltr'><strong>virum</strong></span> <span class='ocrx_word' id='word_1_604' title='bbox 3074 1616 3125 1666; x_wconf 81' lang='lat' dir='ltr'><strong>in</strong></span> <span class='ocrx_word' id='word_1_605' title='bbox 3152 1616 3527 1671; x_wconf 65' lang='lat' dir='ltr'><strong>necessitatibus</strong></span> <span class='ocrx_word' id='word_1_606' title='bbox 3566 1617 3691 1687; x_wconf 79' lang='lat' dir='ltr'><strong>(Job</strong></span> <span class='ocrx_word' id='word_1_607' title='bbox 3720 1622 3816 1676; x_wconf 76' lang='lat'><strong>50.</strong></span> 
     </span>
    </p>
   </div>
   <div class='ocr_carea' id='block_1_77' title="bbox 2228 1691 3807 1776">
    <p class='ocr_par' dir='ltr' id='par_1_77' title="bbox 2228 1691 3807 1776">
     <span class='ocr_line' id='line_1_77' title="bbox 2228 1691 3807 1776; baseline 0.013 -31"><span class='ocrx_word' id='word_1_608' title='bbox 2228 1691 2358 1764; x_wconf 72' lang='grc'><strong>25).</strong></span> <span class='ocrx_word' id='word_1_609' title='bbox 2389 1694 2442 1749; x_wconf 90' lang='lat' dir='ltr'><strong>Si</strong></span> <span class='ocrx_word' id='word_1_610' title='bbox 2468 1704 2647 1751; x_wconf 89' lang='lat' dir='ltr'><strong>autem</strong></span> <span class='ocrx_word' id='word_1_611' title='bbox 2678 1711 2775 1766; x_wconf 89' lang='lat' dir='ltr'><strong>pro</strong></span> <span class='ocrx_word' id='word_1_612' title='bbox 2801 1698 3051 1770; x_wconf 81' lang='lat' dir='ltr'><strong>lacrymis</strong></span> <span class='ocrx_word' id='word_1_613' title='bbox 3078 1712 3132 1756; x_wconf 90' lang='lat' dir='ltr'><strong>et</strong></span> <span class='ocrx_word' id='word_1_614' title='bbox 3156 1705 3443 1770; x_wconf 86' lang='lat' dir='ltr'><strong>gemitibus</strong></span> <span class='ocrx_word' id='word_1_615' title='bbox 3468 1722 3678 1764; x_wconf 86' lang='lat' dir='ltr'><strong>merces</strong></span> <span class='ocrx_word' id='word_1_616' title='bbox 3700 1720 3807 1776; x_wconf 89' lang='lat' dir='ltr'><strong>est,</strong></span> 
     </span>
    </p>
   </div>
   <div class='ocr_carea' id='block_1_78' title="bbox 2228 1785 3815 1868">
    <p class='ocr_par' dir='ltr' id='par_1_78' title="bbox 2228 1785 3815 1868">
     <span class='ocr_line' id='line_1_78' title="bbox 2228 1785 3815 1868; baseline 0.012 -32"><span class='ocrx_word' id='word_1_617' title='bbox 2228 1785 2441 1854; x_wconf 90' lang='lat' dir='ltr'><strong>quando</strong></span> <span class='ocrx_word' id='word_1_618' title='bbox 2469 1787 2631 1841; x_wconf 90' lang='lat' dir='ltr'><strong>etiam</strong></span> <span class='ocrx_word' id='word_1_619' title='bbox 2678 1804 2957 1845; x_wconf 86' lang='lat' dir='ltr'><strong>sermones</strong></span> <span class='ocrx_word' id='word_1_620' title='bbox 3003 1802 3054 1846; x_wconf 89' lang='lat' dir='ltr'><strong>et</strong></span> <span class='ocrx_word' id='word_1_621' title='bbox 3080 1793 3384 1848; x_wconf 91' lang='lat' dir='ltr'><strong>sollicitudo</strong></span> <span class='ocrx_word' id='word_1_622' title='bbox 3415 1798 3685 1868; x_wconf 84' lang='lat' dir='ltr'><strong>multaque</strong></span> <span class='ocrx_word' id='word_1_623' title='bbox 3709 1801 3815 1855; x_wconf 76' lang='lat' dir='ltr'><strong>alia</strong></span> 
     </span>
    </p>
   </div>
   <div class='ocr_carea' id='block_1_79' title="bbox 2228 1873 3820 1948">
    <p class='ocr_par' dir='ltr' id='par_1_79' title="bbox 2228 1873 3820 1948">
     <span class='ocr_line' id='line_1_79' title="bbox 2228 1873 3820 1948; baseline 0.013 -23"><span class='ocrx_word' id='word_1_624' title='bbox 2228 1873 2564 1940; x_wconf 86' lang='lat' dir='ltr'><strong>adhibentur,</strong></span> <span class='ocrx_word' id='word_1_625' title='bbox 2609 1878 2781 1947; x_wconf 87' lang='lat' dir='ltr'><strong>cogita</strong></span> <span class='ocrx_word' id='word_1_626' title='bbox 2824 1887 3020 1948; x_wconf 86' lang='lat' dir='ltr'><strong>quanta</strong></span> <span class='ocrx_word' id='word_1_627' title='bbox 3061 1881 3132 1935; x_wconf 92' lang='lat' dir='ltr'><strong>sit</strong></span> <span class='ocrx_word' id='word_1_628' title='bbox 3176 1884 3473 1939; x_wconf 89' lang='lat' dir='ltr'><strong>retributio.</strong></span> <span class='ocrx_word' id='word_1_629' title='bbox 3504 1886 3715 1943; x_wconf 83' lang='lat' dir='ltr'><strong>Etenim</strong></span> <span class='ocrx_word' id='word_1_630' title='bbox 3762 1900 3820 1947; x_wconf 85' lang='lat' dir='ltr'><strong>et</strong></span> 
     </span>
    </p>
   </div>
   <div class='ocr_carea' id='block_1_80' title="bbox 2228 1968 3819 2043">
    <p class='ocr_par' dir='ltr' id='par_1_80' title="bbox 2228 1968 3819 2043">
     <span class='ocr_line' id='line_1_80' title="bbox 2228 1968 3819 2043; baseline 0.01 -23"><span class='ocrx_word' id='word_1_631' title='bbox 2228 1982 2324 2022; x_wconf 87' lang='lat' dir='ltr'><strong>nos</strong></span> <span class='ocrx_word' id='word_1_632' title='bbox 2349 1968 2546 2024; x_wconf 89' lang='lat' dir='ltr'><strong>inimici</strong></span> <span class='ocrx_word' id='word_1_633' title='bbox 2563 1969 2655 2025; x_wconf 82' lang='lat' dir='ltr'><strong>Dei</strong></span> <span class='ocrx_word' id='word_1_634' title='bbox 2674 1985 2887 2025; x_wconf 90' lang='lat' dir='ltr'><strong>eramus</strong></span> <span class='ocrx_word' id='word_1_635' title='bbox 2914 1988 2927 2037; x_wconf 93' lang='lat'><strong>;</strong></span> <span class='ocrx_word' id='word_1_636' title='bbox 2951 1983 3005 2027; x_wconf 87' lang='lat' dir='ltr'><strong>et</strong></span> <span class='ocrx_word' id='word_1_637' title='bbox 3036 1972 3349 2043; x_wconf 84' lang='lat' dir='ltr'><strong>Unigenitus</strong></span> <span class='ocrx_word' id='word_1_638' title='bbox 3374 1990 3474 2032; x_wconf 85' lang='lat' dir='ltr'><strong>nos</strong></span> <span class='ocrx_word' id='word_1_639' title='bbox 3502 1981 3819 2035; x_wconf 85' lang='lat' dir='ltr'><strong>reconcilia-</strong></span> 
     </span>
    </p>
   </div>
   <div class='ocr_carea' id='block_1_81' title="bbox 2227 2057 3819 2137">
    <p class='ocr_par' dir='ltr' id='par_1_81' title="bbox 2227 2057 3819 2137">
     <span class='ocr_line' id='line_1_81' title="bbox 2227 2057 3819 2137; baseline 0.013 -30"><span class='ocrx_word' id='word_1_640' title='bbox 2227 2057 2319 2122; x_wconf 85' lang='lat' dir='ltr'><strong>vit,</strong></span> <span class='ocrx_word' id='word_1_641' title='bbox 2347 2072 2468 2113; x_wconf 87' lang='lat' dir='ltr'><strong>sese</strong></span> <span class='ocrx_word' id='word_1_642' title='bbox 2498 2059 2731 2114; x_wconf 87' lang='lat' dir='ltr'><strong>medium</strong></span> <span class='ocrx_word' id='word_1_643' title='bbox 2759 2062 3072 2127; x_wconf 87' lang='lat' dir='ltr'><strong>conjiciens.</strong></span> <span class='ocrx_word' id='word_1_644' title='bbox 3093 2074 3146 2117; x_wconf 85' lang='lat' dir='ltr'><strong>ct</strong></span> <span class='ocrx_word' id='word_1_645' title='bbox 3174 2064 3354 2133; x_wconf 83' lang='lat' dir='ltr'><strong>plagas</strong></span> <span class='ocrx_word' id='word_1_646' title='bbox 3376 2081 3474 2137; x_wconf 88' lang='lat' dir='ltr'><strong>pro</strong></span> <span class='ocrx_word' id='word_1_647' title='bbox 3498 2069 3652 2124; x_wconf 89' lang='lat' dir='ltr'><strong>nobis</strong></span> <span class='ocrx_word' id='word_1_648' title='bbox 3669 2073 3819 2127; x_wconf 87' lang='lat' dir='ltr'><strong>exci-</strong></span> 
     </span>
    </p>
   </div>
   <div class='ocr_carea' id='block_1_82' title="bbox 2226 2149 3813 2231">
    <p class='ocr_par' dir='ltr' id='par_1_82' title="bbox 2226 2149 3813 2231">
     <span class='ocr_line' id='line_1_82' title="bbox 2226 2149 3813 2231; baseline 0.011 -28"><span class='ocrx_word' id='word_1_649' title='bbox 2226 2149 2396 2218; x_wconf 87' lang='lat' dir='ltr'><strong>piens,</strong></span> <span class='ocrx_word' id='word_1_650' title='bbox 2424 2160 2759 2222; x_wconf 87' lang='lat' dir='ltr'><strong>mortemque</strong></span> <span class='ocrx_word' id='word_1_651' title='bbox 2787 2155 3012 2222; x_wconf 87' lang='lat' dir='ltr'><strong>patiens.</strong></span> <span class='ocrx_word' id='word_1_652' title='bbox 3045 2154 3369 2213; x_wconf 82' lang='lat' dir='ltr'><strong>Studeamus</strong></span> <span class='ocrx_word' id='word_1_653' title='bbox 3397 2161 3576 2229; x_wconf 85' lang='lat' dir='ltr'><strong>itaque</strong></span> <span class='ocrx_word' id='word_1_654' title='bbox 3605 2173 3659 2217; x_wconf 86' lang='lat' dir='ltr'><strong>et</strong></span> <span class='ocrx_word' id='word_1_655' title='bbox 3688 2178 3813 2231; x_wconf 84' lang='lat' dir='ltr'><strong>nos,</strong></span> 
     </span>
    </p>
   </div>
   <div class='ocr_carea' id='block_1_83' title="bbox 2225 2241 3814 2318">
    <p class='ocr_par' dir='ltr' id='par_1_83' title="bbox 2225 2241 3814 2318">
     <span class='ocr_line' id='line_1_83' title="bbox 2225 2241 3814 2318; baseline 0.011 -24"><span class='ocrx_word' id='word_1_656' title='bbox 2225 2254 2320 2295; x_wconf 90' lang='lat' dir='ltr'><strong>eos</strong></span> <span class='ocrx_word' id='word_1_657' title='bbox 2345 2241 2436 2310; x_wconf 88' lang='lat' dir='ltr'><strong>qui</strong></span> <span class='ocrx_word' id='word_1_658' title='bbox 2465 2241 2518 2296; x_wconf 92' lang='lat' dir='ltr'><strong>in</strong></span> <span class='ocrx_word' id='word_1_659' title='bbox 2549 2241 2665 2296; x_wconf 60' lang='lat' dir='ltr'><strong>haec</strong></span> <span class='ocrx_word' id='word_1_660' title='bbox 2703 2243 2945 2299; x_wconf 89' lang='lat' dir='ltr'><strong>incidunt</strong></span> <span class='ocrx_word' id='word_1_661' title='bbox 2968 2260 2997 2298; x_wconf 87' lang='lat' dir='ltr'><strong>a</strong></span> <span class='ocrx_word' id='word_1_662' title='bbox 3027 2247 3182 2301; x_wconf 87' lang='lat' dir='ltr'><strong>malis</strong></span> <span class='ocrx_word' id='word_1_663' title='bbox 3213 2248 3507 2305; x_wconf 89' lang='lat' dir='ltr'><strong>innumeris</strong></span> <span class='ocrx_word' id='word_1_664' title='bbox 3548 2251 3814 2318; x_wconf 83' lang='lat' dir='ltr'><strong>liberare;</strong></span> 
     </span>
    </p>
   </div>
   <div class='ocr_carea' id='block_1_84' title="bbox 2226 2332 3814 2402">
    <p class='ocr_par' dir='ltr' id='par_1_84' title="bbox 2226 2332 3814 2402">
     <span class='ocr_line' id='line_1_84' title="bbox 2226 2332 3814 2402; baseline 0.013 -21"><span class='ocrx_word' id='word_1_665' title='bbox 2226 2343 2331 2383; x_wconf 87' lang='lat' dir='ltr'><strong>non</strong></span> <span class='ocrx_word' id='word_1_666' title='bbox 2353 2345 2503 2395; x_wconf 89' lang='lat' dir='ltr'><strong>vero,</strong></span> <span class='ocrx_word' id='word_1_667' title='bbox 2527 2332 2667 2400; x_wconf 92' lang='lat' dir='ltr'><strong>quod</strong></span> <span class='ocrx_word' id='word_1_668' title='bbox 2689 2348 2830 2387; x_wconf 88' lang='lat' dir='ltr'><strong>nunc</strong></span> <span class='ocrx_word' id='word_1_669' title='bbox 2854 2334 3097 2398; x_wconf 84' lang='lat' dir='ltr'><strong>facimus,</strong></span> <span class='ocrx_word' id='word_1_670' title='bbox 3126 2336 3178 2390; x_wconf 91' lang='lat' dir='ltr'><strong>in</strong></span> <span class='ocrx_word' id='word_1_671' title='bbox 3202 2338 3341 2392; x_wconf 82' lang='lat' dir='ltr'><strong>mala</strong></span> <span class='ocrx_word' id='word_1_672' title='bbox 3368 2354 3462 2394; x_wconf 90' lang='lat' dir='ltr'><strong>eos</strong></span> <span class='ocrx_word' id='word_1_673' title='bbox 3482 2341 3772 2399; x_wconf 86' lang='lat' dir='ltr'><strong>immittere</strong></span> <span class='ocrx_word' id='word_1_674' title='bbox 3796 2364 3814 2402; x_wconf 75' lang='grc' dir='ltr'>ε</span> 
     </span>
    </p>
   </div>
   <div class='ocr_carea' id='block_1_85' title="bbox 2224 2423 3814 2498">
    <p class='ocr_par' dir='ltr' id='par_1_85' title="bbox 2224 2423 3814 2498">
     <span class='ocr_line' id='line_1_85' title="bbox 2224 2423 3814 2498; baseline 0.011 -25"><span class='ocrx_word' id='word_1_675' title='bbox 2224 2433 2348 2475; x_wconf 87' lang='lat' dir='ltr'><strong>cum</strong></span> <span class='ocrx_word' id='word_1_676' title='bbox 2372 2423 2646 2491; x_wconf 88' lang='lat' dir='ltr'><strong>quospiam</strong></span> <span class='ocrx_word' id='word_1_677' title='bbox 2674 2424 2913 2481; x_wconf 87' lang='lat' dir='ltr'><strong>videmus</strong></span> <span class='ocrx_word' id='word_1_678' title='bbox 2938 2426 2989 2480; x_wconf 92' lang='lat' dir='ltr'><strong>in</strong></span> <span class='ocrx_word' id='word_1_679' title='bbox 3011 2440 3070 2483; x_wconf 87' lang='lat' dir='ltr'><strong>se</strong></span> <span class='ocrx_word' id='word_1_680' title='bbox 3086 2439 3284 2484; x_wconf 71' lang='lat' dir='ltr'><strong>mutuo</strong></span> <span class='ocrx_word' id='word_1_681' title='bbox 3305 2432 3529 2498; x_wconf 87' lang='lat' dir='ltr'><strong>irruerc,</strong></span> <span class='ocrx_word' id='word_1_682' title='bbox 3549 2434 3814 2491; x_wconf 71' lang='lat' dir='ltr'><strong>altanim-</strong></span> 
     </span>
    </p>
   </div>
   <div class='ocr_carea' id='block_1_86' title="bbox 2223 2510 3818 2592">
    <p class='ocr_par' dir='ltr' id='par_1_86' title="bbox 2223 2510 3818 2592">
     <span class='ocr_line' id='line_1_86' title="bbox 2223 2510 3818 2592; baseline 0.013 -30"><span class='ocrx_word' id='word_1_683' title='bbox 2223 2524 2328 2577; x_wconf 88' lang='lat' dir='ltr'><strong>que</strong></span> <span class='ocrx_word' id='word_1_684' title='bbox 2357 2511 2424 2565; x_wconf 87' lang='lat' dir='ltr'><strong>ab</strong></span> <span class='ocrx_word' id='word_1_685' title='bbox 2448 2510 2618 2565; x_wconf 88' lang='lat' dir='ltr'><strong>altero</strong></span> <span class='ocrx_word' id='word_1_686' title='bbox 2660 2514 2799 2569; x_wconf 88' lang='lat' dir='ltr'><strong>male</strong></span> <span class='ocrx_word' id='word_1_687' title='bbox 2826 2514 2961 2569; x_wconf 85' lang='lat' dir='ltr'><strong>affici</strong></span> <span class='ocrx_word' id='word_1_688' title='bbox 2986 2532 3001 2582; x_wconf 90' lang='lat'><strong>;</strong></span> <span class='ocrx_word' id='word_1_689' title='bbox 3030 2516 3305 2576; x_wconf 87' lang='lat' dir='ltr'><strong>adstantes</strong></span> <span class='ocrx_word' id='word_1_690' title='bbox 3344 2520 3487 2576; x_wconf 92' lang='lat' dir='ltr'><strong>enim</strong></span> <span class='ocrx_word' id='word_1_691' title='bbox 3516 2524 3818 2592; x_wconf 80' lang='lat' dir='ltr'><strong>gaudemus</strong></span> 
     </span>
    </p>
   </div>
   <div class='ocr_carea' id='block_1_87' title="bbox 2226 2597 3819 2678">
    <p class='ocr_par' dir='ltr' id='par_1_87' title="bbox 2226 2597 3819 2678">
     <span class='ocr_line' id='line_1_87' title="bbox 2226 2597 3819 2678; baseline 0.013 -27"><span class='ocrx_word' id='word_1_692' title='bbox 2226 2597 2296 2653; x_wconf 87' lang='lat' dir='ltr'><strong>de</strong></span> <span class='ocrx_word' id='word_1_693' title='bbox 2334 2598 2562 2654; x_wconf 88' lang='lat' dir='ltr'><strong>aliorum</strong></span> <span class='ocrx_word' id='word_1_694' title='bbox 2603 2600 2871 2659; x_wconf 88' lang='lat' dir='ltr'><strong>dedecore</strong></span> <span class='ocrx_word' id='word_1_695' title='bbox 2894 2644 2910 2669; x_wconf 93' lang='lat'><strong>,</strong></span> <span class='ocrx_word' id='word_1_696' title='bbox 2942 2604 3316 2678; x_wconf 81' lang='lat' dir='ltr'><strong>theatrumque</strong></span> <span class='ocrx_word' id='word_1_697' title='bbox 3342 2610 3660 2669; x_wconf 86' lang='lat' dir='ltr'><strong>diabolicum</strong></span> <span class='ocrx_word' id='word_1_698' title='bbox 3710 2617 3819 2670; x_wconf 87' lang='lat' dir='ltr'><strong>cir-</strong></span> 
     </span>
    </p>
   </div>
   <div class='ocr_carea' id='block_1_88' title="bbox 2224 2691 3818 2772">
    <p class='ocr_par' dir='ltr' id='par_1_88' title="bbox 2224 2691 3818 2772">
     <span class='ocr_line' id='line_1_88' title="bbox 2224 2691 3818 2772; baseline 0.013 -31"><span class='ocrx_word' id='word_1_699' title='bbox 2224 2702 2347 2742; x_wconf 91' lang='lat' dir='ltr'><strong>cum</strong></span> <span class='ocrx_word' id='word_1_700' title='bbox 2366 2691 2649 2745; x_wconf 88' lang='lat' dir='ltr'><strong>statuimus</strong></span> <span class='ocrx_word' id='word_1_701' title='bbox 2679 2709 2693 2744; x_wconf 93' lang='lat'><strong>:</strong></span> <span class='ocrx_word' id='word_1_702' title='bbox 2725 2709 2829 2763; x_wconf 90' lang='lat' dir='ltr'><strong>quo</strong></span> <span class='ocrx_word' id='word_1_703' title='bbox 2865 2695 2990 2764; x_wconf 91' lang='lat' dir='ltr'><strong>quid</strong></span> <span class='ocrx_word' id='word_1_704' title='bbox 3018 2696 3304 2753; x_wconf 89' lang='lat' dir='ltr'><strong>immanius</strong></span> <span class='ocrx_word' id='word_1_705' title='bbox 3330 2717 3580 2772; x_wconf 88' lang='lat' dir='ltr'><strong>umquam</strong></span> <span class='ocrx_word' id='word_1_706' title='bbox 3610 2704 3818 2762; x_wconf 83' lang='lat' dir='ltr'><strong>fuerit?</strong></span> 
     </span>
    </p>
   </div>
   <div class='ocr_carea' id='block_1_89' title="bbox 2224 2778 3815 2862">
    <p class='ocr_par' dir='ltr' id='par_1_89' title="bbox 2224 2778 3815 2862">
     <span class='ocr_line' id='line_1_89' title="bbox 2224 2778 3815 2862; baseline 0.014 -32"><span class='ocrx_word' id='word_1_707' title='bbox 2224 2778 2386 2835; x_wconf 84' lang='lat' dir='ltr'><strong>Vides</strong></span> <span class='ocrx_word' id='word_1_708' title='bbox 2408 2782 2548 2836; x_wconf 89' lang='lat' dir='ltr'><strong>male</strong></span> <span class='ocrx_word' id='word_1_709' title='bbox 2577 2783 2873 2852; x_wconf 87' lang='lat' dir='ltr'><strong>audientes,</strong></span> <span class='ocrx_word' id='word_1_710' title='bbox 2901 2800 2960 2841; x_wconf 89' lang='lat' dir='ltr'><strong>se</strong></span> <span class='ocrx_word' id='word_1_711' title='bbox 2986 2798 3171 2843; x_wconf 90' lang='lat' dir='ltr'><strong>mutuo</strong></span> <span class='ocrx_word' id='word_1_712' title='bbox 3191 2790 3577 2862; x_wconf 75' lang='lat' dir='ltr'><strong>discerpemus,</strong></span> <span class='ocrx_word' id='word_1_713' title='bbox 3607 2806 3815 2853; x_wconf 85' lang='lat' dir='ltr'><strong>vestem</strong></span> 
     </span>
    </p>
   </div>
   <div class='ocr_carea' id='block_1_90' title="bbox 2225 2870 3818 2953">
    <p class='ocr_par' dir='ltr' id='par_1_90' title="bbox 2225 2870 3818 2953">
     <span class='ocr_line' id='line_1_90' title="bbox 2225 2870 3818 2953; baseline 0.015 -30"><span class='ocrx_word' id='word_1_714' title='bbox 2225 2870 2601 2939; x_wconf 86' lang='lat' dir='ltr'><strong>discindentes,</strong></span> <span class='ocrx_word' id='word_1_715' title='bbox 2632 2874 2820 2930; x_wconf 82' lang='lat' dir='ltr'><strong>faciem</strong></span> <span class='ocrx_word' id='word_1_716' title='bbox 2850 2879 3121 2935; x_wconf 66' lang='lat' dir='ltr'><strong>caedentes</strong></span> <span class='ocrx_word' id='word_1_717' title='bbox 3141 2923 3154 2946; x_wconf 94' lang='lat'><strong>,</strong></span> <span class='ocrx_word' id='word_1_718' title='bbox 3178 2892 3233 2938; x_wconf 92' lang='lat' dir='ltr'><strong>et</strong></span> <span class='ocrx_word' id='word_1_719' title='bbox 3273 2880 3454 2953; x_wconf 90' lang='lat' dir='ltr'><strong>quiete</strong></span> <span class='ocrx_word' id='word_1_720' title='bbox 3482 2898 3625 2945; x_wconf 84' lang='lat' dir='ltr'><strong>stare</strong></span> <span class='ocrx_word' id='word_1_721' title='bbox 3651 2892 3818 2947; x_wconf 87' lang='lat' dir='ltr'><strong>susti-</strong></span> 
     </span>
    </p>
   </div>
   <div class='ocr_carea' id='block_1_91' title="bbox 2225 2964 3811 3044">
    <p class='ocr_par' dir='ltr' id='par_1_91' title="bbox 2225 2964 3811 3044">
     <span class='ocr_line' id='line_1_91' title="bbox 2225 2964 3811 3044; baseline 0.014 -27"><span class='ocrx_word' id='word_1_722' title='bbox 2225 2964 2354 3018; x_wconf 86' lang='lat' dir='ltr'><strong>nes?</strong></span> <span class='ocrx_word' id='word_1_723' title='bbox 2376 2964 2509 3019; x_wconf 86' lang='lat' dir='ltr'><strong>Num</strong></span> <span class='ocrx_word' id='word_1_724' title='bbox 2538 2981 2694 3021; x_wconf 88' lang='lat' dir='ltr'><strong>ursus</strong></span> <span class='ocrx_word' id='word_1_725' title='bbox 2722 2978 2804 3023; x_wconf 89' lang='lat' dir='ltr'><strong>est</strong></span> <span class='ocrx_word' id='word_1_726' title='bbox 2851 2970 2896 3025; x_wconf 91' lang='lat' dir='ltr'><strong>is</strong></span> <span class='ocrx_word' id='word_1_727' title='bbox 2922 2976 3010 3040; x_wconf 86' lang='lat' dir='ltr'><strong>qui</strong></span> <span class='ocrx_word' id='word_1_728' title='bbox 3041 2976 3283 3044; x_wconf 82' lang='lat' dir='ltr'><strong>pugnat?</strong></span> <span class='ocrx_word' id='word_1_729' title='bbox 3306 2993 3433 3032; x_wconf 92' lang='lat' dir='ltr'><strong>num</strong></span> <span class='ocrx_word' id='word_1_730' title='bbox 3474 2979 3585 3035; x_wconf 86' lang='lat' dir='ltr'><strong>fera</strong></span> <span class='ocrx_word' id='word_1_731' title='bbox 3610 2980 3634 3034; x_wconf 87' lang='lat'><strong>?</strong></span> <span class='ocrx_word' id='word_1_732' title='bbox 3679 2999 3811 3039; x_wconf 89' lang='lat' dir='ltr'><strong>num</strong></span> 
     </span>
    </p>
   </div>
   <div class='ocr_carea' id='block_1_92' title="bbox 2224 3059 3813 3148">
    <p class='ocr_par' dir='ltr' id='par_1_92' title="bbox 2224 3059 3813 3148">
     <span class='ocr_line' id='line_1_92' title="bbox 2224 3059 3813 3148; baseline 0.016 -38"><span class='ocrx_word' id='word_1_733' title='bbox 2224 3061 2484 3129; x_wconf 80' lang='lat' dir='ltr'><strong>serpens?</strong></span> <span class='ocrx_word' id='word_1_734' title='bbox 2542 3059 2714 3116; x_wconf 84' lang='lat' dir='ltr'><strong>liomo</strong></span> <span class='ocrx_word' id='word_1_735' title='bbox 2767 3074 2852 3119; x_wconf 90' lang='lat' dir='ltr'><strong>est</strong></span> <span class='ocrx_word' id='word_1_736' title='bbox 2891 3076 3065 3121; x_wconf 89' lang='lat' dir='ltr'><strong>tecum</strong></span> <span class='ocrx_word' id='word_1_737' title='bbox 3118 3084 3335 3146; x_wconf 60' lang='lat' dir='ltr'><strong>semper</strong></span> <span class='ocrx_word' id='word_1_738' title='bbox 3381 3079 3813 3148; x_wconf 77' lang='lat' dir='ltr'><strong>communicatis,</strong></span> 
     </span>
    </p>
   </div>
   <div class='ocr_carea' id='block_1_93' title="bbox 2223 3143 3807 3233">
    <p class='ocr_par' dir='ltr' id='par_1_93' title="bbox 2223 3143 3807 3233">
     <span class='ocr_line' id='line_1_93' title="bbox 2223 3143 3807 3233; baseline 0.018 -35"><span class='ocrx_word' id='word_1_739' title='bbox 2223 3143 2388 3200; x_wconf 87' lang='lat' dir='ltr'><strong>frater</strong></span> <span class='ocrx_word' id='word_1_740' title='bbox 2414 3155 2517 3213; x_wconf 89' lang='lat' dir='ltr'><strong>est,</strong></span> <span class='ocrx_word' id='word_1_741' title='bbox 2545 3152 2846 3208; x_wconf 88' lang='lat' dir='ltr'><strong>membrum</strong></span> <span class='ocrx_word' id='word_1_742' title='bbox 2876 3164 3022 3211; x_wconf 90' lang='lat' dir='ltr'><strong>tuum</strong></span> <span class='ocrx_word' id='word_1_743' title='bbox 3048 3143 3160 3213; x_wconf 53' lang='lat' dir='ltr'><strong>est.</strong></span> <span class='ocrx_word' id='word_1_744' title='bbox 3182 3160 3261 3216; x_wconf 81' lang='lat' dir='ltr'><strong>Ne</strong></span> <span class='ocrx_word' id='word_1_745' title='bbox 3283 3174 3553 3232; x_wconf 89' lang='lat' dir='ltr'><strong>spectator</strong></span> <span class='ocrx_word' id='word_1_746' title='bbox 3578 3168 3675 3233; x_wconf 90' lang='lat' dir='ltr'><strong>sis,</strong></span> <span class='ocrx_word' id='word_1_747' title='bbox 3708 3143 3807 3226; x_wconf 81' lang='lat' dir='ltr'><strong>sed</strong></span> 
     </span>
    </p>
   </div>
   <div class='ocr_carea' id='block_1_94' title="bbox 2223 3236 3815 3323">
    <p class='ocr_par' dir='ltr' id='par_1_94' title="bbox 2223 3236 3815 3323">
     <span class='ocr_line' id='line_1_94' title="bbox 2223 3236 3815 3323; baseline 0.017 -34"><span class='ocrx_word' id='word_1_748' title='bbox 2223 3236 2375 3292; x_wconf 91' lang='lat' dir='ltr'><strong>solve</strong></span> <span class='ocrx_word' id='word_1_749' title='bbox 2394 3239 2597 3306; x_wconf 87' lang='lat' dir='ltr'><strong>rixam;</strong></span> <span class='ocrx_word' id='word_1_750' title='bbox 2628 3258 2697 3296; x_wconf 88' lang='lat' dir='ltr'><strong>ne</strong></span> <span class='ocrx_word' id='word_1_751' title='bbox 2725 3243 2925 3300; x_wconf 73' lang='lat' dir='ltr'><strong>lzeteris</strong></span> <span class='ocrx_word' id='word_1_752' title='bbox 2948 3288 2964 3313; x_wconf 92' lang='lat'><strong>,</strong></span> <span class='ocrx_word' id='word_1_753' title='bbox 2996 3250 3091 3304; x_wconf 89' lang='lat' dir='ltr'><strong>sed</strong></span> <span class='ocrx_word' id='word_1_754' title='bbox 3118 3253 3365 3323; x_wconf 88' lang='lat' dir='ltr'><strong>corripe;</strong></span> <span class='ocrx_word' id='word_1_755' title='bbox 3392 3271 3461 3310; x_wconf 82' lang='lat' dir='ltr'><strong>ne</strong></span> <span class='ocrx_word' id='word_1_756' title='bbox 3498 3256 3634 3313; x_wconf 87' lang='lat' dir='ltr'><strong>alios</strong></span> <span class='ocrx_word' id='word_1_757' title='bbox 3660 3261 3815 3316; x_wconf 83' lang='lat' dir='ltr'><strong>exci-</strong></span> 
     </span>
    </p>
   </div>
   <div class='ocr_carea' id='block_1_95' title="bbox 2223 3327 3816 3412">
    <p class='ocr_par' dir='ltr' id='par_1_95' title="bbox 2223 3327 3816 3412">
     <span class='ocr_line' id='line_1_95' title="bbox 2223 3327 3816 3412; baseline 0.018 -34"><span class='ocrx_word' id='word_1_758' title='bbox 2223 3333 2304 3380; x_wconf 89' lang='lat' dir='ltr'><strong>tes</strong></span> <span class='ocrx_word' id='word_1_759' title='bbox 2325 3327 2391 3381; x_wconf 93' lang='lat' dir='ltr'><strong>ad</strong></span> <span class='ocrx_word' id='word_1_760' title='bbox 2421 3337 2623 3383; x_wconf 90' lang='lat' dir='ltr'><strong>tantum</strong></span> <span class='ocrx_word' id='word_1_761' title='bbox 2653 3331 2887 3389; x_wconf 89' lang='lat' dir='ltr'><strong>dedecus</strong></span> <span class='ocrx_word' id='word_1_762' title='bbox 2916 3376 2930 3400; x_wconf 90' lang='lat'><strong>,</strong></span> <span class='ocrx_word' id='word_1_763' title='bbox 2975 3338 3069 3392; x_wconf 88' lang='lat' dir='ltr'><strong>sed</strong></span> <span class='ocrx_word' id='word_1_764' title='bbox 3097 3341 3451 3412; x_wconf 82' lang='lat' dir='ltr'><strong>confligentes</strong></span> <span class='ocrx_word' id='word_1_765' title='bbox 3492 3362 3620 3403; x_wconf 84' lang='lat' dir='ltr'><strong>arce</strong></span> <span class='ocrx_word' id='word_1_766' title='bbox 3651 3359 3708 3405; x_wconf 93' lang='lat' dir='ltr'><strong>et</strong></span> <span class='ocrx_word' id='word_1_767' title='bbox 3726 3351 3816 3407; x_wconf 88' lang='lat' dir='ltr'><strong>di-</strong></span> 
     </span>
    </p>
   </div>
   <div class='ocr_carea' id='block_1_96' title="bbox 2224 3416 3817 3501">
    <p class='ocr_par' dir='ltr' id='par_1_96' title="bbox 2224 3416 3817 3501">
     <span class='ocr_line' id='line_1_96' title="bbox 2224 3416 3817 3501; baseline 0.019 -32"><span class='ocrx_word' id='word_1_768' title='bbox 2224 3416 2377 3471; x_wconf 87' lang='lat' dir='ltr'><strong>rime.</strong></span> <span class='ocrx_word' id='word_1_769' title='bbox 2431 3416 2822 3489; x_wconf 89' lang='lat' dir='ltr'><strong>lmpudentium</strong></span> <span class='ocrx_word' id='word_1_770' title='bbox 2863 3426 3007 3480; x_wconf 90' lang='lat' dir='ltr'><strong>enim</strong></span> <span class='ocrx_word' id='word_1_771' title='bbox 3050 3438 3105 3483; x_wconf 85' lang='lat' dir='ltr'><strong>et</strong></span> <span class='ocrx_word' id='word_1_772' title='bbox 3146 3432 3449 3490; x_wconf 89' lang='lat' dir='ltr'><strong>otiosorum</strong></span> <span class='ocrx_word' id='word_1_773' title='bbox 3488 3447 3573 3493; x_wconf 89' lang='lat' dir='ltr'><strong>est</strong></span> <span class='ocrx_word' id='word_1_774' title='bbox 3619 3441 3817 3501; x_wconf 76' lang='lat' dir='ltr'><strong>talibus</strong></span> 
     </span>
    </p>
   </div>
   <div class='ocr_carea' id='block_1_97' title="bbox 2224 3508 3816 3592">
    <p class='ocr_par' dir='ltr' id='par_1_97' title="bbox 2224 3508 3816 3592">
     <span class='ocr_line' id='line_1_97' title="bbox 2224 3508 3816 3592; baseline 0.019 -32"><span class='ocrx_word' id='word_1_775' title='bbox 2224 3508 2459 3576; x_wconf 89' lang='lat' dir='ltr'><strong>gaudere</strong></span> <span class='ocrx_word' id='word_1_776' title='bbox 2489 3511 2885 3571; x_wconf 88' lang='lat' dir='ltr'><strong>calamitatibus</strong></span> <span class='ocrx_word' id='word_1_777' title='bbox 2908 3559 2921 3579; x_wconf 93' lang='lat'><strong>,</strong></span> <span class='ocrx_word' id='word_1_778' title='bbox 2970 3514 3299 3579; x_wconf 86' lang='lat' dir='ltr'><strong>nefariorum</strong></span> <span class='ocrx_word' id='word_1_779' title='bbox 3323 3536 3379 3581; x_wconf 93' lang='lat' dir='ltr'><strong>et</strong></span> <span class='ocrx_word' id='word_1_780' title='bbox 3424 3528 3816 3592; x_wconf 82' lang='lat' dir='ltr'><strong>irrationaliutn</strong></span> 
     </span>
    </p>
   </div>
   <div class='ocr_carea' id='block_1_98' title="bbox 2226 3596 3818 3687">
    <p class='ocr_par' dir='ltr' id='par_1_98' title="bbox 2226 3596 3818 3687">
     <span class='ocr_line' id='line_1_98' title="bbox 2226 3596 3818 3687; baseline 0.021 -37"><span class='ocrx_word' id='word_1_781' title='bbox 2226 3596 2522 3655; x_wconf 90' lang='lat' dir='ltr'><strong>hominum.</strong></span> <span class='ocrx_word' id='word_1_782' title='bbox 2549 3602 2709 3659; x_wconf 84' lang='lat' dir='ltr'><strong>Vides</strong></span> <span class='ocrx_word' id='word_1_783' title='bbox 2749 3606 3019 3664; x_wconf 86' lang='lat' dir='ltr'><strong>hominem</strong></span> <span class='ocrx_word' id='word_1_784' title='bbox 3053 3616 3276 3683; x_wconf 88' lang='lat' dir='ltr'><strong>turpiter</strong></span> <span class='ocrx_word' id='word_1_785' title='bbox 3294 3629 3560 3687; x_wconf 86' lang='lat' dir='ltr'><strong>agentem,</strong></span> <span class='ocrx_word' id='word_1_786' title='bbox 3585 3638 3687 3680; x_wconf 91' lang='lat' dir='ltr'><strong>nec</strong></span> <span class='ocrx_word' id='word_1_787' title='bbox 3713 3626 3818 3682; x_wconf 80' lang='lat' dir='ltr'><strong>ad-</strong></span> 
     </span>
    </p>
   </div>
   <div class='ocr_carea' id='block_1_99' title="bbox 2226 3691 3813 3778">
    <p class='ocr_par' dir='ltr' id='par_1_99' title="bbox 2226 3691 3813 3778">
     <span class='ocr_line' id='line_1_99' title="bbox 2226 3691 3813 3778; baseline 0.021 -36"><span class='ocrx_word' id='word_1_788' title='bbox 2226 3691 2387 3744; x_wconf 85' lang='lat' dir='ltr'><strong>vertis</strong></span> <span class='ocrx_word' id='word_1_789' title='bbox 2416 3701 2468 3747; x_wconf 89' lang='lat' dir='ltr'><strong>te</strong></span> <span class='ocrx_word' id='word_1_790' title='bbox 2518 3695 2677 3751; x_wconf 86' lang='lat' dir='ltr'><strong>etiam</strong></span> <span class='ocrx_word' id='word_1_791' title='bbox 2728 3698 2955 3767; x_wconf 89' lang='lat' dir='ltr'><strong>turpiter</strong></span> <span class='ocrx_word' id='word_1_792' title='bbox 3000 3705 3204 3772; x_wconf 85' lang='lat' dir='ltr'><strong>agere?</strong></span> <span class='ocrx_word' id='word_1_793' title='bbox 3244 3722 3417 3778; x_wconf 86' lang='lat' dir='ltr'><strong>neque</strong></span> <span class='ocrx_word' id='word_1_794' title='bbox 3475 3712 3529 3766; x_wconf 89' lang='lat' dir='ltr'><strong>in</strong></span> <span class='ocrx_word' id='word_1_795' title='bbox 3574 3716 3813 3774; x_wconf 88' lang='lat' dir='ltr'><strong>medium</strong></span> 
     </span>
    </p>
   </div>
   <div class='ocr_carea' id='block_1_100' title="bbox 2225 3782 3808 3866">
    <p class='ocr_par' dir='ltr' id='par_1_100' title="bbox 2225 3782 3808 3866">
     <span class='ocr_line' id='line_1_100' title="bbox 2225 3782 3808 3866; baseline 0.021 -33"><span class='ocrx_word' id='word_1_796' title='bbox 2225 3782 2401 3848; x_wconf 90' lang='lat' dir='ltr'><strong>irruis,</strong></span> <span class='ocrx_word' id='word_1_797' title='bbox 2422 3794 2479 3837; x_wconf 90' lang='lat' dir='ltr'><strong>ut</strong></span> <span class='ocrx_word' id='word_1_798' title='bbox 2501 3784 2694 3839; x_wconf 87' lang='lat' dir='ltr'><strong>diaboli</strong></span> <span class='ocrx_word' id='word_1_799' title='bbox 2720 3788 3031 3861; x_wconf 84' lang='lat' dir='ltr'><strong>phalangem</strong></span> <span class='ocrx_word' id='word_1_800' title='bbox 3049 3793 3297 3866; x_wconf 89' lang='lat' dir='ltr'><strong>dissipes,</strong></span> <span class='ocrx_word' id='word_1_801' title='bbox 3332 3810 3386 3854; x_wconf 91' lang='lat' dir='ltr'><strong>et</strong></span> <span class='ocrx_word' id='word_1_802' title='bbox 3404 3799 3636 3860; x_wconf 85' lang='lat' dir='ltr'><strong>humana</strong></span> <span class='ocrx_word' id='word_1_803' title='bbox 3664 3810 3808 3866; x_wconf 85' lang='lat' dir='ltr'><strong>mala</strong></span> 
     </span>
    </p>
   </div>
   <div class='ocr_carea' id='block_1_101' title="bbox 2223 3870 3812 3964">
    <p class='ocr_par' dir='ltr' id='par_1_101' title="bbox 2223 3870 3812 3964">
     <span class='ocr_line' id='line_1_101' title="bbox 2223 3870 3812 3964; baseline 0.021 -42"><span class='ocrx_word' id='word_1_804' title='bbox 2223 3870 2439 3964; x_wconf 78' lang='lat' dir='ltr'><strong>solvas?</strong></span> <span class='ocrx_word' id='word_1_805' title='bbox 2484 3874 2570 3939; x_wconf 85' lang='lat' dir='ltr'><strong>At,</strong></span> <span class='ocrx_word' id='word_1_806' title='bbox 2616 3876 2824 3946; x_wconf 88' lang='lat' dir='ltr'><strong>inquies</strong></span> <span class='ocrx_word' id='word_1_807' title='bbox 2848 3918 2862 3942; x_wconf 96' lang='lat'><strong>,</strong></span> <span class='ocrx_word' id='word_1_808' title='bbox 2904 3890 2963 3935; x_wconf 90' lang='lat' dir='ltr'><strong>ut</strong></span> <span class='ocrx_word' id='word_1_809' title='bbox 3006 3891 3060 3937; x_wconf 90' lang='lat' dir='ltr'><strong>et</strong></span> <span class='ocrx_word' id='word_1_810' title='bbox 3083 3898 3183 3955; x_wconf 85' lang='lat' dir='ltr'><strong>ego</strong></span> <span class='ocrx_word' id='word_1_811' title='bbox 3208 3887 3389 3958; x_wconf 83' lang='lat' dir='ltr'><strong>plagas</strong></span> <span class='ocrx_word' id='word_1_812' title='bbox 3426 3895 3708 3964; x_wconf 85' lang='lat' dir='ltr'><strong>accipiam,</strong></span> <span class='ocrx_word' id='word_1_813' title='bbox 3738 3899 3812 3955; x_wconf 84' lang='lat' dir='ltr'><strong>ita</strong></span> 
     </span>
    </p>
   </div>
   <div class='ocr_carea' id='block_1_102' title="bbox 2220 3958 3812 4055">
    <p class='ocr_par' dir='ltr' id='par_1_102' title="bbox 2220 3958 3812 4055">
     <span class='ocr_line' id='line_1_102' title="bbox 2220 3958 3812 4055; baseline 0.021 -44"><span class='ocrx_word' id='word_1_814' title='bbox 2220 3958 2421 4027; x_wconf 79' lang='lat' dir='ltr'><strong>iubes?</strong></span> <span class='ocrx_word' id='word_1_815' title='bbox 2449 3964 2608 4055; x_wconf 80' lang='lat' dir='ltr'><strong>Atqui</strong></span> <span class='ocrx_word' id='word_1_816' title='bbox 2638 3966 2689 4020; x_wconf 91' lang='lat' dir='ltr'><strong>id</strong></span> <span class='ocrx_word' id='word_1_817' title='bbox 2731 3977 2785 4021; x_wconf 93' lang='lat' dir='ltr'><strong>tu</strong></span> <span class='ocrx_word' id='word_1_818' title='bbox 2831 3984 2936 4024; x_wconf 92' lang='lat' dir='ltr'><strong>non</strong></span> <span class='ocrx_word' id='word_1_819' title='bbox 2965 3974 3220 4041; x_wconf 88' lang='lat' dir='ltr'><strong>patieris;</strong></span> <span class='ocrx_word' id='word_1_820' title='bbox 3259 3978 3307 4032; x_wconf 89' lang='lat' dir='ltr'><strong>si</strong></span> <span class='ocrx_word' id='word_1_821' title='bbox 3335 3995 3464 4036; x_wconf 87' lang='lat' dir='ltr'><strong>vero</strong></span> <span class='ocrx_word' id='word_1_822' title='bbox 3490 3958 3731 4055; x_wconf 73' lang='lat' dir='ltr'><strong>patiaris,</strong></span> <span class='ocrx_word' id='word_1_823' title='bbox 3758 3990 3812 4045; x_wconf 88' lang='lat' dir='ltr'><strong>id</strong></span> 
     </span>
    </p>
   </div>
   <div class='ocr_carea' id='block_1_103' title="bbox 2226 4050 3813 4148">
    <p class='ocr_par' dir='ltr' id='par_1_103' title="bbox 2226 4050 3813 4148">
     <span class='ocr_line' id='line_1_103' title="bbox 2226 4050 3813 4148; baseline 0.023 -48"><span class='ocrx_word' id='word_1_824' title='bbox 2226 4050 2319 4103; x_wconf 89' lang='lat' dir='ltr'><strong>tibi</strong></span> <span class='ocrx_word' id='word_1_825' title='bbox 2358 4054 2596 4122; x_wconf 83' lang='lat' dir='ltr'><strong>martyrii</strong></span> <span class='ocrx_word' id='word_1_826' title='bbox 2626 4056 2743 4109; x_wconf 86' lang='lat' dir='ltr'><strong>loco</strong></span> <span class='ocrx_word' id='word_1_827' title='bbox 2767 4058 2915 4112; x_wconf 88' lang='lat' dir='ltr'><strong>erit:</strong></span> <span class='ocrx_word' id='word_1_828' title='bbox 2956 4071 3173 4133; x_wconf 89' lang='lat' dir='ltr'><strong>propter</strong></span> <span class='ocrx_word' id='word_1_829' title='bbox 3214 4067 3386 4125; x_wconf 89' lang='lat' dir='ltr'><strong>Deum</strong></span> <span class='ocrx_word' id='word_1_830' title='bbox 3432 4050 3574 4130; x_wconf 76' lang='lat' dir='ltr'><strong>enim</strong></span> <span class='ocrx_word' id='word_1_831' title='bbox 3616 4050 3813 4148; x_wconf 74' lang='lat' dir='ltr'><strong>passus</strong></span> 
     </span>
    </p>
   </div>
   <div class='ocr_carea' id='block_1_104' title="bbox 2227 4140 3807 4236">
    <p class='ocr_par' dir='ltr' id='par_1_104' title="bbox 2227 4140 3807 4236">
     <span class='ocr_line' id='line_1_104' title="bbox 2227 4140 3807 4236; baseline 0.023 -43"><span class='ocrx_word' id='word_1_832' title='bbox 2227 4152 2304 4195; x_wconf 90' lang='lat' dir='ltr'><strong>es.</strong></span> <span class='ocrx_word' id='word_1_833' title='bbox 2339 4140 2396 4194; x_wconf 92' lang='lat' dir='ltr'><strong>Si</strong></span> <span class='ocrx_word' id='word_1_834' title='bbox 2436 4157 2565 4198; x_wconf 83' lang='lat' dir='ltr'><strong>vero</strong></span> <span class='ocrx_word' id='word_1_835' title='bbox 2614 4146 2796 4216; x_wconf 88' lang='lat' dir='ltr'><strong>plagas</strong></span> <span class='ocrx_word' id='word_1_836' title='bbox 2825 4151 3069 4221; x_wconf 89' lang='lat' dir='ltr'><strong>accipere</strong></span> <span class='ocrx_word' id='word_1_837' title='bbox 3096 4162 3383 4228; x_wconf 88' lang='lat' dir='ltr'><strong>cunctaris,</strong></span> <span class='ocrx_word' id='word_1_838' title='bbox 3416 4168 3589 4236; x_wconf 80' lang='lat' dir='ltr'><strong>cogita</strong></span> <span class='ocrx_word' id='word_1_839' title='bbox 3616 4140 3807 4229; x_wconf 75' lang='grc' dir='ltr'><strong>1)οωί-</strong></span> 
     </span>
    </p>
   </div>
   <div class='ocr_carea' id='block_1_105' title="bbox 2228 4232 3807 4322">
    <p class='ocr_par' dir='ltr' id='par_1_105' title="bbox 2228 4232 3807 4322">
     <span class='ocr_line' id='line_1_105' title="bbox 2228 4232 3807 4322; baseline 0.025 -40"><span class='ocrx_word' id='word_1_840' title='bbox 2228 4246 2352 4285; x_wconf 89' lang='lat' dir='ltr'><strong>num</strong></span> <span class='ocrx_word' id='word_1_841' title='bbox 2386 4232 2528 4288; x_wconf 80' lang='lat' dir='ltr'><strong>tuuin</strong></span> <span class='ocrx_word' id='word_1_842' title='bbox 2556 4252 2767 4294; x_wconf 88' lang='lat' dir='ltr'><strong>crucem</strong></span> <span class='ocrx_word' id='word_1_843' title='bbox 2799 4254 3017 4313; x_wconf 86' lang='lat' dir='ltr'><strong>propter</strong></span> <span class='ocrx_word' id='word_1_844' title='bbox 3054 4255 3106 4302; x_wconf 90' lang='lat' dir='ltr'><strong>te</strong></span> <span class='ocrx_word' id='word_1_845' title='bbox 3138 4264 3353 4317; x_wconf 89' lang='lat' dir='ltr'><strong>passum</strong></span> <span class='ocrx_word' id='word_1_846' title='bbox 3379 4232 3521 4311; x_wconf 67' lang='lat' dir='ltr'><strong>esse.</strong></span> <span class='ocrx_word' id='word_1_847' title='bbox 3556 4261 3635 4317; x_wconf 90' lang='lat' dir='ltr'><strong>llli</strong></span> <span class='ocrx_word' id='word_1_848' title='bbox 3662 4268 3807 4322; x_wconf 87' lang='lat' dir='ltr'><strong>enim</strong></span> 
     </span>
    </p>
   </div>
   <div class='ocr_carea' id='block_1_106' title="bbox 2226 4320 3805 4424">
    <p class='ocr_par' dir='ltr' id='par_1_106' title="bbox 2226 4320 3805 4424">
     <span class='ocr_line' id='line_1_106' title="bbox 2226 4320 3805 4424; baseline 0.025 -51"><span class='ocrx_word' id='word_1_849' title='bbox 2226 4320 2372 4376; x_wconf 89' lang='lat' dir='ltr'><strong>velut</strong></span> <span class='ocrx_word' id='word_1_850' title='bbox 2398 4325 2531 4379; x_wconf 87' lang='lat' dir='ltr'><strong>ebrii</strong></span> <span class='ocrx_word' id='word_1_851' title='bbox 2559 4337 2611 4381; x_wconf 90' lang='lat' dir='ltr'><strong>et</strong></span> <span class='ocrx_word' id='word_1_852' title='bbox 2632 4329 2969 4389; x_wconf 88' lang='lat' dir='ltr'><strong>obtenebrati</strong></span> <span class='ocrx_word' id='word_1_853' title='bbox 2998 4348 3141 4399; x_wconf 87' lang='lat' dir='ltr'><strong>sunt.</strong></span> <span class='ocrx_word' id='word_1_854' title='bbox 3172 4339 3351 4397; x_wconf 87' lang='lat' dir='ltr'><strong>furore</strong></span> <span class='ocrx_word' id='word_1_855' title='bbox 3380 4346 3513 4403; x_wconf 87' lang='lat' dir='ltr'><strong>duce</strong></span> <span class='ocrx_word' id='word_1_856' title='bbox 3536 4361 3593 4406; x_wconf 91' lang='lat' dir='ltr'><strong>et</strong></span> <span class='ocrx_word' id='word_1_857' title='bbox 3619 4320 3805 4424; x_wconf 46' lang='lat' dir='ltr'><strong>tyran;</strong></span> 
     </span>
    </p>
   </div>
   <div class='ocr_carea' id='block_1_107' title="bbox 2216 4410 3810 4503">
    <p class='ocr_par' dir='ltr' id='par_1_107' title="bbox 2216 4410 3810 4503">
     <span class='ocr_line' id='line_1_107' title="bbox 2216 4410 3810 4503; baseline 0.025 -41"><span class='ocrx_word' id='word_1_858' title='bbox 2216 4410 2403 4467; x_wconf 91' lang='lat' dir='ltr'><strong>-nidcm</strong></span> <span class='ocrx_word' id='word_1_859' title='bbox 2429 4428 2712 4473; x_wconf 90' lang='lat' dir='ltr'><strong>exercente</strong></span> <span class='ocrx_word' id='word_1_860' title='bbox 2737 4460 2753 4485; x_wconf 90' lang='lat'><strong>,</strong></span> <span class='ocrx_word' id='word_1_861' title='bbox 2793 4437 2927 4491; x_wconf 89' lang='lat' dir='ltr'><strong>opus</strong></span> <span class='ocrx_word' id='word_1_862' title='bbox 2970 4438 3147 4482; x_wconf 85' lang='lat' dir='ltr'><strong>autem</strong></span> <span class='ocrx_word' id='word_1_863' title='bbox 3178 4431 3375 4487; x_wconf 87' lang='lat' dir='ltr'><strong>habent</strong></span> <span class='ocrx_word' id='word_1_864' title='bbox 3424 4451 3569 4495; x_wconf 75' lang='lat' dir='ltr'><strong>sana:</strong></span> <span class='ocrx_word' id='word_1_865' title='bbox 3611 4410 3810 4503; x_wconf 75' lang='lat' dir='ltr'><strong>mentis</strong></span> 
     </span>
    </p>
   </div>
   <div class='ocr_carea' id='block_1_108' title="bbox 2227 4499 3801 4607">
    <p class='ocr_par' dir='ltr' id='par_1_108' title="bbox 2227 4499 3801 4607">
     <span class='ocr_line' id='line_1_108' title="bbox 2227 4499 3801 4607; baseline 0.027 -54"><span class='ocrx_word' id='word_1_866' title='bbox 2227 4499 2457 4567; x_wconf 89' lang='lat' dir='ltr'><strong>homine,</strong></span> <span class='ocrx_word' id='word_1_867' title='bbox 2510 4510 2596 4576; x_wconf 90' lang='lat' dir='ltr'><strong>qui</strong></span> <span class='ocrx_word' id='word_1_868' title='bbox 2643 4510 2772 4579; x_wconf 90' lang='lat' dir='ltr'><strong>ipsis</strong></span> <span class='ocrx_word' id='word_1_869' title='bbox 2819 4517 3125 4586; x_wconf 81' lang='lat' dir='ltr'><strong>auxilictur,</strong></span> <span class='ocrx_word' id='word_1_870' title='bbox 3180 4531 3285 4576; x_wconf 89' lang='lat' dir='ltr'><strong>tam</strong></span> <span class='ocrx_word' id='word_1_871' title='bbox 3342 4542 3535 4599; x_wconf 88' lang='lat' dir='ltr'><strong>nempe</strong></span> <span class='ocrx_word' id='word_1_872' title='bbox 3575 4533 3801 4607; x_wconf 73' lang='lat' dir='ltr'><strong>laedens,</strong></span> 
     </span>
    </p>
   </div>
   <div class='ocr_carea' id='block_1_109' title="bbox 2225 4599 3811 4685">
    <p class='ocr_par' dir='ltr' id='par_1_109' title="bbox 2225 4599 3811 4685">
     <span class='ocr_line' id='line_1_109' title="bbox 2225 4599 3811 4685; baseline 0.026 -40"><span class='ocrx_word' id='word_1_873' title='bbox 2225 4607 2382 4660; x_wconf 91' lang='lat' dir='ltr'><strong>quam</strong></span> <span class='ocrx_word' id='word_1_874' title='bbox 2415 4599 2618 4664; x_wconf 87' lang='lat' dir='ltr'><strong>patiens</strong></span> <span class='ocrx_word' id='word_1_875' title='bbox 2646 4618 2660 4654; x_wconf 89' lang='lat'><strong>:</strong></span> <span class='ocrx_word' id='word_1_876' title='bbox 2686 4602 2773 4655; x_wconf 92' lang='lat' dir='ltr'><strong>hic</strong></span> <span class='ocrx_word' id='word_1_877' title='bbox 2800 4604 3056 4673; x_wconf 87' lang='lat' dir='ltr'><strong>quidem,</strong></span> <span class='ocrx_word' id='word_1_878' title='bbox 3098 4618 3156 4664; x_wconf 93' lang='lat' dir='ltr'><strong>ut</strong></span> <span class='ocrx_word' id='word_1_879' title='bbox 3192 4615 3331 4669; x_wconf 82' lang='lat' dir='ltr'><strong>male</strong></span> <span class='ocrx_word' id='word_1_880' title='bbox 3361 4620 3566 4685; x_wconf 90' lang='lat' dir='ltr'><strong>patiens</strong></span> <span class='ocrx_word' id='word_1_881' title='bbox 3611 4599 3811 4685; x_wconf 52' lang='lat' dir='ltr'><strong>libere:-</strong></span> 
     </span>
    </p>
   </div>
   <div class='ocr_carea' id='block_1_110' title="bbox 2227 4688 3802 4789">
    <p class='ocr_par' dir='ltr' id='par_1_110' title="bbox 2227 4688 3802 4789">
     <span class='ocr_line' id='line_1_110' title="bbox 2227 4688 3802 4789; baseline 0.026 -53"><span class='ocrx_word' id='word_1_882' title='bbox 2227 4692 2348 4751; x_wconf 92' lang='lat' dir='ltr'><strong>tur;</strong></span> <span class='ocrx_word' id='word_1_883' title='bbox 2384 4688 2470 4741; x_wconf 88' lang='lat' dir='ltr'><strong>ille</strong></span> <span class='ocrx_word' id='word_1_884' title='bbox 2490 4704 2636 4757; x_wconf 88' lang='lat' dir='ltr'><strong>vero,</strong></span> <span class='ocrx_word' id='word_1_885' title='bbox 2664 4702 2722 4747; x_wconf 93' lang='lat' dir='ltr'><strong>ut</strong></span> <span class='ocrx_word' id='word_1_886' title='bbox 2746 4696 2895 4774; x_wconf 87' lang='lat' dir='ltr'><strong>mala_</strong></span> <span class='ocrx_word' id='word_1_887' title='bbox 2915 4697 3111 4757; x_wconf 80' lang='lat' dir='ltr'><strong>inferre</strong></span> <span class='ocrx_word' id='word_1_888' title='bbox 3138 4703 3361 4761; x_wconf 86' lang='lat' dir='ltr'><strong>desinat.</strong></span> <span class='ocrx_word' id='word_1_889' title='bbox 3386 4713 3597 4772; x_wconf 75' lang='lat' dir='ltr'><strong>Accedo</strong></span> <span class='ocrx_word' id='word_1_890' title='bbox 3621 4719 3802 4789; x_wconf 87' lang='lat' dir='ltr'><strong>igitur,</strong></span> 
     </span>
    </p>
   </div>
   <div class='ocr_carea' id='block_1_111' title="bbox 2223 4786 3810 4883">
    <p class='ocr_par' dir='ltr' id='par_1_111' title="bbox 2223 4786 3810 4883">
     <span class='ocr_line' id='line_1_111' title="bbox 2223 4786 3810 4883; baseline 0.023 -53"><span class='ocrx_word' id='word_1_891' title='bbox 2223 4786 2278 4831; x_wconf 91' lang='lat' dir='ltr'><strong>et</strong></span> <span class='ocrx_word' id='word_1_892' title='bbox 2338 4794 2549 4834; x_wconf 87' lang='lat' dir='ltr'><strong>manum</strong></span> <span class='ocrx_word' id='word_1_893' title='bbox 2604 4787 2819 4856; x_wconf 84' lang='lat' dir='ltr'><strong>porrige</strong></span> <span class='ocrx_word' id='word_1_894' title='bbox 2869 4790 3081 4849; x_wconf 88' lang='lat' dir='ltr'><strong>sobrius</strong></span> <span class='ocrx_word' id='word_1_895' title='bbox 3122 4799 3440 4857; x_wconf 84' lang='lat' dir='ltr'><strong>temulento.</strong></span> <span class='ocrx_word' id='word_1_896' title='bbox 3476 4804 3557 4861; x_wconf 79' lang='lat' dir='ltr'><strong>Ira</strong></span> <span class='ocrx_word' id='word_1_897' title='bbox 3608 4786 3810 4883; x_wconf 62' lang='lat' dir='ltr'><strong>quippe</strong></span> 
     </span>
    </p>
   </div>
   <div class='ocr_carea' id='block_1_112' title="bbox 2222 4868 3804 4963">
    <p class='ocr_par' dir='ltr' id='par_1_112' title="bbox 2222 4868 3804 4963">
     <span class='ocr_line' id='line_1_112' title="bbox 2222 4868 3804 4963; baseline 0.027 -42"><span class='ocrx_word' id='word_1_898' title='bbox 2222 4868 2531 4927; x_wconf 85' lang='lat' dir='ltr'><strong>ebrietatem</strong></span> <span class='ocrx_word' id='word_1_899' title='bbox 2560 4877 2738 4944; x_wconf 87' lang='lat' dir='ltr'><strong>parit,</strong></span> <span class='ocrx_word' id='word_1_900' title='bbox 2774 4880 2878 4933; x_wconf 90' lang='lat' dir='ltr'><strong>vini</strong></span> <span class='ocrx_word' id='word_1_901' title='bbox 2925 4887 3230 4944; x_wconf 77' lang='lat' dir='ltr'><strong>temulentis</strong></span> <span class='ocrx_word' id='word_1_902' title='bbox 3279 4868 3642 4957; x_wconf 48' lang='lat' dir='ltr'><strong>deteriorem:</strong></span> 
     </span>
    </p>
   </div>
   <div class='ocr_carea' id='block_1_113' title="bbox 2224 4965 3804 5054">
    <p class='ocr_par' dir='ltr' id='par_1_113' title="bbox 2224 4965 3804 5054">
     <span class='ocr_line' id='line_1_113' title="bbox 2224 4965 3804 5054; baseline 0.025 -38"><span class='ocrx_word' id='word_1_903' title='bbox 2224 4965 2369 5020; x_wconf 89' lang='lat' dir='ltr'><strong>vides</strong></span> <span class='ocrx_word' id='word_1_904' title='bbox 2390 4980 2597 5034; x_wconf 86' lang='lat' dir='ltr'><strong>nautas,</strong></span> <span class='ocrx_word' id='word_1_905' title='bbox 2620 4986 2740 5026; x_wconf 88' lang='lat' dir='ltr'><strong>cum</strong></span> <span class='ocrx_word' id='word_1_906' title='bbox 2768 4974 2975 5045; x_wconf 85' lang='lat' dir='ltr'><strong>aliquos</strong></span> <span class='ocrx_word' id='word_1_907' title='bbox 2995 4993 3222 5038; x_wconf 86' lang='lat' dir='ltr'><strong>cernunt</strong></span> <span class='ocrx_word' id='word_1_908' title='bbox 3254 4986 3489 5046; x_wconf 83' lang='lat' dir='ltr'><strong>incidere</strong></span> <span class='ocrx_word' id='word_1_909' title='bbox 3509 4993 3560 5048; x_wconf 90' lang='lat' dir='ltr'><strong>in</strong></span> <span class='ocrx_word' id='word_1_910' title='bbox 3588 4996 3804 5054; x_wconf 78' lang='lat' dir='ltr'><strong>naufra-</strong></span> 
     </span>
    </p>
   </div>
   <div class='ocr_carea' id='block_1_114' title="bbox 2222 5056 3803 5154">
    <p class='ocr_par' dir='ltr' id='par_1_114' title="bbox 2222 5056 3803 5154">
     <span class='ocr_line' id='line_1_114' title="bbox 2222 5056 3803 5154; baseline 0.025 -47"><span class='ocrx_word' id='word_1_911' title='bbox 2222 5056 2386 5124; x_wconf 84' lang='lat' dir='ltr'><strong>gium,</strong></span> <span class='ocrx_word' id='word_1_912' title='bbox 2418 5060 2685 5128; x_wconf 83' lang='lat' dir='ltr'><strong>quomodo</strong></span> <span class='ocrx_word' id='word_1_913' title='bbox 2711 5064 2825 5119; x_wconf 87' lang='lat' dir='ltr'><strong>vela</strong></span> <span class='ocrx_word' id='word_1_914' title='bbox 2866 5070 3260 5139; x_wconf 85' lang='lat' dir='ltr'><strong>expaudentes,</strong></span> <span class='ocrx_word' id='word_1_915' title='bbox 3300 5092 3423 5133; x_wconf 90' lang='lat' dir='ltr'><strong>cum</strong></span> <span class='ocrx_word' id='word_1_916' title='bbox 3458 5098 3649 5154; x_wconf 83' lang='lat' dir='ltr'><strong>magna</strong></span> <span class='ocrx_word' id='word_1_917' title='bbox 3680 5088 3803 5145; x_wconf 86' lang='lat' dir='ltr'><strong>dili-</strong></span> 
     </span>
    </p>
   </div>
   <div class='ocr_carea' id='block_1_115' title="bbox 2219 5150 3798 5239">
    <p class='ocr_par' dir='ltr' id='par_1_115' title="bbox 2219 5150 3798 5239">
     <span class='ocr_line' id='line_1_115' title="bbox 2219 5150 3798 5239; baseline 0.024 -38"><span class='ocrx_word' id='word_1_918' title='bbox 2219 5150 2397 5233; x_wconf 69' lang='lat' dir='ltr'><strong>gentia</strong></span> <span class='ocrx_word' id='word_1_919' title='bbox 2423 5166 2745 5223; x_wconf 87' lang='lat' dir='ltr'><strong>properent,</strong></span> <span class='ocrx_word' id='word_1_920' title='bbox 2776 5168 2835 5212; x_wconf 89' lang='lat' dir='ltr'><strong>ut</strong></span> <span class='ocrx_word' id='word_1_921' title='bbox 2863 5163 3038 5216; x_wconf 89' lang='lat' dir='ltr'><strong>socios</strong></span> <span class='ocrx_word' id='word_1_922' title='bbox 3082 5180 3150 5219; x_wconf 91' lang='lat' dir='ltr'><strong>ex</strong></span> <span class='ocrx_word' id='word_1_923' title='bbox 3196 5166 3443 5227; x_wconf 82' lang='lat' dir='ltr'><strong>fluctibus</strong></span> <span class='ocrx_word' id='word_1_924' title='bbox 3483 5150 3715 5236; x_wconf 76' lang='lat' dir='ltr'><strong>eruunt?</strong></span> <span class='ocrx_word' id='word_1_925' title='bbox 3740 5184 3798 5239; x_wconf 89' lang='lat' dir='ltr'><strong>Si</strong></span> 
     </span>
    </p>
   </div>
   <div class='ocr_carea' id='block_1_116' title="bbox 2223 5242 3803 5340">
    <p class='ocr_par' dir='ltr' id='par_1_116' title="bbox 2223 5242 3803 5340">
     <span class='ocr_line' id='line_1_116' title="bbox 2223 5242 3803 5340; baseline 0.024 -49"><span class='ocrx_word' id='word_1_926' title='bbox 2223 5254 2347 5293; x_wconf 82' lang='lat' dir='ltr'><strong>vero</strong></span> <span class='ocrx_word' id='word_1_927' title='bbox 2370 5242 2501 5295; x_wconf 88' lang='lat' dir='ltr'><strong>artis</strong></span> <span class='ocrx_word' id='word_1_928' title='bbox 2528 5244 2767 5312; x_wconf 85' lang='lat' dir='ltr'><strong>ejusdem</strong></span> <span class='ocrx_word' id='word_1_929' title='bbox 2795 5261 3070 5308; x_wconf 88' lang='lat' dir='ltr'><strong>consortes</strong></span> <span class='ocrx_word' id='word_1_930' title='bbox 3100 5264 3302 5313; x_wconf 88' lang='lat' dir='ltr'><strong>tantum</strong></span> <span class='ocrx_word' id='word_1_931' title='bbox 3333 5262 3435 5316; x_wconf 90' lang='lat' dir='ltr'><strong>sibi</strong></span> <span class='ocrx_word' id='word_1_932' title='bbox 3457 5261 3642 5322; x_wconf 86' lang='lat' dir='ltr'><strong>mutuo</strong></span> <span class='ocrx_word' id='word_1_933' title='bbox 3665 5286 3803 5340; x_wconf 65' lang='lat' dir='ltr'><strong>prae-</strong></span> 
     </span>
    </p>
   </div>
   <div class='ocr_carea' id='block_1_117' title="bbox 2221 5333 3797 5418">
    <p class='ocr_par' dir='ltr' id='par_1_117' title="bbox 2221 5333 3797 5418">
     <span class='ocr_line' id='line_1_117' title="bbox 2221 5333 3797 5418; baseline 0.023 -36"><span class='ocrx_word' id='word_1_934' title='bbox 2221 5338 2361 5383; x_wconf 82' lang='lat' dir='ltr'><strong>stant</strong></span> <span class='ocrx_word' id='word_1_935' title='bbox 2381 5333 2656 5399; x_wconf 81' lang='lat' dir='ltr'><strong>auxilium,</strong></span> <span class='ocrx_word' id='word_1_936' title='bbox 2682 5338 2848 5391; x_wconf 91' lang='lat' dir='ltr'><strong>multo</strong></span> <span class='ocrx_word' id='word_1_937' title='bbox 2877 5343 3045 5411; x_wconf 88' lang='lat' dir='ltr'><strong>magis</strong></span> <span class='ocrx_word' id='word_1_938' title='bbox 3070 5346 3311 5413; x_wconf 87' lang='lat' dir='ltr'><strong>ejusdem</strong></span> <span class='ocrx_word' id='word_1_939' title='bbox 3339 5367 3545 5411; x_wconf 63' lang='lat' dir='ltr'><strong>naturae</strong></span> <span class='ocrx_word' id='word_1_940' title='bbox 3569 5333 3797 5418; x_wconf 70' lang='lat' dir='ltr'><strong>consor-</strong></span> 
     </span>
    </p>
   </div>
   <div class='ocr_carea' id='block_1_118' title="bbox 2224 5421 3799 5519">
    <p class='ocr_par' dir='ltr' id='par_1_118' title="bbox 2224 5421 3799 5519">
     <span class='ocr_line' id='line_1_118' title="bbox 2224 5421 3799 5519; baseline 0.023 -47"><span class='ocrx_word' id='word_1_941' title='bbox 2224 5428 2301 5475; x_wconf 83' lang='lat' dir='ltr'><strong>tes</strong></span> <span class='ocrx_word' id='word_1_942' title='bbox 2330 5421 2443 5477; x_wconf 75' lang='lat' dir='ltr'><strong>lucc</strong></span> <span class='ocrx_word' id='word_1_943' title='bbox 2462 5425 2638 5478; x_wconf 84' lang='lat' dir='ltr'><strong>omnia</strong></span> <span class='ocrx_word' id='word_1_944' title='bbox 2677 5426 2857 5485; x_wconf 83' lang='lat' dir='ltr'><strong>facere</strong></span> <span class='ocrx_word' id='word_1_945' title='bbox 2902 5447 2997 5501; x_wconf 88' lang='lat' dir='ltr'><strong>par</strong></span> <span class='ocrx_word' id='word_1_946' title='bbox 3021 5444 3122 5490; x_wconf 89' lang='lat' dir='ltr'><strong>est.</strong></span> <span class='ocrx_word' id='word_1_947' title='bbox 3150 5436 3281 5493; x_wconf 85' lang='lat' dir='ltr'><strong>Nam</strong></span> <span class='ocrx_word' id='word_1_948' title='bbox 3311 5440 3399 5498; x_wconf 88' lang='lat' dir='ltr'><strong>hic</strong></span> <span class='ocrx_word' id='word_1_949' title='bbox 3422 5462 3634 5519; x_wconf 88' lang='lat' dir='ltr'><strong>quoque</strong></span> <span class='ocrx_word' id='word_1_950' title='bbox 3664 5469 3799 5508; x_wconf 88' lang='lat' dir='ltr'><strong>nan-</strong></span> 
     </span>
    </p>
   </div>
   <div class='ocr_carea' id='block_1_119' title="bbox 2221 5508 3802 5601">
    <p class='ocr_par' dir='ltr' id='par_1_119' title="bbox 2221 5508 3802 5601">
     <span class='ocr_line' id='line_1_119' title="bbox 2221 5508 3802 5601; baseline 0.024 -38"><span class='ocrx_word' id='word_1_951' title='bbox 2221 5508 2444 5601; x_wconf 83' lang='lat' dir='ltr'><strong>fragium</strong></span> <span class='ocrx_word' id='word_1_952' title='bbox 2497 5524 2579 5570; x_wconf 88' lang='lat' dir='ltr'><strong>est</strong></span> <span class='ocrx_word' id='word_1_953' title='bbox 2632 5517 2723 5570; x_wconf 82' lang='lat' dir='ltr'><strong>illo</strong></span> <span class='ocrx_word' id='word_1_954' title='bbox 2770 5524 3138 5588; x_wconf 87' lang='lat' dir='ltr'><strong>perniciosius.</strong></span> <span class='ocrx_word' id='word_1_955' title='bbox 3196 5531 3304 5584; x_wconf 81' lang='lat' dir='ltr'><strong>Aut</strong></span> <span class='ocrx_word' id='word_1_956' title='bbox 3330 5508 3472 5589; x_wconf 78' lang='lat' dir='ltr'><strong>enim</strong></span> <span class='ocrx_word' id='word_1_957' title='bbox 3522 5508 3611 5594; x_wconf 76' lang='lat' dir='ltr'><strong>ille</strong></span> <span class='ocrx_word' id='word_1_958' title='bbox 3639 5542 3802 5601; x_wconf 67' lang='lat' dir='ltr'><strong>ltesus</strong></span> 
     </span>
    </p>
   </div>
   <div class='ocr_carea' id='block_1_120' title="bbox 2222 5600 3806 5705">
    <p class='ocr_par' dir='ltr' id='par_1_120' title="bbox 2222 5600 3806 5705">
     <span class='ocr_line' id='line_1_120' title="bbox 2222 5600 3806 5705; baseline 0.021 -48"><span class='ocrx_word' id='word_1_959' title='bbox 2222 5600 2642 5673; x_wconf 87' lang='lat' dir='ltr'><strong>blasphemavit,</strong></span> <span class='ocrx_word' id='word_1_960' title='bbox 2698 5618 2753 5662; x_wconf 89' lang='lat' dir='ltr'><strong>et</strong></span> <span class='ocrx_word' id='word_1_961' title='bbox 2786 5614 2964 5668; x_wconf 89' lang='lat' dir='ltr'><strong>omnia</strong></span> <span class='ocrx_word' id='word_1_962' title='bbox 3020 5614 3155 5672; x_wconf 88' lang='lat' dir='ltr'><strong>bona</strong></span> <span class='ocrx_word' id='word_1_963' title='bbox 3213 5628 3520 5692; x_wconf 74' lang='lat' dir='ltr'><strong>evacuavit;</strong></span> <span class='ocrx_word' id='word_1_964' title='bbox 3567 5640 3658 5686; x_wconf 87' lang='lat' dir='ltr'><strong>aut</strong></span> <span class='ocrx_word' id='word_1_965' title='bbox 3710 5650 3806 5705; x_wconf 84' lang='lat' dir='ltr'><strong>pc-</strong></span> 
     </span>
    </p>
   </div>
   <div class='ocr_carea' id='block_1_121' title="bbox 2214 5694 3812 5795">
    <p class='ocr_par' dir='ltr' id='par_1_121' title="bbox 2214 5694 3812 5795">
     <span class='ocr_line' id='line_1_121' title="bbox 2214 5694 3812 5795; baseline 0.021 -47"><span class='ocrx_word' id='word_1_966' title='bbox 2214 5694 2441 5764; x_wconf 80' lang='lat' dir='ltr'><strong>jeravit,</strong></span> <span class='ocrx_word' id='word_1_967' title='bbox 2476 5696 2553 5753; x_wconf 91' lang='lat' dir='ltr'><strong>ira</strong></span> <span class='ocrx_word' id='word_1_968' title='bbox 2582 5711 2823 5771; x_wconf 85' lang='lat' dir='ltr'><strong>cogente,</strong></span> <span class='ocrx_word' id='word_1_969' title='bbox 2867 5714 3031 5774; x_wconf 87' lang='lat' dir='ltr'><strong>atque</strong></span> <span class='ocrx_word' id='word_1_970' title='bbox 3067 5707 3120 5765; x_wconf 91' lang='lat' dir='ltr'><strong>in</strong></span> <span class='ocrx_word' id='word_1_971' title='bbox 3145 5708 3442 5784; x_wconf 76' lang='lat' dir='ltr'><strong>gehennam</strong></span> <span class='ocrx_word' id='word_1_972' title='bbox 3472 5717 3690 5795; x_wconf 81' lang='lat' dir='ltr'><strong>incidit;</strong></span> <span class='ocrx_word' id='word_1_973' title='bbox 3712 5694 3812 5782; x_wconf 55' lang='grc' dir='ltr'><strong>’γει</strong></span> 
     </span>
    </p>
   </div>
  </div>
