4124 6302
333 302 444 362 237

333 416 552 487 plagam
577 413 739 471 infert
764 421 926 483 atque
950 425 1158 479 necem,
1175 419 1232 467 et
1251 409 1356 466 hoc
1383 409 1553 480 ipsum
1579 411 1934 480 patitur-nau-

334 505 585 578 fragium.
616 506 788 576 Perge
836 503 1017 575 igitur,
1045 503 1244 558 malum
1275 501 1406 557 illud
1447 501 1577 558 sed:
1601 542 1618 568 ,
1647 501 1931 558 demersos

331 596 579 664 extrahe,
605 596 658 651 in
684 596 859 664 ipsum
883 593 1215 663 tempestatis
1241 591 1460 664 pelagus
1479 591 1838 659 descendens,
1866 607 1931 648 ac

334 690 517 743 soluto
563 686 763 742 diaboli
807 686 1057 752 theatro,
1105 686 1331 742 seorsim
1381 684 1619 757 singulos
1667 684 1933 749 admone,

334 779 608 834 ﬂammam
650 778 952 850 exstingue,
1004 776 1304 846 ﬂuctusque
1338 777 1658 847 comprime.
1707 776 1766 832 Si
1805 790 1936 832 vero

333 871 515 940 majus
541 869 698 925 fuerit
720 870 1047 932 incendium,
1076 867 1372 938 fornaxque
1396 867 1673 924 ardentior
1694 909 1710 934 ,
1741 882 1813 924 ne
1829 868 1938 923 for-

339 964 519 1020 mides
549 981 564 1018 :
596 964 750 1020 multi
776 965 926 1018 enim
968 961 1163 1016 adsunt
1191 960 1284 1031 qui
1309 960 1402 1016 tibi
1437 961 1787 1045 opitulentur,
1815 976 1934 1016 ma-

334 1072 574 1128 numque
607 1056 878 1127 porrigant
902 1094 917 1120 ,
941 1055 986 1109 si
1016 1054 1191 1109 solum
1217 1053 1461 1123 incipias,
1490 1063 1654 1124 atque
1677 1067 1790 1122 prae
1818 1067 1956 1107 σπι--

337 1149 499 1203 nibus
523 1149 668 1205 Dcite
714 1147 880 1218 pacis.
930 1147 996 1201 Et
1032 1146 1077 1200 si
1107 1146 1254 1215 prior
1282 1143 1551 1199 ﬂammam
1603 1145 1933 1211 excusseris,

334 1240 490 1295 multi
534 1240 622 1294 alii
666 1247 978 1309 sequentur,
1011 1236 1196 1307 sicque
1240 1250 1449 1301 eorum,
1503 1251 1623 1306 qua:
1645 1237 1744 1305 ipsi
1791 1246 1938 1291 recte

333 1331 581 1398 fecerint,
614 1340 670 1385 tu
718 1328 1024 1386 mercedem
1050 1329 1307 1398 accipies.
1361 1327 1500 1383 Audi
1535 1327 1663 1399 quid
1689 1327 1936 1384 Christus

332 1422 538 1479 Judteis
570 1422 715 1477 humi
738 1421 1053 1490 repentibus
1077 1420 1411 1490 praeceperit.
1435 1417 1718 1486 Sim‘deris,
1740 1421 1931 1490 inquit,

327 1518 622 1585 jumenlttm
662 1511 858 1566 inimici
905 1512 980 1565 tui
1023 1510 1244 1582 lapsum,
1301 1527 1365 1564 ne
1418 1521 1799 1580 praterwrms,
1847 1513 1937 1565 sed

340 1607 477 1676 erige
531 1603 666 1659 illud
717 1603 912 1674 (Exod.
961 1603 1052 1658 25.
1085 1602 1184 1673 5).
1217 1598 1378 1671 Atqui
1415 1601 1573 1674 longe
1621 1602 1828 1657 facilius
1853 1611 1936 1657 est

331 1710 457 1752 sese
506 1703 694 1750 mutuo
742 1694 1090 1758 verberantes
1140 1692 1391 1748 homines
1443 1706 1717 1762 separare,
1769 1708 1932 1763 quam

321 1792 637 1863 jnmentum
693 1787 924 1858 erigere.
980 1785 1038 1842 Si
1087 1800 1215 1840 vero
1280 1784 1620 1865 inimicorum
1670 1785 1882 1839 asinum
1913 1826 1929 1850 ,

329 1879 502 1934 multo
529 1879 700 1950 magis
729 1880 1025 1934 amicorum
1049 1878 1256 1932 animas
1285 1887 1498 1946 Oportet
1526 1878 1739 1947 erigere
1766 1897 1778 1932 :
1805 1893 1927 1932 cum

326 1973 569 2027 maxime
597 1971 835 2026 deterior
857 1979 939 2024 est
969 1971 1122 2023 ruina
1147 1985 1162 2031 ;
1198 1983 1373 2038 neque
1402 1969 1545 2022 enim
1590 1969 1645 2022 in
1693 1982 1931 2036 caenum,

334 2065 434 2118 sed
462 2064 514 2116 in
560 2063 860 2133 gehennam
889 2060 1027 2132 ignis
1075 2059 1526 2129 incidunt,quod
1580 2061 1671 2114 ira:
1723 2060 1934 2130 pondus

321 2169 488 2225 grave
508 2169 614 2208 non
633 2151 1088 2208 sustinuerint.Tu
1111 2165 1238 2204 vero
1255 2150 1441 2206 videns
1460 2149 1678 2205 fratrem
1702 2152 1804 2206 sub
1827 2167 1937 2206 sar-

322 2248 441 2301 cina
461 2245 730 2314 jacentem
750 2286 764 2310 ,
806 2255 860 2300 et
906 2243 1179 2298 diabolum
1201 2244 1484 2298 instantem
1506 2258 1568 2299 ac
1593 2259 1779 2314 rogum
1810 2260 1933 2300 suc-

323 2339 645 2395 cendentem
665 2379 679 2402 ,
710 2336 1068 2391 inhumaniter
1110 2335 1504 2406 crudeliterque
1541 2337 1932 2406 praetercurris,

321 2430 464 2501 quod
509 2443 578 2484 ne
614 2444 740 2498 erga
770 2429 921 2483 bruta
947 2426 1164 2498 quidem
1205 2427 1321 2481 sine
1353 2429 1588 2495 periculo
1613 2428 1930 2484 admittitur.

403 2525 495 2579 li.
550 2520 657 2576 Eos
698 2523 786 2592 qui
825 2520 1108 2575 rixantt'bus
1147 2536 1247 2573 non
1284 2520 1934 2593 interceduitt,.ittcrepat;

320 2615 528 2677 deinde,
576 2615 714 2683 ipsos
760 2614 1032 2666 rixatores.
1063 2611 1524 2667 —Samaritanus
1575 2612 1791 2682 quidem
1843 2613 1934 2669 ille

320 2706 565 2761 saucium
608 2705 796 2759 videns
823 2704 1083 2774 ignOtum,
1121 2702 1357 2772 nihilque
1391 2701 1456 2757 ad
1499 2717 1621 2757 eum
1661 2705 1934 2773 pertinen-

327 2804 458 2858 tem,
489 2803 546 2849 et
583 2794 748 2856 stetit,
796 2803 849 2847 et
868 2794 1113 2862 jumento
1141 2806 1240 2846 suo
1263 2793 1534 2862 imposuit,
1570 2795 1728 2862 inque
1755 2794 1933 2850 diver-

322 2885 526 2940 sorium
555 2883 798 2949 deduxit,
830 2899 895 2938 ac
923 2884 1188 2938 medicum
1232 2883 1483 2938 mercede
1509 2884 1764 2938 conduxit
1784 2926 1800 2951 ,
1845 2900 1934 2939 ar-

323 2984 649 3045 gentumque
673 2975 862 3044 partim
889 2973 1053 3038 dedit,
1080 2974 1377 3044 partimque
1395 2975 1657 3044 pollicitus
1678 2982 1760 3030 est
1776 2974 1928 3044 (Luc.

325 3067 418 3124 i0.
468 3068 557 3122 55.
599 3065 759 3137 sqq.).
803 3065 884 3121 Tu
926 3081 1053 3121 vero
1081 3067 1206 3120 dum
1252 3066 1522 3120 hominem
1553 3067 1700 3122 vides
1729 3066 1817 3136 qui
1847 3067 1930 3121 in-

325 3160 475 3222 cidit,
505 3175 611 3215 non
643 3160 696 3213 in
742 3159 1002 3222 latrones,
1022 3158 1116 3213 sed
1156 3158 1208 3213 in
1236 3158 1627 3214 dannoniorum
1655 3160 1927 3225 cohortes,

326 3253 523 3321 quique
555 3249 736 3303 furore
776 3259 1063 3318 correptus
1110 3256 1213 3312 est,
1265 3263 1369 3301 non
1402 3248 1455 3301 in
1481 3247 1718 3314 deserto,
1750 3249 1844 3303 sed
1875 3250 1928 3304 in

327 3343 508 3398 medio
539 3342 675 3404 foro,
697 3355 802 3395 non
823 3340 1100 3411 pecuniam
1123 3340 1484 3407 impensurus,
1507 3356 1604 3395 nec
1623 3340 1927 3410 jumentum

324 3436 714 3500 conducturos,
743 3434 824 3488 vel
852 3431 1086 3504 aliquem
1118 3432 1307 3502 procul
1334 3432 1614 3496 missurus,
1641 3431 1738 3486 sed
1766 3433 1928 3488 verba

328 3537 534 3583 tantum
582 3527 903 3596 prolaturus,
950 3524 1219 3580 cunctaris
1266 3538 1331 3578 ac
1374 3523 1590 3594 refugis,
1617 3532 1778 3594 atque
1809 3524 1928 3580 sine

325 3619 696 3676 misericordia
751 3618 1157 3689 praetercurris?
1204 3616 1272 3671 Et
1317 3615 1588 3685 quomodo
1639 3630 1827 3685 speras
1879 3624 1931 3672 te

325 3712 496 3768 Deum
545 3726 795 3777 umquam
843 3709 1130 3778 pmpitium
1161 3707 1464 3761 habiturum
1499 3707 1659 3761 esse?
1682 3705 1802 3762 Jam
1831 3722 1929 3762 vos

324 3807 570 3875 alloquar
597 3805 686 3874 qui
718 3805 770 3858 in
799 3804 915 3858 foro
942 3803 1197 3857 indecore
1216 3802 1394 3872 agitis,
1418 3817 1648 3873 eumque
1667 3804 1756 3873 qui
1783 3802 1930 3858 laedit

324 3906 382 3952 et
411 3897 594 3965 inique
622 3895 750 3964 agit.
799 3893 892 3948 Dic
922 3893 1071 3960 mihi,
1101 3893 1283 3962 plagas
1314 3893 1528 3956 incutis,
1561 3893 1797 3948 calcibus
1824 3894 1929 3947 im-

327 3988 486 4058 pctis,
516 3996 571 4040 et
599 3984 852 4040 mordes?
880 3984 1055 4040 Susne
1081 3984 1325 4038 silvester
1353 3998 1431 4048 es,
1461 3985 1545 4038 vel
1567 3984 1800 4053 onager?
1823 3983 1930 4038 Nec

327 4092 381 4136 te
407 4081 591 4151 pudet,
619 4093 720 4134 nec
746 4077 1042 4134 erubescis.
1072 4076 1143 4130 ita
1170 4075 1446 4139 ell‘eratna,
1475 4077 1564 4144 qui
1594 4076 1926 4130 nobilitatem

332 4184 477 4227 tuam
523 4171 840 4242 prodidisti?
882 4170 939 4224 Si
989 4170 1130 4224 enim
1166 4183 1366 4238 pauper
1390 4184 1471 4232 es,
1514 4177 1567 4220 at
1598 4167 1734 4223 liber
1760 4183 1851 4233 es;
1884 4169 1929 4222 si

328 4263 519 4318 artifex
546 4277 627 4326 es,
672 4261 764 4316 sed
791 4260 1149 4316 Christianus.
1186 4259 1262 4313 Eo
1290 4259 1407 4329 ipso
1436 4259 1576 4326 quod
1616 4273 1818 4330 pauper
1846 4275 1924 4325 es,

329 4355 610 4427 quiescere
634 4353 820 4409 debes.
850 4352 980 4408 Nam
1011 4352 1231 4406 divitum
1263 4361 1344 4405 est
1377 4351 1605 4422 litigare,
1639 4369 1748 4407 non
1795 4369 1928 4422 pau-

332 4463 556 4516 perum;
597 4445 839 4507 divitum,
889 4445 1125 4516 inquam,
1161 4440 1476 4512 quifmultas
1507 4444 1927 4514 liabentjnrgio-

335 4554 453 4594 rum
479 4551 687 4592 causas.
717 4535 796 4590 Tu
836 4551 962 4588 vero
1001 4534 1090 4604 qui
1136 4533 1438 4588 divitiarum
1469 4535 1793 4600 voluptatem
1822 4551 1926 4588 non

334 4630 521 4695 babes,
551 4629 685 4683 mala
713 4639 888 4682 tamen
909 4625 1208 4680 divitiarum
1237 4625 1454 4693 quzcris,
1485 4625 1788 4680 inimicitias
1813 4627 1926 4688 tibi,

333 4722 709 4779 contentiones
756 4730 808 4775 et
839 4720 980 4774 rixas
1009 4719 1303 4782 attraliens,
1337 4720 1552 4772 fratrem
1584 4721 1840 4787 prml‘ocas
1876 4729 1930 4774 et

333 4813 507 4884 augis,
553 4821 607 4865 et
639 4813 847 4880 publice
876 4810 976 4864 sub
1005 4810 1242 4862 omnimn
1271 4809 1440 4862 oculis
1473 4811 1767 4879 prosternis
1794 4832 1806 4865 :
1833 4826 1931 4865 nec

335 4913 389 4959 te
409 4912 564 4973 putas
591 4901 757 4971 magis
784 4901 1034 4954 indecore
1059 4914 1241 4970 agere,
1265 4899 1390 4952 dum
1419 4900 1644 4954 ferarum
1673 4900 1930 4969 impetum

336 4993 584 5058 imitaris,
630 4991 922 5062 quinetiam
967 4991 1072 5043 illis
1108 4989 1340 5044 deterior
1378 4989 1600 5043 effectus
1628 5005 1706 5044 es.
1741 4990 1930 5046 Omnia

335 5085 530 5152 quippe
561 5082 663 5136 illis
692 5080 991 5134 communia
1022 5089 1164 5144 sunt,
1197 5080 1352 5133 simul
1382 5093 1794 5152 congregantur,
1823 5099 1928 5137 una

340 5174 625 5239 incedunt;
672 5174 826 5227 nobis
869 5189 996 5228 vero
1028 5173 1159 5226 nihil
1186 5189 1470 5228 Commune
1497 5183 1596 5237 est,
1632 5175 1723 5228 sed
1752 5176 1930 5232 omnia

339 5281 430 5320 sus
467 5268 642 5334 deque
684 5267 850 5333 posita
883 5273 1025 5327 sunt,
1061 5265 1206 5328 rixae,
1236 5265 1628 5331 contentiones,
1666 5267 1929 5333 convicia,

356 5357 1254 5368 ~—_————_..——-—o-.——~_4-.__—'_—
1265 5358 1311 5362 -..-
1323 5359 1334 5362 -
1344 5357 1406 5364 --ο
1421 5359 1506 5363 ---ν
1515 5358 1588 5364 ρ-
1597 5359 1690 5365 -..ν-

404 5360 580 5368 —_————

583 5359 648 5367 __.

649 5358 810 5367 ...υ-ρ

845 5631 1001 5702 legent
1033 5638 1120 5681 aut
1146 5629 1434 5698 prophetas.

424 5726 469 5780 Ι.
498 5723 666 5796 Quare
700 5724 928 5780 Christus
953 5740 1003 5779 sc
1024 5741 1122 5777 non
1156 5725 1345 5778 solvero
1375 5723 1534 5792 legem
1560 5727 1861 5790 asseruerit;
1893 5736 1940 5782 et

1497 295 1562 354 ΙΝ
1600 295 2008 354 ΜΛΤΤΗιΕυΜ
2048 296 2280 358 HOMIL.
2321 299 2463 356 XVI.

1911 5361 1916 5364 .
1939 5360 2000 5368 ._
2019 5361 2274 5369 ὴ.-

1703 5434 1879 5495 ΗΟΜ
1889 5435 2051 5496 ILIA
2098 5435 2270 5496 XVI.

344 5538 472 5595 Car.
517 5539 570 5595 5.
613 5555 669 5592 ν.
708 5540 797 5593 Π.
840 5537 1014 5591 Nolite
1055 5547 1252 5605 putare,
1297 5538 1432 5605 quod
1487 5531 1703 5593 venerim
1747 5543 1940 5595 solvere

3541 313 3652 370 238

2044 402 2355 479 inimicitize,
2376 414 2740 470 contumeliae.
2789 415 2896 472 Sed
2924 433 3100 489 neque
3126 420 3318 475 aetum
3351 423 3522 491 ipsimi
3559 442 3648 479 re-

2041 515 2312 567 veremur,
2339 518 2449 574 quo
2472 519 2662 560 omnes
2690 505 2851 561 slmul
2881 509 3059 564 vocati
3085 525 3296 577 sumus,
3328 529 3505 582 neque
3530 524 3646 570 ter-

2042 608 2157 648 ram
2200 610 2320 664 qua:
2369 595 2525 651 nobis
2572 598 2824 653 omnibus
2877 601 3115 666 obvenit,
3171 619 3349 673 neque
3395 617 3647 663 naturam

2042 683 2211 752 ipsam
2245 685 2381 742 :sed
2429 687 2610 742 omnia
2661 690 2823 744 simul
2879 691 2958 746 ira
3010 700 3066 747 et
3111 707 3265 748 amor
3298 697 3646 763 pecuniarum

2042 774 2340 846 dissipavit.
2373 778 2488 834 Non
2536 780 2689 836 vides
2729 782 2880 837 illum
2909 784 2998 854 qui
3028 783 3216 840 decem
3253 787 3418 842 millia
3450 789 3657 845 talenta

2040 867 2293 934 debebat,
2324 879 2607 940 postquam
2655 872 2740 928 illa
2782 873 2883 929 sibi
2914 875 3138 931 remissa
3170 877 3397 946 fuerant,
3423 893 3648 935 conser-

2041 974 2167 1013 vum
2209 974 2365 1015 suum
2407 962 2760 1019 suti‘ocantem
2819 979 2914 1036 pro
2955 977 3172 1022 centum
3217 969 3473 1037 denariis,
3519 977 3653 1043 quo!

2041 1048 2179 1102 mala
2210 1047 2380 1104 subiit
2410 1062 2463 1106 et
2488 1053 2760 1122 quomodo
2788 1065 2993 1110 ωιεηιο
3024 1057 3248 1112 traditus
3280 1059 3345 1113 sit
3383 1060 3651 1130 supplicio

2043 1138 2275 1209 (Matth.
2309 1142 2398 1198 18.
2429 1142 2520 1199 28.
2563 1161 2672 1215 sqq.
2696 1143 2760 1217 )?
2800 1145 2915 1202 Non
2964 1148 3121 1204 times
3162 1151 3510 1220 exemplum?
3537 1168 3650 1209 non

2041 1235 2237 1291 metuis
2265 1252 2334 1292 ne
2361 1245 2415 1290 tu
2446 1238 2637 1293 eadem
2661 1240 2922 1309 patiaris?
2945 1241 3154 1297 Etenim
3186 1258 3283 1298 nos
3302 1261 3517 1316 quoque
3546 1246 3657 1301 Do-

2043 1326 2190 1382 mino
2220 1328 2449 1398 plurima
2477 1344 2778 1400 magnaque
2803 1331 3096 1397 debemus;
3129 1336 3217 1390 ille
3254 1345 3430 1391 tamen
3455 1353 3649 1407 exspe-

2044 1428 2153 1474 ctat
2196 1429 2252 1475 et
2292 1422 2557 1490 mtienter
2603 1424 2711 1492 agit
2744 1441 2758 1477 :
2792 1438 2898 1479 non
2929 1425 3110 1488 instat,
3144 1435 3202 1481 ut
3241 1442 3342 1483 nos
3369 1429 3649 1485 conservis

2044 1511 2243 1566 nostris
2271 1528 2284 1564 :
2317 1526 2424 1566 non
2455 1527 2555 1567 nos
2584 1513 2732 1584 angit
2755 1523 2811 1570 et
2835 1513 3061 1571 suffoeat
3093 1535 3105 1572 :
3133 1527 3281 1573 certe
3300 1519 3350 1575 si
3379 1520 3466 1575 vel
3490 1519 3650 1575 mini-

2041 1615 2184 1654 mam
2207 1612 2414 1669 partem
2442 1602 2606 1658 vellet
2623 1618 2655 1657 a
2679 1604 2834 1659 nobis
2852 1605 3090 1675 exigere,
3112 1607 3227 1677 jam
3243 1608 3369 1662 olim
3395 1609 3649 1679 periisse-

2041 1706 2184 1745 mus.
2214 1690 2339 1745 llrc
2384 1693 2564 1763 itaque
2589 1693 2912 1764 cogitantes,
2947 1695 3152 1763 dilecti,
3193 1697 3560 1765 bumiliemur,
3591 1708 3648 1756 et

2041 1781 2376 1839 debitoribus
2422 1787 2619 1841 nostris
2665 1787 2894 1857 gratiam
2945 1787 3286 1845 habeamus:
3331 1800 3458 1846 sunt
3498 1791 3646 1846 enim

2041 1874 2218 1940 nobis,
2265 1877 2310 1931 si
2334 1861 2800 1948 philosophemur,
2819 1881 3034 1935 occasio
3064 1882 3313 1938 maxima:
3360 1883 3644 1955 indulgen-

2041 1964 2130 2019 tiae
2157 1983 2171 2019 :
2203 1973 2260 2020 et
2290 1981 2452 2036 pauca
2477 1967 2684 2031 dantes.
2709 1969 2941 2039 plurima
2961 1971 3308 2042 accipiemus.
3327 1973 3467 2041 Quid
3489 1976 3648 2046 igitur

2042 2054 2308 2111 violenter
2349 2057 2416 2111 ab
2457 2073 2524 2113 eo
2570 2060 2762 2129 exigis,
2799 2074 2924 2115 cum
2970 2071 3264 2130 oporteret,
3291 2066 3504 2119 etiamsi
3530 2066 3647 2136 ipse

2040 2146 2253 2201 solvere
2296 2147 2484 2213 vellet,
2532 2148 2772 2204 debitum
2824 2152 3121 2218 remittere,
3171 2163 3227 2208 ut
3267 2164 3437 2210 totum
3467 2171 3500 2211 a
3535 2157 3650 2212 Deo

2039 2235 2349 2306 acciperes?
2371 2237 2525 2294 Nimc
2553 2255 2684 2295 vero
2707 2240 2838 2294 nihil
2866 2255 2972 2296 non
2995 2243 3130 2312 agis,
3163 2243 3271 2298 vim
3303 2245 3490 2311 infers,
3513 2261 3646 2301 eon-

2042 2327 2238 2394 tendis,
2272 2338 2328 2381 ut
2356 2329 2448 2383 tibi
2479 2330 2608 2382 nihil
2635 2346 2704 2384 ex
2728 2331 2924 2388 debitis
2960 2334 3062 2388 tuis
3108 2334 3442 2400 remittatur;
3475 2347 3530 2401 e,t
3561 2338 3645 2391 vi-

2040 2417 2188 2472 deris
2229 2418 2448 2489 quidem
2490 2421 2736 2489 proximo
2781 2431 2874 2476 tuo
2913 2422 3216 2478 molestiam
3267 2425 3487 2492 inferre,
3515 2426 3648 2483 dum

2038 2511 2274 2583 gladium
2303 2513 2398 2568 tibi
2425 2513 2702 2590 admoves,
2733 2526 2786 2570 et
2808 2515 3066 2586 gehennae
3094 2518 3410 2587 supplicium
3443 2536 3648 2590 auges;

2039 2606 2084 2660 si
2115 2615 2292 2660 autem
2319 2597 2400 2660 vel
2425 2607 2690 2661 tantillum
2721 2608 2808 2663 hic
2856 2608 3271 2678 philosopheris,
3306 2610 3535 2664 leviores
3561 2612 3644 2666 ef-

2039 2695 2156 2749 ﬁcis
2194 2696 2433 2752 rationes
2473 2711 2767 2768 poenasque
2799 2707 2937 2752 tuas.
2970 2698 3182 2755 Etenim
3210 2701 3346 2756 Deus
3377 2700 3499 2756 ideo
3530 2702 3650 2758 vult

2038 2793 2096 2838 ut
2123 2782 2265 2854 apud
2292 2800 2390 2840 nos
2420 2784 2725 2856 hujusmodi
2750 2776 3045 2844 liberalitas
3074 2789 3294 2850 oriatur,
3324 2800 3381 2844 ut
3409 2793 3647 2847 occasiu-

2038 2889 2160 2929 nem
2211 2874 2337 2930 hinc
2379 2887 2558 2946 captet
2606 2877 2831 2946 plurima
2882 2879 3039 2934 nobis
3082 2880 3336 2934 donandi.
3370 2881 3645 2952 Quotquot

2037 2966 2199 3035 igitur
2243 2967 2516 3023 debitores
2560 2970 2651 3023 tibi
2696 2980 2842 3035 sunt,
2889 2972 3002 3026 sive
3046 2973 3111 3025 de
3152 2974 3410 3042 pecuniis,
3439 2975 3551 3028 sive
3576 2975 3649 3028 de

2038 3056 2258 3113 circ-usis
2285 3068 2492 3128 agatur,
2539 3059 2637 3113 bos
2664 3075 2855 3115 omnes
2883 3060 3093 3116 dimitte
3139 3063 3357 3130 liberos,
3390 3074 3445 3118 et
3472 3080 3502 3118 a
3535 3065 3651 3119 Deo

2038 3151 2271 3220 pustula,
2317 3160 2379 3206 ut
2429 3160 2590 3206 tanta:
2639 3155 3093 3222 magnanimitatis
3138 3155 3229 3208 tibi
3273 3158 3416 3211 vices
3449 3173 3644 3226 repen-

2037 3239 2250 3295 dantur.
2297 3242 2478 3297 Donec
2520 3243 2664 3297 enim
2713 3245 2856 3313 ipsos
2901 3244 3178 3300 debitores
3205 3247 3444 3312 habebis,
3477 3249 3642 3303 Deum

2036 3332 2335 3389 debitorem
2376 3350 2481 3389 non
2528 3335 2796 3403 habebis;
2841 3337 2922 3391 sin
2955 3338 3078 3392 illos
3109 3339 3308 3394 liberos
3350 3340 3642 3408 dimiseris,

2037 3425 2238 3493 poteris
2270 3439 2301 3478 a
2357 3426 2466 3481 Deo
2511 3427 2726 3497 exigere
2765 3442 2887 3481 cum
2940 3429 3191 3484 instantia
3239 3447 3428 3501 magna
3482 3441 3643 3487 tanta:

2037 3513 2393 3584 philosOphize
2440 3516 2772 3572 mercedem.
2824 3517 2881 3573 Si
2926 3519 3069 3573 enim
3116 3520 3277 3575 homo
3307 3522 3638 3590 prarteriens,

2037 3604 2329 3676 vidensque
2352 3615 2404 3661 te
2430 3607 2728 3664 debitorem
2776 3617 2982 3676 tenere,
3007 3611 3221 3680 jubcrct
3261 3622 3312 3667 te
3356 3613 3526 3683 ipsmn
3556 3615 3644 3669 di-

2037 3697 2276 3761 mittere,
2320 3707 2375 3751 et
2405 3698 2501 3752 abs
2539 3712 2599 3752 se
2628 3698 3202 3770 debitumreposeere,
3234 3719 3339 3758 arm
3366 3717 3512 3760 certe
3557 3708 3638 3762 in-

2035 3795 2222 3856 gratus
2266 3787 2341 3841 illi
2388 3788 2528 3842 foret
2573 3799 2694 3858 post
2738 3791 3136 3859 remissionem,
3171 3802 3352 3864 utpote
3380 3798 3549 3866 quiin
3581 3812 3643 3853 se

2039 3887 2208 3933 totum
2256 3880 2933 3950 transtuleritzquomodo
2984 3884 3127 3938 Deus
3175 3901 3282 3939 non
3338 3887 3488 3956 plura
3515 3889 3639 3955 alia,

2039 3971 2146 4023 imo
2187 3970 2384 4024 millies
2416 3971 2565 4039 plura
2598 3972 2808 4038 reddet,
2833 3989 2954 4028 cum
2985 3975 3101 4044 ejus
3140 3988 3405 4048 prmceptc
3433 3981 3643 4036 obtem-

2037 4069 2308 4130 perantes,
2333 4060 2604 4116 debitores
2628 4074 2862 4130 nostros,
2887 4080 2988 4120 nec
3006 4082 3248 4134 parvum,
3271 4085 3368 4125 nec
3389 4087 3643 4141 magnum

2037 4155 2105 4207 ab
2146 4156 2225 4209 eis
2255 4155 2678 4222 expostulantes,
2729 4155 3098 4212 dimi-erimus
3144 4176 3362 4228 prorsus
3405 4151 3643 4219 liberos?

2037 4245 2114 4300 Ne
2143 4256 2545 4315 temporaneam
2569 4247 2712 4300 illam
2738 4248 3064 4318 voluptatem
3087 4253 3446 4318 attendamus,
3478 4272 3640 4327 quam

2038 4339 2218 4393 debita
2252 4347 2560 4407 repetentes
2587 4340 2912 4408 accipimus;
2956 4342 3052 4398 sed
3082 4345 3336 4400 damnum
3368 4348 3496 4402 illud
3521 4360 3641 4404 tan-

2040 4440 2174 4494 tum,
2199 4430 2339 4500 quod
2370 4430 2424 4483 in
2448 4430 2626 4482 futuro
2668 4445 3061 4501 exspectamus,
3097 4435 3148 4489 in
3181 4436 3334 4491 bonis
3361 4439 3642 4496 immorta-

2040 4521 2178 4574 libus
2227 4535 2325 4574 nos
2373 4520 2519 4588 ipsos
2569 4520 2844 4576 bidentes.
2876 4521 3139 4580 Omnibus
3179 4541 3308 4596 ergo
3337 4533 3644 4597 superiores

2039 4609 2186 4675 facti,
2237 4608 2531 4679 largiamur
2576 4621 2630 4665 et
2677 4613 2928 4679 pecunias
2955 4625 3008 4669 et
3053 4614 3281 4672 offensas
3311 4619 3644 4678 debitoribus

2040 4702 2258 4768 nostris,
2288 4713 2341 4757 ut
2367 4702 2595 4760 leviores
2621 4706 2776 4760 nobis
2799 4707 3033 4762 rationes
3051 4709 3348 4765 reddendas
3369 4729 3640 4780 paremus;

2039 4803 2094 4849 et
2121 4795 2264 4865 quod
2294 4812 2398 4850 non
2439 4798 2707 4866 potuimus
2738 4812 2832 4867 per
2859 4800 2990 4855 alias
3020 4801 3243 4857 virtutes
3271 4806 3510 4874 assequi,
3551 4825 3646 4875 per

2039 4889 2362 4944 oblivionem
2401 4891 2718 4960 injuriarum
2734 4905 3145 4964 consequentes,
3164 4907 3363 4950 a-terna
3383 4899 3643 4966 adipisca-

2039 4996 2159 5034 mur
2192 4981 2350 5045 bona,
2382 4985 2549 5052 gratia
2581 4994 2636 5037 et
2661 4984 3033 5040 misericordia
3071 4969 3288 5042 'Domini
3315 4991 3483 5042 nostri
3514 4991 3642 5045 Jesu

2041 5072 2261 5133 Christi,
2305 5073 2392 5126 cui
2435 5074 2603 5141 gloria
2649 5087 2702 5128 et
2732 5075 3036 5142 imperium,
3069 5094 3210 5132 nunc
3236 5089 3289 5132 et
3319 5095 3553 5150 semper,
3595 5093 3650 5137 et

2044 5163 2098 5215 in
2124 5163 2314 5217 smcula
2346 5164 2683 5217 saeculorum.
2718 5165 2908 5218 Anien.

2849 5364 2858 5366 _
2869 5363 2876 5367 .
2891 5363 3078 5371 ...κ-Α-
3092 5364 3640 5381 _.—.—____._.—__-.._.

2046 5557 2137 5594 cur
2160 5558 2261 5595 non
2291 5558 2460 5595 omnia
2475 5546 2620 5611 quasi
2645 5545 2946 5597 auctoritate
2965 5560 3055 5597 sua
3078 5546 3329 5615 faciat.—
3347 5545 3476 5612 Quis
3503 5546 3647 5600 enim

2047 5632 2099 5687 id
2127 5631 2302 5688 fucat
2331 5636 2672 5704 suspicatus?
2701 5647 2792 5690 aut
2823 5637 2943 5707 quis
2969 5637 3263 5706 objecerat,
3307 5648 3365 5692 ut
3397 5638 3518 5691 huic
3548 5638 3650 5691 ob-

2041 5726 2263 5796 jectioni
2291 5729 2635 5783 occurreret?
2665 5729 2848 5800 Neque
2875 5730 3016 5786 enim
3048 5746 3110 5786 cx
3144 5729 3301 5786 dictis
3325 5730 3443 5785 talis
3469 5730 3650 5800 suspiv
