4124 6302
553 329 661 383 939

541 442 628 494 cio
652 440 921 494 oriebatur
953 458 965 495 :
1002 457 1123 497 nam
1164 446 1305 514 quod
1347 447 1558 516 juberct
1585 451 1743 507 mites
1762 466 1902 519 esse,
1928 445 2118 535 mode—

540 541 674 598 stos,
730 533 1123 600 misericordes,
1180 539 1407 593 mundos
1462 542 1623 596 corde
1672 552 1729 599 et
1775 559 1872 613 pro
1905 534 2116 615 justiti)

535 621 836 688 decertare,
868 624 996 678 nihil
1027 625 1202 681 simile
1233 628 1532 694 indicebat;
1565 632 1672 687 itno
1700 633 1821 689 huic
1850 637 1925 689 rei
1955 638 2123 705 oppo-

534 710 696 765 situm
718 720 851 766 erat.
874 713 986 779 Qua
1009 729 1135 785 ergo
1155 716 1220 775 de
1240 733 1395 772 causa
1418 720 1518 775 hoc
1536 721 1674 776 dixit
1688 723 1710 777 7
1724 722 1837 778 Non
1856 724 2121 781 incassm

535 814 636 854 nec
664 800 891 867 frustra;
923 805 1015 860 sed
1063 807 1183 876 quia
1214 810 1479 866 veteribus
1510 816 1786 885 praeceptis
1811 816 2011 886 majora
2037 818 2119 872 la-

535 899 686 944 turus
718 902 854 957 erat,
883 893 1069 951 dicens
1098 917 1111 951 :
1140 898 1381 965 Audistis,
1405 902 1523 971 quia
1562 904 1752 959 dictum
1778 915 1852 961 est
1876 908 2114 976 antiquis,

537 976 655 1033 Non
673 982 896 1048 occides;
916 1001 1004 1054 ego
1019 995 1183 1040 autem
1201 988 1313 1043 dico
1328 992 1482 1058 vobis,
1494 992 1573 1047 Ne
1588 995 1879 1050 irascamini
1903 996 2114 1067 (Matth.

531 1067 584 1121 fi.
607 1068 667 1123 2i
686 1110 697 1124 .
715 1070 831 1141 22);
860 1072 1161 1130 utdivinam
1177 1081 1455 1147 quamdam
1474 1085 1806 1140 accazlestem
1828 1087 1966 1142 viam
1991 1103 2117 1158 ape-

542 1159 685 1223 riret,
734 1176 801 1214 ne
844 1164 919 1217 rei
970 1167 1175 1221 novitas
1212 1170 1509 1227 auditorum
1539 1175 1745 1231 animos
1776 1179 2028 1241 turbaret,
2062 1188 2115 1234 et

535 1247 601 1303 ad
627 1246 974 1308 dubitandum
1001 1255 1068 1310 de
1096 1256 1251 1315 dictis
1275 1261 1580 1329 adduceret,
1610 1265 1711 1322 hac
1731 1268 1895 1323 utitur
1915 1270 2113 1338 prtevia

531 1340 792 1394 cautione.
823 1341 1037 1398 Etiamsi
1080 1348 1221 1401 enim
1252 1349 1419 1421 legem
1450 1369 1555 1408 non
1584 1355 1881 1427 implerent,
1910 1374 2103 1429 magno

532 1437 707 1483 tamen
735 1444 857 1500 erga
902 1433 1042 1488 illam
1080 1440 1395 1497 tenebantur
1436 1445 1647 1509 affectu,
1678 1462 1740 1503 ac
1781 1448 1905 1504 licet
1941 1451 2108 1518 ipsam

528 1518 764 1586 quotidie
813 1522 1092 1590 violarent,
1144 1528 1319 1584 literas
1358 1518 1532 1587 tamen
1582 1536 1826 1592 volebant
1865 1540 2111 1596 immotas

533 1621 770 1671 manere,
823 1612 1057 1683 nihilque
1103 1618 1230 1686 ipsis
1274 1622 1463 1691 adjici;
1513 1626 1621 1691 imo
1648 1644 1775 1685 vero
1811 1632 2051 1702 qnardam
2077 1649 2108 1688 a

528 1697 854 1768 principibus
895 1705 1006 1759 suis
1035 1706 1209 1762 addita
1239 1712 1537 1782 tuebantur,
1583 1734 1701 1788 qua:
1736 1697 1882 1777 certe
1910 1738 2015 1778 non
2040 1723 2108 1779 ad

528 1787 737 1856 melius,
763 1792 855 1847 sed
881 1794 947 1847 ad
979 1796 1129 1867 pejus
1157 1805 1465 1872 vergebant.
1490 1787 1702 1865 Etenim
1731 1814 1987 1869 honorem
2013 1829 2109 1884 pa-

527 1880 768 1937 rentibus
796 1883 1033 1941 debitum
1078 1889 1563 1955 hisadditamentis
1587 1902 1882 1971 solverunt,
1923 1913 1980 1960 et
2003 1880 2107 1962 in.

527 1968 750 2044 plurima
813 1974 1128 2044 importunis
1188 1984 1546 2045 additionibus
1607 1968 2103 2062 pessumdederunt.

526 2057 786 2125 Quoniam
808 2079 936 2136 ergo
958 2066 1203 2128 Christus
1232 2090 1297 2129 ex
1324 2057 1639 2136 sacerdotali
1667 2084 1806 2141 tribu
1832 2101 1939 2142 non
1964 2096 2100 2153 erat,

524 2157 581 2203 ct
625 2167 743 2220 quae
795 2155 911 2225 ipse
954 2152 1263 2221 inducturus
1305 2179 1457 2235 erat,
1520 2172 1937 2233 additamentum
1987 2152 2101 2235 erat

522 2240 829 2311 quodpiam,
857 2249 997 2317 quod
1024 2251 1268 2310 virtutem
1290 2272 1395 2313 non
1422 2261 1706 2330 minueret,
1730 2266 1825 2323 sed
1852 2278 2098 2340 augeret:

527 2326 640 2382 lucc
663 2332 820 2386 ambo
848 2338 1164 2409 praevidens,
1192 2358 1310 2414 qua:
1338 2348 1482 2419 ipsos
1506 2326 1776 2411 turbatura
1800 2326 1974 2424 eran‘l,
2000 2374 2099 2413 an-

525 2425 735 2487 tequam
761 2422 1097 2484 admirandas
1124 2432 1240 2488 illas
1282 2436 1425 2509 leges
1464 2442 1665 2514 scripto
1694 2445 1831 2501 tradi
1865 2459 2098 2518 curaret,

523 2505 655 2563 illud
698 2513 873 2581 rejicit
914 2519 1055 2586 quod
1099 2522 1204 2577 illis
1251 2526 1302 2581 in
1340 2505 1590 2586 mentem
1629 2546 1912 2592 venturum
1960 2549 2095 2594 erat.

522 2595 657 2664 Quid
682 2614 809 2657 vero
835 2603 961 2662 illud
988 2621 1103 2665 erat
1127 2616 1268 2683 quod
1290 2617 1604 2690 subreperet
1626 2633 1680 2679 et
1698 2625 1854 2693 obiici
1875 2632 2099 2699 posset?

521 2685 787 2746 Putabant
828 2695 971 2751 illum
1017 2700 1131 2758 bzec
1173 2705 1355 2764 dicere
1400 2685 1466 2765 ad
1498 2712 1684 2784 legalia
1728 2685 1909 2774 vetera
1936 2720 2098 2776 abro-

518 2778 710 2847 ganda.
738 2781 890 2841 Hanc
934 2788 1112 2860 itaque
1149 2804 1299 2851 sanat
1335 2778 1663 2868 opinionem.
1689 2804 1869 2876 Neque
1893 2808 1979 2865 hic
2004 2826 2094 2866 so-

520 2866 630 2921 lum
662 2867 763 2926 hoc
806 2871 953 2941 facit,
993 2880 1087 2935 sed
1114 2892 1167 2938 et
1195 2884 1319 2939 alibi
1348 2866 1577 2959 quoque.
1616 2894 1749 2964 Quia
1778 2866 1919 2952 enim
1952 2900 2095 2955 illum

517 2956 882 3018 adversarium
914 2965 1023 3023 Deo
1047 2971 1334 3029 credebant
1408 2956 1485 3033 eoi
1514 2984 1652 3050 quod
1682 2985 1957 3042 sabbatum
1989 3006 2092 3044 non

518 3058 786 3114 servaret,
821 3062 877 3107 ut
901 3056 1038 3113 hanc
1063 3060 1274 3118 illorum
1302 3069 1655 3137 suspicionem
1681 3088 1953 3141 amoveat,
1989 3081 2095 3134 illic

516 3149 729 3207 quoque
748 3140 1087 3203 defensiones
1111 3156 1399 3221 expromit,
1424 3158 1646 3232 illasque
1671 3164 1769 3218 sibi
1797 3182 2095 3236 congruen-

519 3236 598 3280 tcs
624 3245 639 3281 :
666 3238 723 3281 ut
747 3246 866 3285 cum
896 3233 1019 3290 dicit
1046 3256 1059 3291 :
1088 3238 1246 3295 Puler
1275 3261 1412 3301 meus
1436 3261 1687 3319 operatur,
1720 3264 1768 3309 et
1796 3274 1887 3327 ego
1904 3233 2095 3330 bperor

516 3313 714 3381 (Joan.
740 3320 795 3377 5.
820 3322 885 3377 l7
906 3321 957 3395 );
989 3326 1120 3383 alias
1146 3347 1271 3386 vero
1299 3313 1613 3395 demissiore
1645 3313 1801 3399 modo
1822 3313 2085 3418 ~prolatas,

517 3412 574 3457 ut
600 3420 720 3461 cum
747 3425 901 3466 ovem
930 3415 981 3469 in
1018 3418 1246 3474 medium
1278 3423 1434 3481 aliert
1470 3430 1521 3483 in
1568 3432 1787 3489 sabbato
1810 3412 2088 3509 perditam,

512 3500 567 3545 et
586 3497 814 3553 ostendit
832 3500 897 3555 ad
918 3503 1034 3571 ejus
1052 3509 1275 3565 salutem
1299 3514 1465 3585 legem
1492 3518 1655 3577 fuisse
1689 3497 1912 3581 solutam
1937 3570 1954 3597 ,
1982 3533 2089 3586 cir-

512 3586 886 3644 camcisionem
913 3608 1123 3665 quoque
1150 3600 1372 3671 idipsum
1410 3608 1685 3669 facientem
1706 3632 2091 3679 commemorat

512 3673 533 3742 (
570 3672 751 3731 naut.
783 3681 869 3735 ta.
902 3685 987 3739 ll.
1022 3687 1086 3741 η
1110 3690 1151 3758 ).
1182 3691 1306 3749 ideo
1340 3672 2091 3785 sctlicetbum’dioribusmsaz—pe

516 3762 693 3820 verbis
718 3768 951 3838 loquitur
972 3816 989 3840 ,
1024 3787 1081 3833 ut
1108 3781 1414 3849 opinionem
1454 3789 1597 3845 illam
1621 3834 1637 3858 ,
1668 3810 1772 3863 qua

513 3852 625 3919 ipse
650 3854 761 3911 Deo
780 3860 1069 3931 adversari,
1097 3870 1415 3929 eliminaret.
1446 3852 1645 3936 Idcirco
1671 3852 1757 3954 qui
1788 3852 1948 3943 v'erbo
1968 3894 2083 3949 solo

511 3940 819 4001 innumeros
844 3964 1086 4010 mortuos
1110 3964 1471 4031 suscitaverat,
1496 3966 1614 4024 eum
1642 3970 1897 4032 Lazarum
1922 3996 2081 4038 voca-

508 4031 603 4096 vit,
626 4043 679 4089 et
697 4040 936 4097 oratione
952 4060 989 4098 n
1011 4046 1202 4116 adjecit
1217 4051 1391 4120 (Joan.
1405 4057 1457 4110 ll
1474 4098 1487 4112 .
1502 4059 1592 4131 Η)
1608 4077 1623 4127 ;
1642 4063 1854 4132 deinde,
1876 4031 2082 4129 ne

510 4121 665 4179 Patre
682 4139 781 4182 suo
800 4131 974 4187 mintr
993 4138 1361 4197 ostenderetur
1377 4186 1391 4209 ,
1417 4155 1469 4200 et
1489 4158 1547 4201 ut
1566 4148 1702 4206 hanc
1721 4160 2080 4225 suspicionem

504 4215 850 4286 emendaret,
888 4224 1161 4293 subjunxit
1188 4246 1203 4282 :
1234 4229 1357 4289 [hec
1381 4234 1489 4287 dixi
1517 4249 1721 4308 propter
1743 4215 1939 4302 turbam
1975 4254 2079 4305 eir-

504 4313 828 4361 cnmstautem
848 4351 862 4375 ,
887 4321 941 4363 ut
960 4316 1165 4370 credant
1187 4320 1304 4387 quia
1332 4332 1384 4374 tu
1404 4341 1481 4377 me
1504 4328 1680 4383 misisti
1710 4333 1866 4404 (Ibid.
1893 4354 1939 4391 ll.
1958 4342 2071 4412 42).

501 4389 686 4461 Neque
714 4399 888 4453 omnia
910 4405 1058 4470 quasi
1086 4422 1181 4461 sua
1202 4414 1516 4472 auctoritate
1540 4418 1682 4489 facit,
1705 4389 1759 4477 ut
1784 4389 2074 4488 inilrmitaii

500 4495 683 4538 eorum
716 4501 772 4540 se
811 4500 1158 4563 attempcrct;
1193 4515 1363 4571 neque
1389 4505 1545 4569 etiam
1573 4513 1757 4571 omnia.
1783 4520 2073 4586 praemissis

501 4573 740 4636 precibus
760 4576 901 4644 facit,
921 4596 989 4636 ne
1010 4589 1237 4652 posteris
1255 4592 1573 4666 relinqueret
1591 4573 1906 4671 suspicionis
1925 4623 2074 4681 argu~

498 4669 730 4717 mentum
750 4704 764 4725 ,
796 4669 944 4734 quasi
974 4672 1177 4730 scilicet
1204 4678 1441 4737 inﬁmus
1466 4692 1523 4741 et
1551 4669 1812 4759 impotens
1836 4696 1943 4763 sit,
1969 4669 2065 4757 sed

496 4749 609 4807 lnec
630 4753 731 4808 illis
752 4768 806 4811 et
821 4758 907 4813 illa
928 4761 1012 4817 his
1027 4765 1302 4826 admiscet.
1330 4773 1459 4827 illud
1478 4789 1652 4834 autem
1671 4797 1775 4838 non
1798 4785 1915 4842 sine
1933 4798 2065 4845 tem-

495 4856 803 4910 peramento
826 4851 976 4919 facit,
996 4858 1089 4912 sed
1110 4874 1231 4915 cmn
1251 4862 1457 4921 decenti
1479 4870 1576 4924 sibi
1598 4876 1899 4941 prudentia.
1933 4865 2067 4940 Nam

489 4943 547 4988 et
567 4935 766 5005 majora
793 4942 913 4998 facit
937 4951 1086 5016 quasi
1109 4964 1417 5020 potestatem
1447 4959 1667 5031 habens,
1689 4978 1744 5022 et
1765 4970 1817 5025 in
1846 4974 2068 5031 minori-

489 5024 588 5079 bus
609 5028 673 5080 ad
692 5031 881 5087 caelum
901 5040 1132 5106 respicit.
1151 5042 1418 5113 Siquidem
1446 5066 1564 5107 cum

486 5126 607 5167 cmn
636 5116 841 5175 secreta
877 5128 1111 5196 revelat,
1140 5143 1193 5187 et
1221 5138 1518 5203 paradisum
1556 5149 1759 5217 aperit,
1792 5166 1915 5207 cum
1955 5156 2064 5212 da:-

485 5218 671 5259 tnonas
720 5211 895 5276 pellit,
935 5231 1054 5272 cum
1097 5220 1339 5291 leprosos
1384 5234 1636 5303 mundat,
1675 5254 1797 5295 cum
1836 5256 2060 5304 mortem

484 5292 690 5360 frenat,
710 5314 832 5357 cum
853 5317 1088 5365 mortuos
1109 5318 1326 5374 suscitat
1352 5321 1655 5385 innumeros
1673 5372 1689 5396 ,
1709 5332 1860 5402 jussu
1880 5343 2055 5397 omnia

482 5383 641 5451 facit;
671 5403 792 5445 cum
819 5407 991 5453 autem
1013 5440 1028 5463 ,
1059 5406 1199 5473 quod
1232 5412 1395 5467 mttlte
1419 5418 1592 5473 minus
1617 5433 1732 5475 erat
1754 5463 1769 5489 ,
1801 5442 1963 5494 panes
1991 5446 2053 5486 cx

484 5480 666 5545 paucis
690 5484 885 5543 multos
912 5490 1056 5557 fecit,
1090 5506 1215 5554 tunc
1243 5501 1294 5555 in
1320 5506 1505 5560 caelum
1533 5480 1914 5586 respexit,.per
1940 5538 2055 5576 om-

482 5567 567 5619 nia
593 5573 883 5631 estcndens
908 5594 970 5634 sc
995 5598 1099 5639 non
1132 5603 1195 5642 ex
1233 5590 1537 5653 infirmitate
1562 5599 1665 5657 hoc
1694 5603 1884 5663 facere.
1919 5610 2051 5667 Nam

490 5660 583 5735 qui
601 5668 802 5737 majora
830 5680 1031 5733 poterat
1049 5690 1168 5730 cum
1193 5692 1454 5751 potestate
1480 5688 1675 5761 facere,
1702 5700 1971 5765 quomodo
1997 5704 2052 5759 in

1262 335 1319 391 S.
1357 337 1636 397 JOANNIS
1670 341 2139 401 CHRYSOSTOMI
2176 344 2496 402 ARCHIEP.
2535 348 3071 413 CONSTANTINUP.

2163 5538 2260 5590 non
2282 5542 2429 5590 posse
2449 5536 2640 5585 ammad

3710 376 3814 432 illi

2228 454 2522 512 minoribus
2549 474 2707 530 prece
2725 477 2861 532 opus
2885 465 3196 526 habuisset?
3222 473 3348 542 Sed,
3376 479 3516 547 quod
3537 481 3651 550 jam
3678 483 3813 553 dixi,

2226 553 2286 600 ut
2322 547 2533 608 illorum
2574 552 2952 622 impudentiam
2977 574 3225 619 coerceat
3253 565 3353 623 hoc
3382 547 3553 626 facit;
3572 547 3815 645 Idipsutn

2223 639 2528 709 existimato
2551 684 2567 707 ,
2597 660 2718 700 cum
2754 647 2906 705 vides
2932 658 3056 708 cum
3096 654 3315 713 humilia
3348 663 3509 717 verba
3540 668 3809 735 proferre.

2222 727 2357 785 Nam
2383 742 2439 787 et
2467 737 2749 794 verborum
2786 749 2843 795 et
2874 756 3100 813 operum
3133 746 3436 818 hujusmodi
3476 727 3657 813 multm
3688 772 3815 817 sunt

2223 834 2431 888 causas;
2455 829 2681 897 exempli
2702 833 2895 899 gratia,
2922 850 2990 890 ne
3010 852 3040 889 a
3065 837 3175 893 Deo
3202 851 3421 909 putetur
3439 862 3559 905 esse
3578 851 3811 919 alienus,

2222 914 2365 982 quod
2392 930 2578 972 omnes
2606 921 2815 977 erudiat
2840 934 2897 980 et
2924 939 3077 982 sanet
3102 969 3117 993 ,
3152 933 3297 1000 quod
3329 935 3679 995 humilitatem
3708 914 3814 996 do;

2221 1015 2336 1058 ceat
2358 1046 2373 1069 ,
2400 1008 2539 1077 quod
2564 1026 2724 1067 carne
2750 1015 3116 1073 circtnndetur
3134 1062 3148 1087 ,
3179 1024 3318 1092 quod
3348 1043 3459 1082 non
3482 1032 3685 1099 possint
3708 1030 3803 1088 Ju-

2219 1092 2321 1149 daei
2362 1099 2541 1153 omnia
2579 1100 2861 1158 confertim
2904 1108 3089 1165 audire
3112 1153 3127 1176 ,
3169 1115 3311 1183 quod
3351 1092 3543 1175 doceat
3581 1138 3648 1176 ne
3684 1125 3811 1195 quis

2218 1200 2466 1255 magnum
2494 1192 2617 1260 quid
2645 1193 2715 1252 de
2739 1195 2917 1266 seipse
2945 1198 3209 1269 loquatur.
3229 1205 3455 1278 Ideoque
3471 1226 3614 1283 stepe
3638 1192 3817 1270 multa.

2218 1272 2435 1331 humilia
2448 1278 2517 1334 de
2536 1282 2715 1351 seipse
2732 1284 3129 1361 dicens,magna
3150 1294 3268 1350 aliis
3289 1272 3805 1369 relinquit-dicenda.

2285 1365 2339 1420 ε.
2420 1368 2552 1426 Nam
2606 1374 2721 1442 ipse
2761 1392 2883 1453 cum
2936 1379 3135 1439 ludatis
3185 1365 3495 1456 loqueretur
3541 1393 3807 1452 dicebat:

2215 1456 2493 1530 Antequam
2534 1463 2791 1522 Abraham
2832 1472 2994 1539 ﬁeret,
3039 1491 3131 1546 ego
3167 1494 3283 1533 sunt
3308 1483 3330 1553 (
3346 1482 3504 1541 Joan.
3538 1487 3592 1541 8.
3637 1488 3712 1546 58
3734 1491 3754 1561 )
3776 1508 3805 1558 ;.

2215 1549 2509 1622 discipulus
2526 1568 2705 1613 autem
2735 1562 2853 1631 ejus
2880 1578 2987 1619 non
3013 1566 3107 1634 ita,
3135 1570 3253 1637 sed,
3285 1549 3353 1626 In
3395 1577 3647 1647 principio
3693 1549 3815 1637 erat

2222 1639 2457 1711 Verbum,
2480 1656 2527 1701 et
2562 1646 2775 1705 Verbum
2800 1665 2908 1707 erat
2931 1658 3071 1725 apud
3098 1657 3285 1728 Deam,
3307 1673 3353 1718 et
3383 1639 3522 1721 bene
3543 1639 3650 1724 erat
3684 1670 3813 1726 Ver-

2215 1729 2333 1785 bum
2360 1732 2556 1803 (Joan.
2603 1738 2656 1793 l.
2704 1740 2799 1812 ί).
2828 1742 3086 1812 Rursum,
3128 1752 3270 1820 quod
3315 1755 3534 1824 mlum,
3579 1769 3807 1829 terram,

2212 1834 2359 1876 mare
2410 1822 2522 1890 ipse
2568 1825 2787 1898 fecerit,
2825 1849 2925 1891 nec
2975 1851 3082 1891 non
3142 1839 3367 1905 visibilis
3415 1853 3472 1899 et
3516 1847 3809 1906 invisibilia

2209 1910 2410 1977 omnia,
2440 1912 2556 1982 ipse
2602 1931 2894 1990 numquam
2948 1926 3092 1983 clare
3137 1929 3307 1998 dixit;
3336 1932 3628 2007 discipulus
3672 1956 3808 1998 vero

2208 2013 2329 2055 cum
2355 2002 2601 2061 libertate
2622 2024 2807 2081 magna
2838 2015 2973 2071 nihil
2995 2021 3368 2093 supprimens,
3399 2002 3567 2084 semel
3588 2071 3604 2094 ,
3633 2031 3717 2088 bis
3744 2042 3809 2089 et

2208 2091 2407 2161 pluries
2432 2095 2483 2150 id
2507 2099 2583 2152 ait
2605 2100 2813 2158 :Omnia
2831 2124 2924 2174 per
2944 2109 3112 2179 ipsum
3141 2118 3279 2184 facta
3299 2091 3437 2187 sunt,
3473 2130 3519 2175 et
3537 2091 3645 2178 sine
3686 2126 3804 2195 ipso

2206 2186 2397 2253 factum
2442 2199 2516 2243 est
2562 2192 2691 2247 nihil
2717 2195 2896 2269 (Ibid.
2936 2217 2987 2255 υ.
3034 2205 3130 2274 3);
3163 2216 3238 2273 et,
3268 2207 3339 2264 In
3356 2213 3547 2267 mundo
3575 2186 3722 2285 erat,
3751 2230 3819 2272 et‘

2205 2274 2425 2329 inundata
2463 2294 2553 2347 per
2597 2280 2763 2349 ipsum
2805 2290 2972 2357 factus
3013 2302 3085 2348 est
3116 2294 3285 2365 (Ibid.
3336 2317 3385 2355 υ.
3438 2302 3557 2373 10).
3593 2274 3803 2378 Ecquid

2200 2361 2417 2418 miraris
2437 2406 2453 2431 ,
2484 2366 2531 2423 si
2570 2371 2657 2425 alii
2688 2374 2889 2445 majora
2927 2378 2997 2436 de
3040 2361 3133 2440 illo
3168 2385 3439 2457 dixerunt,
3468 2361 3628 2462 quam
3652 2361 3802 2468 ipse:

2204 2455 2418 2522 quando
2456 2461 2621 2515 multa
2669 2479 2763 2533 per
2789 2483 2949 2537 apem
2998 2476 3275 2545 exhibens,
3309 2496 3401 2550 per
3424 2455 3611 2541 verba

2206 2559 2310 2598 non
2336 2545 2576 2633 diceh.at?
2594 2551 2745 2620 Quod
2772 2561 2915 2615 enim
2942 2562 3214 2624 hominem
3241 2545 3354 2642 ipse
3376 2574 3584 2643 fecerit,
3611 2545 3799 2639 οδιειιέ

2201 2632 2281 2687 ἀει
2326 2632 2607 2710 οιειτθρθιδ
2657 2662 2896 2716 caecum;
2946 2670 3067 2711 cum
3095 2632 3273 2717 autem
3302 2665 3369 2720 de
3395 2665 3714 2729 formatione
3740 2675 3795 2731 in

2204 2724 2464 2796 principio
2492 2731 2627 2789 facta
2656 2752 2834 2795 sermo
2864 2743 2963 2811 ipsi
2988 2758 3135 2818 erat,
3166 2768 3274 2809 non
3300 2754 3468 2827 dixit,
3495 2759 3612 2833 Ego
3650 2762 3751 2821 f-ci
3771 2783 3795 2826 :

2201 2818 2292 2870 sed
2318 2861 2333 2885 ,
2361 2820 2461 2887 Qui
2488 2827 2605 2893 fecit
2624 2869 2640 2894 ,
2671 2835 2951 2889 masculum
2976 2848 3024 2892 et
3049 2844 3288 2911 [annnam
3307 2850 3426 2919 fecit
3448 2818 3574 2923 eos?
3595 2854 3794 2913 Matth.

2166 2990 2169 2993 ν
2202 2908 2289 2962 19.
2324 2911 2377 2965 4.
2427 2912 2554 2971 Gen.
2588 2919 2635 2972 l.
2658 2920 2786 2994 27).
2821 2926 2888 2981 Et
2915 2908 3059 2999 quod
3077 2908 3329 2994 mundum
3349 2908 3634 3011 creaverit,

2198 3016 2317 3070 qum
2342 3004 2539 3076 inipso
2562 3023 2705 3080 sunt,
2740 3030 2836 3086 per
2874 3022 3066 3089 pisces,
3086 3042 3193 3103 per
3230 3030 3431 3101 vinum,
3459 3052 3556 3106 per

2209 3105 2305 3158 per
2332 3100 2772 3168 tranquillitatem
2820 3109 2877 3165 in
2928 3100 3096 3181 mari,
3136 3135 3233 3190 per
3265 3100 3615 3191 radios-soli;
3642 3100 3790 3207 quos

2208 3188 2402 3242 avertit
2435 3192 2489 3245 in
2527 3210 2687 3252 cruce
2712 3200 2753 3265 ί,
2805 3218 3009 3276 perque
3041 3188 3275 3279 plurima
3290 3219 3395 3276 alia
3413 3188 3771 3300 monstrajvit;

2208 3277 2379 3300 ......l.!-
2411 3291 2449 3300 -ᾼ
2484 3299 2489 3300 γ

2204 3277 2382 3333 verbis
2410 3291 2585 3340 tamen
2604 3304 2900 3363 numquam
2921 3277 3069 3357 clare
3090 3304 3259 3363 dixit:
3308 3313 3405 3368 sed

2203 3382 2343 3436 saepe
2379 3371 2588 3443 dicunt,
2601 3376 2860 3451 Joannes,
2880 3386 3102 3459 Paulus,
3128 3371 3777 3485 Petr~us.Namsiirs—ti.qni

2198 3468 2355 3513 nocte
2371 3460 2565 3534 dieque
2577 3467 2751 3537 ipsum
2775 3473 3085 3545 loquentem
3101 3472 3415 3559 audiebant,
3445 3506 3498 3551 et
3513 3460 3775 3563 miracbla

2195 3557 2495 3660 pauentem
2511 3558 2788 3660 videbant,
2802 3570 3003 3636 quibus
3014 3580 3242 3634 seorsim
3255 3557 3423 3641 multa
3438 3590 3701 3660 solvebat,
3721 3608 3777 3653 et

2196 3638 2391 3687 tantam
2435 3635 2657 3696 dederat
2698 3635 3043 3718 potestatem,
3084 3664 3140 3709 ut
3180 3670 3235 3714 et
3262 3635 3515 3722 lin—ortmts
3555 3635 3781 3728 suscita:

2196 3728 2336 3787 rent,
2384 3732 2545 3794 atque
2596 3730 2667 3784 ita
2712 3734 2979 3803 perfectos
3021 3745 3348 3821 rmididerat,
3389 3765 3449 3811 ut
3475 3762 3656 3817 omnia
3682 3780 3785 3834 pro

2196 3806 2309 3876 ipso
2337 3814 2735 3886 relinquerent:
2765 3839 2883 3894 post
2928 3838 3129 3891 tantam
3176 3806 3423 3899 virtutem
3450 3858 3506 3904 et
3532 3806 3777 3920 philos'oo

2190 3899 2393 3970 phiam,
2422 3922 2525 3960 non
2550 3923 2837 3977 potuerunt
2861 3926 3039 3978 omnia
3066 3939 3303 4001 portare,
3332 3899 3617 4010 autemtam
3657 3945 3779 4017 Spi-

2188 3991 2347 4075 ritum
2378 4009 2617 4101 sanctum
2657 4007 2959 4077 acciperent
2984 4035 2997 4071 :
3019 3991 3301 4089 quomodo,
3326 3991 3550 4101 popqus
3588 3991 3776 4095 iudai-

2186 4094 2317 4148 cus,
2359 4078 2717 4159 intelligentiae
2770 4113 2994 4170 expers,
3035 4078 3133 4178 qui
3160 4114 3228 4168 ad
3276 4078 3475 4176 uittam
3519 4125 3772 4185 virtutem

2188 4183 2291 4223 non
2348 4189 2684 4247 pervenerat,
2714 4187 2802 4253 qui
2853 4195 3061 4251 nonnisi
3115 4198 3335 4260 fortuito
3384 4224 3510 4266 casu
3550 4218 3668 4285 ejus
3718 4232 3775 4276 et

2186 4261 2351 4327 gestis
2377 4273 2432 4318 et
2460 4266 2615 4324 dictis
2643 4272 2848 4341 aderat,
2879 4280 3051 4352 ipsum
3079 4289 3314 4350 alienum
3342 4313 3372 4351 a
3406 4299 3513 4356 Deo
3555 4261 3771 4365 tiniver-

2185 4362 2366 4405 sorum
2394 4369 2513 4412 esse
2541 4374 2644 4415 non
2670 4366 3022 4440 credidisset,
3056 4379 3159 4434 nisi
3186 4391 3330 4441 tanta
3359 4388 3685 4453 demissione
3714 4410 3774 4456 et
3841 4448 3844 4449 ν

3010 4435 3019 4440 ⁷
3194 4435 3197 4436 ν
3242 4435 3330 4441 ,.,..
3362 4435 3685 4453 ..νη-..ηη-ηου
3714 4435 3767 4456 σι

2184 4435 2506 4511 indulgentia
2538 4464 2633 4515 per
2655 4457 2832 4513 omnia
2864 4475 2991 4518 usus
3016 4470 3195 4523 esset?
3218 4473 3344 4530 Ideo
3366 4493 3616 4552 namque,
3647 4504 3767 4542 cum

2184 4531 2395 4552 -_.I,l-,-..
2550 4541 2560 4552 '

3388 4531 3616 4552 inv..-”
3650 4531 3765 4542 .-.η

2179 4531 2456 4590 Sabbatnm
2483 4541 2738 4611 solveret,
2770 4565 2874 4604 non
2900 4562 3055 4610 antea
3086 4558 3256 4629 legem
3286 4567 3590 4637 ltujusmudi
3615 4593 3765 4635 suam

2977 4896 2984 4898 _
3460 4896 3752 4917 μανψ...

2176 4907 2344 4960 multo
2390 4896 2560 4983 magis
2609 4931 2731 4972 cum
2788 4924 2917 4994 legit
2954 4928 3173 5002 integrm
3225 4937 3483 5009 integram
3538 4948 3759 5005 adderet

2175 4995 2363 5065 legem,
2401 5001 2627 5067 plurimo
2657 5011 2845 5079 egebat
2871 4995 3125 5086 apparalu
3156 5034 3312 5095 atque
3331 4995 3480 5096 cura,
3511 5051 3578 5089 nc
3603 5039 3755 5094 audi-

2173 5094 2315 5142 tores
2364 5092 2617 5149 turbaret.

2245 5176 2347 5233 Cur
2384 5180 2614 5240 Christus
2652 5189 2922 5261 aliquando
2967 5214 3069 5253 non
3105 5218 3160 5257 se
3196 5204 3332 5261 clare
3376 5209 3541 5267 Deum
3588 5218 3740 5273 dicat.

2236 5285 2677 5384 Ἥξειιξτειςίξιίεπ,
2689 5298 2907 5384 Ιοςὶτκζοο
2926 5304 3169 5384 legebant);
3179 5310 3258 5384 6_t&
3271 5320 3355 5384 τῇς
3364 5315 3749 5384 ἀκτῖνοίήςάπὴ..

2236 5361 2258 5384 ο
2332 5364 2378 5384 Ν
2423 5366 2528 5384 “Qui
2586 5372 2613 5384 η
2640 5374 2715 5384 Δ..ιιι
2788 5369 3079 5384 ΑΙ...Α..-----
3222 5383 3225 5384 ,

2172 5336 3748 5449 στρριξμιεκβνξιξξάὲῶβῖξξιῖεῖῆἕυῗῗέθῖαὶέἑῗέῗέῗῗᾶῗὲξῃ

2172 5418 2290 5449 emu
2375 5422 2423 5449 πη
2515 5427 2558 5449 m
2577 5427 2672 5449 mra
2709 5434 2726 5449 ι
2786 5433 2814 5449 η
2859 5432 3013 5449 ...ι-...ι
3048 5437 3260 5449 ---η-ν..

2303 5407 2313 5416 ’
2381 5407 2393 5418 ’
2506 5407 2513 5412 ’
2692 5407 2701 5419 '
2722 5407 2734 5418 ’
2791 5407 3423 5437 ”’“’-⁷’Ί“.ν’“’“”“⁶“¹¹¹“⁸¹“διμῦἵ
3450 5407 3745 5449 ιιιιιιυιιμιυι

2168 5408 2354 5502 fimi.
2375 5413 3031 5502 2%.?“11‘1'22l1‘3v3399ws
3045 5437 3324 5502 ἓοὲυΐθίίιη
3355 5450 3617 5502 Perpetua
3645 5455 3745 5497 Icc-

2652 5464 2661 5465 ,
2749 5464 2833 5487 ._--,
2860 5464 3031 5488 -..τη-ν,
3045 5464 3093 5497 η-
3104 5464 3324 5499 γυθαιιιιδ
3356 5464 3617 5509 μττμνειδει,
3645 5464 3742 5497 tec-

2171 5464 2957 5558 Itigpgqnﬂil‘lamﬁer‘rad‘mantws
2975 5498 3136 5558 eruisti
3158 5505 3205 5541 m
3226 5508 3385 5555 cruce,
3398 5514 3742 5558 ommnostare

2646 5541 2784 5623 verti.
2802 5541 2940 5623 Quoi]
2954 5547 3087 5598 enim
3109 5552 3158 5599 in
3177 5541 3742 5623 criic‘é'ié‘ruiséiii,"iiinf

2164 5587 2685 5678 Lgner-ingeniam!!!

2161 5649 2292 5715 bore,
2304 5649 2658 5715 amplectimur.
2672 5678 2689 5704 ι
2707 5649 3070 5715 Videsis‘mi—Ei

2163 5709 2522 5765 Moutcfalconii
2541 5709 2907 5775 annotationem

2925 5681 3037 5737 qua:
3056 5674 3259 5737 in_hun_c
3281 5678 3441 5729 locum
3455 5674 3733 5737 simul—etin
