4124 6302
263 493 458 549 Contra
487 480 821 541 Haniehwos.
853 501 926 515 —
951 466 1154 525 Idcirco
1181 476 1288 518 non
1323 457 1519 525 ubique
1545 451 1613 505 de
1651 444 1862 549 divini:

266 534 534 643 illic-suaw
728 566 964 637 loquitur
989 568 1046 618 et
1068 557 1246 614 docet.
1284 547 1508 608 Sienim
1533 583 1549 610 ,
1572 539 1715 643 quod
1745 534 1850 605 legi

263 633 538 748 quidpiam
566 633 844 734 adiiceret,
877 656 999 712 illos
1026 659 1230 708 tantum
1257 641 1511 704 turbavit,
1539 633 1710 748 mu'lto
1735 641 1851 682 ma-

266 724 357 839 gis
366 724 657 820 turbasse;
681 755 726 810 si
755 767 816 808 se
839 750 1009 806 Deum
1031 756 1168 839 esse.
1187 724 1852 839 declaravisset.“ldeoqlue

265 811 438 916 inulta
487 865 582 906 sua
620 846 900 904 divinitate
949 839 1106 906 longe
1154 827 1408 887 inferiora
1453 817 1710 890 loquitur.
1749 811 1852 916 Iiic

265 902 775 1006 :erovde-addilione
799 935 906 1005 legi
930 902 1187 986 facienda“
1202 919 1364 977 verba
1391 915 1624 971 facturus
1642 949 1658 975 ,
1687 902 1852 1006 multa

265 994 1071 1110 prccautidnevutiturfﬁeque
1093 1016 1240 1074 enim
1265 1009 1434 1068 semel
1476 1009 1682 1059 tantum
1720 994 1856 1053 dixit

265 1093 531 1202 sedlegem
566 1140 671 1182 non
701 1122 929 1180 solvere,
971 1111 1069 1168 sed
1097 1109 1150 1165 id
1188 1101 1424 1162 secundo
1449 1093 1698 1166 repetiit,
1735 1101 1853 1194 rna-

262 1181 650 1296 Vialiud
707 1225 894 1269 rursus
940 1203 1159 1276 adjecit.
1209 1197 1340 1253 Cum
1389 1190 1618 1247 dixisset
1660 1181 1811 1296 enim
1835 1218 1852 1245 ,

497 1299 695 1380 putare,
737 1299 978 1374 quoniam
1009 1272 1128 1348 aeui
1165 1289 1356 1344 solvere
1396 1283 1578 1352 legent,
1623 1272 1820 1380 adjecit
1837 1309 1854 1335 ,

271 1363 540 1462 Redemi
565 1363 776 1462 solvere,
798 1393 886 1449 sed
914 1387 1212 1452 adimplere.
1243 1377 1376 1435 illud
1403 1387 1531 1428 vero
1560 1385 1664 1462 non
1696 1363 1857 1462 modo

269 1497 580 1555 Judteorum
624 1453 1010 1558 itnpudentiam
1053 1479 1296 1535 coercet,
1328 1466 1422 1522 sed
1448 1463 1608 1534 etiam
1645 1453 1856 1512 harrctio

269 1601 460 1646 corum
504 1598 597 1639 ora
643 1545 874 1637 consilii,
927 1570 1016 1641 qui
1056 1575 1294 1621 veterem
1337 1559 1509 1628 legem
1537 1568 1606 1608 ex
1643 1545 1860 1603 diabolo

269 1643 396 1736 esse
441 1675 646 1731 dicunt.
679 1668 811 1724 Nam
857 1665 901 1719 si
945 1660 1060 1731 ejus
1113 1650 1450 1726 tyrannidem
1488 1643 1859 1699 destrueturus

268 1770 515 1828 Christus
537 1761 774 1825 advenit,
801 1770 908 1828 quo
928 1729 1083 1825 pacto
1104 1762 1223 1803 eam
1241 1757 1347 1799 non
1369 1737 1530 1795 modo
1549 1748 1654 1789 non
1677 1729 1858 1791 solvit,

272 1819 560 1920 :edetiam
591 1819 781 1924 implet
798 1819 964 1904 {Non
990 1844 1134 1900 enim
1175 1845 1381 1895 tantum
1417 1830 1573 1924 dixit,
1603 1819 1859 1924 house!-

271 1915 384 2018 iu}
413 1947 555 2020 quod
586 1915 718 2001 satis
739 1949 884 1997 certe
911 1935 1131 1998 luisset;
1159 1929 1256 1986 sed
1281 1936 1337 1983 et
1375 1921 1592 1991 adjecit,
1617 1915 1819 1985 lmpleo
1842 1928 1859 1977 ;

271 2006 554 2117 Inon
596 2035 756 2092 modo
785 2047 893 2088 non
921 2022 1215 2084 adversarii
1252 2019 1386 2089 legis
1414 2020 1549 2075 erat,
1578 2008 1672 2066 sed
1697 2006 1860 2063 etiam

270 2100 594 2192 defensoris.
640 2123 708 2180 Et
751 2116 1023 2193 quomodo
1069 2127 1177 2169 non
1221 2108 1408 2173 solvit,
1457 2100 1699 2193 inquies,
1731 2107 1864 2193 quo-

270 2185 723 2287 modoiimplevit
751 2185 844 2267 aut
870 2211 1066 2280 legem,
1116 2210 1211 2257 aut
1253 2190 1590 2287 prephetasl
1620 2185 1861 2287 Prophe-

272 2274 359 2370 Si
371 2274 596 2383 quidem
618 2349 634 2373 ,
662 2302 807 2376 quod
835 2274 1016 2355 omnia
1058 2309 1178 2366 quae
1205 2290 1272 2347 de
1300 2290 1418 2358 ipso
1437 2283 1576 2340 dicta
1606 2286 1776 2383 erant.
1795 2274 1864 2328 ab

269 2407 372 2472 eis,
400 2367 1144 2472 Ioperibus-conllrmaverit;
1182 2389 1507 2453 quapropter
1538 2367 1862 2438 evangelista

271 2495 340 2552 ad
357 2465 572 2562 singula
599 2487 810 2543 dicebat
839 2501 854 2537 :
889 2481 958 2536 Ut
976 2473 1275 2548 impleretur
1296 2467 1430 2541 quod
1460 2465 1648 2562 dictum
1676 2467 1748 2561 est

271 2545 618 2657 prapligtam;
661 2585 862 2632 etcum
891 2545 1061 2625 natus
1077 2573 1181 2630 est,
1216 2571 1418 2616 etcum
1447 2551 1596 2625 pueri
1641 2545 1862 2605 mirabi-

273 2639 438 2736 hilem
469 2639 725 2745 hymnum
753 2666 823 2721 de
852 2665 969 2735 ipso
1014 2656 1278 2716 canebant
1299 2692 1313 2716 ,
1346 2659 1401 2706 ct
1443 2643 1658 2745 quando
1685 2639 1864 2745 asina:

275 2733 565 2830 insidebat,
608 2772 821 2816 necnon
848 2733 1086 2810 etiamin
1120 2745 1358 2817 pluribus
1401 2738 1524 2794 aliis
1556 2735 1662 2788 hoc
1684 2733 1863 2802 ipsum

276 2856 517 2928 implevit
587 2864 708 2921 quae
733 2843 912 2910 omnia
951 2855 1058 2896 non
1089 2831 1357 2905 implenda
1397 2839 1647 2897 umquam
1684 2826 1863 2882 erant,

910 2925 915 2928 ’
1513 2925 1522 2928 -
1606 2924 1615 2928 -
1696 2927 1703 2928 κ
1772 2906 1862 2928 --.Ι

272 2906 384 3004 nisi
417 2906 739 3000 advenisset.
775 2906 974 3004 Legem
1019 2936 1199 2984 autem
1231 2937 1336 2977 non
1364 2933 1470 2973 uno
1509 2924 1737 2976 tantum,
1769 2906 1864 2963 sed

271 3035 512 3096 secundo
540 3033 700 3088 etiam
729 3042 791 3083 ac
818 3001 976 3080 tertio
1001 3017 1163 3076 modo
1188 3012 1446 3084 implevit.
1479 3007 1599 3063 Uno
1622 3001 1862 3075 quidem,

271 3090 510 3202 quodex
541 3120 802 3193 legalibus
839 3113 972 3170 nihil
1009 3103 1491 3177 transgrederctur.
1535 3093 1689 3163 Quod
1719 3090 1863 3202 enim

272 3181 440 3279 tjo'tam
470 3181 638 3288 legem
668 3207 998 3282 impleverit,
1029 3200 1154 3257 audi
1183 3193 1480 3267 quid-dicat
1513 3185 1702 3244 εἰοιηηί
1730 3202 1742 3237 :

435 3273 913 3370 nosvdecetimplere
939 3308 1137 3350 omnem
1145 3288 1403 3359 justitiam
1430 3277 1718 3370 (Matth.
1751 3273 1863 3341 l5).

364 3398 564 3458 iudicis
597 3367 810 3450 dicebat
841 3406 856 3443 :
890 3385 1016 3453 Quis
1045 3398 1107 3438 ea:
1151 3378 1290 3434 vobis
1326 3380 1503 3445 arguet
1549 3383 1630 3422 me
1654 3367 1718 3420 de
1744 3379 1864 3460 pec-

271 3456 386 3550 .1...
410 3491 592 3564 (Joan.
619 3486 675 3543 s.
704 3483 796 3554 to)
821 3481 942 3535 lAc
967 3473 1243 3545 discipulis
1263 3482 1474 3525 rursum
1508 3482 1522 3518 ε
1558 3456 1868 3564 Venit

414 3547 602 3636 ‘mundi
628 3547 805 3647 hujus,
833 3581 878 3627 et
903 3571 956 3624 in
978 3583 1057 3622 me
1092 3581 1196 3619 non
1225 3561 1370 3616 habet
1396 3555 1674 3627 quidquam
1696 3547 1861 3621 (Ibid.

276 3648 367 3734 ιέ.
395 3673 512 3737 50).
536 3666 804 3738 Propheta
840 3674 1055 3733 quoque
1085 3668 1249 3725 supra
1279 3651 1446 3712 dixit,
1474 3648 1647 3717 ipsum
1676 3653 1867 3738 pecca-

277 3729 520 3822 tum—non
563 3729 760 3815 habere
801 3729 981 3826 (Isail
1002 3749 1092 3804 55.
1124 3746 1159 3802 9
1189 3745 1228 3815 ).
1261 3742 1375 3798 Hoc
1413 3740 1592 3806 itaque
1621 3747 1728 3826 uno
1752 3729 1866 3826 pri-

277 3819 475 3927 moque
508 3837 669 3906 modo
710 3819 880 3916 legem
912 3838 1174 3910 implevit.
1196 3829 1445 3890 Secundo
1478 3835 1654 3881 autem
1685 3819 1868 3927 imple:

280 3909 574 4007 inodo,
618 3909 852 4012 quodiid
904 3909 1122 4003 propter
1174 3942 1270 3981 nos
1309 3920 1514 3978 fecerit.
1554 3916 1685 3971 Nam
1724 3909 1865 3982 quod

280 4041 478 4098 mirum
504 4042 606 4099 est,
633 4006 738 4085 non
760 4026 922 4082 modo
946 4026 1060 4094 ipse
1087 4019 1346 4089 implevit,
1379 4011 1473 4068 sed
1502 4006 1632 4064 illud
1654 4017 1868 4099 quoque

281 4094 508 4200 largitus
536 4094 623 4178 est
647 4132 705 4177 ut
739 4136 837 4175 nos
868 4117 1232 4186 impleremus.
1261 4105 1412 4175 Quod
1442 4101 1643 4159 Paulus
1664 4097 1742 4151 sic
1768 4094 1868 4148 de—

281 4185 450 4276 clarat
481 4233 495 4268 :
545 4214 799 4283 Quoniam
827 4185 1089 4278 ﬁnislegis
1115 4201 1347 4258 Christus
1368 4196 1434 4250 ad
1451 4192 1709 4265 justitiam
1731 4185 1870 4241 omni

284 4309 502 4367 credenti
533 4281 732 4378 (Rom.
760 4301 846 4356 10.
879 4296 972 4370 4).
1004 4296 1073 4351 Et
1105 4300 1378 4364 peccatum
1409 4286 1558 4340 illum
1585 4281 1869 4336 damnasse

285 4401 416 4459 dicit
435 4401 489 4455 in
513 4367 676 4452 carne
705 4411 719 4447 :
752 4389 819 4448 Ut
837 4367 1142 4462 justiﬁeatio
1163 4383 1286 4450 legis
1305 4377 1596 4445 impleretur
1622 4372 1674 4424 in
1706 4367 1869 4429 nobis,

287 4457 374 4562 qui
424 4506 526 4546 non
570 4457 853 4543 secundum
883 4492 1084 4534 carnem
1128 4471 1447 4527 ambulamus
1475 4467 1494 4537 (
1523 4462 1638 4517 Ibid
1690 4462 1743 4517 8.
1771 4457 1869 4529 4).

289 4550 359 4639 ἐι
383 4593 596 4636 rursum
628 4595 641 4631 :
674 4573 859 4645 Legem
887 4585 1006 4641 ergo
1031 4563 1336 4620 destruimus
1361 4574 1450 4628 per
1478 4555 1627 4626 ﬁdem
1651 4554 1677 4607 ?
1710 4550 1870 4606 Absit.

288 4672 396 4730 Sed
439 4671 601 4741 legens
643 4641 910 4722 statuimus
958 4657 1138 4731 (Ibid.
1169 4656 1224 4709 5.
1264 4653 1324 4706 5i
1359 4652 1398 4721 ).
1445 4649 1577 4715 Quia
1617 4641 1760 4700 enim
1786 4641 1871 4696 lex

288 4737 539 4820 studebat
565 4758 838 4813 hominem
866 4755 1045 4810 lacere
1069 4749 1298 4819 justum,
1334 4740 1428 4798 sed
1458 4737 1826 4795 inllrmabatur
1855 4751 1869 4800 ;

292 4852 514 4909 veniens
535 4849 671 4919 ipse,
686 4854 743 4902 et
769 4845 984 4900 modum
1006 4839 1227 4912 iustitia:
1257 4834 1536 4894 inducens.
1566 4841 1757 4895 nempe
1781 4840 1875 4894 per

297 4943 485 5008 ﬁdem,
509 4940 644 5008 legis
670 4937 999 4993 voluntatem
1028 4931 1252 4995 statuit;
1280 4938 1335 4983 et
1359 4924 1500 4996 quod
1526 4922 1612 4976 illa
1643 4934 1749 4974 non
1776 4933 1876 4986 po-

300 5044 478 5093 tuerat
504 5048 601 5104 per
623 5031 824 5094 literas,
855 5027 907 5081 id
928 5028 1042 5096 ipse
1062 5039 1158 5094 per
1176 5021 1334 5077 ﬁdem
1359 5016 1598 5090 perfecit.
1619 5013 1874 5082 Propter-

297 5142 360 5186 ea
381 5126 553 5198 inquit
583 5142 598 5178 :
623 5121 743 5177 Non
767 5119 879 5176 uerti
907 5119 1095 5174 solvere
1117 5116 1295 5185 legem.

367 5217 424 5273 3.
456 5194 654 5272 Christi
674 5221 923 5284 praecepta
946 5216 1064 5264 sunt
1093 5205 1509 5274 complementum
1533 5198 1657 5268 legis
1681 5194 1876 5249 veteris.

294 5338 369 5356 ι-
389 5308 445 5364 Si
475 5308 594 5377 quis
619 5319 748 5360 vero
771 5303 1054 5373 diligenter
1070 5298 1334 5366 exploret,
1356 5293 1516 5346 alium
1542 5301 1754 5360 quoque
1776 5294 1879 5338 ter-

296 5403 432 5458 tium
452 5398 669 5455 modum
695 5395 948 5459 inveniet,
969 5408 1077 5465 quo
1095 5391 1147 5445 id
1167 5390 1360 5445 factum
1382 5394 1483 5441 est.
1501 5384 1669 5452 Quem
1694 5377 1882 5434 illum?

295 5493 409 5548 Per
454 5497 721 5562 praecepta
769 5503 887 5556 qua:
937 5484 1159 5539 daturus
1194 5487 1328 5535 erat.
1359 5477 1542 5545 Neque
1578 5474 1724 5528 enim
1766 5475 1883 5525 erat

299 5583 578 5652 abrogatio
621 5580 881 5651 priorum,
918 5576 1017 5635 sed
1060 5573 1302 5631 extensio
1339 5580 1394 5625 et
1433 5567 1883 5634 complementum

295 5683 454 5729 erant
502 5689 565 5730 ea
606 5686 728 5742 quin
751 5668 1085 5726 dicebantur.
1131 5663 1264 5720 Nam
1295 5676 1401 5716 non
1431 5654 1710 5714 occidendi
1749 5666 1886 5723 prm-

307 5775 524 5834 ceptum
550 5741 655 5818 non
676 5762 962 5832 abrogatur
979 5772 1014 5815 tt
1038 5763 1308 5828 pmepto
1323 5767 1428 5808 non
1458 5746 1717 5805 irascendi
1743 5761 1757 5812 ;
1788 5741 1884 5799 sed

1397 341 1464 399 ΙΝ
1501 325 1906 396 ΜΛΤΤΙΙΕΗΜ
1946 323 2176 381 ιιοδιιι..
2219 323 2362 380 XVI.

3393 272 3648 362 'ste'

1957 440 2412 510 complementum
2440 447 2524 493 est
2547 434 2614 491 ad
2639 433 2899 505 majorem
2929 429 3232 486 cautionem
3260 441 3278 481 ε
3322 432 3377 480 et
3407 422 3551 479 idem

1953 530 2166 586 dicatur
2185 528 2256 586 de
2280 528 2492 584 caneris
2523 526 2801 582 omnibus.
2828 521 3061 592 Ideoque
3093 531 3217 574 cum
3246 515 3439 572 horum
3466 526 3555 568 se-

1954 621 2102 694 mina
2138 621 2254 676 sine
2281 619 2459 691 aliqua
2484 617 2791 689 suspicione
2819 613 2968 684 prius
2993 609 3298 681 sparsisset,
3337 601 3555 676 quando

1955 711 2152 769 clarius
2193 728 2260 768 ex
2305 703 2710 782 comparatione
2747 716 2990 763 veterum
3031 711 3088 760 et
3112 714 3376 756 novorum
3409 696 3556 766 lega-

1956 807 2087 861 lium
2116 817 2178 861 ut
2203 803 2496 859 adversans
2525 802 2628 872 legi
2659 800 2714 856 in
2735 798 3096 869 suspicionem
3117 790 3394 849 vocandus
3414 793 3552 851 erat,

1957 900 2157 971 praevia
2197 897 2288 953 illa
2323 897 2571 952 cautione
2598 909 2727 950 usus
2752 901 2854 948 est.
2899 888 3112 946 Etenim
3159 885 3269 956 jam
3299 883 3388 938 illa
3419 878 3556 935 mni-

1956 969 2188 1063 gmatice
2231 987 2451 1056 fundata
2481 996 2635 1043 erant
2664 1001 2763 1058 per
2795 999 2857 1040 ea
2888 996 3010 1054 quae
3051 980 3190 1036 dicta
3221 975 3452 1032 fuerant.
3485 969 3555 1024 ll-

1960 1060 2052 1137 Iud
2090 1080 2258 1144 enim,
2291 1079 2435 1134 Beati
2475 1093 2720 1150 pauperes
2760 1075 2969 1143 spiritu,
3001 1070 3233 1141 idipsum
3263 1074 3346 1121 est
3387 1060 3556 1134 quod.

1963 1172 2049 1228 Ne
2095 1171 2427 1227 irascimini:
2451 1181 2507 1226 et
2554 1167 2706 1233 illud,
2753 1165 2900 1220 Beati
2937 1162 3128 1217 tuendo
3165 1157 3348 1223 corde,
3380 1153 3558 1210 simile

1962 1267 2087 1320 huic
2115 1270 2384 1334 praecepto
2407 1271 2512 1326 est,
2563 1278 2667 1316 non
2696 1255 3090 1329 respiciendum
3131 1255 3252 1308 esse
3277 1245 3557 1305 mulierem

1962 1358 2028 1413 ad
2054 1353 2546 1426 concupiscendum
2587 1368 2706 1408 eam
2736 1361 2832 1410 :et
2869 1347 3022 1413 illud,
3054 1361 3160 1402 non
3186 1341 3560 1399 thesaurizan-

1962 1450 2088 1504 dum
2131 1463 2253 1504 esse
2279 1447 2562 1503 thesauros
2588 1445 2638 1498 in
2669 1453 2835 1506 terra,
2864 1439 2990 1494 huic
3015 1435 3211 1492 accinit
3237 1450 3252 1488 :
3284 1432 3429 1489 Beati
3458 1429 3560 1484 mi-

1963 1539 2249 1595 sericordes
2276 1554 2297 1604 ;
2322 1547 2378 1592 et
2424 1535 2574 1599 illud,
2603 1536 2807 1604 lugere,
2839 1524 3342 1602 persequutionibus
3376 1529 3431 1576 et
3468 1535 3564 1589 op.

1968 1629 2197 1700 probriis
2227 1626 2433 1696 impoti,
2463 1626 2568 1680 tale
2601 1632 2704 1687 est,
2741 1622 2899 1693 quale
2930 1620 3132 1674 intrare
3161 1630 3259 1686 per
3278 1620 3559 1683 angustam

1965 1699 2214 1792 portam;
2259 1727 2317 1773 et
2356 1716 2486 1772 illud
2519 1757 2531 1780 ,
2565 1714 2776 1770 esurire
2820 1718 2876 1766 et
2919 1709 3070 1764 sitire
3093 1704 3392 1776 justitiam,
3431 1699 3564 1754 nihil

1965 1811 2110 1868 aliud
2148 1820 2234 1866 est
2259 1824 2420 1882 quam
2461 1807 2512 1862 id
2537 1848 2552 1870 ,
2599 1803 2740 1876 quod
2786 1811 2973 1873 postea
3019 1799 3148 1854 dicit
3180 1815 3195 1852 :
3226 1796 3567 1862 Qutrcmuque

1965 1903 2117 1958 uultis
2143 1912 2199 1956 ut
2225 1901 2414 1973 faciant
2438 1897 2577 1952 vobis
2597 1896 2842 1957 homines,
2865 1903 2916 1948 et
2933 1908 3021 1946 vos
3048 1890 3199 1963 facile
3224 1885 3328 1941 illis
3350 1882 3561 1956 (Matth.

1966 1993 2020 2049 7.
2052 1992 2162 2063 l2).
2192 1992 2404 2047 Etcum
2425 1987 2706 2060 paciﬁcum
2732 1984 3056 2056 appellasset
3076 1981 3314 2045 beatum,
3334 1976 3563 2044 idipsum

1967 2099 2136 2156 prope
2163 2082 2331 2146 dixit,
2379 2078 2521 2151 quod
2557 2092 2679 2131 cum
2719 2074 2882 2144 jussit
2921 2073 3222 2140 relinquere
3258 2066 3482 2131 donum,
3513 2074 3568 2119 ct

1968 2154 2225 2232 iestinare
2269 2171 2337 2226 ad
2375 2170 2636 2226 offensum
2682 2166 2900 2230 fratrem
2929 2162 3029 2217 sibi
3072 2154 3525 2214 reconciliandam
3549 2195 3564 2216 .

1969 2275 2025 2323 et
2053 2263 2368 2336 benevolum
2407 2261 2530 2316 esse
2567 2256 2901 2312 adversario.
2934 2252 3039 2308 Sed
3071 2251 3140 2306 ibi
3173 2247 3391 2320 quidem
3423 2261 3565 2317 pra:-

1968 2356 2074 2411 mia
2122 2362 2270 2409 recte
2309 2350 2648 2423 operantium
2699 2345 2924 2416 posuit:
2959 2343 3048 2397 hic
3089 2354 3220 2395 vero
3266 2354 3374 2395 non
3422 2345 3569 2391 recte

1969 2445 2309 2516 operantium
2340 2440 2620 2513 supplicia.
2642 2439 2984 2508 Quapropter
2999 2434 3069 2489 ibi
3093 2432 3308 2504 quidem
3332 2428 3566 2492 dicebat,

1969 2539 2127 2592 mites
2158 2545 2357 2592 terram
2380 2544 2725 2602 posses-suros
2755 2518 2913 2592 esse;
2945 2526 3031 2580 hic
3053 2538 3181 2579 vero
3206 2522 3302 2587 ait,
3325 2534 3450 2576 eum
3477 2515 3570 2588 qui

1970 2631 2190 2685 fratrem
2216 2641 2372 2682 suum
2400 2624 2610 2679 latuum
2651 2619 2942 2686 vocaverit,
2971 2632 3122 2674 reum
3165 2618 3278 2670 fore
3306 2613 3570 2684 gehenme

1970 2721 2127 2792 ignis.
2159 2719 2270 2774 Illic
2291 2719 2418 2772 item
2445 2715 2580 2770 dixit
2605 2713 2835 2766 inuntlos
2866 2709 3031 2764 corde
3062 2707 3229 2763 Deum
3267 2691 3391 2760 esse
3418 2703 3578 2756 visu--

1909 2829 1912 2831 λ
1969 2827 2102 2876 ros;
2136 2810 2226 2866 hic
2251 2824 2384 2864 vero
2409 2822 2557 2871 eum,
2584 2804 2673 2876 qui
2717 2800 3000 2871 impudicis
3039 2797 3212 2853 oculis
3241 2792 3560 2865 respexerit,

1971 2918 2093 2958 csse
2117 2915 2244 2959 vere
2287 2899 2556 2955 moechum
2587 2914 2602 2962 ;
2633 2911 2696 2950 ac
2719 2908 2851 2949 cum.
2875 2893 2984 2947 illic
3025 2888 3276 2961 paciﬁcos
3302 2883 3443 2941 filios
3472 2883 3568 2939 Dei

1971 2999 2234 3056 vocasset,
2263 2990 2352 3044 hic
2387 2988 2490 3043 alia
2523 2987 2731 3042 ratione
2776 2984 3014 3039 deterret
3058 2980 3284 3035 dicens:
3317 2975 3402 3030 Ne
3437 2977 3568 3048 forte

1969 3081 2138 3135 tradat
2176 3091 2223 3135 te
2265 3079 2588 3134 aduersarius
2609 3077 2802 3148 judici.
2834 3074 2927 3130 Sic
2954 3083 3008 3128 et
3035 3073 3280 3140 lugentes
3303 3077 3358 3125 et
3382 3080 3568 3138 perse-

1931 3199 1942 3207 -
1969 3173 2284 3242 quutionem
2323 3172 2584 3242 patientes
2630 3183 2752 3223 cum
2785 3160 2971 3223 beatos
2997 3162 3246 3233 superius
3275 3157 3566 3230 praedicas-

1969 3275 2053 3321 set
2074 3305 2088 3328 ,
2121 3265 2174 3318 in
2205 3262 2552 3334 sequentibus
2582 3260 2814 3327 idipsum
2852 3262 3109 3318 tractans,
3147 3250 3437 3320 perniciem
3485 3247 3565 3300 iu-

1973 3357 2293 3412 terminatur
2339 3355 2407 3408 iis
2435 3354 2523 3423 qui
2576 3367 2685 3406 non
2733 3348 2923 3404 eadem
2970 3347 3091 3416 ipsa
3135 3344 3217 3398 via
3264 3338 3565 3396 incedunt:

1972 3465 2095 3505 nam
2135 3435 2225 3520 qui
2269 3463 2363 3514 per
2400 3446 2689 3516 spatiosam
2733 3442 2872 3496 viam
2902 3438 3203 3501 ambulant,
3235 3432 3428 3504 inquit,
3457 3428 3570 3484 illic

1969 3532 2216 3610 pereunt.
2249 3537 2355 3592 Sed
2379 3545 2434 3590 et
2463 3530 2614 3602 illud,
2651 3532 2772 3588 Non
2800 3530 3008 3602 potestis
3037 3527 3146 3582 Deo
3171 3523 3362 3582 seruire
3386 3530 3434 3576 et
3458 3536 3571 3574 ma-

1970 3649 2136 3689 monte
2157 3631 2371 3706 (Matth.
2402 3631 2458 3694 6,
2481 3629 2597 3700 24),
2632 3627 2754 3682 huic
2777 3626 2922 3681 dicto
2949 3621 3128 3678 simile
3157 3617 3288 3674 mihi
3308 3614 3521 3670 videtur
3549 3629 3564 3668 :

1967 3724 2116 3781 Beati
2131 3722 2504 3787 misericordes,
2536 3730 2610 3783 et,
2642 3718 2743 3785 Qui
2779 3717 3011 3771 esuriant
3031 3712 3309 3784 justitiam.
3343 3706 3566 3773 Verum,

1971 3827 2030 3872 ut
2072 3814 2392 3886 prmmonui,
2445 3813 2570 3883 quia
2620 3810 2737 3864 hare
2786 3807 2987 3863 clarius
3017 3805 3262 3860 dicturus
3310 3808 3416 3864 est,
3466 3811 3568 3850 nec

1972 3909 2169 3963 clarius
2209 3905 2371 3959 modo
2400 3904 2664 3964 dicturus,
2696 3899 2790 3954 sed
2822 3899 2986 3953 etiam
3018 3896 3168 3965 plura
3213 3891 3377 3947 dictis
3420 3887 3573 3957 adje-

1972 4011 2155 4056 cturus
2183 3996 2324 4070 (non
2367 3996 2509 4050 enim
2550 3994 2661 4062 jam
2694 3990 3100 4045 misericordem
3126 3993 3330 4038 tantum
3354 3980 3567 4051 quaerit,

1974 4094 2066 4149 sed
2094 4093 2255 4147 etiam
2288 4088 2464 4142 tunica
2511 4096 2563 4139 te
2605 4083 2725 4138 exiti
2767 4081 2958 4151 jubet;
3007 4093 3107 4133 nec
3151 4077 3334 4130 mitem
3361 4072 3569 4128 solum-

1973 4183 2134 4237 modo
2157 4224 2169 4244 ,
2200 4179 2294 4236 sed
2327 4186 2381 4233 et
2414 4187 2468 4230 ut
2497 4175 2654 4229 aliam
2683 4170 2952 4226 maxillam
2979 4174 3263 4223 convertas
3292 4171 3573 4232 percutere

1973 4274 2173 4330 volenti
2203 4277 2242 4342 ),
2288 4271 2456 4334 illam,
2500 4282 2619 4337 quae
2658 4265 2936 4319 videbatur
2980 4276 3122 4326 esse,
3165 4254 3570 4327 repugnantiam

1975 4374 2030 4422 et
2056 4365 2492 4421 contrarietatem
2516 4359 2663 4429 prius
2704 4357 2858 4410 tollit.
2892 4353 3142 4422 Ideoque,
3175 4358 3232 4403 ut
3257 4362 3417 4416 supra
3439 4345 3571 4411 dixi,

1978 4472 2082 4511 non
2104 4454 2270 4510 semel
2301 4461 2505 4506 tantum
2537 4448 2641 4503 hoc
2669 4445 2910 4518 protulit,
2936 4443 3029 4497 sed
3062 4442 3164 4495 bis.
3185 4439 3318 4494 Cum
3343 4436 3576 4491 dixisset

1977 4547 2142 4612 enim,
2175 4544 2350 4598 Nolite
2371 4551 2571 4613 putare,
2588 4537 2725 4610 quod
2750 4536 2965 4590 venerim
2992 4533 3183 4588 solvere
3209 4528 3390 4600 legem,
3419 4526 3576 4595 adje-

1978 4640 2051 4695 cit
2082 4656 2094 4692 :
2121 4635 2242 4691 Non
2262 4634 2373 4689 ueni
2399 4633 2610 4697 solvere,
2640 4629 2728 4683 sed
2750 4625 3049 4696 adimplere.
3075 4623 3304 4687 Rursum
3332 4622 3409 4677 ait
3438 4636 3450 4670 :
3484 4616 3573 4672 18.

1981 4732 2139 4785 Amen
2173 4728 2361 4799 quippe
2384 4725 2497 4779 dico
2527 4723 2683 4786 vobis,
2708 4719 2870 4772 donec
2895 4724 3117 4770 transeat
3143 4713 3326 4766 caelum
3347 4718 3391 4764 et
3418 4717 3575 4773 terra,

1979 4823 2084 4876 iota
2108 4835 2266 4874 unum
2305 4827 2396 4870 aut
2436 4830 2570 4868 unus
2613 4825 2747 4881 apex
2777 4824 2878 4862 non
2909 4803 3182 4877 prasteribit
3205 4819 3237 4855 a
3265 4800 3392 4871 lege,
3416 4799 3578 4852 donec

1981 4913 2152 4968 omnia
2179 4910 2323 4978 ﬁant.
2348 4905 2498 4972 Quod
2524 4912 2700 4956 autem
2727 4900 2874 4963 dicit,
2894 4893 3197 4966 huiusmodi
3219 4901 3304 4948 est
3334 4908 3349 4945 :
3377 4888 3580 4958 Impos-

1981 5003 2139 5064 sibile
2167 5008 2250 5055 est
2295 5012 2399 5052 non
2437 4995 2708 5064 impletum
2748 5004 3003 5052 manere,
3035 4985 3128 5040 sed
3174 4984 3261 5039 vel
3297 4980 3578 5038 minimum

1983 5096 2229 5167 quodque
2275 5091 2392 5160 ejus
2438 5086 2648 5157 impleri
2711 5088 2942 5153 oportet.
2973 5076 3126 5146 Quod
3169 5075 3286 5146 ipse
3327 5073 3449 5131 fecit
3488 5072 3579 5142 qui

1984 5163 2233 5242 accurate
2261 5181 2440 5236 omnia
2472 5177 2734 5248 implevit.
2765 5174 2861 5231 llic
2894 5181 3074 5226 autem
3107 5168 3262 5224 nobis
3282 5163 3585 5221 subindicat

1987 5278 2152 5331 totius
2196 5271 2376 5327 mundi
2425 5270 2649 5340 ﬁguram
2702 5262 3089 5321 immutandam
3124 5274 3265 5316 esse.
3309 5257 3423 5313 Nec
3466 5256 3585 5312 sine

1988 5385 2146 5425 causa
2176 5367 2228 5421 id
2260 5350 2457 5436 posuit,
2497 5362 2592 5418 sed
2625 5371 2679 5414 ut
2710 5360 2943 5429 erigeret
2970 5353 3301 5417 auditorem,
3331 5349 3586 5404 ostende-

1990 5471 2180 5531 rctque
2208 5475 2267 5514 se
2301 5458 2422 5528 jure
2452 5455 2612 5509 aliam
2645 5453 2900 5506 inducere
2919 5447 3258 5517 disciplinam
3289 5461 3304 5497 :
3334 5442 3381 5496 si
3405 5438 3590 5498 omnia

1991 5571 2112 5626 qua:
2140 5554 2194 5607 in
2222 5550 2422 5606 mundo
2449 5556 2573 5602 sunt
2601 5543 2858 5600 mnmnda
2885 5543 3011 5605 sint,
3036 5549 3088 5594 et
3114 5539 3157 5592 si
3186 5535 3461 5590 hominum
3489 5547 3584 5604 ge-

1992 5661 2094 5702 nus
2140 5643 2205 5698 ad
2257 5643 2413 5697 aliam
2459 5639 2685 5710 patriam
2730 5637 2800 5690 sit
2838 5631 3175 5694 vocandum,
3222 5626 3588 5684 sublimiorem

1995 5736 2284 5810 prrrparari
2314 5733 2496 5787 vitam.
2546 5730 2633 5786 l9.
2681 5728 2994 5796 Quicumque
3032 5737 3156 5794 ergo
3195 5717 3398 5775 solverit
3423 5730 3587 5771 unum
