4124 6302
597 316 705 375 215

594 435 661 489 de
685 431 938 487 mandatis
964 432 1070 487 istis
1095 429 1334 493 minimis,
1368 438 1416 484 et
1452 428 1674 482 docuerit
1697 426 1768 479 sic
1794 424 2036 489 homines,
2064 439 2162 475 tm-

596 526 763 579 nitntts
788 524 1042 578 mittitur
1064 523 1118 575 in
1138 520 1306 593 'reg'no
1331 521 1586 575 caelorum.
1633 518 1915 585 Postquam
1941 514 2083 569 enim
2108 528 2168 569 se

592 633 621 671 a
650 616 784 670 mala
811 615 1111 685 suspicione
1149 613 1448 676 vindicavit,
1481 619 1534 666 et
1555 624 1738 664 eorum
1771 608 1859 679 qui
1893 606 2165 662 contradi-

589 722 715 763 cere
739 705 935 761 vellent
976 720 1069 761 ora
1099 704 1355 765 obstruit,
1398 711 1519 755 tunc
1556 701 1769 755 demunt
1808 708 1862 753 et
1892 706 2085 757 terret.
2112 705 2167 751 et

593 798 767 851 minas
791 797 1021 866 graviter
1052 796 1273 849 intentat
1298 807 1457 869 super
1487 792 1660 846 futura
1681 793 1817 861 lege.
1845 789 1995 857 Quod
2022 790 2163 843 enim

594 890 645 943 id
688 905 791 944 non
827 889 894 942 de
922 888 1150 955 antiquis
1178 886 1379 953 legibus
1403 885 1631 947 dixerit,
1675 885 1768 939 sed
1802 884 1870 937 de
1904 883 2005 936 illis
2035 896 2166 951 quas

593 981 705 1048 ipse
730 981 927 1033 laturus
952 986 1087 1041 erat,
1107 978 1229 1031 audi
1255 977 1546 1046 sequentia.
1571 977 1660 1031 20.
1687 975 1812 1028 Dico
1834 974 1964 1027 enim
1990 973 2125 1026 vobis
2146 988 2166 1027 :

593 1068 713 1123 Nisi
738 1067 1061 1122 abundaverit
1080 1068 1281 1137 justitin
1310 1076 1471 1120 vestra
1503 1068 1616 1136 plus
1640 1082 1787 1135 quam
1813 1064 2087 1118 scribarum
2119 1073 2166 1117 et

596 1157 985 1221 Pharisaeorum,
1012 1176 1111 1211 non
1136 1158 1385 1213 intrabitis
1411 1160 1463 1209 in
1499 1173 1703 1227 regnum
1730 1158 1986 1211 caelorum.
2014 1156 2166 1222 Quod

589 1250 634 1301 si
662 1250 801 1303 circa
829 1259 1060 1303 veterem
1090 1249 1257 1317 legem
1304 1252 1611 1310 minaretur,
1645 1262 1740 1301 cur
1768 1248 2011 1309 dixisset,
2046 1245 2166 1299 Nisi

590 1340 911 1393 abundaverit
930 1340 956 1393 ?
986 1340 1021 1393 li
1045 1342 1185 1395 enim
1208 1340 1297 1409 qui
1321 1341 1503 1395 eadem
1538 1340 1679 1409 ipsa,
1706 1355 1823 1408 qua:
1852 1340 1923 1392 illi
1949 1381 1962 1403 ,
2003 1339 2163 1392 facie-

590 1430 733 1493 bant,
760 1446 861 1483 non
893 1439 1132 1498 poli-rant
1160 1431 1451 1484 secundum
1476 1432 1694 1496 justitim
1722 1430 1976 1483 rationem
1998 1430 2163 1485 abun-

589 1519 736 1575 dare.
757 1520 857 1575 Sed
885 1521 1007 1589 quid
1036 1530 1146 1574 erat
1180 1520 1304 1574 illud
1328 1519 1469 1590 quod
1487 1519 1828 1573 abundabat?
1849 1520 1959 1574 Non
1984 1520 2157 1585 irasci,

589 1612 862 1664 mulierem
904 1628 1005 1663 non
1041 1611 1305 1679 impudice
1343 1613 1631 1679 respicere.

660 1703 711 1754 4.
753 1700 859 1755 Cur
906 1716 1031 1769 ergo
1066 1701 1309 1755 minimas
1352 1701 1466 1755 illas
1507 1700 1711 1755 vocavit
1763 1702 1925 1770 leges,
1954 1702 2162 1759 etiamsi

588 1798 746 1844 tanta:
794 1802 1005 1860 tamque
1033 1791 1286 1844 sublimes
1322 1789 1475 1845 sint?
1506 1792 1636 1857 Quia
1669 1792 1781 1860 ipse
1806 1792 1974 1861 legem
2006 1793 2162 1848 indu-

588 1890 769 1934 cturus
796 1890 927 1933 erat.
958 1880 1105 1936 Sicut
1126 1881 1267 1934 enim
1293 1894 1351 1935 se
1379 1880 1635 1945 bumiliat,
1669 1890 1722 1935 et
1747 1882 1983 1937 modeste
2020 1898 2162 1951 saepe

587 1974 655 2029 de
680 1975 856 2043 seipse
886 1975 1116 2043 loquitur
1145 1992 1156 2026 :
1188 1974 1264 2028 sic
1290 1972 1448 2028 etiam
1472 1975 1609 2029 circa
1644 1974 1810 2043 legem
1840 1990 1988 2030 suam
2013 1979 2156 2047 agit;

587 2076 642 2117 ut
670 2081 765 2119 nos
791 2080 1002 2135 quoque
1030 2066 1112 2119 hic
1138 2064 1327 2123 doceat
1356 2065 1405 2117 iu
1431 2066 1678 2120 omnibus
1707 2066 1946 2120 modeste
1978 2082 2156 2137 agere.

588 2156 836 2225 Alioquin
867 2168 1042 2209 autem
1084 2156 1205 2225 quia
1247 2146 1604 2209 innovationis
1644 2157 1877 2224 suspicio
1916 2157 2157 2243 quaedam

584 2260 704 2299 esse
742 2245 1048 2311 videbatur,
1096 2245 1409 2300 demissiore
1439 2246 1648 2299 interim
1680 2246 1926 2315 loquendi
1966 2264 2160 2316 genere

587 2340 770 2390 utitur.
802 2335 933 2390 Cum
973 2352 1097 2390 vero
1122 2336 1273 2390 audis
1294 2337 1571 2392 minimum
1600 2337 1652 2389 in
1682 2352 1847 2405 regno
1884 2339 2156 2404 curiarum,

583 2441 652 2479 ne
672 2427 810 2479 aliud
832 2427 1115 2495 suspiceris
1136 2440 1291 2495 quam
1317 2426 1615 2494 gehennam
1640 2436 1799 2495 atque
1819 2429 2155 2495 supplicium.

584 2515 822 2584 Regnum
851 2518 991 2571 enim
1018 2517 1152 2570 solet
1181 2518 1470 2586 appellare,
1502 2531 1605 2570 non
1634 2517 2021 2573 usumfructum
2045 2536 2159 2574 mo-

582 2607 686 2672 do,
730 2609 820 2661 sed
860 2609 1016 2661 etiam
1060 2610 1461 2663 resurrectionis
1502 2618 1741 2677 tempus,
1782 2619 1836 2663 et
1873 2610 2155 2667 adventum

585 2697 734 2751 illum
780 2698 1090 2752 terribilem.
1140 2698 1271 2752 Nam
1321 2698 1589 2767 quomodo
1634 2699 1826 2753 rationi
1871 2711 2155 2755 consenta-

584 2805 741 2844 neum
786 2798 958 2853 esset,
1001 2805 1120 2844 eum
1162 2793 1251 2859 qui
1278 2788 1497 2844 fratrem
1528 2790 1747 2844 Stultum
1776 2802 1950 2857 vocat,
1983 2799 2037 2846 et
2068 2793 2159 2863 qui

582 2881 883 2935 mandatum
916 2899 1075 2935 unum
1099 2883 1279 2947 violat,
1310 2882 1360 2935 itt
1382 2882 1679 2951 gehennam
1707 2883 1940 2938 incidere
1967 2900 1981 2947 ;
2012 2884 2157 2939 illum

582 2989 710 3029 vero
753 2976 841 3041 qui
884 2975 1059 3028 omnia
1101 2984 1365 3043 praecepta
1391 2974 1629 3035 solverit.
1662 2983 1715 3027 et
1756 2974 1889 3028 alios
1910 2976 1987 3029 ad
2016 2975 2156 3045 idip-

568 3080 696 3119 sum
726 3064 1008 3129 induxerit,
1042 3065 1092 3119 in
1123 3079 1287 3134 regno
1315 3064 1476 3119 locari
1502 3064 1525 3118 ?
1548 3064 1662 3119 Non
1690 3064 1849 3134 igitur
1875 3065 1976 3120 hoc
2004 3066 2154 3133 dicit,

582 3155 676 3210 sed
708 3156 854 3210 illum
874 3170 938 3209 eo
969 3165 1207 3224 tempore
1248 3156 1523 3209 minimum
1555 3154 1809 3222 futurum,
1842 3157 1893 3211 id
1924 3166 2025 3222 est,
2063 3158 2180 3214 abu

580 3246 798 3317 jectum,
845 3247 1105 3299 ultimum.
1142 3246 1369 3301 Ultimus
1412 3254 1585 3301 autem
1615 3257 1737 3301 tunc
1769 3249 1819 3303 in
1862 3249 2156 3319 gehennam

582 3335 797 3389 incidet.
844 3335 1050 3389 Etenim
1097 3345 1277 3404 utpote
1308 3335 1447 3389 Deus
1475 3336 1759 3391 multorum
1784 3340 2154 3408 negligentiam

583 3423 904 3492 prtevidebat
923 3446 938 3486 ,-
966 3433 1017 3477 et
1042 3424 1295 3494 quosdam
1327 3423 1530 3479 futuros
1554 3441 1672 3481 esse
1698 3427 1785 3497 qui
1823 3427 1909 3480 illa
1934 3443 2028 3498 per
2054 3429 2154 3501 hy-

580 3515 829 3585 perbolen
874 3516 1045 3569 solum
1095 3516 1234 3570 dicta
1280 3532 1400 3570 esse
1445 3526 1725 3584 putarent,
1777 3527 1831 3571 et
1882 3518 1971 3588 qui
2013 3521 2153 3575 circa

581 3609 723 3678 leges
747 3608 1183 3662 ratiocinarentur
1205 3617 1254 3661 et
1274 3608 1513 3663 dicerent
1542 3626 1556 3663 :
1582 3608 1639 3664 Si
1659 3624 1787 3678 ergo
1812 3611 1929 3680 quis
1957 3611 2154 3668 fatuum

580 3699 866 3762 vocaverit,
894 3700 1110 3768 punitur
1133 3700 1156 3751 ?
1176 3699 1220 3751 si
1252 3699 1526 3755 mulierem
1568 3700 1883 3769 simpliciter
1902 3718 2154 3771 respexe-

580 3788 670 3853 rit,
699 3788 935 3843 mmchus
962 3787 1189 3842 efficitur
1213 3788 1236 3841 ?
1279 3788 1400 3844 ldeo
1426 3789 1568 3843 illam
1601 3790 1792 3845 tollens
1819 3793 2116 3847 socordiam
2135 3835 2149 3859 ,

579 3882 751 3937 minas
791 3882 1015 3934 intentat
1046 3882 1299 3934 maximas
1328 3880 1603 3949 utrisque,
1632 3889 1687 3935 et
1714 3882 2152 3952 transgredienti-

580 3970 701 4032 bus.
728 3982 782 4025 et
806 3972 940 4024 alios
970 3972 1033 4024 ad
1064 3971 1165 4025 hoc
1196 3969 1585 4024 inducentibus.
1621 3972 1789 4026 Minas
1829 3974 2003 4042 itaque
2028 3988 2151 4029 cer-

578 4072 785 4125 nentes,
815 4076 987 4129 neque
1007 4062 1100 4129 ipsi
1128 4060 1596 4129 transgredia'mur,
1620 4075 1789 4128 neque
1813 4062 1925 4115 haec
1944 4078 2155 4117 servare

580 4152 817 4205 volentes
861 4160 1184 4203 avertamus.
1241 4150 1341 4215 Qui
1386 4150 1551 4203 autem
1592 4150 1766 4219 fecerit
1802 4160 1851 4203 et
1896 4151 2151 4217 docuerit,

579 4243 767 4311 inquit,
821 4259 1031 4313 magnus
1076 4241 1347 4294 vocabitur.
1377 4239 1683 4293 Nonaenim
1725 4240 1879 4295 nobis
1927 4251 2151 4308 tantum,

581 4333 675 4389 sed
710 4342 764 4387 et
812 4333 929 4385 aliis
974 4333 1127 4386 utiles
1172 4346 1291 4385 esse
1334 4331 1609 4386 debemus.
1657 4330 1841 4400 Neque
1873 4334 2014 4388 enim
2062 4350 2156 4403 par

579 4437 787 4478 merces
824 4434 903 4476 est
946 4424 993 4477 ei
1035 4424 1208 4491 quise
1236 4423 1300 4475 aI
1348 4432 1493 4476 recte
1535 4420 1828 4479 faciendum
1860 4429 2150 4495 comparat,

578 4521 636 4567 et
676 4513 728 4567 ei
783 4512 870 4581 qui
933 4526 1113 4566 secum
1170 4512 1333 4564 alium
1379 4510 1443 4564 ad
1492 4510 1542 4564 id
1588 4496 1819 4567 adducit.
1872 4501 2153 4580 Quemad-

582 4604 797 4659 modum
828 4604 968 4657 enim
1004 4603 1197 4657 docere
1238 4610 1293 4657 et
1334 4617 1438 4655 non
1480 4600 1671 4665 facere,
1705 4604 2021 4659 condemnat
2047 4606 2154 4659 do-

579 4707 822 4759 centem,
874 4697 1037 4763 (nam
1080 4695 1199 4749 ait:
1237 4694 1337 4761 Qui
1379 4695 1526 4747 doces
1555 4694 1712 4748 alium
1737 4734 1752 4759 ,
1793 4697 2003 4765 teipsum
2048 4714 2153 4752 non

578 4789 725 4843 doces
752 4786 939 4860 [.
978 4787 1031 4841 2.
1062 4788 1122 4842 2i
1149 4787 1261 4858 ])?
1305 4788 1382 4841 sic
1428 4787 1619 4851 facere,
1666 4801 1764 4842 nec
1809 4788 1939 4842 alios
1986 4790 2050 4844 ad
2080 4790 2153 4843 fa-

580 4878 827 4935 ciendum
857 4877 1107 4933 inducere
1128 4919 1141 4941 ,
1172 4878 1468 4933 mercedem
1496 4877 1703 4931 minuit.
1744 4877 1963 4947 Oportet
1998 4880 2153 4951 igitur

580 4971 633 5024 in
678 4978 902 5039 utroque
940 4984 1245 5038 supremum
1286 4984 1423 5033 esse,
1462 4976 1517 5023 et
1561 4982 1681 5023 cum
1727 4976 1779 5022 te
1815 4969 2042 5037 priorem
2086 4971 2150 5025 ad

578 5059 1009 5117 benefaciendum
1054 5058 1322 5114 induxeris
1346 5100 1361 5123 ,
1397 5058 1462 5112 ad
1500 5058 1724 5113 aliorum
1758 5074 1937 5113 curam
1976 5070 2149 5115 trans-

576 5152 807 5209 eundum
848 5159 947 5205 est.
990 5150 1191 5206 Idcirco
1215 5150 1354 5202 enim
1382 5149 1495 5217 ipse
1519 5163 1679 5218 opera
1709 5158 1833 5204 ante
1858 5148 2149 5204 doctrinam

579 5247 776 5316 posuit,
822 5244 1110 5311 ostendens
1154 5243 1231 5297 sic
1256 5242 1456 5311 optime
1501 5242 1744 5311 quemvis
1780 5256 1839 5297 se
1867 5242 1931 5297 ad
1963 5243 2151 5297 docen-

576 5336 703 5391 dum
729 5350 1066 5405 comparare,
1100 5349 1271 5403 neque
1298 5334 1405 5386 alio
1443 5333 1601 5387 modo
1630 5348 1895 5401 umquam.
1932 5334 2153 5386 Auditu-

576 5443 670 5483 rus
710 5439 850 5483 esset
880 5428 1020 5482 cnitn
1044 5470 1057 5494 ,
1090 5425 1303 5491 Modice,
1340 5440 1464 5478 cura
1490 5425 1701 5493 teipsuut
1742 5423 1909 5493 (Luc.
1937 5425 1992 5479 .
2013 5424 2084 5477 25
2107 5424 2148 5491 ).

579 5521 678 5589 Qui
718 5521 857 5591 enim
899 5534 1014 5575 cum
1060 5520 1292 5588 seipsum
1338 5518 1530 5572 docere
1566 5532 1669 5571 non
1714 5517 1972 5586 potuerit,
2019 5516 2152 5571 alios

588 5594 874 5665 emendare
899 5618 1142 5675 conatur,
1175 5624 1204 5662 a
1240 5608 1415 5662 multis
1443 5605 1745 5662 irridebitur
1776 5624 1793 5671 ;
1822 5606 1928 5660 imo
1959 5620 2022 5661 ne
2049 5605 2150 5661 doc

576 5719 699 5760 cere
745 5704 957 5774 quidem
1006 5702 1093 5758 ille
1137 5701 1359 5772 poterit,
1405 5700 1532 5771 ipsis
1580 5698 1825 5770 operibus
1880 5698 2141 5754 contraria

1334 314 1390 370 S.
1431 310 1705 369 JOANNIS
1742 304 2208 367 CHRYSOSTOMI
2248 304 2567 363 ARCIIIEP.
2606 309 3117 368 CONSTANTINOP

2276 422 2698 480 testificantibus.
2743 422 2799 479 Si
2840 439 2966 480 vero
3012 425 3066 481 in
3108 434 3333 497 utroque
3378 424 3648 497 perfectus
3676 421 3862 490 fuerit,

2272 529 2494 585 magnus
2527 516 2799 571 vocabitur
2835 517 2885 570 in
2920 530 3085 587 regno
3110 516 3384 572 ctelorum.
3426 516 3556 571 Dico
3602 516 3741 568 enim
3770 532 3864 570 co

2272 606 2367 671 bis,
2406 605 2523 660 Nisi
2550 607 2870 661 abundaverit
2901 607 3101 678 justitia
3134 615 3297 661 vestra
3327 608 3441 676 plus
3472 623 3625 677 quam
3664 605 3864 660 scriba

2271 712 2384 749 rum
2409 706 2454 749 et
2478 695 2870 761 Pbarisworum,
2897 713 2998 750 non
3012 694 3262 750 intrabitis
3282 696 3336 750 in
3354 713 3567 767 regnum
3592 697 3859 750 celarunt.

2273 785 2368 839 Hic
2406 786 2692 853 justitiam,
2736 801 2949 839 omnem
2992 796 3144 841 vocat
3182 787 3469 862 virtutem;
3511 796 3569 841 ut
3598 786 3758 840 etiam
3793 786 3866 840 de

2271 878 2405 932 Jobo
2429 893 2648 932 narrans
2674 878 2884 932 dicebat
2912 897 2923 931 :
2959 878 3026 931 Et
3055 888 3160 933 erat
3190 878 3339 931 homo
3367 876 3856 947 irrepreltensibitis,

2270 968 2433 1035 iustus
2475 968 2615 1037 (Job
2658 969 2709 1020 l.
2741 968 2763 1020 1
2796 968 2835 1036 ).
2896 968 3198 1023 Secundum
3246 966 3385 1021 hanc
3418 966 3863 1035 justicationem

2266 1059 2468 1128 justum
2514 1058 2658 1113 illum
2703 1058 2898 1115 Paulus
2949 1060 3207 1123 vocabat,
3241 1058 3325 1112 cui
3365 1058 3536 1127 legem
3565 1073 3672 1111 non
3710 1058 3863 1127 posi-

2274 1158 2378 1203 tam
2432 1164 2550 1203 esse
2596 1149 2805 1203 dicebat
2852 1166 2865 1202 :
2916 1149 3066 1204 Justo
3110 1150 3244 1203 enim
3294 1150 3378 1203 lea:
3424 1165 3527 1202 non
3572 1150 3739 1213 posita
3790 1156 3864 1200 est

2271 1240 2290 1307 (
2321 1242 2369 1294 l.
2397 1239 2532 1295 Tim.
2565 1242 2615 1294 i.
2648 1241 2745 1310 9),
2794 1242 2985 1311 inquit.
3030 1240 3290 1311 Smpeque
3338 1239 3463 1295 alibi
3510 1240 3613 1292 hoc
3660 1254 3863 1293 nomen

2271 1346 2366 1398 pro
2386 1333 2619 1400 generali
2649 1333 2842 1387 virtute
2871 1334 3099 1402 positum
3128 1334 3365 1400 reperire
3383 1342 3463 1386 est
3486 1331 3588 1401 (a).
3619 1331 3698 1384 Tu
3728 1346 3863 1384 veru

2270 1423 2399 1475 mihi
2447 1422 2717 1491 perpende
2747 1428 2932 1493 gratia:
2969 1433 3311 1495 augmentum
3335 1464 3349 1487 ,
3380 1422 3596 1492 quando
3623 1422 3859 1488 discipu-

2271 1510 2349 1564 lus
2396 1510 2568 1566 adhuc
2611 1512 2771 1567 rudes
2813 1512 2927 1566 vult
2971 1514 3167 1567 veteris
3218 1512 3349 1583 legis
3385 1512 3695 1567 doctoribus
3736 1526 3862 1567 esse

2270 1603 2539 1657 meliores.
2586 1602 2799 1657 Scribas
2844 1612 3020 1659 autem
3058 1613 3111 1659 et
3150 1605 3449 1659 Pharisaeos
3494 1604 3580 1658 hic
3610 1618 3716 1658 non
3751 1602 3861 1656 im-

2271 1695 2466 1763 probos
2512 1706 2914 1760 commemorat,
2951 1696 3044 1750 sed
3098 1696 3338 1765 probos;
3384 1696 3484 1750 nisi
3524 1697 3667 1750 enim
3697 1695 3857 1765 probi

2267 1794 2478 1851 essent,
2514 1800 2846 1855 nequaquam
2875 1801 2970 1840 eos
3001 1787 3203 1842 diceret
3229 1787 3426 1845 habere
3446 1786 3728 1855 justitiam,
3761 1800 3862 1839 ne-

2264 1890 2368 1944 que
2384 1876 2641 1944 justitiam
2668 1892 2771 1929 non
2794 1879 3136 1931 exsistentetu
3167 1892 3287 1930 cum
3310 1878 3603 1931 exsistente
3626 1890 3856 1945 compa-

2264 1974 2426 2020 raret.
2458 1965 2731 2034 Perpende
2770 1976 2947 2019 autem
2978 1966 3080 2021 hoc
3106 1968 3223 2021 loco
3260 1966 3527 2036 quomodo
3565 1981 3689 2021 esse
3711 1976 3859 2021 vete-

2263 2070 2377 2111 rem
2436 2055 2605 2124 legem
2661 2056 3023 2121 commendet,
3074 2057 3201 2109 dum
3246 2072 3365 2111 eam
3411 2066 3687 2125 comparat
3731 2072 3856 2111 cunt

2264 2160 2398 2200 nova
2430 2162 2444 2198 :
2490 2146 2631 2215 quod
2662 2160 2789 2201 sane
2818 2146 3053 2201 declarat
3092 2146 3235 2200 illam
3267 2147 3389 2200 huic
3424 2160 3543 2201 esse
3569 2156 3852 2216 cognatam

2264 2247 2316 2291 et
2340 2236 2551 2291 afnem
2584 2253 2596 2287 :
2632 2252 2750 2291 nam
2782 2240 2896 2306 plus
2921 2246 2975 2292 et
3004 2239 3181 2292 minus
3206 2238 3444 2307 ejusdem
3471 2239 3685 2306 generis
3707 2247 3852 2291 sunt.

2263 2326 2380 2380 Non
2408 2328 2567 2395 igitur
2605 2328 2768 2381 veteri
2808 2329 3090 2392 obtrectat,
3124 2327 3219 2383 sed
3268 2328 3411 2380 illam
3452 2328 3632 2397 augeri
3659 2329 3775 2381 vult
3796 2338 3855 2382 et

2264 2418 2477 2473 extendi
2512 2437 2525 2471 :
2557 2434 2673 2487 qum
2708 2419 2752 2472 si
2798 2433 2826 2471 a
2871 2418 3011 2471 malo
3043 2419 3299 2486 prodiret,
3324 2433 3428 2470 non
3460 2419 3691 2485 amplius
3717 2419 3847 2487 quid

2264 2508 2316 2561 in
2347 2509 2431 2562 illa
2463 2518 2745 2573 quaereret,
2780 2524 2951 2578 neque
2998 2509 3139 2563 illam
3187 2508 3555 2578 perfectiorem
3586 2510 3856 2565 reddidis

2261 2609 2363 2661 set,
2396 2598 2490 2653 sed
2537 2599 2873 2667 explosisset.
2924 2599 2989 2654 Et
3030 2600 3320 2670 quomodo,
3360 2600 3591 2670 inquies,
3638 2601 3683 2656 si
3731 2603 3855 2657 talis

2262 2699 2363 2754 est,
2410 2691 2462 2744 in
2515 2706 2732 2760 regnum
2758 2691 2869 2759 jam
2902 2708 3005 2744 non
3037 2693 3241 2746 inducit
3319 2691 3433 2745 Non
3468 2692 3665 2747 inducit
3703 2702 3852 2748 certe

2262 2797 2356 2836 eos
2402 2783 2489 2852 qui
2537 2791 2655 2852 post
2683 2783 2881 2837 Christi
2925 2783 3215 2839 adventum
3264 2784 3422 2836 vitam
3462 2784 3849 2848 instituerunt,

2265 2884 2446 2942 utpote
2497 2875 2583 2943 qui
2638 2874 2893 2943 majorem
2944 2875 3255 2945 consequuti
3304 2876 3589 2938 virtutem,
3643 2876 3853 2943 majora

2261 2966 2459 3020 debent
2500 2966 2648 3021 adire
2697 2968 2987 3021 certamina
3030 2983 3044 3020 :
3086 2983 3209 3021 nam
3234 2968 3479 3022 alumnos
3502 2981 3628 3021 suos
3660 2983 3855 3022 omnes

2260 3070 2326 3111 eo
2369 3056 2672 3110 introducit.
2708 3056 2863 3109 Multi
2907 3059 3038 3109 enim
3083 3059 3278 3111 venient
3304 3059 3367 3111 ab
3413 3059 3606 3112 oriente
3642 3068 3690 3111 et
3716 3059 3850 3113 occi-

2260 3149 2428 3211 dente,
2461 3150 2648 3217 iuquit,
2671 3157 2718 3203 et
2743 3148 3027 3202 recumbent
3066 3149 3121 3203 in
3148 3151 3264 3203 sinu
3290 3150 3510 3203 Abratue
3534 3160 3580 3203 et
3604 3149 3777 3205 lsaaci
3802 3161 3851 3206 et

2258 3239 2439 3294 Jacobi
2463 3240 2745 3309 (Matth.8.
2772 3239 2882 3311 ).
2912 3241 3142 3296 Lazarus
3169 3253 3333 3303 certe.
3362 3244 3450 3311 qui
3484 3243 3690 3313 magnis
3718 3242 3852 3297 frui-

2260 3339 2347 3385 tur
2374 3331 2630 3402 prarmiis,
2661 3331 2713 3385 iu
2743 3332 2860 3401 eius
2889 3333 3007 3386 sinu
3049 3347 3271 3387 versans
3296 3346 3516 3402 apparet
3556 3334 3707 3404 (Luc.
3734 3335 3849 3406 16).

2259 3421 2327 3477 Et
2371 3431 2631 3495 quotquot
2660 3424 2712 3477 in
2758 3424 2929 3479 veteri
2967 3425 3083 3496 lege
3128 3424 3416 3480 admodum
3460 3426 3741 3490 refulsere.
3796 3428 3851 3484 id

2259 3528 2356 3583 per
2395 3504 2538 3568 illam
2568 3515 2845 3585 sequuti
2891 3524 3033 3570 sunt.
3080 3515 3324 3571 Christus
3368 3531 3518 3579 vero,
3552 3517 3595 3571 si
3640 3518 3725 3573 lex
3758 3518 3850 3573 illa

2260 3605 2397 3659 mala
2443 3615 2498 3660 et
2539 3605 2715 3679 aliena
2756 3605 2938 3661 fuisset
2962 3647 2977 3671 ,
3023 3623 3126 3661 non
3156 3607 3298 3660 illam
3329 3622 3543 3662 omnem
3572 3608 3850 3679 implevis-

2259 3706 2360 3751 set.
2405 3697 2535 3751 Nam
2582 3698 2626 3751 si
2656 3698 2705 3752 id
2751 3698 2923 3752 solum
2956 3698 3166 3753 fecisset
3196 3707 3253 3753 ut
3286 3698 3500 3754 Judzros
3528 3700 3843 3767 attraheret,

2259 3806 2363 3845 non
2390 3778 2566 3845 autem
2605 3799 2662 3844 ut
2693 3788 3000 3845 ostenderet
3046 3804 3165 3845 eam
3193 3800 3473 3861 cognatam
3503 3806 3624 3847 esse
3650 3801 3705 3863 )
3729 3792 3849 3847 atii-

2257 3898 2377 3939 nem
2404 3898 2556 3937 novat
2582 3882 2705 3952 legi,
2733 3897 2829 3937 cur
2852 3897 2957 3936 non
2985 3881 3147 3937 etiam
3174 3881 3452 3951 gentilium
3481 3882 3630 3953 leges
3657 3892 3713 3938 et
3740 3899 3848 3937 mo-

2258 3986 2346 4027 res
2372 3972 2719 4040 implevisset,
2753 3982 2809 4025 ut
2835 3970 3066 4041 gentiles
3095 3969 3433 4039 pertraheret

2332 4062 2384 4117 5.
2421 4060 2665 4131 Undique
2703 4077 2831 4131 ergo
2861 4061 3037 4131 palam
3068 4070 3149 4115 est
3177 4075 3296 4116 eam
3324 4075 3355 4115 a
3384 4062 3599 4117 Christo
3624 4077 3731 4116 non
3758 4064 3840 4118 in-

2258 4152 2399 4217 duci,
2439 4168 2543 4206 non
2570 4152 2710 4222 quod
2738 4153 2875 4206 mala
2902 4153 2992 4219 sit,
3025 4152 3117 4206 sed
3147 4152 3287 4223 quod
3319 4153 3576 4223 majorum
3606 4153 3677 4207 sit
3705 4171 3841 4223 pne-

2257 4258 2531 4317 ceptorum
2552 4256 2780 4316 tempus.
2799 4246 3019 4300 Etiamsi
3047 4260 3171 4301 vero
3197 4246 3560 4315 imperfectior
3582 4248 3656 4301 sit
3683 4264 3843 4316 quam

2262 4353 2415 4402 nova,
2444 4336 2495 4391 id
2521 4347 2665 4391 certe
2686 4352 2793 4390 non
2816 4336 3003 4404 probat
3028 4336 3195 4403 ipsam
3222 4350 3341 4391 esse
3362 4338 3552 4391 malam
3574 4355 3586 4391 :
3607 4339 3845 4409 alioquin

2258 4438 2430 4482 autem
2461 4443 2595 4482 nova
2617 4430 2667 4481 in
2694 4425 2935 4481 eamdem
2966 4426 3224 4480 incideret
3251 4426 3635 4481 conditionem.
3664 4428 3847 4496 Siqui-

2258 4519 2378 4575 dem
2406 4518 2557 4588 hujus
2586 4516 2827 4579 scientia,
2858 4517 2902 4570 si
2929 4532 3047 4570 cum
3078 4516 3268 4571 futura:
3298 4517 3417 4570 vitrc
3442 4518 3665 4572 scientia
3691 4534 3845 4573 eom-

2260 4619 2494 4679 paretur,
2525 4610 2719 4678 exigua
2745 4617 2800 4662 et
2826 4606 3133 4675 imperfecta
3161 4615 3264 4671 est,
3296 4617 3455 4675 atque
3484 4608 3569 4665 illa
3591 4609 3844 4665 veniente

2258 4711 2561 4758 evacuatur.
2590 4700 2720 4755 Nam
2745 4699 2875 4754 Cum
2902 4700 3121 4763 venerit,
3165 4698 3367 4769 inquit,
3398 4699 3534 4765 quod
3564 4700 3842 4768 perfectum

2257 4804 2350 4856 est,
2374 4804 2489 4847 tunc
2513 4793 2832 4847 evacuabitttr
2850 4790 2983 4859 quod
3013 4804 3077 4843 ea;
3101 4796 3243 4859 parte
3262 4798 3334 4842 est
3360 4788 3433 4858 (l.
3452 4787 3570 4842 Cor.
3596 4789 3684 4843 15.
3712 4791 3837 4857 10)

2257 4885 2397 4957 quod
2427 4901 2521 4955 per
2546 4885 2749 4939 Novam
2776 4880 2942 4936 Vetus
2968 4894 3220 4951 perpessa
3248 4888 3349 4933 est.
3381 4879 3486 4934 Nec
3511 4888 3689 4935 tamen
3720 4896 3843 4949 pro-

2258 4988 2439 5049 pterea
2470 4976 2609 5030 illam
2637 4971 3058 5034 criminabimur,
3091 4970 3215 5025 licet
3247 4970 3334 5023 illa
3365 4978 3558 5032 cesset,
3589 4983 3713 5024 cum
3745 4985 3841 5024 nos

2257 5082 2422 5139 regno
2444 5077 2709 5137 potiemur
2732 5083 2744 5118 :
2772 5062 3078 5117 Tunc-enim
3106 5061 3423 5115 evacuabitur
3445 5059 3581 5130 quod
3610 5076 3674 5114 ex
3697 5073 3840 5131 parte

2257 5170 2349 5229 est,
2376 5160 2576 5230 inquit:
2595 5158 2737 5212 illam
2762 5166 2936 5210 tamen
2960 5168 3203 5224 magnam
3229 5153 3474 5209 dicimus.
3496 5150 3633 5207 Cum
3659 5152 3837 5224 itaque

2258 5254 2591 5327 majora-sint
2618 5253 2856 5324 pnemia,
2886 5251 3219 5321 ampliorque
3243 5247 3472 5320 Spiritus
3498 5248 3689 5316 virtus,
3716 5248 3835 5319 jure

2320 5503 2391 5583 )
2680 5520 2740 5583 ab
2772 5516 3015 5583 antiquis,
3032 5517 3244 5583 iustitia,
3288 5516 3339 5567 in
3360 5508 3561 5583 genere
3597 5513 3829 5583 promoui

2258 5578 2438 5632 virtute
2463 5582 2629 5632 habita
2651 5580 2773 5642 fuit-7
2789 5578 2863 5629 sic
2878 5578 3207 5641 Empedocles
3247 5578 3746 5642 apud'Aristoteletn:

2859 5640 3123 5702 colliso-qv

2392 5704 2413 5751 1
2462 5701 2655 5767 justitia
2681 5701 2834 5753 omnis
2853 5701 3008 5754 virtus
3025 5701 3465 5763 comprehenditur.
