4124 6302
257 373 364 428 εις

258 489 466 557 majora
495 485 844 557 requiruntur
903 480 1051 537 dona
1109 481 1147 536 ί.
1205 479 1326 536 Non
1381 480 1493 551 jam
1544 486 1684 532 terra
1715 476 1852 530 lacte

257 591 316 636 et
353 582 512 636 melle
545 593 767 634 manans
804 575 1168 647 promittitur,
1212 588 1317 626 non
1363 580 1617 625 senectus
1646 568 1852 631 vivida,

261 686 370 725 non
415 669 704 726 multitudo
733 668 996 734 filiorum,
1033 679 1141 719 non
1189 664 1511 717 frumentum
1554 669 1607 714 et
1639 660 1853 723 vinum,

261 776 369 816 non
399 776 589 832 greges
614 767 669 813 et
696 765 935 813 armenta
960 772 975 819 ;
1012 754 1106 809 sed
1133 753 1322 807 caelum
1355 761 1409 806 et
1432 750 1665 806 exelestia
1693 749 1852 812 bona,

258 854 478 921 adoptio
502 862 555 905 et
582 850 887 904 fraternitas
912 862 1033 903 cum
1057 845 1365 915 Unigenito,
1394 843 1705 898 hereditatis
1727 856 1856 896 eon-

259 944 517 1003 sortium,
560 940 742 1009 gloriae
770 950 825 994 et
854 938 1001 1009 regni
1046 937 1308 997 societas,
1352 935 1739 1003 innumeraque
1768 932 1853 987 illa

260 1036 504 1105 prmniia.
536 1033 685 1100 Quod
727 1041 905 1085 autem
950 1028 1139 1099 majori
1186 1026 1383 1081 auxilio
1417 1027 1690 1090 fruamur,
1732 1023 1853 1077 andi

259 1126 484 1181 Paulum
511 1124 813 1179 dicentem:
838 1120 986 1173 Nihil
1022 1136 1141 1190 ergo
1181 1120 1289 1188 iam
1324 1116 1663 1170 damnationis
1692 1125 1767 1170 est
1794 1116 1856 1168 iis

256 1220 346 1285 qui
370 1226 487 1270 sunt
512 1217 563 1268 in
583 1213 783 1270 Christo
806 1212 950 1275 lesu,
984 1213 1069 1281 qui
1096 1228 1196 1264 non
1224 1209 1499 1263 secundum
1526 1224 1727 1261 carnrm
1746 1223 1857 1259 am-

258 1308 458 1373 bulant,
490 1308 577 1361 sed
602 1305 877 1359 secundum
912 1304 1163 1373 spiritum.
1197 1301 1307 1355 Lex
1339 1301 1471 1353 enim
1499 1300 1707 1368 spiritus
1741 1298 1859 1350 vita:

255 1398 490 1453 liberavit
531 1415 610 1451 me
650 1415 682 1450 a
726 1396 833 1467 lege
873 1395 1065 1465 peccati
1103 1404 1150 1447 et
1196 1394 1371 1446 mortis
1401 1392 1573 1461 (Rom.
1607 1391 1659 1445 8.
1696 1391 1744 1444 1.
1773 1389 1851 1459 2).

255 1488 628 1543 Comminatus
675 1488 853 1557 itaque
884 1484 1368 1554 transgressoribus
1391 1524 1406 1546 ,
1438 1491 1493 1537 et
1518 1496 1707 1550 magna
1736 1480 1851 1549 pol-

255 1580 435 1635 licitus
458 1581 674 1650 praemia
693 1589 840 1634 recte
862 1578 1163 1648 agentibus,
1180 1586 1237 1630 ut
1257 1575 1489 1630 ostendit
1512 1574 1628 1641 plus
1650 1587 1677 1626 a
1702 1572 1855 1627 nobis

253 1671 377 1740 jure
423 1672 602 1741 exigi,
652 1686 811 1740 quam
852 1685 1132 1724 mensuras
1180 1668 1417 1737 priores,
1463 1666 1678 1721 demum
1710 1666 1855 1734 leges

256 1773 498 1818 statuere
528 1763 734 1831 incipit,
768 1776 873 1816 non
902 1761 1244 1829 simpliciter.
1276 1759 1371 1814 sed
1400 1758 1533 1812 facta
1565 1772 1685 1811 cum
1712 1758 1854 1810 anti-

254 1856 377 1924 quis
408 1853 664 1922 legalibus
696 1853 1128 1920 comparatione;
1179 1851 1292 1904 hare
1320 1849 1429 1903 duo
1452 1848 1641 1902 volens
1665 1856 1851 1901 osten-

255 1946 410 2009 dere,
439 1962 500 2001 se
523 1944 905 2003 videlicet,non
933 1944 1113 2013 priora
1144 1945 1541 2012 impugnantem
1566 1982 1578 2003 ,
1612 1938 1705 1993 sed
1732 1954 1853 1995 cum

252 2037 364 2093 illis
391 2037 679 2092 admodum
710 2044 1097 2090 consonantem
1119 2076 1133 2097 ,
1176 2034 1272 2087 has
1309 2043 1544 2087 suum-re
1589 2032 1765 2101 leges,
1794 2046 1856 2085 ac

253 2130 377 2199 jure
422 2140 828 2199 opportuneque
881 2128 993 2181 ha-c
1043 2143 1178 2180 nova
1228 2127 1497 2181 veteribus
1541 2125 1850 2194 adjnngerc.

256 2221 411 2289 Quod
444 2233 500 2275 ut
524 2221 722 2275 clarius
748 2219 959 2280 evadat,
990 2220 1101 2287 ipsa
1133 2217 1455 2288 legislatoris
1484 2216 1641 2270 verba
1670 2215 1855 2269 audia-

254 2328 403 2367 mus.
442 2311 583 2379 Quid
613 2311 774 2381 igitur
797 2312 869 2365 ait
899 2310 1023 2365 ille?
1049 2309 1139 2362 21.
1174 2308 1397 2361 Audistis
1424 2309 1544 2376 quia
1571 2308 1760 2360 dictum
1783 2316 1856 2360 est

255 2404 499 2473 antiquis,
532 2384 653 2456 Non
682 2402 877 2455 occides
903 2398 1098 2469 (Exod.
1128 2400 1219 2454 20.
1251 2400 1364 2470 15).
1395 2400 1551 2469 Atqui
1580 2400 1623 2451 is
1652 2399 1740 2468 qui
1767 2398 1852 2451 illa

255 2493 426 2556 dedit,
462 2494 575 2563 ipse
595 2503 707 2558 est;
742 2494 834 2547 sed
862 2494 1072 2547 interim
1093 2492 1521 2560 impersonaliter
1543 2491 1656 2545 lucc
1684 2490 1852 2559 ponit.

255 2584 316 2639 Si
348 2584 489 2639 enim
528 2584 752 2639 dixisset
775 2625 790 2645 .
837 2583 1077 2638 Audistis
1105 2598 1189 2636 me
1216 2582 1417 2637 dixisse
1444 2582 1677 2651 antiquis
1697 2623 1712 2647 ,
1746 2596 1853 2635 non

257 2686 513 2744 acceptus
541 2676 727 2730 fuisset
759 2675 843 2729 hic
888 2689 1068 2729 sermo
1088 2714 1103 2735 ,
1156 2689 1255 2728 nec
1286 2673 1629 2728 audientibus
1654 2671 1854 2742 proba-

258 2777 375 2831 tus;
408 2767 451 2820 si
482 2781 612 2820 vero
643 2766 904 2819 dixisset:
931 2765 1168 2819 Audistis
1210 2765 1332 2834 quia
1378 2763 1579 2818 dictum
1607 2771 1690 2816 est
1716 2763 1856 2815 anti-

256 2858 379 2927 quis
403 2873 433 2911 a
460 2857 616 2912 Patre
645 2872 798 2920 meo,
837 2855 1138 2923 deindcque
1170 2855 1463 2918 intulisset,
1513 2853 1626 2922 Ego
1672 2863 1853 2906 autem

255 2949 404 3014 dico,
454 2948 624 3016 major
664 2948 963 3017 arrogantia
993 2948 1102 3000 visa
1145 2947 1348 3000 fuisset.
1387 2945 1726 3014 Quapropter
1755 2945 1857 2998 hoc

257 3039 579 3108 simpliciter
608 3039 783 3108 posuit
812 3038 878 3092 ad
908 3038 1009 3092 hoc
1036 3055 1197 3090 unum
1226 3048 1497 3105 spectans,
1530 3046 1587 3090 ut
1606 3036 1855 3090 ostende-

254 3139 341 3183 ret
370 3144 428 3184 se
456 3132 564 3198 jam
592 3138 894 3198 opportuno
926 3137 1166 3197 tempore
1193 3130 1295 3182 hoc
1320 3128 1521 3183 dicere.
1549 3127 1684 3181 Cum
1709 3129 1854 3180 enim

256 3222 367 3283 ait,
419 3220 551 3287 Quia
593 3220 785 3272 dictant
815 3230 886 3273 est
915 3220 1170 3289 antiquis,
1220 3198 1442 3271 multum
1489 3219 1858 3272 intercessisse

259 3313 521 3382 temporis
549 3313 875 3376 declaravit,
906 3329 968 3367 ex
1000 3328 1106 3381 quo
1134 3310 1237 3364 hoc
1270 3320 1593 3378 pralceptum
1625 3324 1851 3377 accepe-

256 3414 403 3458 rant.
438 3404 551 3458 Hoc
577 3420 704 3458 vero
749 3405 902 3463 fecit.
949 3412 1007 3458 ut
1048 3403 1347 3466 auditorem
1384 3401 1754 3470 pudefaceret,
1788 3402 1853 3454 ad

261 3496 576 3552 sublimiora
608 3499 694 3552 illa
726 3499 874 3553 adire
901 3507 1167 3566 praecepta
1199 3506 1573 3560 cunctantem;
1614 3498 1685 3547 uti
1720 3495 1856 3549 solet

257 3589 515 3658 magister
538 3605 707 3659 puero
733 3589 914 3643 dicere
928 3588 1221 3658 hegligenti
1252 3606 1265 3640 :
1289 3588 1369 3641 An
1400 3588 1574 3642 neseis
1597 3595 1853 3656 quantum

260 3680 523 3748 temporis
569 3680 622 3733 in
667 3679 993 3750 syllabarum
1036 3678 1384 3734 meditatione
1423 3677 1857 3745 consumpseris?

260 3769 379 3823 Hoc
416 3778 472 3822 et
508 3771 622 3839 ipse
650 3771 993 3840 antiquorum
1024 3771 1242 3825 nomine
1272 3768 1641 3834 subindicans,
1671 3779 1859 3823 evocat

257 3860 385 3913 illos
408 3859 474 3914 ad
498 3870 761 3931 pra-cepta
792 3861 1036 3926 meliora,
1058 3876 1122 3915 ac
1143 3862 1186 3915 si
1208 3862 1412 3915 diceret
1438 3879 1451 3914 τ
1476 3868 1519 3914 Α
1546 3861 1676 3914 satis
1697 3860 1857 3929 longo

258 3961 506 4019 tempore
549 3950 663 4005 ham
697 3951 1026 4006 meditamini
1055 3968 1067 4004 :
1092 3961 1304 4021 oportet
1341 3952 1555 4007 demum
1587 3951 1651 4004 ad
1687 3951 1857 4004 subli-

257 4041 431 4095 miora
455 4056 695 4111 pergere.
726 4041 871 4097 Bene
895 4052 1073 4097 autem
1101 4046 1271 4111 agitur
1292 4044 1433 4113 quod
1470 4054 1857 4112 praeceptorum

256 4133 396 4186 ordo
420 4149 528 4187 non
558 4132 937 4197 confundatur,
964 4135 1059 4188 sed
1090 4150 1118 4189 a
1149 4135 1326 4204 priore
1357 4134 1662 4204 incipiatur,
1696 4151 1724 4186 a
1752 4149 1857 4203 quo

259 4225 347 4278 lex
379 4225 575 4294 incepit
598 4241 613 4278 :
635 4226 831 4278 etenim
864 4224 991 4278 illud
1025 4225 1196 4293 ipsum
1226 4224 1571 4279 cei-icordiam
1600 4225 1854 4279 ostendit.

258 4314 355 4369 32.
384 4313 497 4385 Ego
526 4324 693 4368 autem
728 4315 843 4367 dico
868 4313 1034 4375 vobis,
1065 4316 1304 4381 quoniam
1334 4317 1415 4383 qui
1446 4315 1681 4369 irasrimr
1709 4319 1858 4386 {miri

260 4422 354 4460 suo
382 4416 583 4460 temere
603 4446 617 4468 ,
659 4421 777 4459 reus
806 4408 899 4457 erit
915 4406 1131 4473 judicia.
1176 4406 1359 4459 Vidisti
1392 4404 1681 4475 perfectam
1711 4415 1859 4473 pote-

261 4509 459 4553 statem
475 4499 499 4552 ?
518 4498 693 4551 vidisti
722 4496 942 4551 modum
962 4499 1255 4567 legislatori
1277 4508 1669 4568 competentem
1686 4496 1709 4549 ?
1729 4497 1859 4566 Quis

260 4590 408 4646 enim
454 4589 833 4660 prophetarum
875 4587 953 4643 sic
998 4604 1248 4658 umquam
1292 4584 1544 4658 loquutus
1586 4589 1712 4643 est?
1741 4591 1861 4659 quis

259 4682 569 4752 justorum?
611 4681 731 4749 quis
780 4679 1243 4750 patriarcharum?
1284 4678 1470 4735 Nullus
1515 4695 1680 4745 sane;
1724 4681 1853 4743 sed,

268 4771 397 4828 Hc‘c
425 4772 548 4825 dicit
574 4770 843 4825 Dominus.
872 4770 1070 4825 Verum
1100 4786 1205 4825 non
1235 4772 1305 4826 ita
1337 4770 1521 4829 Filius.
1550 4772 1631 4826 Illi
1659 4774 1859 4843 quippe

266 4862 484 4918 Domini
512 4860 673 4915 verba
694 4862 1063 4930 pronuntiant,
1093 4861 1181 4915 hic
1206 4861 1399 4915 Patris.
1427 4862 1557 4917 Cum
1584 4871 1763 4917 autem
1794 4878 1857 4918 ea

262 4969 385 5024 qu:e
411 4952 605 5018 Patris,
632 4968 693 5006 ea
717 4969 836 5021 quae
859 4952 1002 5007 illius
1022 4962 1146 5007 sunt
1170 4954 1309 5008 dico.
1331 4953 1450 5008 Mea
1473 4956 1637 5018 enim,
1668 4955 1858 5024 inquit,

264 5058 355 5099 tua
378 5055 518 5111 sunt,
551 5054 598 5099 et
624 5054 713 5099 tua
733 5060 844 5098 mea
868 5055 985 5098 sunt
1015 5043 1195 5117 (Joan.
1223 5047 1309 5099 l7.
1342 5046 1452 5110 l0).
1480 5047 1558 5100 Illi
1586 5047 1860 5102 conservis

267 5139 438 5209 legem
470 5136 745 5215 ferebant,
779 5135 866 5190 hic
894 5139 1064 5191 servis
1103 5138 1233 5192 suis.
1278 5138 1673 5208 Interrogemus
1703 5140 1862 5210 igitur

268 5245 364 5284 eos
391 5228 482 5299 qui
506 5240 743 5282 veterem
775 5228 943 5295 legem
971 5227 1285 5296 explodunt.
1317 5227 1434 5282 Non
1463 5228 1619 5285 irasri
1663 5239 1718 5285 et
1754 5246 1859 5285 non

270 5322 514 5375 occidere
542 5319 881 5374 contrariane
906 5326 1051 5381 sunt,
1079 5333 1255 5372 annon
1284 5319 1458 5390 potius
1487 5320 1587 5375 hoc
1614 5322 1757 5375 illius
1783 5333 1864 5376 est

272 5412 534 5483 perfectio
578 5420 634 5465 et
678 5409 1171 5479 complementum?
1216 5410 1397 5464 Paiam
1446 5421 1528 5466 est
1574 5412 1677 5465 hoc
1720 5412 1864 5467 illius

274 5517 396 5558 esse
415 5502 897 5571 complementum,
918 5500 1144 5571 ideoque
1165 5500 1359 5570 majus.
1382 5501 1516 5557 Nam
1538 5503 1628 5573 qui
1652 5503 1704 5557 in
1729 5504 1862 5557 iram

343 5659 363 5690 ι
388 5656 547 5721 _Juxt_a_
566 5654 738 5703 Morel.
762 5656 1423 5721 legendumessetmmjora
1444 5657 1757 5721 requiruntur
1770 5672 1875 5714 cer-

279 5714 483 5766 tamina.
512 5716 731 5781 _litraque
760 5714 910 5766 lectio
929 5717 1170 5779 quadrare
1196 5714 1369 5781 posset
1393 5732 1422 5781 ;r
1449 5714 1622 5767 verum
1642 5780 1645 5781 ν
1662 5720 1874 5774 Savllia-

282 5792 393 5831 nam
443 5778 594 5830 nobis
624 5778 1018 5844 amplectendam
1050 5792 1161 5829 esse
1197 5778 1389 5829 "series
1413 5780 1517 5848 ipsa
1531 5780 1868 5835 suadet.Eotr.

1391 363 1454 418 IN
1492 360 1899 420 MATTIIIEUM
1942 359 2170 415 IIOMIL.
2214 358 2351 413 XVI.

3457 359 3562 415 948

1971 489 2075 529 non
2098 474 2418 537 concitatur,
2444 472 2612 526 multo
2637 471 2805 541 magis
2828 486 2858 524 a
2885 469 3031 525 caule
3051 468 3336 525 abstinebit
3363 487 3374 524 :
3398 481 3450 525 et
3471 474 3560 541 qui

1960 564 2094 619 iram
2142 563 2357 629 frenat,
2408 565 2579 620 multo
2626 564 2796 633 magis
2843 577 3033 616 manus
3079 563 3353 618 retinebit.
3383 563 3560 618 Radix

1960 657 2101 709 enim
2131 656 2325 719 caedis,
2356 656 2457 710 ira.
2486 655 2587 723 Qui
2618 670 2749 725 ergo
2778 654 3017 709 radicem
3049 655 3317 709 exseindit
3342 695 3358 721 ,
3393 656 3562 711 multo

1958 748 2129 817 magis
2154 762 2334 802 ramos
2357 746 2563 801 auferet
2589 764 2601 798 :
2628 749 2737 799 imo
2763 760 2893 800 vero
2919 760 3093 815 neque
3122 746 3267 800 nasci
3300 748 3463 802 sinet.

2029 838 2083 892 6.
2112 837 2221 892 Lex
2239 847 2377 892 vetus
2398 838 2632 907 ﬁrmatur
2654 837 2951 907 Evangelia.
2979 830 3189 892 Creator
3217 838 3393 891 mundi
3412 838 3562 894 Citrio

1957 938 2034 983 sto
2059 929 2111 983 in
2143 927 2353 983 Patrem
2376 930 2681 983 vindicatur.
2710 927 2778 983 In
2804 930 2911 999 lege
2936 931 3086 983 veteri
3116 946 3218 983 non
3243 940 3314 983 est
3340 931 3563 984 crudeli-

1958 1028 2054 1073 tas.
2086 1018 2194 1073 Lea:
2212 1035 2325 1090 qua:
2345 1021 2532 1073 scelera
2554 1019 2737 1089 plectat
2758 1021 3040 1074 necessaria
3060 1030 3152 1074 est.
3176 1051 3246 1061 ——
3260 1021 3375 1075 Non
3400 1022 3564 1092 igitur

1958 1108 2024 1163 ad
2052 1109 2184 1179 legis
2212 1110 2634 1179 abrogationem,
2664 1110 2759 1165 sed
2787 1110 2853 1191 ad
2878 1111 3135 1179 majorem
3159 1110 3562 1183 facilioremque

1958 1204 2073 1269 ejus
2098 1200 2393 1255 custodiam
2414 1240 2429 1265 ,
2461 1200 2557 1255 has
2586 1200 2845 1256 afferebat
2873 1201 3038 1272 leges.
3067 1198 3203 1270 Quid
3234 1206 3376 1259 enim
3407 1206 3562 1261 vole-

1959 1291 2051 1347 bat
2078 1292 2161 1347 lex
2188 1308 2309 1347 cum
2341 1292 2455 1348 lucc
2486 1294 2836 1363 prteciperet?
2883 1296 3077 1349 Annon
3106 1306 3163 1349 ut
3193 1304 3354 1351 nemo
3383 1298 3566 1367 proxi-

1959 1398 2106 1437 mum
2152 1398 2309 1438 suum
2363 1385 2683 1441 occideret?
2748 1386 2912 1454 Igitur
2958 1386 3383 1457 impugnatorem
3429 1388 3563 1460 legis

1959 1467 2244 1529 homicidia
2271 1486 2583 1543 oportuerat
2608 1477 2873 1545 imperare
2902 1496 2915 1531 :
2947 1492 3069 1532 nam
3098 1479 3348 1535 occidere
3373 1489 3428 1534 et
3454 1495 3562 1535 non

1958 1563 2205 1619 occidere
2251 1567 2517 1620 contraria
2565 1577 2721 1630 sunt;
2774 1571 2817 1623 si
2866 1585 2993 1623 vero
3036 1585 3105 1626 ne
3149 1571 3304 1625 irasci
3344 1573 3562 1641 quidem

1958 1658 2266 1725 permittat,
2305 1657 2439 1712 illud
2484 1658 2771 1727 perfectius
2800 1662 2983 1715 statuit
3027 1662 3168 1731 quod
3210 1662 3294 1716 lex
3326 1662 3561 1718 volebat.

1956 1749 2071 1805 Non
2096 1752 2238 1805 enim
2261 1752 2483 1821 perinde
2510 1753 2797 1808 abstinebit
2818 1769 2847 1808 a
2870 1753 3035 1817 caede,
3064 1755 3153 1824 qui
3180 1769 3286 1809 non
3315 1755 3563 1814 occidere

1958 1841 2279 1922 meditatur,
2312 1854 2473 1913 atque
2515 1845 2604 1898 ille
2643 1845 2733 1914 qui
2776 1845 2907 1899 iram
2953 1838 3202 1907 sustulit,
3236 1846 3323 1901 hic
3364 1847 3564 1916 quippe

1959 1933 2169 2004 longius
2196 1934 2347 1989 abest
2373 1952 2401 1987 a
2430 1937 2520 1990 tali
2550 1937 2803 1991 facinore.
2834 1936 2903 1991 Ut
2928 1946 3104 1991 autem
3133 1938 3249 1991 illos
3271 1939 3376 1991 alio
3400 1938 3563 1992 modo

1957 2031 2325 2095 cenfutemus,
2359 2047 2420 2086 ea
2451 2049 2571 2102 quae
2609 2034 2791 2087 dicunt
2831 2034 3165 2102 proferamus
3204 2034 3255 2087 in
3301 2033 3556 2088 medium.
3644 2090 3647 2091 ν

1958 2126 2213 2193 Quaenam
2244 2127 2432 2182 dicunt
2458 2129 2654 2198 igitur?
2682 2128 2847 2181 Deum
2876 2128 2965 2197 qui
2998 2125 3253 2181 nmndum
3285 2118 3439 2192 fecit,
3471 2129 3563 2196 qui

1960 2218 2128 2271 solem
2156 2218 2285 2272 oriri
2317 2217 2443 2272 facit
2468 2232 2631 2285 super
2659 2216 2873 2286 iniquos
2899 2226 2953 2270 et
2978 2216 3169 2279 bonos,
3199 2216 3289 2285 qui
3318 2216 3449 2285 pluit
3475 2230 3565 2269 su-

1960 2323 2055 2375 per
2093 2310 2266 2376 justos
2297 2320 2347 2362 et
2391 2310 2617 2377 injustas
2643 2313 2664 2380 (
2690 2308 2875 2361 Matth.
2906 2309 2960 2362 5.
2991 2308 3100 2377 45)
3130 2349 3144 2371 ,
3186 2322 3307 2363 esse
3338 2307 3560 2362 malum.

1958 2400 2058 2466 Qui
2087 2415 2215 2454 vero
2240 2400 2631 2454 moderatiores
2654 2400 2794 2467 apud
2822 2400 2939 2453 illos
2964 2409 3089 2454 sunt
3117 2400 3219 2455 hoc
3246 2402 3561 2473 repudiant;

1960 2491 2087 2545 dum
2116 2500 2295 2546 autem
2327 2491 2509 2546 dicunt
2542 2489 2686 2544 illum
2719 2505 2840 2545 esse
2871 2491 3075 2560 justum
3104 2534 3118 2558 ,
3152 2492 3349 2548 bonum
3382 2503 3563 2550 tamen

1960 2596 2083 2636 esse
2113 2590 2325 2650 negant.
2378 2582 2554 2635 Alium
2593 2596 2725 2636 vero
2753 2577 3037 2650 quemdam
3064 2625 3076 2643 ,
3112 2584 3199 2652 qui
3229 2599 3356 2639 vere
3386 2586 3565 2641 nullus

1962 2682 2065 2734 est,
2090 2682 2141 2725 et
2169 2672 2257 2741 qui
2280 2672 2413 2727 nihil
2435 2671 2655 2737 creavit,
2679 2671 2893 2725 Christo
2914 2671 3043 2725 dant
3064 2672 3299 2727 Patrem.
3324 2673 3393 2728 Et
3414 2674 3561 2729 illum

1959 2763 2176 2833 quidem
2206 2779 2311 2819 non
2343 2764 2542 2818 bonum
2581 2764 2632 2818 in
2660 2764 2820 2817 rebus
2849 2763 2917 2817 ad
2946 2777 3005 2817 se
3033 2764 3421 2832 pertinentibus
3453 2780 3566 2819 ma-

1959 2868 2091 2908 nere
2117 2895 2131 2918 ,
2176 2865 2229 2907 et
2274 2868 2368 2908 sua
2412 2868 2734 2908 conservare
2779 2853 2963 2907 dicunt
2994 2870 3007 2907 :
3037 2854 3236 2909 bonum
3283 2864 3463 2909 autem
3508 2856 3563 2911 in

1960 2947 2130 3000 aliena
2162 2948 2367 3000 irruere
2387 2988 2400 3009 ,
2433 2961 2727 3017 eorumque
2750 2988 2765 3011 ,
2794 2961 3023 3015 quorum
3064 2947 3179 3017 ipse
3213 2950 3426 3003 creator
3453 2966 3563 3005 non

1959 3045 2075 3098 est,
2110 3046 2333 3105 repente
2364 3037 2500 3090 velle
2538 3047 2869 3091 servatorem
2899 3051 3043 3091 esse.
3092 3038 3335 3093 Vidistin‘
3364 3040 3563 3097 diaboli

1961 3126 2137 3191 filios,
2186 3126 2456 3196 quomodo
2499 3141 2566 3181 ex
2612 3126 2778 3196 patris
2823 3126 2907 3181 sui
2951 3127 3186 3183 fontibus
3236 3129 3563 3200 loquantur,

1960 3218 2173 3284 quando
2199 3219 2524 3272 creationem
2547 3233 2576 3270 a
2612 3218 2721 3270 Deo
2747 3219 3007 3281 alienant,
3039 3234 3160 3272 cum
3192 3230 3367 3275 tamen
3393 3221 3563 3277 Joan-

1962 3322 2057 3360 nes
2084 3310 2278 3362 clamet
2307 3327 2319 3358 ε
2352 3306 2418 3360 In
2449 3308 2657 3377 prapria
2698 3310 2864 3371 venit,
2910 3315 2964 3359 et
2994 3298 3225 3363 Mundus
3267 3328 3358 3379 per
3393 3314 3566 3385 ipsum

1961 3403 2128 3470 factus
2156 3410 2231 3452 est
2257 3400 2275 3465 (
2296 3398 2453 3452 Joan.
2490 3400 2541 3453 l.
2575 3399 2632 3451 ll
2662 3396 2679 3465 )
2705 3399 2729 3451 ἲ
2759 3398 2962 3453 Deinde
2990 3400 3161 3470 legem
3193 3404 3565 3463 examinantes

1962 3501 2198 3545 veterem
2222 3530 2235 3553 ,
2263 3506 2365 3559 qua
2392 3490 2612 3559 jubctur
2635 3490 2850 3543 oculum
2880 3504 2976 3558 pro
3002 3492 3158 3545 oculo
3182 3533 3196 3557 ,
3223 3493 3439 3548 dentem
3468 3511 3566 3564 pro

1960 3582 2122 3637 dente
2152 3582 2327 3646 evelli,
2361 3582 2539 3636 statim
2574 3587 2875 3651 irrumpunt
2899 3592 2953 3636 et
2980 3583 3164 3637 dicunt
3194 3600 3208 3637 :
3242 3584 3309 3639 Et
3335 3600 3561 3656 quomo-

1959 3675 2029 3731 do
2056 3678 2223 3744 possit
2252 3677 2297 3730 is
2326 3676 2418 3745 qui
2444 3675 2559 3731 hanc
2584 3676 2733 3736 dicit.
2763 3691 2884 3731 esse
2914 3676 3122 3733 bonus?
3149 3677 3283 3746 Quid
3313 3680 3471 3750 igitur
3496 3681 3563 3736 ad

1962 3766 2078 3821 lia-c
2101 3767 2380 3821 dicamus?
2410 3766 2559 3822 Hanc
2597 3768 2887 3821 maximam
2918 3784 3038 3823 esse
3069 3769 3409 3839 benignitatis
3435 3786 3562 3840 spe-

1960 3860 2119 3914 ciem.
2148 3859 2263 3913 Non
2294 3860 2436 3913 enim
2461 3868 2517 3911 ut
2542 3874 2641 3913 nos
2661 3860 2895 3912 vicissim
2919 3860 3104 3915 oculos
3127 3876 3397 3926 eruamus,
3425 3862 3564 3918 hanc

1962 3951 2140 4018 posuit
2185 3952 2390 4020 legem;
2431 3951 2525 4005 sed
2559 3960 2615 4004 ut
2642 3961 2788 4004 metu
2832 3951 2975 4018 paris
3016 3951 3317 4021 inﬂigenda'
3348 3968 3561 4023 preme,

1961 4042 2325 4094 abstineamus
2365 4050 2417 4094 et
2458 4041 2551 4093 tali
2590 4055 2713 4109 erga
2748 4041 2882 4093 alios
2913 4041 3167 4097 facinore.
3202 4043 3563 4110 Quemadmo-

1961 4133 2088 4186 dum
2124 4134 2285 4185 etiam
2326 4131 2571 4185 Ninivitis
2602 4131 2872 4185 excidium
2898 4135 3254 4189 comminatus
3292 4146 3413 4200 est,
3454 4152 3561 4193 non

1961 4236 2020 4277 ut
2051 4224 2168 4279 illos
2200 4222 2447 4292 perderet
2473 4223 2617 4293 (nam
2645 4224 2688 4277 si
2717 4223 2768 4277 id
2798 4223 3073 4285 voluisset.
3106 4235 3285 4281 tacere
3309 4238 3562 4297 oportue-

1962 4318 2085 4384 rat),
2109 4314 2199 4369 sed
2228 4324 2284 4367 ut
2303 4326 2447 4369 metu
2468 4314 2716 4369 meliores
2737 4312 2907 4369 factos
2930 4316 3139 4383 videns,
3161 4319 3291 4372 iram
3313 4322 3559 4377 sedaret:

1962 4408 2039 4460 sic
2064 4406 2225 4461 etiam
2255 4405 2351 4468 iis,
2381 4405 2470 4473 qui
2500 4412 2709 4460 temere
2733 4404 2784 4457 in
2812 4404 3039 4461 aliorum
3066 4408 3251 4463 oculos
3280 4409 3561 4479 involant,

1962 4498 2279 4567 supplicium
2309 4494 2562 4560 adduxit;
2593 4506 2651 4550 ut
2672 4496 2717 4550 si
2745 4510 2807 4550 ex
2832 4495 2973 4551 bono
2994 4498 3271 4567 proposito
3295 4502 3571 4557 noluerint

1962 4603 1990 4640 a
2024 4587 2115 4639 tali
2146 4587 2464 4640 crudelitate
2493 4584 2797 4652 abetiuere,
2826 4597 2970 4641 metu
3006 4598 3181 4643 tamen
3213 4604 3569 4647 coerceantur

1964 4695 2031 4733 ne
2061 4679 2246 4733 oculos
2285 4677 2516 4746 proximi
2559 4678 2778 4733 laedant.
2822 4679 2875 4734 Si
2917 4695 3077 4748 porro
3117 4683 3245 4737 illud
3272 4686 3565 4741 crudelitas

1963 4774 2033 4827 sit
2058 4772 2319 4837 ,.crudele
2343 4772 2469 4827 item
2496 4772 2594 4827 erit
2618 4815 2632 4837 ,
2667 4773 2986 4829 homicidam
3018 4776 3274 4833 cohibere
3294 4820 3307 4843 ,
3342 4788 3397 4833 et
3425 4796 3565 4837 mte-

1962 4868 2122 4921 chum
2151 4879 2355 4921 arcere.
2386 4866 2453 4919 At
2485 4868 2768 4920 stultorum
2799 4866 2915 4922 haec
2942 4869 3105 4923 verba
3134 4879 3279 4934 sunt,
3307 4882 3362 4925 ct
3388 4880 3568 4929 ειη-ει

1965 4972 2053 5009 mo
2074 4955 2257 5011 furore
2278 4967 2580 5025 captorum.
2610 4957 2720 5025 Ego
2741 4958 2885 5013 enim
2911 4968 3116 5014 tantum
3137 4961 3291 5016 abest
3310 4973 3368 5016 ut
3390 4962 3564 5019 dicam

1964 5047 2081 5104 lucc
2101 5062 2221 5101 esse
2241 5046 2635 5109 crudelitatem,
2658 5056 2715 5099 ut
2745 5048 2827 5102 his
2855 5051 3119 5104 contraria
3142 5052 3437 5106 secundum
3467 5052 3565 5109 hu-

1967 5153 2186 5192 manum
2225 5136 2562 5191 ratiocinium
2603 5136 2869 5192 aftlrmem
2907 5137 3085 5209 iniqua
3118 5155 3261 5196 esse.
3308 5141 3389 5196 Tu
3419 5144 3564 5198 enim

1965 5228 2099 5283 dicis
2141 5227 2262 5282 ideo
2291 5226 2561 5282 crudelem
2591 5242 2712 5282 esse
2734 5268 2749 5295 ,
2780 5229 2925 5297 quod
2959 5230 3184 5296 jusserit
3213 5234 3424 5287 oculum
3468 5250 3568 5305 pro

1967 5322 2124 5375 oculo
2151 5334 2376 5382 eruere;
2409 5333 2510 5388 ego
2536 5330 2714 5374 autem
2742 5319 2863 5375 dico
2885 5362 2901 5388 ,
2931 5323 2977 5375 si
3009 5338 3114 5376 non
3148 5322 3250 5377 hoc
3273 5324 3528 5394 jussisset
3551 5370 3565 5389 ,

1968 5425 2096 5467 tunc
2118 5412 2389 5467 videretur
2418 5413 2600 5467 multis
2628 5414 2670 5468 is
2699 5428 2841 5481 esse,
2874 5429 3033 5483 quem
3065 5425 3121 5469 tu
3152 5419 3252 5471 ais.
3283 5417 3568 5486 Suppona-

1968 5520 2087 5557 mus
2111 5503 2253 5557 enim
2277 5511 2441 5555 totam
2466 5503 2633 5571 legem
2652 5503 2963 5572 abrogatam
2988 5504 3173 5568 fuisse,
3195 5508 3571 5578 neminemque

1970 5597 2160 5648 timere
2187 5592 2505 5662 supplicium
2532 5594 2585 5647 in
2613 5594 2697 5647 illa
2728 5594 2984 5649 indictum
3015 5614 3029 5649 :
3058 5597 3153 5651 sed
3182 5597 3343 5653 licere
3367 5597 3570 5654 faemo-

1969 5683 2106 5737 rosis
2128 5683 2375 5738 omnibus
2395 5698 2514 5737 cum
2543 5684 2787 5738 libertate
2808 5686 3047 5739 moribus
3069 5688 3141 5741 uti
3169 5688 3314 5755 suis;
3344 5691 3570 5747 timebis

1977 5791 2189 5847 nempe,
2222 5776 2521 5845 homicidis,
2552 5776 2780 5843 furibus,
2809 5777 3059 5849 perjuris,
3090 5781 3369 5851 parricidis
3400 5801 3413 5836 :
3438 5799 3569 5840 non-
