4124 6302
546 326 651 383 '24?

549 461 618 499 ne
647 438 821 495 omnia
852 447 943 488 sus
967 429 1140 498 deque
1159 429 1514 483 verterentur,
1537 427 1592 470 et
1617 408 1908 467 innumeris
1935 404 2126 459 facino-

550 533 698 588 ribus
728 537 886 596 atque
916 519 1148 576 czedibus
1177 511 1358 574 urbes,
1389 508 1519 586 fora,
1549 504 1762 564 domus,
1789 511 1956 559 mare,
1989 503 2126 546 terra

549 632 604 679 et
645 589 975 674 totus-orbis
1013 601 1389 676 replerentur?
1433 598 1540 651 lloc
1582 589 1781 646 nemini
1811 600 1914 640 non
1947 593 2126 636 notum

550 722 652 768 est.
699 710 753 762 Si
781 706 921 761 enim
951 672 1214 756 stantibus
1243 693 1444 762 legibus
1467 695 1519 741 et
1543 685 1729 738 timore
1751 689 1910 746 atque
1932 672 2091 729 minis
2112 711 2127 736 ,

552 804 638 857 vix
685 798 926 867 maligna:
973 791 1271 851 voluntates
1313 785 1630 834 coercentur
1665 790 1678 824 :
1716 770 1762 825 si
1803 769 1918 822 base
1957 763 2130 818 ablata

550 895 739 949 fuisset
777 857 986 946 cautio,
1014 879 1136 950 quid
1175 872 1458 945 impediret
1487 882 1552 921 ne
1581 863 1776 919 malitia
1824 857 2129 914 dominare-

550 984 676 1039 tur?
699 985 889 1050 quanta
913 943 1016 1027 non
1030 943 1199 1039 pestis
1219 943 1272 1019 in
1293 963 1576 1018 humanam
1592 957 1750 1010 vitam
1767 943 2131 1021 grassaretur?

552 1074 732 1142 Neque
753 1067 894 1123 enim
922 1064 971 1119 id
999 1061 1169 1117 solum
1194 1055 1409 1112 crudele
1436 1062 1607 1112 esset,
1637 1047 1681 1100 si
1707 1041 1986 1098 laeinorosi
2013 1051 2130 1107 qua:

550 1132 748 1218 velt-ent
786 1171 946 1227 agere
987 1151 1454 1223 permitterentur;
1502 1139 1597 1195 sed
1634 1147 1688 1193 et
1724 1133 1866 1190 aliud
1903 1132 1996 1186 illo
2023 1144 2131 1184 non

552 1255 730 1308 minus
758 1246 1113 1318 perniciosum
1144 1239 1304 1305 foret,
1327 1237 1371 1291 si
1395 1233 1486 1305 qui
1513 1230 1645 1285 nihil
1671 1227 1915 1288 laesisset,
1942 1231 1995 1278 et
2015 1221 2132 1274 sine

551 1357 711 1398 causa
743 1339 883 1392 male
913 1347 1099 1404 passus
1124 1339 1305 1394 esset,
1338 1329 1452 1381 sine
1475 1322 1672 1377 auxilio
1699 1324 1936 1373 maneret
1959 1323 2014 1368 et
2039 1326 2131 1366 ne-

552 1436 857 1505 gligeretur.
907 1426 1000 1479 Dic
1036 1423 1180 1478 enim
1221 1418 1349 1473 mihi
1375 1457 1390 1480 ,
1433 1416 1476 1469 si
1515 1413 1634 1482 quis
1673 1409 1959 1466 sceleratos
1992 1405 2132 1457 viros

554 1497 786 1591 undique
813 1517 1068 1586 colligens
1095 1523 1149 1569 et
1175 1509 1362 1583 gladiis
1396 1508 1639 1562 muniens
1661 1544 1676 1568 ,
1705 1503 1917 1571 juberet
1945 1497 2130 1552 urbem

557 1625 723 1669 totam
746 1609 1025 1666 circumire
1046 1614 1100 1660 et
1130 1603 1315 1659 obvios
1335 1611 1572 1669 quosque
1610 1591 1893 1655 trucidare,
1918 1603 1986 1643 an
2009 1586 2132 1657 quid

555 1715 738 1779 posset
762 1701 1044 1758 immanius
1062 1692 1387 1764 excogitari?
1406 1689 1602 1744 Contra
1627 1699 1752 1740 vero
1775 1683 1818 1736 si
1840 1682 1958 1750 quis
1978 1679 2130 1741 alius,

556 1809 791 1854 armatos
832 1795 952 1851 illos
995 1789 1220 1844 vinculis
1255 1785 1571 1839 constrictos
1613 1781 1665 1833 in
1704 1789 1973 1831 carcerem
2014 1785 2134 1825 cum

555 1888 890 1945 vehementia
915 1884 1174 1944 traderet,
1200 1880 1317 1933 illos
1336 1886 1510 1930 autent
1532 1873 1618 1941 qui
1642 1885 1765 1924 mox
1785 1861 2135 1921 interliciendi

556 1990 744 2044 erant,
790 1993 858 2032 ex
902 1975 1203 2043 iniquorum
1253 1966 1496 2022 manibus
1540 1962 1843 2030 abriperet,
1876 1969 2001 2009 num
2046 1953 2139 2006 illo

558 2070 846 2128 humanius
873 2066 1140 2135 quidpiam
1167 2059 1270 2113 dici
1296 2055 1497 2126 possit?
1537 2054 1660 2107 lltrc
1690 2051 1847 2119 igitur
1870 2046 1936 2100 ad
1967 2046 2136 2112 legem

557 2159 788 2216 transfer
823 2132 1087 2222 exempla.
1128 2149 1258 2203 Nam
1294 2146 1383 2216 qui
1417 2144 1566 2211 jubet
1603 2141 1811 2193 oculum
1852 2149 1948 2204 pro
1983 2132 2138 2187 oculo

559 2262 748 2308 eruere
768 2288 781 2312 ,
810 2260 910 2300 ceu
949 2241 1216 2295 vinculum
1245 2234 1510 2305 quoddam
1540 2233 1749 2284 lirmum
1778 2226 1828 2280 in
1869 2223 2138 2278 facinoro-

559 2356 741 2398 sorum
769 2337 974 2392 animos
988 2332 1231 2402 coniecit,
1247 2329 1403 2396 eique
1422 2323 1610 2377 similis
1635 2328 1734 2382 est,
1750 2317 1836 2387 qui
1849 2315 2036 2384 gladiis
2055 2328 2140 2367 ar-

561 2439 734 2486 matos
764 2429 880 2480 illos
893 2422 1128 2478 coercuit
1152 2437 1164 2472 :
1179 2417 1266 2487 qui
1279 2428 1406 2468 vero
1423 2411 1548 2465 nulli
1576 2408 1846 2462 addiceret
1859 2402 2136 2474 supplicio,

563 2523 663 2577 hac
692 2518 900 2574 licentia
931 2528 1063 2584 pene
1085 2511 1230 2565 illum
1262 2514 1512 2567 armaret,
1547 2503 1800 2568 illumque
1826 2497 2139 2558 imitaretur,

561 2612 650 2684 qui
681 2615 912 2661 armatos
933 2583 1121 2672 gladiis
1144 2598 1285 2651 viros
1329 2608 1422 2663 per
1464 2599 1623 2645 totam
1656 2587 1837 2640 urbem
1888 2583 2138 2635 mitteret.

635 2700 686 2752 7.
728 2696 854 2761 Ipsa
881 2668 1100 2758 cutim
1137 2686 1259 2755 legis
1288 2691 1537 2753 praecepta
1575 2675 1786 2746 benigna
1825 2681 1962 2728 sunt.
1998 2668 2142 2725 Unus

564 2792 793 2856 idemque
819 2795 891 2838 est
920 2782 1176 2844 utriusque
1200 2773 1503 2829 Testamenli
1531 2767 1807 2838 legislator.
1847 2794 1916 2804 —
1955 2761 2143 2816 Viden‘

564 2853 834 2951 quomodo
851 2891 954 2928 non
975 2869 1308 2928 crudelitate,
1330 2865 1422 2918 sed
1442 2860 1764 2930 benignitate
1784 2870 1969 2924 magna
1988 2853 2142 2922 plena

566 2975 674 3026 sint
701 2965 1002 3039 praecepta?
1044 2963 1100 3017 Si
1129 2976 1254 3014 vero
1283 2965 1559 3028 propterea
1589 2950 1941 3021 legislatorem
1973 2945 2142 3000 mole-

566 3074 708 3117 stum
739 3067 1128 3120 onerosumque
1154 3064 1329 3108 vocas,
1360 3045 1488 3115 qttid
1518 3041 1821 3101 molestius.
1849 3051 2030 3107 quaeso
2049 3076 2062 3099 ,
2092 3045 2145 3089 ct

567 3155 692 3225 quid
720 3149 998 3204 onerosius
1023 3144 1123 3206 sit,
1157 3155 1260 3195 non
1285 3137 1546 3198 occidere,
1575 3149 1642 3187 an
1665 3147 1771 3187 non
1799 3129 1990 3186 irasci?
2016 3128 2145 3193 Quis

568 3244 826 3305 severior,
859 3238 947 3308 qui
975 3231 1243 3290 homicidii
1275 3241 1460 3298 pmnas
1487 3225 1698 3294 repetit,
1725 3236 1793 3275 an
1817 3220 1905 3289 qui
1931 3221 2146 3272 iracun-

571 3335 710 3390 dim?
737 3331 825 3402 qui
852 3326 1119 3383 moechum
1143 3329 1264 3391 post
1289 3326 1554 3387 peractam
1579 3316 1724 3379 rem,
1742 3309 2002 3380 supplicio
2025 3308 2148 3361 sub-

571 3425 685 3495 jicit
707 3462 722 3485 ,
752 3400 818 3475 an
849 3418 938 3488 qui
979 3414 1144 3482 ipsius
1171 3405 1615 3476 concupiscentiae
1636 3403 1786 3472 jubet
1813 3400 1940 3456 dare
1965 3411 2150 3467 poenas

575 3486 630 3567 et
670 3486 1260 3582 minas—immortales?
1306 3496 1531 3559 Videte,
1578 3493 1629 3546 in
1672 3490 1995 3547 contrarium
2046 3486 2150 3540 illis

574 3603 890 3658 conversum
919 3609 1034 3650 esse
1064 3605 1384 3647 sermonem.
1425 3586 1560 3642 Nam
1591 3583 1787 3638 veteris
1815 3582 1948 3650 legis
1972 3580 2112 3633 Deus
2132 3619 2149 3643 ,

574 3706 732 3761 quem
764 3688 861 3758 ipsi
888 3685 1072 3740 dicunt
1095 3681 1366 3736 crudelem
1396 3691 1544 3739 esse,
1577 3680 1887 3726 mansuetus
1914 3669 2152 3722 invenie-

575 3794 699 3843 tur;
747 3794 896 3832 nova:
935 3784 1108 3830 autem
1141 3772 1272 3840 legis
1297 3770 1433 3822 Deus
1453 3807 1468 3831 ,
1499 3779 1658 3834 quem
1684 3777 1801 3817 esse
1829 3763 2023 3815 bonum
2056 3759 2153 3828 ipsi

577 3875 849 3930 fatentur,
899 3863 1154 3918 molestus
1201 3868 1253 3912 et
1302 3870 1562 3909 onerosus
1603 3851 1890 3906 secundum
1941 3849 2153 3903 illorum

579 3959 874 4016 stultitiam.
929 3953 1035 4006 Nos
1080 3950 1274 4019 quippe
1320 3959 1480 3998 unum
1528 3942 1880 4010 eumdemque
1931 3938 2155 3993 dicimus

581 4051 854 4114 utriusque
884 4040 1206 4096 Testamenti
1237 4034 1593 4103 legislatorcm
1613 4072 1628 4094 ,
1656 4029 1744 4099 qui
1775 4029 1951 4082 omnia
1981 4038 2037 4081 ut
2065 4030 2157 4080 de-

574 4141 737 4194 cebat
759 4131 1116 4202 dispensavit,
1147 4137 1201 4180 et
1229 4137 1528 4191 temporum
1553 4118 1846 4173 discrimini
1882 4118 2160 4183 utriusque

575 4231 715 4298 legis
761 4221 1113 4278 differentiam
1157 4214 1375 4283 aptavit.
1427 4211 1585 4280 igitur
1623 4222 1720 4261 nec
1765 4207 1849 4260 illa
1895 4213 2162 4273 praecepta

584 4318 842 4383 crudelia,
867 4326 1038 4381 neque
1067 4310 1180 4362 hzec
1201 4319 1429 4358 onerosa
1454 4303 1531 4356 vel
1556 4301 1798 4361 molesta,
1827 4297 1917 4352 sed
1940 4307 2162 4366 utraque

586 4413 655 4467 ab
698 4425 798 4464 una
841 4405 1129 4472 eademque
1166 4396 1494 4468 providentia
1537 4391 1964 4461 proﬁciscuntur.
2012 4389 2162 4456 Quod

586 4500 731 4555 enim
788 4497 903 4564 ipse
953 4500 1190 4545 veterem
1239 4500 1454 4558 quoque
1504 4486 1673 4554 legem
1722 4482 1972 4544 dederit,
2030 4479 2157 4534 audi

584 4588 908 4663 prophetam
942 4583 1240 4642 dicentem,
1281 4579 1389 4632 imo
1423 4576 1732 4645 (dicendum
1764 4576 1887 4643 est)
1918 4582 1973 4626 et
2008 4571 2156 4625 illum

591 4692 646 4739 et
676 4680 995 4751 prophetam
1037 4693 1050 4728 :
1101 4671 1400 4739 Disponam
1433 4669 1572 4722 vobis
1623 4675 2021 4725 testamentum,
2056 4678 2160 4715 non

591 4773 876 4831 secundum
930 4773 1296 4822 testamentum
1348 4763 1483 4833 quod
1532 4759 1771 4828 disposui
1811 4757 2046 4826 patribus
2079 4771 2162 4808 νε-

595 4863 713 4913 stris
743 4857 888 4926 (δεῖ.
917 4854 1004 4908 51.
1028 4852 1116 4907 3|.
1146 4851 1214 4905 52
1237 4850 1278 4920 ).
1316 4846 1467 4916 Quod
1505 4848 1547 4898 si
1593 4849 1693 4898 hoc
1731 4860 1837 4897 non
1879 4844 2093 4913 recipiat
2127 4844 2171 4897 is

595 4952 685 5021 qui
724 4947 1129 5002 Municbzeorum
1166 4940 1352 4995 morbo
1378 4938 1581 4992 laborat
1608 4935 1717 5003 (τι),
1744 4934 1922 4988 audiat
1949 4934 2167 4988 Paulum

599 5043 701 5097 hoc
729 5042 898 5108 ipsum
925 5050 1109 5090 rursus
1133 5033 1394 5088 dicentem
1421 5050 1434 5083 :
1458 5027 1710 5081 Abraham
1738 5027 1867 5078 enim
1887 5027 2012 5078 duos
2038 5027 2171 5093 ﬁlios

600 5132 770 5187 habuit
793 5147 811 5193 ;
837 5142 992 5181 unum
1017 5127 1080 5178 de
1097 5124 1303 5188 ancilla,
1326 5132 1371 5174 et
1395 5135 1547 5172 unum
1569 5120 1632 5169 de
1655 5117 1831 5170 libera.
1859 5115 1985 5169 Hac
2004 5126 2172 5169 autem

601 5233 718 5278 sunt
740 5222 840 5272 duo
864 5224 1156 5272 testamenta
1177 5213 1371 5281 (Galat.
1398 5211 1449 5263 4.
1469 5207 1557 5262 22.
1580 5208 1692 5274 24).
1718 5204 2174 5273 Quemadmodum

602 5326 730 5380 ergo
756 5308 864 5363 illic
889 5307 1110 5361 diversae
1134 5312 1252 5356 sunt
1281 5299 1528 5354 mulieres
1546 5339 1561 5362 ,
1595 5313 1727 5350 unus
1753 5305 1928 5350 autem
1955 5296 2036 5349 vir
2063 5314 2073 5347 :
2099 5296 2175 5349 sic

603 5411 657 5454 et
695 5398 794 5452 hoc
835 5398 953 5450 loco
989 5394 1094 5448 duo
1121 5393 1454 5446 Testamenta
1481 5430 1493 5452 ,
1526 5404 1659 5442 unus
1689 5387 1975 5456 legislator.
2028 5387 2092 5439 Et
2122 5394 2177 5438 ιιι

605 5492 800 5553 discas,
832 5502 986 5541 unam
1012 5484 1355 5550 eamdemque
1381 5479 1542 5534 fuisse
1569 5478 1844 5548 utrobique
1873 5488 2178 5531 mansuetu-

668 5626 745 5689 (a)
780 5622 1020 5673 διεωὼωί
1059 5620 1124 5668 de
1167 5617 1346 5689 quibus
1383 5609 1744 5689 mox'rloquitur
1795 5610 2178 5675 Cbrysostomus,

609 5677 766 5742 Vetus
783 5691 1141 5736 Testamentum
1175 5677 1268 5728 non
1291 5677 1620 5727 admittebant.

1285 309 1340 364 S.
1379 298 1654 362 JGANNIS
1688 285 2156 353 CllBYSOSTOMI
2196 279 2510 341 ARCHIEP.
2549 268 3079 332 CONSTANTINOP.

3723 259 3824 313 ειιι

2238 396 2416 451 dinem
2447 412 2460 447 :
2491 393 2596 447 illic
2623 388 2834 460 quidem
2860 384 3013 447 dixit,
3045 377 3263 435 Oculum
3287 393 3377 449 pro
3402 377 3590 439 oculo;
3617 375 3702 430 hic
3730 391 3827 428 an-

2237 499 2341 539 tem
2372 507 2383 540 :
2411 484 2469 538 Si
2499 483 2610 552 quis
2636 491 2681 532 te
2706 474 3002 548 percusserit
3023 473 3076 524 in
3101 471 3363 524 auxillam
3386 469 3667 530 dexteram,
3695 475 3825 520 uerte

2233 578 2309 630 illi
2339 589 2387 629 et
2411 577 2641 628 alteram.
2680 564 3140 637 Quemadmodum
3167 564 3309 617 enim
3342 562 3450 615 illic
3477 561 3668 613 timore
3698 574 3827 627 sup-

2236 667 2378 737 plicii
2410 666 2689 718 hedentem
2717 659 2943 719 retinet;
2977 655 3063 708 hic
3087 668 3301 722 quoque
3326 652 3516 706 eodem
3543 647 3726 703 modo.
3762 648 3828 702 Et

2235 756 2521 827 quomodo,
2546 752 2774 820 inquies,
2794 762 2915 801 cum
2930 745 3119 814 jubeat
3139 743 3284 796 illum
3301 750 3355 796 et
3373 741 3527 794 aliam
3547 737 3825 808 prmbere?

2235 850 2373 915 Quid
2414 848 2514 901 hoc
2545 841 2804 898 tandem?
2845 839 2962 893 Non
2994 838 3138 890 enim
3176 844 3234 888 ut
3268 843 3468 887 metum
3509 831 3679 884 solvat
3722 829 3826 883 hoc

2235 943 2471 1014 praecipit
2494 980 2510 1006 ,
2541 937 2634 994 sed
2657 936 2810 1006 jubet
2846 929 3074 1002 praeberi
3111 927 3212 996 ipsi
3251 925 3469 980 modum
3505 938 3566 978 se
3604 934 3826 991 prorsus

2236 1032 2494 1096 satiandi;
2527 1042 2700 1097 neque
2726 1024 2859 1079 dixit
2885 1023 3031 1076 illum
3055 1020 3272 1086 impune
3297 1016 3431 1079 fore,
3461 1028 3645 1067 verum
3675 1021 3730 1063 tu
3758 1025 3827 1064 ne

2237 1125 2464 1195 punias;
2490 1119 2645 1176 simul
2670 1127 3040 1187 percussorem
3063 1111 3108 1164 si
3133 1109 3383 1178 persistat
3404 1106 3570 1175 magis
3593 1113 3827 1167 terrens,

2237 1225 2292 1271 et
2322 1225 2631 1284 percussum
2659 1205 2962 1262 consolans.
3007 1200 3204 1255 Verum
3249 1201 3364 1251 haec
3388 1236 3403 1261 ,
3442 1204 3500 1247 ut
3535 1193 3578 1247 si
3608 1193 3730 1260 quis
3773 1190 3828 1244 in

2238 1281 2547 1362 transcursu
2583 1301 2652 1356 de
2692 1296 2941 1352 omnibus
2977 1291 3257 1363 prteceptis
3296 1289 3574 1356 loquatur,
3605 1300 3633 1337 a
3673 1281 3830 1336 nobis

2237 1398 2378 1453 dicta
2418 1404 2596 1448 sunto.
2645 1390 2761 1445 Jam
2790 1387 2855 1440 ad
2891 1384 3217 1454 prepositum
3250 1379 3426 1434 redire
3452 1388 3674 1431 necesse
3701 1381 3787 1426 est
3810 1413 3827 1437 ,

2239 1502 2446 1543 necnon
2477 1483 2674 1538 seriem
2707 1479 2851 1547 prius
2881 1475 3140 1529 dictorum
3172 1480 3436 1539 repetere.
3468 1466 3570 1532 Qui
3593 1463 3832 1517 irascitur

2240 1577 2388 1650 fratri
2411 1591 2502 1629 suo
2533 1582 2734 1627 temere
2754 1610 2768 1630 ,
2804 1582 2918 1619 reus
2943 1563 3036 1616 erit
3054 1560 3254 1632 judicio
3274 1601 3288 1624 ,
3318 1556 3506 1626 inquit.
3537 1554 3652 1608 Non
3684 1553 3830 1607 enim

2238 1645 2461 1742 prorsus
2496 1680 2610 1720 rem
2652 1659 2865 1716 sustulit
2891 1677 2902 1710 :
2937 1656 3112 1726 primo
3135 1695 3148 1716 ,
3174 1651 3296 1720 quia
3328 1665 3433 1703 non
3464 1655 3638 1716 potest
3669 1645 3833 1697 homo

2241 1760 2403 1822 animi
2446 1755 2722 1811 affectibus
2765 1761 2983 1818 prorsus
3027 1742 3279 1805 liberari;
3312 1739 3405 1793 sed
3437 1739 3558 1792 illos
3594 1737 3835 1788 retinere

2242 1850 2456 1921 quidem
2488 1856 2768 1915 possumus
2786 1880 2802 1903 ,
2830 1839 3031 1906 absque
3057 1834 3160 1888 illis
3187 1831 3405 1885 omnino
3429 1842 3549 1883 esse
3575 1843 3678 1879 non
3707 1840 3832 1895 pos-

2241 1917 2458 2002 sumus;
2490 1935 2685 1991 deinde
2708 1974 2724 1997 ,
2759 1932 2882 2002 quia
2924 1929 3012 1983 ille
3050 1925 3211 1980 animi
3243 1917 3420 1976 moius
3449 1921 3593 1974 utilis
3621 1929 3707 1972 est
3729 1959 3745 1984 ,
3788 1917 3832 1971 si

2243 2033 2336 2088 illo
2376 2032 2609 2086 sciamus
2652 2034 2951 2096 opportune
2989 2022 3086 2075 uti.
3134 2014 3411 2085 Perpende
3453 2013 3595 2066 enim
3635 2021 3836 2081 quanta

2243 2127 2381 2180 bona
2403 2121 2640 2176 attulerit
2659 2117 2806 2172 Pauli
2831 2116 2907 2169 ira
2930 2121 3114 2167 contra
3134 2106 3462 2164 Corinthios.
3485 2103 3614 2157 Nam
3637 2111 3691 2156 et
3718 2100 3838 2155 illos

2243 2233 2273 2271 a
2303 2230 2489 2284 magna
2531 2221 2676 2282 peste
2706 2207 2982 2268 liberavit;
3030 2202 3333 2259 Galatarum
3359 2198 3486 2251 item
3513 2204 3726 2265 gentem
3759 2193 3839 2246 la-

2247 2282 2412 2377 psam
2441 2319 2537 2374 per
2564 2302 2704 2355 hanc
2732 2295 3099 2366 recuperavit,
3139 2292 3380 2358 aliosque
3421 2287 3635 2341 multos.
3682 2282 3838 2349 Quod

2246 2413 2374 2467 ergo
2409 2407 2618 2465 tempus
2665 2394 2758 2446 irae
2783 2397 3141 2459 opportunum
3182 2380 3306 2437 est?
3334 2379 3556 2447 Quando
3593 2392 3699 2430 non
3739 2391 3841 2430 nos

2249 2491 2393 2557 ipsos
2435 2485 2741 2539 ulciscimur
2763 2522 2777 2545 ,
2811 2479 2905 2534 sed
2942 2477 3076 2530 alios
3115 2475 3417 2544 petulantes
3456 2468 3799 2538 reprimimus
3822 2507 3838 2529 ,

2247 2576 2460 2631 desides
2487 2572 2868 2627 convertimus.
2893 2565 3045 2634 Quod
3077 2575 3282 2631 tempus
3306 2576 3411 2614 non
3437 2569 3800 2629 opportunum
3816 2557 3842 2607 t

2246 2667 2470 2735 Quando
2497 2681 2598 2720 nos
2624 2664 2772 2732 ipsos
2801 2661 3116 2716 ulciscentes
3149 2654 3198 2708 id
3229 2653 3472 2708 faciams.
3505 2649 3657 2716 Quod
3696 2649 3840 2704 Pau-

2248 2760 2332 2814 lus
2373 2758 2627 2812 cohibens
2656 2752 2868 2807 dicebat
2901 2767 2914 2802 :
2951 2747 3073 2802 Non
3116 2745 3440 2812 vosmetipsos
3483 2741 3798 2794 vindicantes
3822 2779 3836 2800 ,

2249 2849 2453 2913 dilecti,
2485 2845 2572 2900 sed
2603 2846 2720 2897 date
2741 2844 2907 2895 locum
2935 2840 3026 2892 ira
3049 2836 3229 2906 (Rom.
3263 2833 3352 2888 12.
3381 2831 3491 2903 19).
3520 2828 3744 2898 Quando
3774 2828 3844 2882 de

2252 2939 2491 3011 pecuniis
2533 2937 2820 3005 litigamus.
2867 2931 2999 2985 Nam
3038 2938 3093 2984 et
3130 2929 3233 2981 hoc
3270 2925 3353 2979 his
3380 2924 3555 2979 verbis
3582 2919 3797 2976 sustulit
3827 2937 3842 2972 :

2253 3033 2423 3099 Quare
2449 3045 2549 3082 non
2577 3027 2738 3096 magis
2766 3022 3008 3092 injuriam
3035 3017 3304 3087 accipitis?
3345 3031 3500 3085 quare
3539 3028 3640 3067 non
3681 3013 3847 3082 magis

2249 3124 2481 3193 fraudem
2507 3118 2734 3188 patimini
2765 3116 2783 3183 (
2809 3115 2860 3168 1.
2889 3112 3005 3166 Cor.
3041 3112 3095 3166 6.
3135 3111 3168 3163 7
3191 3109 3252 3177 )?
3279 3107 3427 3163 Sicut
3447 3105 3590 3159 enim
3621 3104 3738 3157 hac
3765 3103 3846 3155 ira

2252 3224 2644 3282 supervacanea
2671 3216 2753 3261 est
2773 3247 2788 3272 ,
2820 3205 2898 3259 sic
2925 3203 3014 3258 illa
3044 3200 3343 3256 necessaria
3369 3207 3423 3251 et
3448 3195 3610 3251 utilis.
3647 3192 3845 3248 Verum

2254 3305 2405 3359 multi
2432 3320 2462 3356 e
2499 3300 2769 3354 contrario
2807 3297 3036 3360 faciunt,
3074 3292 3278 3348 eﬂerati
3305 3333 3319 3355 ,
3345 3303 3466 3343 cum
3505 3286 3696 3356 injuria
3721 3283 3846 3338 am-

2254 3396 2506 3454 ciuntur,
2549 3387 2768 3444 resoluti
2812 3397 2865 3442 et
2905 3384 3092 3438 molles
3116 3423 3132 3445 ,
3169 3397 3289 3434 cum
3338 3380 3522 3432 lit-sum
3561 3376 3725 3429 alium
3760 3374 3844 3426 vi-

2255 3484 2386 3537 dent
2425 3500 2436 3533 :
2467 3495 2586 3550 quae
2615 3477 2772 3532 ambo
2801 3473 3066 3529 contraria
3096 3480 3219 3524 sunt
3255 3466 3574 3537 evangelicis
3615 3463 3844 3534 legibus.

2255 3572 2372 3626 Non
2398 3586 2528 3639 ergo
2554 3569 2709 3623 irasci
2741 3567 2976 3634 iniquum
3005 3572 3088 3618 est
3113 3602 3129 3626 ,
3159 3558 3252 3614 sed
3282 3561 3638 3628 inopportune
3663 3554 3844 3609 irasci.

2260 3663 2385 3716 Ideo
2413 3661 2666 3731 propheta
2693 3656 2903 3712 diccbat
2932 3673 2944 3708 :
2976 3651 3266 3706 Irascimini
3285 3691 3300 3714 ,
3339 3659 3386 3703 et
3425 3647 3579 3701 nolite
3617 3660 3846 3716 peccare.

2264 3753 2363 3818 Qui
2393 3761 2560 3804 autem
2592 3747 2774 3802 dixerit
2813 3745 2961 3814 fratri
2999 3759 3090 3795 suo
3111 3782 3126 3806 ,
3156 3756 3276 3793 rara
3300 3780 3314 3802 ,
3355 3753 3469 3792 reus
3504 3737 3599 3790 erit
3636 3734 3852 3788 concilio

2260 3852 2278 3919 (
2308 3845 2452 3904 Psal.
2483 3847 2536 3899 4.
2570 3841 2663 3909 5).
2713 3835 3010 3892 Concilium
3041 3832 3165 3896 hic,
3203 3829 3458 3899 judicium
3501 3825 3852 3881 llebmorum

2259 3915 2436 3997 vocat.
2480 3931 2633 4003 Quod
2676 3929 2796 3984 ideo
2827 3941 2967 3980 nunc
2997 3923 3209 3993 posuit,
3253 3935 3320 3974 ne
3359 3919 3556 3988 ubique
3579 3915 3856 3970 videretur

2263 4045 2402 4085 nova
2449 4036 2504 4080 et
2539 4020 2816 4094 peregrina
2851 4017 3050 4071 dicere.
3096 4012 3227 4068 Illud
3268 4018 3443 4065 autem
3469 4050 3484 4075 ,
3523 4006 3664 4062 Raca
3689 4049 3704 4070 .
3745 4021 3856 4062 non

2266 4134 2470 4189 magna:
2496 4112 2834 4170 contumeliae
2860 4123 2961 4164 vox
2987 4117 3099 4170 est,
3123 4105 3219 4159 sed
3244 4104 3416 4173 potius
3440 4110 3782 4169 contemptus
3800 4109 3859 4155 et

2268 4205 2622 4278 negligentiae.
2646 4195 3106 4268 Quemadmodum
3126 4195 3268 4249 enim
3287 4206 3386 4247 nos
3402 4191 3612 4245 famulis
3632 4190 3860 4258 aliisque

2269 4301 2434 4356 intimi
2477 4293 2672 4366 gradus
2702 4293 3025 4361 imperantes
3062 4285 3290 4340 dicimus
3320 4302 3333 4337 :
3365 4282 3511 4336 Vade
3558 4290 3612 4334 to
3636 4323 3650 4342 .
3682 4279 3771 4335 dic
3802 4288 3860 4333 tu

2270 4391 2346 4446 illi
2378 4410 2392 4444 ε
2418 4390 2496 4444 sic
2536 4385 2622 4456 qui
2653 4383 2908 4454 Syrorum
2948 4379 3123 4447 lingua
3163 4387 3416 4438 utuntur,
3447 4386 3581 4427 voce
3612 4371 3756 4425 Raca
3784 4371 3863 4425 uti

2269 4479 2464 4544 solent,
2491 4475 2572 4530 Tu
2597 4472 2977 4544 significantes.
3005 4467 3111 4523 Sed
3138 4465 3400 4533 benignus
3425 4462 3563 4517 Deus
3588 4461 3675 4516 vel
3704 4461 3866 4516 mini-

2272 4566 2565 4626 tua-evellit
2589 4606 2605 4630 ,
2641 4563 2833 4630 iubens
2877 4571 2976 4613 nos
3019 4563 3332 4611 reverenter
3363 4561 3548 4607 mutuo
3573 4565 3736 4622 agere
3759 4593 3776 4617 ,
3808 4560 3867 4605 et

2276 4677 2393 4716 cum
2424 4658 2626 4713 honore
2655 4653 2886 4718 decenti,
2911 4659 2968 4704 ut
2995 4663 3088 4719 per
3110 4646 3222 4701 haec.
3244 4646 3404 4700 etiam
3436 4643 3636 4712 majora
3664 4641 3866 4697 tollan-

2275 4762 2380 4807 tur.
2415 4750 2515 4816 Qui
2541 4759 2704 4800 autent
2730 4744 2913 4798 dixerit
2935 4783 2948 4808 ,
2984 4742 3122 4811 fatue
3140 4779 3156 4803 ,
3184 4753 3300 4790 reus
3326 4737 3418 4789 erit
3445 4734 3684 4806 gehennc
3705 4734 3865 4804 ignis.

2275 4842 2389 4897 Hoc
2418 4847 2739 4910 praeceptum
2767 4833 2952 4889 multis
2976 4843 3137 4901 grave
3159 4837 3213 4882 et
3237 4840 3519 4882 onerosum
3545 4825 3720 4878 visum
3745 4831 3865 4877 est:

2277 4936 2322 4989 si
2364 4948 2459 5003 pro
2487 4947 2593 4985 uno
2621 4927 2844 4997 simplici
2873 4923 3041 4978 verbo
3080 4929 3284 4975 tantutu
3323 4917 3617 4972 debeamus
3660 4913 3868 4984 suppli-

2279 5002 2421 5080 cium
2462 5023 2625 5075 luere.
2658 5017 2882 5085 Quidam
2911 5028 3036 5068 vero
3075 5013 3176 5065 hoc
3216 5011 3386 5078 ipsum
3419 5002 3762 5078 hyperbolice
3788 5002 3864 5056 di-

2286 5126 2427 5172 ctum
2453 5113 2775 5166 existimant.
2825 5106 2928 5161 Sed
2957 5118 3147 5159 vereor
3173 5115 3238 5155 ne
3266 5098 3446 5153 verbis
3476 5097 3561 5149 hic
3589 5109 3687 5148 nos
3715 5093 3870 5148 deci-

2283 5207 2511 5278 pientes,
2540 5202 2712 5270 reipsa
2742 5209 3042 5253 extremum
3069 5192 3353 5248 subeamus
3379 5186 3720 5256 supplicium.

2357 5300 2411 5350 8.
2452 5294 2544 5348 Ira
2573 5308 2662 5346 cur
2689 5287 3025 5359 reprimenda.
3055 5282 3370 5338 Contumelia
3406 5278 3535 5331 nihil
3572 5275 3874 5330 intolerabi-

2288 5387 2402 5459 lius.
2428 5415 2492 5426 —
2523 5382 2649 5446 Cur,
2691 5394 2895 5451 quaeso,
2944 5389 3232 5431 onerosum
3278 5371 3487 5425 videtur
3513 5381 3636 5423 esse
3659 5381 3873 5437 pmice-

2288 5479 2475 5550 ptum‘t
2499 5481 2579 5531 An
2606 5475 2782 5530 nescis
2807 5472 3061 5541 pleraque
3090 5466 3346 5536 supplicia
3368 5475 3421 5518 et
3449 5470 3665 5532 peccata
3690 5477 3720 5515 a
3749 5476 3872 5515 vero

2291 5573 2373 5626 bis
2404 5570 2606 5624 initium
2652 5563 2884 5620 ducere?
2931 5562 3031 5616 Per
3057 5560 3217 5614 verba
3257 5557 3400 5611 enim
3450 5554 3800 5626 blasphemiae
3816 5565 3874 5609 et

2293 5662 2570 5730 abnegatio
2588 5659 2677 5716 Dei
2696 5678 2710 5725 ;
2738 5673 2830 5728 per
2847 5655 3027 5713 verba.
3049 5651 3286 5710 convicia
3306 5658 3360 5704 et
3379 5646 3741 5713 contumelia,
3755 5664 3841 5720 pet
3857 5677 3874 5688 -
