4124 6302
217 377 326 434 ξω

221 492 380 560 juna,
425 487 559 542 falsa
603 483 928 549 testimonia,
960 482 1072 551 ipsa
1104 477 1411 533 homicidia.
1464 474 1539 528 Ne
1569 474 1727 541 igitur
1761 469 1812 523 id

223 578 494 640 attendas,
523 577 662 646 quod
693 589 856 630 unum
882 576 952 627 sit
973 572 1233 635 verbum;
1266 567 1360 623 sed
1390 583 1456 621 an
1475 565 1698 619 nmltum
1721 564 1815 616 ha-

223 672 348 724 heat
377 669 617 738 periculi,
643 667 745 722 hoc
769 667 1038 720 examina.
1062 666 1140 717 An
1165 663 1396 732 ignoras,
1421 656 1815 712 inimicitiarum

224 768 490 828 tempore,
515 773 635 812 cum
664 758 738 811 ira
763 756 1103 812 succenditur
1123 753 1333 806 animus
1358 760 1412 805 et
1435 749 1816 822 inflammatur,

229 865 338 902 rem
363 849 636 902 minimam
654 863 902 917 magnam
923 845 1113 908 videri,
1139 853 1193 898 et
1220 842 1484 897 modicum
1516 838 1818 893 convicium

223 940 514 993 molestum
538 939 692 992 esse?
716 938 974 1008 Smpeque
1005 936 1119 988 hmc
1149 948 1307 1003 parva
1335 941 1389 987 et
1413 929 1820 984 homicidiorum

223 1044 384 1082 causa
416 1027 588 1093 fuere,
616 1036 670 1081 et
698 1029 943 1083 civitates
983 1027 1219 1094 integras
1246 1024 1642 1076 subverterunt.
1675 1018 1822 1073 Sicut

224 1122 372 1175 enim
403 1121 544 1176 inter
571 1121 772 1173 amicos
801 1117 963 1174 etiam
990 1134 1108 1186 qua:
1137 1117 1358 1170 molesta
1381 1123 1528 1174 sunt,
1555 1113 1687 1166 levia
1717 1112 1819 1164 du-

223 1207 453 1264 cuntur:
477 1212 574 1275 sic,
604 1209 877 1263 inimicitia
898 1209 1138 1268 suborta,
1165 1208 1244 1261 vel
1271 1205 1485 1259 minima
1516 1202 1823 1257 intolerabi-

225 1300 296 1354 lia
326 1301 592 1356 videntur.
625 1299 849 1354 Etiamsi
877 1299 1191 1369 simpliciter
1221 1297 1360 1351 dicta
1392 1297 1518 1358 sint,
1546 1293 1687 1347 malo
1709 1293 1825 1345 ani-

225 1409 318 1447 mo
344 1393 550 1462 prolata
589 1393 982 1446 existimantur.
1014 1392 1092 1444 Ac
1119 1387 1567 1458 quemadmodum
1599 1385 1650 1438 in
1678 1385 1819 1452 igne,

225 1485 273 1538 si
304 1499 465 1553 parva
495 1483 726 1537 scintilla
775 1484 862 1546 sit,
915 1481 1125 1536 etiamsi
1174 1481 1451 1534 innumera
1506 1478 1642 1546 ligna
1675 1475 1824 1542 adja-

226 1585 408 1640 ceaut,
440 1589 546 1629 non
579 1573 732 1628 facile
761 1573 1189 1635 inﬂammantur;
1225 1572 1268 1626 si
1296 1583 1425 1625 vero
1451 1570 1560 1637 jam
1587 1569 1638 1622 in
1658 1567 1823 1620 altum

227 1666 446 1718 ﬂamma
471 1673 777 1733 consurgat,
804 1679 910 1718 non
943 1663 1082 1731 ligna
1109 1661 1288 1725 modo,
1314 1660 1407 1714 sed
1432 1661 1591 1716 etiam
1623 1657 1828 1725 lapides

227 1755 499 1823 aliamque
523 1754 846 1809 incidentem
879 1754 1155 1808 materiam
1188 1751 1343 1806 facile
1369 1751 1620 1819 corripit;
1649 1759 1702 1804 et
1733 1763 1831 1817 per

228 1862 350 1914 qum
380 1847 636 1916 restingui
661 1847 819 1911 solet,
852 1862 944 1914 per
969 1847 1081 1900 hare
1102 1845 1386 1900 violentius
1413 1843 1564 1897 ardet
1592 1841 1828 1914 (quidam

228 1939 375 1992 enim
403 1939 590 1993 dicunt
619 1954 724 1992 nou
758 1938 956 2007 lignum
989 1937 1167 2000 modo,
1195 1947 1441 2006 stuppam
1470 1935 1677 2002 aliaque
1697 1933 1831 2001 ignis

230 2028 511 2092 alimenta,
538 2028 635 2082 sed
662 2029 820 2082 etiam
851 2028 1141 2082 immissam
1165 2043 1353 2096 aquam
1377 2026 1545 2094 magis
1567 2026 1671 2077 vim
1696 2023 1832 2091 ignis

229 2119 524 2188 excitare):
551 2121 628 2172 sic
653 2129 707 2172 et
734 2119 788 2172 in
815 2119 892 2172 ira
938 2119 1162 2172 accidit:
1190 2115 1444 2186 quidquid
1480 2115 1702 2178 dixeris,
1731 2114 1833 2167 alio

234 2217 481 2260 mentum
511 2207 730 2276 maligni
763 2206 993 2261 incendii
1019 2206 1197 2260 statim
1220 2205 1472 2259 efﬁcitur.
1499 2205 1630 2271 Quae
1655 2202 1834 2256 omnia

233 2294 485 2351 Christus
515 2306 637 2350 ante
664 2297 1047 2366 comprimens,
1076 2310 1197 2350 eum
1224 2296 1312 2364 qui
1343 2305 1544 2349 temere
1565 2294 1831 2357 irascitur,

229 2385 437 2454 judicio
464 2384 838 2439 condemnavit
864 2385 1006 2454 (ideo
1036 2385 1188 2449 dixit,
1217 2385 1316 2450 Qui
1337 2385 1591 2450 irascitur,
1614 2400 1729 2436 reus
1743 2385 1836 2436 erit

228 2478 476 2547 judicio),
505 2478 770 2533 dicentem
797 2493 948 2544 vero,
977 2493 1122 2544 raca,
1155 2493 1306 2532 reum
1335 2492 1456 2532 esse
1484 2477 1558 2530 ait
1583 2476 1834 2531 concilio.

233 2566 346 2623 Sed
386 2567 502 2623 haec
531 2568 769 2623 nondum
801 2584 990 2638 magna
1022 2577 1180 2622 sunt:
1216 2570 1266 2621 in
1299 2567 1401 2621 hoc
1442 2569 1584 2622 enim
1635 2566 1835 2620 smculo

239 2659 554 2726 puniuntur.
578 2658 808 2726 Ideoque
836 2659 884 2712 ei
907 2659 996 2727 qui
1029 2659 1229 2711 fatuum
1249 2657 1614 2726 appellaverit,
1638 2657 1839 2726 gehen-

237 2765 323 2804 nae
347 2749 522 2818 ignem
550 2749 777 2818 adjecit;
812 2765 1057 2818 nuncque
1101 2748 1330 2817 primum
1359 2747 1620 2817 gehenua:
1651 2762 1838 2801 vocem

241 2841 483 2909 protulit.
517 2839 673 2893 Prius
701 2838 842 2893 enim
886 2840 1051 2893 multa
1083 2838 1148 2892 de
1194 2853 1359 2908 regno
1397 2838 1664 2906 loquutus,
1714 2846 1840 2891 tunc

241 2946 364 2984 eam
387 2931 736 2995 memoravit;
766 2929 1058 2985 ostendens
1091 2929 1220 2983 illud
1251 2929 1465 2998 quidem
1499 2930 1840 2998 benignitatis

240 3033 297 3074 et
325 3020 620 3076 voluntatis
648 3035 760 3075 sua:
786 3035 926 3085 esse,
971 3020 1110 3074 hanc
1150 3036 1286 3073 vero
1315 3030 1513 3074 nostra:
1554 3020 1836 3076 socordiae.

239 3113 322 3164 Ac
350 3110 472 3165 vide
500 3111 771 3181 quomodo
827 3113 1078 3181 paulatim
1131 3111 1387 3180 procedat
1439 3115 1491 3166 in
1543 3114 1838 3182 suppliciis,

242 3203 398 3273 quasi
431 3204 543 3258 fere
573 3219 692 3259 sese
719 3204 858 3272 apud
891 3213 940 3257 te
973 3213 1244 3272 purgaret,
1275 3204 1590 3268 ostendens,
1631 3221 1691 3259 se
1720 3207 1841 3276 qui-

243 3295 370 3349 dem
415 3296 585 3349 nullas
612 3295 815 3349 similes
856 3297 1029 3350 minas
1057 3297 1320 3350 intentare
1350 3296 1507 3359 velle,
1539 3311 1638 3350 nos
1667 3308 1843 3352 autem

243 3387 400 3441 illum
423 3387 486 3439 ad
508 3386 640 3441 tales
655 3386 1085 3440 denuntiationes
1101 3387 1446 3456 compellere.
1465 3388 1846 3442 Animadverte

243 3477 412 3532 enim.
449 3477 586 3542 Dixi,
620 3491 688 3530 ne
734 3476 929 3530 frustra
960 3477 1226 3539 irascaris,
1258 3493 1380 3530 nam
1411 3493 1538 3532 reus
1567 3479 1674 3532 eris
1696 3478 1843 3548 judi-

245 3567 365 3630 cio;
389 3567 618 3635 primum
645 3565 778 3620 illud
813 3567 1203 3635 contempsisti.
1235 3566 1370 3621 Vide
1411 3567 1539 3637 quid
1578 3570 1847 3637 pepererit

246 3658 363 3712 ira:
393 3657 457 3711 ad
485 3658 864 3712 contumeliam
897 3656 1233 3719 inferendam
1261 3667 1313 3714 te
1343 3661 1521 3712 statim
1563 3664 1843 3728 pertraxit.

245 3748 394 3804 Raca
425 3750 566 3803 enim
597 3732 798 3804 vocasti
831 3749 1049 3804 fratrem
1083 3759 1265 3816 tuum;
1299 3765 1486 3805 rursus
1511 3752 1672 3805 aliam
1715 3767 1847 3806 con-

246 3839 398 3893 stitui
429 3854 665 3908 prauam,
697 3856 888 3909 nempe
915 3842 1149 3897 concilii.
1175 3841 1230 3896 Si
1260 3841 1359 3897 hac
1383 3847 1546 3896 etiam
1571 3843 1842 3912 despecta,

249 3929 318 3984 ad
334 3930 478 3984 aliud
501 3931 758 3998 procedas
772 3933 1006 4000 gravius.
1031 3949 1136 3986 non
1160 3933 1295 3986 ultra
1315 3942 1366 3986 te
1387 3932 1677 3986 moderatis
1700 3935 1848 3988 hisce

246 4023 426 4090 pmnis
457 4022 706 4087 ulciscar,
735 4023 828 4078 sed
862 4024 1144 4078 immortali
1179 4023 1439 4093 gehennre
1470 4025 1752 4094 supplicio,
1780 4041 1847 4079 ne

249 4112 471 4167 demum
495 4113 560 4167 ad
593 4113 796 4169 caedem
823 4116 981 4169 etiam
1006 4116 1275 4184 prosilias.
1303 4115 1446 4171 Nihil
1472 4127 1550 4171 eSt
1575 4117 1739 4178 enim,
1768 4118 1849 4170 ni-

248 4201 326 4257 hil
353 4212 436 4258 est
465 4205 650 4273 utique
675 4207 996 4261 contumelia
1014 4208 1422 4271 intolerabilius,
1450 4223 1546 4262 nec
1573 4209 1714 4277 quod
1736 4223 1850 4262 ma-

247 4296 332 4364 gis
349 4295 516 4363 possit
541 4295 832 4352 humanum
851 4298 1100 4353 mordere
1126 4299 1383 4352 aniuuun.
1403 4299 1554 4364 Quod
1581 4300 1624 4352 si
1645 4299 1847 4353 dictum

248 4384 383 4439 illud
413 4387 856 4440 contumeliosius
886 4398 940 4441 et
971 4389 1148 4441 acrius
1191 4387 1370 4454 fuerit,
1416 4397 1524 4441 tum
1567 4388 1759 4457 duplex
1792 4388 1850 4442 ﬁt

251 4462 585 4528 incendium.
619 4475 696 4530 Ne
720 4475 878 4544 igitur
902 4477 1016 4530 leve
1042 4477 1317 4530 existimes
1347 4493 1467 4531 esse
1492 4478 1726 4545 aliquem
1752 4493 1847 4529 vo-

246 4579 378 4620 care
409 4565 630 4620 fatuum.
672 4567 896 4636 Quando
922 4569 1063 4622 enim
1108 4570 1220 4635 illo,
1252 4585 1358 4639 quo
1385 4585 1414 4622 a
1446 4570 1613 4624 brutis
1643 4566 1849 4624 differi-

247 4671 394 4719 mus,
423 4667 477 4712 et
501 4672 608 4727 quo
646 4659 878 4712 maxime
903 4658 1147 4714 homines
1177 4675 1384 4722 sumus,
1429 4670 1607 4715 mente
1644 4661 1850 4715 scilicet

247 4758 414 4817 atque
437 4748 717 4815 prudentia
735 4748 954 4805 fratrem
981 4751 1200 4820 spolias,
1225 4753 1367 4805 omni
1397 4753 1543 4806 illum
1569 4753 1848 4808 nobilitate

246 4837 499 4906 privasti.
528 4836 606 4892 Ne
629 4839 806 4910 itaque
829 4841 1010 4896 verbis
1028 4841 1204 4896 solum
1233 4842 1590 4910 attendamus,
1633 4843 1728 4896 sed
1758 4858 1847 4897 res

246 4929 400 4997 ipsas
439 4936 492 4980 et
519 4925 766 4984 allectum
802 4931 1227 5000 considerantes,
1269 4934 1564 5002 cogitemus
1594 4942 1846 5004 quantam

250 5019 360 5074 hoc
387 5019 608 5074 verbum
639 5021 847 5090 plagam
882 5023 1091 5088 inferat,
1144 5032 1197 5079 et
1240 5025 1294 5078 in
1337 5035 1595 5094 quantum
1648 5024 1846 5079 malum

247 5113 554 5183 perveniat.
587 5114 711 5168 Ideo
731 5115 926 5170 Paulus
957 5132 1062 5171 non
1095 5118 1332 5173 moechos
1364 5128 1566 5173 tantum
1606 5128 1663 5174 et
1705 5118 1845 5172 mol-

250 5204 356 5266 les,
388 5219 573 5258 verum
599 5207 761 5260 etiam
792 5206 1080 5262 maledicos
1108 5223 1138 5263 a
1166 5223 1334 5278 regno
1362 5209 1588 5263 exclusit
1617 5211 1699 5279 (l.
1721 5207 1840 5263 Cor.

250 5295 307 5349 8.
335 5293 426 5362 I0)
455 5313 468 5348 :
494 5305 547 5350 et
569 5296 689 5365 jure
719 5297 956 5365 quidem.
987 5297 1119 5352 Nam
1148 5301 1569 5354 contumeliosus
1609 5299 1844 5353 caritatis

247 5388 453 5442 bonum
500 5389 830 5458 pessumdat,
877 5404 940 5444 ac
982 5393 1248 5445 sexcentis
1279 5394 1580 5461 proximum
1612 5391 1841 5444 involvit

253 5481 437 5542 malis,
488 5491 774 5549 perpetuas
805 5480 947 5537 fovet
992 5482 1316 5547 inimicitias,
1364 5482 1558 5537 Christi
1604 5481 1843 5536 membra

253 5567 535 5636 discerpit,
568 5585 752 5638 pacem
779 5570 921 5624 illam
951 5571 1063 5626 Deo
1088 5572 1378 5641 optabilem
1405 5570 1640 5639 quotidie
1670 5572 1838 5640 pclltt,

256 5655 418 5714 latam
441 5659 653 5714 diabolo
682 5675 777 5730 per
801 5662 1156 5716 contumelias
1182 5676 1376 5730 parans
1397 5661 1558 5726 viam,
1591 5662 1845 5729 illumque

252 5749 498 5806 efﬁciens
523 5749 818 5807 fortiorem.
848 5750 972 5808 ldco
997 5752 1243 5808 Christus
1270 5765 1463 5810 nervos
1490 5751 1632 5807 Illius
1659 5759 1846 5820 poten-

1325 363 1388 419 ΙΝ
1426 355 1833 416 MAT'I‘IIJEUM
1873 354 2105 411 IIOMIL.
2150 356 2287 412 XVI.

3425 353 3531 406 350

1929 471 2016 525 tiae
2043 470 2386 535 exscindens,
2420 468 2556 522 hanc
2601 467 2768 536 legem
2821 465 3047 520 induxit.
3102 464 3285 535 Magna
3334 465 3534 535 quippe

1926 572 2008 616 est
2038 563 2112 615 illi
2139 562 2377 616 caritatis
2404 575 2552 614 cura.
2590 560 2713 613 Ilaec
2749 558 2947 626 quippe
2982 565 3065 612 cst
3091 560 3332 612 omnium
3363 567 3534 612 mater

1926 653 2214 716 bonorum,
2243 663 2390 706 certa
2423 650 2812 719 discipulorum
2838 659 2980 709 nota,
3009 664 3128 718 quae
3144 650 3323 702 omnia
3351 661 3534 703 nostra

1926 743 2184 797 continet.
2208 742 2338 796 Jure
2359 757 2489 809 ergo
2518 741 2727 794 radices
2768 748 2822 794 et
2870 740 3044 794 fontes
3090 741 3383 795 inimicitiae
3414 757 3535 809 qua:

1928 834 2070 888 illam
2104 832 2413 902 pessumdat
2437 848 2558 886 cum
2588 831 2923 886 vehementia
2953 832 3117 886 multa
3143 831 3393 887 Christus
3419 847 3533 885 am-

1928 934 2078 994 putat
2105 932 2161 978 et
2191 924 2346 978 tollit.
2377 923 2455 978 Ne
2484 924 2643 993 igitur
2669 923 2784 977 haec
2805 939 2900 992 per
2919 923 3249 994 hyperbolen
3271 924 3416 978 dicta
3439 939 3537 993 pu—

1931 1026 2031 1082 tes,
2064 1015 2158 1071 sed
2185 1017 2428 1086 cogitans
2453 1026 2651 1086 quanta
2680 1017 2819 1070 bona
2853 1033 3045 1085 parere
3075 1019 3302 1087 possint,
3344 1018 3535 1071 harum

1928 1107 2396 1160 mansuetudinem
2437 1108 2614 1175 legum
2663 1107 2878 1162 mirare.
2911 1107 3056 1162 Nihil
3101 1110 3244 1162 enim
3287 1109 3356 1162 ita
3384 1122 3536 1163 curat

1930 1197 2094 1263 Deus,
2125 1207 2184 1250 ut
2215 1213 2312 1251 nos
2335 1199 2532 1251 mutuis
2554 1199 2780 1252 vinculis
2802 1200 3061 1268 colligari.
3090 1200 3213 1257 Ideo
3235 1211 3286 1255 et
3314 1216 3410 1271 per
3429 1201 3538 1255 sei-

1932 1306 2084 1357 psum
2124 1300 2177 1344 et
2220 1306 2319 1360 per
2347 1292 2638 1360 discipulos
2683 1307 2832 1357 suos,
2883 1302 2986 1346 tam
3032 1294 3083 1347 in
3112 1293 3262 1348 Novo
3290 1309 3450 1363 quam
3485 1296 3536 1348 in

1931 1378 2112 1434 Veteri
2145 1380 2512 1447 Testamento,
2567 1381 2737 1435 multo
2781 1383 2884 1436 hoc
2929 1394 3254 1453 prmceptum
3285 1402 3538 1441 sermone

1930 1473 2292 1538 commendat,
2339 1484 2393 1526 et
2433 1474 2726 1528 vehemens
2757 1474 2952 1529 vindex
2982 1485 3064 1530 est
3088 1492 3274 1530 eorum
3303 1480 3392 1547 qui
3425 1480 3539 1532 hmc

1933 1565 2252 1634 deSpiciunt.
2281 1566 2492 1621 Etenim
2527 1566 2659 1621 nihil
2693 1568 2762 1621 ita
2795 1569 3051 1622 malitiam
3081 1585 3297 1623 omnem
3332 1570 3537 1624 inducit

1934 1669 1986 1712 et
2005 1658 2210 1724 fundat,
2239 1662 2548 1714 utcaritatis
2571 1662 2818 1715 remotio.
2842 1662 2966 1715 Ideo
2982 1662 3213 1727 dicebat,
3237 1663 3362 1716 Cum
3385 1663 3538 1716 abun-

1935 1749 2124 1802 (laverit
2147 1750 2405 1819 iniquitas,
2456 1751 2743 1820 refrigescet
2769 1752 2958 1804 caritas
3005 1752 3278 1804 multorum
3320 1752 3536 1816 (Matth.

1934 1841 2024 1894 24.
2057 1842 2189 1911 12).’
2211 1843 2300 1896 Sic
2335 1843 2466 1896 Cain
2503 1843 2772 1898 fratricida
2820 1844 2990 1899 factus
3020 1855 3123 1910 est,
3156 1847 3233 1900 sic
3272 1847 3432 1912 Esau,
3463 1849 3541 1903 sic

1937 1933 2128 1986 fratres
2147 1933 2364 2003 Josephi
2382 1951 2396 1994 ;
2417 1936 2492 1988 sic
2511 1935 2786 1989 innumera
2810 1947 2994 1989 exorta
3018 1947 3144 1989 sunt
3171 1938 3333 2002 mala,
3356 1938 3539 1991 avulsa

1938 2027 2180 2079 caritate.
2208 2026 2330 2080 Ideo
2356 2027 2445 2080 ille
2475 2043 2558 2089 ea,
2587 2043 2703 2097 qua:
2728 2029 2896 2098 ipsam
2928 2029 3274 2098 pessumdare
3296 2042 3541 2100 possunt,

1938 2130 2060 2169 cum
2084 2131 2271 2185 magna
2299 2118 2642 2170 accuratioue
2666 2128 2925 2171 removet.

2012 2208 2064 2261 9.
2106 2206 2233 2262 Cum
2271 2219 2463 2276 quanta
2500 2209 2721 2263 bonitate
2762 2211 3218 2264 reconciliationem
3251 2216 3542 2283 pmceperit

1941 2299 2190 2352 Christus.
2225 2297 2592 2352 Reconciliatio
2622 2317 2736 2352 cum
2776 2301 2938 2368 fratre
2967 2319 3080 2354 rere
3109 2304 3418 2370 sacri/icium
3444 2314 3538 2357 est.

1942 2386 1996 2441 Ν
2001 2387 2188 2442 undam
2213 2388 2528 2442 initiatorum
2549 2391 2802 2457 sacriﬁcia
2829 2408 2963 2459 qua.
2987 2422 3056 2431 -—
3079 2392 3263 2462 Neque
3281 2396 3334 2448 in
3356 2410 3545 2462 supra-

1941 2478 2101 2532 dictis
2128 2479 2354 2547 gradum
2400 2481 2560 2544 sistit,
2606 2481 2701 2534 sed
2745 2481 2848 2536 alia
2899 2483 3049 2552 plura
3101 2485 3339 2549 adhibet,
3393 2489 3547 2555 queis

1943 2569 2174 2622 ostendit
2195 2580 2447 2638 quantam
2479 2571 2596 2637 ejus
2624 2570 2818 2626 habeat
2845 2573 3130 2627 rationem.
3153 2573 3286 2627 Nam
3311 2592 3428 2629 cum
3454 2593 3547 2646 per

1942 2659 2249 2721 concilium,
2281 2675 2380 2729 per
2404 2659 2660 2727 judicium
2688 2671 2742 2714 et
2773 2677 2870 2730 per
2894 2662 3196 2732 gehennam
3230 2666 3367 2736 ignis
3394 2682 3545 2719 com-

1943 2749 2175 2802 minatus
2220 2759 2383 2812 esset,
2435 2751 2535 2804 alia
2579 2751 2775 2820 adjecit
2822 2755 3247 2820 praecedentibus
3286 2772 3547 2824 consona,

1945 2853 2171 2907 nempe:
2203 2837 2294 2894 25.
2325 2838 2387 2893 Si
2407 2837 2560 2905 offers
2586 2857 2768 2895 munus
2800 2853 2942 2896 tuum
2968 2844 3036 2897 ad
3066 2845 3249 2910 altare,
3287 2849 3332 2900 ét
3368 2849 3434 2902 ibi
3462 2865 3548 2902 re-

1945 2929 2184 2982 cordatus
2207 2931 2364 2998 fueris
2384 2932 2502 2998 quia
2529 2931 2686 2997 frater
2723 2941 2839 2986 tuus
2883 2934 3032 2987 habet
3067 2937 3263 3005 aliquid
3286 2939 3550 2992 adversum

1946 3028 2010 3078 te,
2044 3019 2131 3072 24.
2163 3019 2392 3087 relinque
2423 3037 2604 3074 munus
2631 3033 2773 3074 tuum
2795 3033 2913 3076 ante
2933 3027 3115 3088 altare,
3163 3039 3207 3081 et
3234 3029 3378 3094 vade,
3409 3030 3551 3097 prius

1946 3110 2274 3162 reconciliare
2299 3111 2450 3177 fratri
2472 3121 2574 3171 tuo,
2601 3129 2646 3164 et
2673 3124 2792 3166 tunc
2808 3117 3010 3168 veniens
3033 3117 3162 3182 o/fer
3184 3136 3365 3173 munus
3385 3131 3549 3175 tuum.

1946 3200 1990 3255 Ο
2015 3201 2326 3264 bonitatem,
2357 3220 2388 3252 o
2419 3203 2816 3268 benignitatem,
2850 3223 2968 3273 quzr
2997 3223 3212 3264 omnent
3244 3226 3551 3269 sermonem

1948 3294 2195 3359 superat!
2232 3292 2498 3347 Honorem
2543 3308 2697 3346 suum
2744 3295 2972 3364 despicit
3016 3315 3114 3367 pro
3159 3304 3385 3358 caritate
3426 3320 3552 3375 erga

1949 3384 2249 3453 proximum
2270 3401 2284 3448 ;
2303 3385 2612 3450 ostendens,
2640 3401 2697 3441 se
2715 3389 2861 3456 prius
2877 3391 3258 3446 comminatum
3286 3409 3425 3459 esse,
3447 3413 3552 3452 non

1947 3489 2012 3527 ex
2031 3474 2304 3528 inimicitia
2331 3475 2580 3544 quadam,
2609 3479 2694 3532 vel
2721 3493 2785 3532 ex
2816 3479 3107 3543 cupiditate
3137 3481 3399 3538 inferendi
3429 3500 3554 3554 sup-

1949 3565 2114 3632 plicii,
2139 3565 2232 3634 sed
2264 3581 2330 3620 ex
2360 3580 2544 3620 amore
2576 3569 2825 3624 ferventi.
2855 3569 2991 3636 Quid
3015 3571 3158 3626 enim
3195 3574 3341 3628 hisce
3373 3576 3554 3632 verbis

1950 3656 2280 3707 mansuetius
2305 3655 2428 3724 ﬁngi
2455 3659 2663 3726 possit?
2686 3656 3128 3729 lnterrumpatur,
3160 3663 3349 3734 inquit,
3378 3667 3554 3721 cultus

1952 3762 2124 3812 meus,
2168 3757 2222 3802 ut
2261 3749 2456 3803 caritas
2504 3759 2589 3802 tua
2633 3761 2867 3807 maneat.
2913 3752 3046 3808 Nam
3076 3771 3202 3811 vere
3231 3758 3554 3813 sacrificium

1951 3848 2034 3890 est
2059 3838 2421 3893 reconciliatio
2446 3854 2568 3894 cum
2587 3839 2778 3896 fratre.
2807 3843 2930 3897 Ideo
2956 3860 3062 3898 non
3091 3846 3245 3911 dixit,
3267 3849 3554 3919 Postquam

1958 3929 2249 3990 obtuleris.
2289 3931 2392 3993 vel,
2420 3933 2728 4000 Antequam
2753 3933 2953 3987 offeras
2981 3951 2995 3998 ;
3040 3933 3132 3987 sed
3165 3935 3286 4002 ipso
3321 3947 3552 3985 munere

1960 4029 2252 4088 praesente,
2285 4021 2472 4089 etjam
2499 4021 2772 4076 sacriﬁcio
2800 4023 3093 4092 incipiente
3125 4024 3292 4076 mittit
3308 4038 3456 4084 eum,
3493 4032 3554 4077 ut

1957 4125 2015 4164 se
2031 4126 2153 4165 cum
2175 4110 2344 4165 lratre
2367 4113 2700 4177 reconciliet,
2718 4129 2818 4167 nec
2835 4129 3062 4182 propere
3073 4113 3328 4169 confecto
3341 4114 3552 4168 sacriﬁ—

1958 4201 2064 4265 cio,
2095 4217 2194 4256 nec
2214 4213 2509 4271 antequam
2535 4219 2738 4258 munus
2762 4204 3028 4271 attulerit,
3052 4205 3146 4259 sed
3169 4206 3261 4258 illo
3281 4206 3333 4258 in
3367 4205 3550 4257 medio

1952 4291 2330 4358 jacentejubet
2349 4294 2477 4345 illuc
2495 4293 2918 4348 accurrere.Cur
2934 4310 3065 4364 ergo
3088 4295 3334 4364 sicjubet
3356 4295 3407 4347 id
3428 4309 3555 4364 age-

1953 4394 2032 4443 re,
2065 4387 2119 4431 et
2146 4393 2249 4446 qua
2281 4379 2348 4432 de
2376 4379 2577 4432 causa?
2616 4378 2742 4433 Hau:
2775 4381 2954 4444 ambo,
2984 4392 3039 4435 ut
3067 4384 3196 4436 mihi
3228 4384 3444 4452 quidem
3475 4386 3557 4438 vis

1953 4467 2130 4535 detur,
2159 4467 2527 4533 subindicans,
2572 4479 2627 4524 et
2665 4486 2862 4540 agens:
2889 4488 3050 4527 unum
3092 4475 3328 4544 quidem,
3361 4485 3419 4529 ut
3443 4476 3556 4544 jam

1954 4561 2088 4625 dixi,
2133 4571 2191 4616 ut
2215 4562 2465 4617 ostendat
2501 4576 2560 4616 se
2590 4564 2867 4619 caritatem
2898 4568 3074 4636 magni
3104 4566 3300 4632 facere,
3329 4578 3384 4623 et
3410 4568 3556 4622 illam

1954 4669 2073 4708 esse
2097 4664 2283 4721 putare
2303 4635 2593 4707 maximum
2623 4656 2863 4709 omnium
2886 4656 3225 4722 sacrificium,
3255 4673 3419 4728 seque
3439 4662 3558 4713 sine

1954 4746 2176 4799 caritate
2203 4745 2522 4800 sacriﬁcium
2551 4762 2656 4801 non
2682 4748 2996 4814 admittere;
3027 4751 3322 4804 secundum
3350 4761 3553 4816 autem,

1957 4847 2015 4891 ut
2039 4838 2491 4893 reconciliationis
2522 4839 2884 4895 inevitabilem
2927 4843 3301 4897 necessitatem
3345 4843 3556 4899 all'erat.

1953 4928 2087 4983 Nam
2120 4930 2209 4998 qui
2236 4931 2420 4997 jussus
2445 4941 2528 4984 est
2558 4945 2664 4985 non
2695 4931 2843 5001 prius
2871 4932 3085 4996 oll‘erre,
3119 4951 3280 5004 quam
3313 4937 3560 4991 reconci—

1955 5019 2196 5087 liaretur,
2229 5020 2440 5075 etiamsi
2473 5036 2577 5076 non
2600 5038 2666 5077 ex
2687 5037 2871 5078 amore
2889 5025 3139 5093 proximi,
3165 5026 3359 5080 saltem
3388 5041 3456 5081 ne
3473 5042 3560 5081 sa~

1955 5111 2216 5166 oriﬁcium
2246 5111 2615 5180 imperfectum
2649 5122 2881 5179 maneat,
2931 5115 3240 5184 pr0perabit
3277 5116 3345 5170 ad
3389 5116 3558 5172 offen-

1955 5219 2072 5257 smn
2105 5204 2344 5270 fratrem,
2382 5214 2438 5258 ut
2482 5205 2814 5260 inimicitiam
2863 5209 3054 5261 solvat.
3102 5208 3334 5278 Ideoque
3377 5210 3557 5264 omnia

1955 5298 2270 5366 emphaticis
2285 5301 2551 5367 expressit
2574 5301 2770 5367 verbis,
2793 5310 3002 5355 terrens
3021 5302 3169 5356 illum
3188 5303 3556 5370 excitatisque.

1955 5386 2088 5441 Cum
2111 5387 2334 5442 dixisset
2355 5390 2520 5454 enim,
2544 5387 2795 5460 Relinque
2814 5407 2995 5444 numus
3017 5401 3177 5453 tuum,
3205 5406 3310 5444 non
3338 5391 3410 5444 ibi
3432 5390 3557 5444 sub¢

1956 5479 2110 5545 stitit,
2139 5481 2232 5535 sed
2261 5479 2555 5549 subjunxit,
2581 5481 2708 5534 Ante
2735 5481 2918 5548 altare,
2950 5493 3003 5536 et
3034 5492 3316 5551 postquam
3344 5497 3410 5536 ex
3440 5482 3556 5535 loco

1958 5570 2010 5624 in
2036 5569 2315 5624 horrorem
2348 5571 2632 5640 quemdam
2662 5573 2911 5640 conjecit,
2942 5571 3009 5625 Et
3035 5573 3181 5626 vade.
3214 5572 3322 5628 Nec
3350 5583 3555 5626 tantum

1957 5658 2110 5718 dixit,
2152 5657 2313 5724 Vade,
2345 5659 2439 5713 sed
2471 5659 2733 5728 adjunxit,
2785 5663 2946 5732 prius,
2975 5672 3020 5715 et
3047 5673 3164 5718 tunc
3194 5663 3394 5716 veniens
3429 5662 3557 5729 o/fer

1960 5766 2143 5805 munus
2173 5760 2348 5818 tuum;
2390 5766 2486 5822 per
2527 5751 2644 5807 bace
2691 5755 2869 5810 omnia
2899 5753 3201 5823 declarans,
3234 5754 3371 5808 hanc
3403 5771 3555 5810 tuen.
