4124 6302
581 350 679 407 2M

583 478 697 517 sam
720 474 823 514 non
844 455 1127 510 admittere
1144 464 1233 504 eos
1253 449 1341 517 qui
1364 444 1664 499 inimicitias
1686 450 1866 495 mutuo
1886 442 2155 491 exercent.
2184 504 2187 507 Α

583 554 818 610 Audiant
838 546 1051 611 initiati,
1077 545 1306 614 quicum
1332 537 1616 593 inimicitiis
1637 531 1920 592 accedunt;
1943 526 2162 580 audiant

586 653 642 697 et
667 642 756 713 qui
786 638 1019 695 nondum
1044 643 1169 690 sunt
1194 631 1419 686 initiati:
1446 642 1566 681 nam
1593 624 1656 676 ad
1688 622 1786 675 hos
1809 632 2020 688 quoque
2048 630 2160 670 scr-

588 708 1098 802 mo-quodammodo
1124 724 1369 795 pertinet.
1399 718 1635 773 Oll'ernnt
1666 716 1805 768 enim
1836 720 1889 766 et
1920 710 2017 778 ipsi
2058 708 2157 761 d0—

586 839 711 878 num
742 833 797 877 et
832 818 1167 877 sacriﬁcium,
1200 811 1492 867 orationem
1520 806 1639 859 dico
1665 814 1720 856 et
1743 804 2155 870 elecmosynam.

583 909 736 980 Quod
776 909 917 963 enim
946 908 1056 959 haec
1082 900 1397 956 sacrificium
1426 896 1553 955 sint.
1584 893 1705 947 audi
1736 890 2044 980 prophetam

584 975 793 1055 gentem
816 1014 830 1048 :
854 993 1173 1061 Sacriﬁcium
1199 990 1366 1043 laudis
1393 983 1740 1051 houoriﬁcabit
1771 996 1848 1033 me
1873 981 1891 1043 (
1904 978 2041 1031 Psal.
2064 975 2153 1030 49.

582 1093 706 1160 25).
732 1097 786 1145 et
814 1101 1043 1149 rursum,
1073 1082 1295 1137 Immola
1318 1080 1426 1135 Deo
1455 1077 1759 1144 sacriﬁcium
1801 1072 1967 1125 laudis
1993 1067 2151 1139 (Ibid.

585 1200 632 1233 ιι.
666 1180 732 1234 id
756 1190 800 1245 );
842 1188 893 1232 et
918 1219 933 1241 ,
971 1175 1195 1229 Elerntio
1225 1186 1461 1225 manuum
1491 1182 1714 1220 ineorum
1741 1162 2045 1229 sacriﬁcium
2072 1175 2156 1213 ec-

580 1269 857 1338 spertinum
887 1265 1052 1336 (Psat.
1078 1264 1199 1317 HO.
1222 1262 1303 1331 Ξ).
1332 1260 1513 1328 Itaque
1539 1257 1581 1309 si
1610 1256 1903 1310 orationem
1926 1266 2045 1306 eum
2069 1249 2156 1307 tati

583 1359 775 1414 all'eetu
806 1357 1060 1427 proferas,
1093 1354 1284 1409 melius
1312 1360 1391 1406 est
1422 1348 1723 1416 relinquere
1754 1344 2072 1404 orationem,
2104 1348 2159 1394 et

585 1452 653 1507 ad
683 1462 734 1507 te
758 1465 877 1505 cum
911 1448 1072 1503 fratre
1095 1440 1547 1500 reennciliandum
1576 1450 1885 1509 properare,
1930 1444 2159 1503 tuncque

582 1544 878 1595 orationem
896 1537 1107 1592 offerre.
1130 1536 1351 1604 Propter
1367 1533 1466 1585 hoc
1486 1531 1649 1597 enim,
1669 1528 1845 1583 omnia
1864 1526 1998 1581 facta
2016 1532 2157 1579 sunt:

584 1641 803 1700 propter
827 1629 927 1683 hoc
954 1630 1091 1681 Deus
1118 1628 1277 1679 homo
1322 1624 1487 1677 nactus
1528 1629 1631 1683 est,
1675 1628 1729 1673 et
1755 1620 1932 1673 omnia
1962 1616 2049 1671 illa
2077 1624 2163 1669 est

586 1729 856 1790 operatus,
888 1728 939 1772 ut
968 1732 1066 1771 nos
1088 1724 1451 1784 congregaret.
1483 1712 1577 1765 Hie
1598 1710 1755 1780 igitur
1781 1707 2062 1762 laedentem
2093 1705 2160 1758 ad

500 1830 501 1833 ‘
584 1812 769 1865 la’sum
793 1808 967 1872 misit;
998 1808 1047 1860 in
1076 1806 1315 1859 oratione
1346 1818 1473 1876 vero
1498 1803 1680 1855 lzrsum
1702 1798 1846 1853 ducit
1872 1797 1938 1851 ad
1966 1795 2164 1850 laeden-

589 1910 717 1963 tem,
740 1908 794 1953 et
819 1896 1147 1952 reconciliat.
1166 1895 1273 1950 illic
1289 1894 1429 1949 enim
1454 1893 1558 1946 ait:
1583 1890 1839 1945 Dimittite
1860 1886 2162 1942 hominibus

585 1991 763 2046 debita
789 1988 993 2058 (Matth.
1013 1987 1065 2041 6.
1098 1985 1215 2055 id);
1237 1985 1322 2040 hic
1338 1999 1497 2039 vero:
1519 1983 1573 2036 Si
1592 1982 1750 2035 habet
1769 1980 1961 2048 aliquid
1978 1988 2159 2032 contra

589 2094 640 2135 te
662 2121 676 2141 ,
713 2081 847 2134 vade
886 2078 950 2132 ad
994 2092 1135 2131 eum.
1187 2076 1297 2130 lmo
1318 2087 1444 2129 vero
1481 2071 1567 2125 hic
1590 2070 1718 2124 mihi
1746 2068 1951 2123 videtur
1978 2069 2158 2119 tat-sum

591 2171 832 2226 mittere:
877 2176 1196 2238 quapropter
1235 2181 1343 2220 non
1383 2163 1533 2225 dicit,
1582 2159 1886 2215 Reconcilia
1932 2158 2158 2224 teipsum

590 2260 737 2315 t'ratri
765 2269 875 2322 tuo,
908 2258 1019 2321 sed,
1056 2256 1505 2312 Recancitiaremt
1548 2251 1757 2306 videtur
1798 2248 2013 2318 quidem
2062 2246 2162 2301 hoc

586 2354 653 2407 de
678 2352 905 2408 hedente
928 2349 1063 2414 dici;
1092 2348 1185 2403 sed
1218 2356 1385 2401 totum
1416 2360 1483 2401 ex
1523 2357 1753 2411 persona
1792 2341 1901 2395 laesi
1948 2340 2159 2393 dicitur.

586 2443 639 2499 Si
671 2444 811 2497 enim
840 2440 915 2495 illi
941 2438 1315 2495 reconciliatus
1335 2436 1518 2496 fueris,
1541 2433 1726 2502 inquit,
1758 2446 1848 2499 rer
1874 2439 2013 2482 tuam
2037 2443 2159 2496 erga

588 2548 709 2587 eum
738 2531 1036 2593 caritatem,
1069 2544 1155 2582 me
1181 2528 1339 2583 etiam
1381 2523 1599 2577 habebis
1626 2521 1931 2590 propitium,
1961 2528 2015 2572 et
2040 2532 2159 2571 cum

586 2625 751 2679 multa
777 2622 964 2676 ﬁducia
982 2620 1179 2688 poteris
1198 2616 1514 2673 sacrificium
1532 2613 1746 2668 oﬂ‘erre.
1766 2610 1821 2666 Si
1842 2626 1967 2666 vero
1987 2608 2161 2665 adhuc

588 2713 895 2783 indignaris,
922 2709 1201 2766 considera
1233 2722 1319 2762 me
1358 2705 1588 2760 libenter
1628 2702 1897 2757 contemni
1928 2715 2046 2755 mea
2070 2700 2159 2766 ju-

587 2805 735 2867 bere,
765 2811 823 2856 ut
852 2815 945 2855 vos
971 2800 1124 2853 amici
1149 2797 1410 2853 evadatis.
1438 2794 1506 2849 Et
1525 2792 1640 2847 btec
1658 2792 1749 2846 tibi
1771 2791 1840 2844 sit
1860 2791 1911 2844 in
1935 2790 2010 2843 ira
2033 2804 2162 2843 con-

586 2890 795 2946 solatio.
826 2889 941 2944 Non
966 2889 1121 2951 dixit,
1146 2887 1277 2942 Cum
1304 2885 1534 2955 graviter
1560 2882 1794 2937 offensus
1818 2893 1899 2943 es,
1933 2888 2039 2933 tum
2071 2894 2160 2934 re-

585 2983 902 3042 conciliare;
933 2982 1049 3044 sed,
1079 2978 1300 3034 Etiamsi
1328 2978 1444 3031 leve
1470 2974 1744 3044 quidpiam
1767 2981 1950 3027 contra
1979 2981 2031 3025 te
2066 2969 2162 3023 ha-

589 3074 781 3129 buerit.
814 3064 997 3140 Neque
1023 3069 1235 3136 adjecit,
1283 3067 1407 3121 Sive
1447 3065 1612 3133 juste,
1658 3063 1771 3116 sive
1809 3060 2031 3131 injuste;
2065 3059 2158 3113 sed

585 3164 916 3234 simpliciter,
946 3162 999 3218 Si
1028 3161 1270 3215 habuerit
1296 3156 1494 3225 aliquid
1519 3154 1799 3209 adversum
1832 3162 1905 3207 te.
1939 3149 2159 3206 Etiamsi

585 3256 729 3312 enim
752 3256 912 3324 juste,
945 3267 1116 3320 neque
1142 3252 1219 3304 sic
1246 3249 1401 3303 decet
1422 3246 1751 3301 inimicitiam
1783 3242 1982 3297 diutius
2008 3239 2158 3294 fove—

589 3362 646 3401 re
666 3364 680 3400 :
704 3340 1131 3414 quandoquidem
1150 3347 1203 3394 et
1220 3337 1465 3392 Christus
1478 3335 1621 3404 juste
1641 3332 1794 3388 nobis
1811 3328 2157 3392 irascebatur,

585 3443 817 3489 attamen
846 3433 1078 3500 seipsum
1110 3443 1205 3496 pro
1248 3427 1401 3482 nobis
1443 3424 1590 3480 dedit
1633 3420 2005 3485 occidendum,
2051 3433 2157 3473 non
2191 3436 2197 3443 ·

583 3527 847 3594 imputans
876 3521 1030 3577 nobis
1059 3520 1145 3574 ilia
1177 3526 1411 3588 peccata.

658 3615 743 3671 ιο.
782 3613 884 3669 Cur
913 3611 1108 3666 Paulus
1139 3619 1254 3665 ante
1281 3618 1495 3672 noctem,
1525 3618 1570 3661 et
1596 3605 1824 3659 Christus
1849 3612 1967 3656 ante
1994 3602 2161 3657 sacri-

588 3707 758 3772 ficium
782 3702 1094 3758 reconciliari
1121 3701 1386 3772 iusserint.
1416 3698 1644 3753 Christus
1678 3704 1917 3763 quantum
1947 3695 2000 3749 in
2023 3694 2162 3761 peri-

584 3796 779 3850 mendis
806 3793 1077 3847 inimicitiis
1103 3791 1328 3847 studium
1366 3788 1666 3843 adhibuerit.
1715 3785 1781 3839 In
1818 3784 1934 3839 boni
1973 3800 2161 3853 opera-

586 3885 721 3936 tions
755 3899 857 3936 non
896 3881 1337 3935 cunctandum.—
1358 3877 1481 3931 Ideo
1509 3876 1702 3928 Paulus
1730 3873 1837 3927 alio
1865 3873 2023 3927 modo
2061 3886 2159 3925 nos

585 3974 652 4029 ad
696 3971 1178 4043 reconciliationem
1204 3980 1386 4036 agens,
1418 3964 1628 4019 dicebat
1658 3980 1671 4015 :
1717 3962 1813 4018 Sol
1839 3977 1940 4015 non
1964 3961 2160 4015 occidat

582 4079 733 4132 super
758 4061 1073 4116 iracundiam
1101 4066 1315 4112 uestram
1342 4053 1560 4123 (Ephes.
1584 4053 1636 4107 4.
1654 4051 1771 4120 26).
1797 4050 2160 4119 Quemadmo-

588 4154 713 4207 dum
737 4152 877 4207 enim
906 4150 991 4204 hic
1017 4164 1049 4203 a
1073 4146 1337 4201 sacrificio
1360 4144 1623 4205 Christus,
1656 4144 1725 4195 ita
1763 4142 1875 4195 illic
1902 4140 2097 4197 Paulus
2130 4158 2160 4197 a

586 4246 675 4301 die
702 4244 769 4298 ad
811 4242 1041 4312 idipsum
1082 4238 1343 4293 hortatur.
1381 4236 1555 4290 Timet
1588 4234 1785 4304 quippe
1823 4243 2053 4299 noctem,
2094 4248 2163 4288 ne

589 4339 727 4389 forte
754 4332 923 4388 solum
971 4328 1249 4399 excipiens
1290 4326 1602 4389 sauciatam,
1646 4324 1818 4392 majus
1860 4322 2009 4377 ulcus
2041 4323 2162 4378 efﬁ-

586 4428 711 4480 ciat.
740 4424 797 4480 In
824 4422 911 4477 die
938 4436 1165 4491 namque
1192 4418 1342 4473 multi
1368 4415 1602 4485 suntqui
1629 4415 1865 4470 avellunt
1890 4423 1944 4469 et
1969 4414 2162 4469 distra-

590 4518 756 4581 hunt;
798 4514 853 4569 in
882 4523 1037 4567 nocte
1076 4525 1224 4575 vero,
1263 4524 1381 4563 cum
1427 4507 1572 4562 solus
1608 4506 1698 4571 sit,
1739 4514 1811 4589 et.
1834 4504 1947 4560 haec
1984 4507 2164 4561 animo

588 4614 785 4666 verset,
814 4605 1170 4659 intumescunt
1194 4600 1406 4665 ﬂuctus,
1447 4605 1503 4651 et
1538 4596 1709 4663 major
1752 4594 1811 4649 iit
1853 4604 2152 4665 tempestas.

592 4696 715 4752 Ideo
740 4696 857 4750 [nec
883 4692 1210 4763 praeveniens
1230 4689 1444 4751 Paulus,
1467 4684 1863 4742 reconciliatum
1885 4684 1996 4739 vult
2019 4685 2160 4739 nocti

590 4786 819 4850 tradere,
860 4793 921 4838 ut
963 4782 1163 4837 nullam
1206 4796 1271 4835 ex
1314 4780 1491 4849 quiete
1516 4778 1686 4847 possit
1712 4775 1952 4830 diabolus
1978 4791 2160 4831 ansam

589 4876 827 4945 arripere
854 4875 919 4928 ad
951 4874 1041 4928 ira:
1062 4872 1328 4926 fornacem
1354 4868 1770 4933 accendendam,
1797 4877 1853 4921 et
1870 4866 2161 4922 vehemen-

589 4967 780 5020 tiorem
806 4962 1158 5019 efﬁciendam.
1187 4960 1275 5016 Sic
1298 4960 1457 5015 etiam
1484 4958 1727 5013 Christus
1765 4971 1869 5010 non
1910 4957 2164 5025 permittit

590 5056 674 5110 vel
700 5053 966 5108 tantillum
993 5052 1225 5115 ditl‘erre,
1270 5066 1338 5104 ne
1360 5048 1635 5117 completo
1672 5045 1951 5109 sacrificio,
1993 5046 2161 5115 negli-

588 5144 798 5214 gentior
826 5142 913 5197 ille
942 5142 1095 5206 foret,
1131 5155 1304 5211 exque
1327 5140 1413 5195 die
1446 5139 1498 5193 in
1536 5137 1677 5191 diem
1706 5135 1961 5190 ditl‘erret.
2007 5135 2163 5190 Novit

589 5238 732 5292 enim
771 5236 910 5289 hunc
951 5233 1112 5288 animi
1160 5232 1401 5286 morbum
1447 5230 1607 5285 multa
1660 5243 1817 5299 egere
1852 5227 2158 5291 celeritate;

590 5337 749 5395 atque
782 5336 844 5379 ut
865 5326 1076 5393 sapiens
1106 5322 1340 5378 medicus
1370 5336 1477 5376 non
1508 5320 1667 5374 modo
1690 5333 1809 5388 qua:
1835 5327 2163 5387 przeservent

590 5435 617 5468 a
649 5415 849 5470 morbis
885 5414 1137 5469 adhibere
1179 5420 1420 5481 occupat,
1469 5410 1561 5465 sed
1600 5410 1762 5463 etiam
1800 5421 1921 5477 qua:
1962 5406 2161 5461 mederi

590 5508 792 5577 possint
830 5506 1059 5560 ostendit
1090 5524 1101 5557 :
1137 5505 1213 5559 sic
1240 5513 1294 5559 et
1324 5504 1413 5557 ille
1452 5503 1578 5572 agit.
1607 5500 1736 5554 Nam
1766 5513 1887 5555 cum
1919 5497 2162 5568 prohibet

591 5613 657 5653 ne
690 5598 809 5665 quis
834 5596 1006 5651 fatuus
1034 5596 1344 5666 appelletur,
1378 5594 1427 5647 id
1456 5591 1707 5663 prmvium
1749 5589 2040 5645 remedium
2080 5598 2161 5644 cst

593 5687 660 5740 ad
690 5687 1014 5741 inimicitiam
1043 5686 1337 5741 vitandam:
1375 5699 1491 5738 cum
1521 5696 1646 5738 vero
1687 5680 1923 5751 pracipit
1967 5695 2156 5735 recon~

1257 337 1313 391 S.
1355 330 1627 388 JOANNIS
1662 320 2130 384 CHRYSOSTOMI
2171 318 2484 374 ARCHIEP.
2524 318 3062 375 CONSTANTINUP.

3740 314 3859 372 232

2267 432 2611 496 ciliationem,
2637 432 2687 486 id
2716 432 2953 493 morbos.
2986 431 3075 501 qui
3102 440 3221 499 post
3246 429 3578 485 inimicitiam
3615 430 3850 497 suboriri

2264 527 2469 589 solent,
2526 524 2786 594 praecidit.
2853 524 2987 579 Vide
3044 533 3221 578 autem
3281 537 3439 593 quam
3500 521 3856 576 vehementer

2263 626 2543 685 utrumque
2578 624 2823 684 ponatur.
2855 614 2965 670 Illic
2992 614 3136 669 enim
3165 615 3463 684 gehennam
3489 612 3854 668 comminatus

2260 716 2376 771 est;
2418 706 2505 760 hic
2540 719 2670 760 vero
2707 705 2905 759 donum
2944 720 3049 759 non
3080 704 3271 774 recipit
3296 716 3423 759 ante
3449 702 3851 759 reconciliatio-

2261 813 2405 861 nem,
2433 795 2802 851 vehementem
2822 795 3147 850 iracundiam
3168 808 3291 850 esse
3311 804 3637 857 monstrans,
3663 808 3729 848 ac
3751 806 3853 861 per

2263 886 2376 940 bzec
2399 886 2578 940 omnia
2607 893 2663 939 et
2689 886 2921 941 radicem
2950 895 3006 941 et
3032 885 3258 940 fructum
3287 884 3545 939 avellens.
3576 883 3644 938 Et
3672 884 3851 953 primo

2260 975 2475 1045 quidem
2511 976 2585 1029 ait
2624 992 2637 1028 :
2680 974 2757 1029 Ne
2786 977 3033 1030 irascaris
3075 994 3087 1029 ε
3134 985 3320 1046 postea
3355 989 3504 1040 vero,
3546 973 3626 1029 Ne
3660 974 3857 1029 convi-

2260 1068 2437 1121 cieris.
2466 1066 2599 1121 Nam
2635 1066 2751 1120 haec
2780 1067 2939 1119 ambo
2967 1082 3089 1123 sese
3118 1076 3303 1121 mutuo
3327 1064 3510 1121 fovent
3531 1073 3589 1121 et
3612 1073 3813 1134 augent
3840 1082 3855 1118 :

2262 1160 2329 1213 ab
2369 1159 2639 1213 inimicitia
2681 1160 3000 1222 convicium,
3034 1175 3062 1213 a
3091 1161 3334 1215 convicio
3372 1158 3667 1212 inimicitia.
3701 1156 3858 1211 Ideo—

2261 1263 2363 1318 que
2405 1262 2547 1301 nunc
2576 1247 2761 1314 radici,
2812 1263 2951 1304 nunc
2996 1248 3192 1304 fructui
3236 1248 3535 1305 remedium
3570 1246 3853 1312 admovet,

2263 1347 2322 1390 ut
2351 1336 2606 1406 impediat
2634 1353 2700 1391 ne
2728 1338 2928 1392 malum
2955 1340 3159 1394 oriatur
3186 1358 3199 1393 :
3231 1342 3276 1393 si
3306 1353 3435 1393 vero
3470 1338 3861 1408 germinaverit

2261 1439 2316 1483 et
2343 1428 2570 1483 fructum
2599 1428 2735 1483 ferat
2762 1432 3075 1499 pessimum,
3108 1431 3259 1485 illum
3304 1430 3537 1498 undique
3561 1428 3857 1484 comburit.

2264 1519 2389 1574 ideo
2417 1530 2693 1590 postquam
2738 1520 2873 1575 dixit
2911 1521 3191 1591 judicium,
3223 1521 3509 1577 concilium
3554 1530 3609 1575 et
3648 1521 3860 1591 gehen-

2264 1624 2409 1673 nam,
2448 1624 2511 1663 ac
2541 1612 2606 1665 de
2645 1625 2743 1664 suo
2769 1611 3029 1666 sacriﬁcio
3058 1612 3330 1677 disseruit,
3359 1611 3459 1665 alia
3504 1625 3713 1664 rursum
3757 1608 3862 1664 ad-

2264 1698 2343 1752 dit
2387 1698 2470 1752 ltis
2511 1701 2689 1755 verbis
2743 1722 2755 1754 :
2799 1700 2891 1755 25.
2934 1700 3063 1755 Esto
3092 1702 3407 1755 consentiens
3449 1702 3739 1754 adversario
3767 1708 3858 1752 tuo

2264 1790 2384 1853 cito,
2416 1789 2535 1841 dum
2561 1806 2612 1842 es
2634 1806 2749 1842 cum
2777 1791 2867 1844 illo
2894 1792 2947 1844 in
2988 1793 3086 1843 ria.
3117 1791 3200 1847 Ne
3236 1793 3378 1847 enim
3420 1791 3629 1846 diceres
3658 1807 3671 1843 :
3711 1789 3856 1858 Quid

2267 1878 2424 1945 igitur
2462 1879 2505 1932 si
2555 1880 2799 1947 injuriam
2840 1882 3047 1949 patiar?
3084 1882 3211 1951 quid
3250 1882 3295 1937 si
3342 1881 3500 1935 bonis
3536 1880 3757 1949 spolier,
3796 1888 3858 1933 et

2264 1970 2329 2022 ad
2367 1968 2623 2037 judicium
2669 1970 2882 2025 trahar?
2914 1971 3051 2027 hanc
3084 1988 3297 2043 quoque
3326 1987 3512 2027 ansam
3542 1981 3597 2028 et
3623 1987 3859 2028 excttsa-

2267 2060 2466 2114 tionem
2495 2062 2722 2115 removit
2756 2080 2768 2114 :
2807 2062 2957 2130 jubet
2999 2064 3141 2117 enim
3186 2074 3237 2117 te
3265 2078 3336 2117 ne
3378 2064 3457 2118 sic
3498 2062 3715 2131 quidem
3745 2062 3856 2116 ini-

2266 2150 2492 2203 micitias
2516 2149 2799 2219 aliquando
2828 2151 3122 2222 suscipere.
3165 2151 3371 2206 Deinde
3410 2151 3533 2220 quia
3564 2150 3690 2206 illud
3730 2164 3855 2203 ma-

2263 2253 2423 2307 gnum
2451 2249 2567 2293 erat
2592 2249 2936 2310 przecepwm,
2980 2256 3011 2295 a
3049 2242 3403 2309 praesentibus
3428 2241 3520 2295 dat
3545 2240 3855 2305 consilium,

2265 2343 2384 2396 quae
2421 2341 2566 2383 certe
2604 2332 2792 2399 magis,
2830 2346 2990 2399 quam
3030 2330 3229 2397 futura,
3283 2332 3577 2385 crassiores
3614 2330 3857 2385 retinere

2266 2418 2457 2471 Solent.
2488 2419 2622 2485 Quid
2670 2421 2809 2475 enim
2851 2420 3003 2483 dicis,
3047 2421 3239 2491 inquit,
3282 2420 3452 2490 ipsum
3492 2420 3854 2490 potentiorem

2264 2520 2411 2573 esse,
2456 2518 2511 2561 et
2555 2508 2646 2561 tibi
2694 2510 2923 2563 nocere?
2967 2510 3133 2579 Magis
3160 2525 3287 2579 ergo
3333 2509 3428 2563 tibi
3467 2508 3704 2574 nocebit,
3747 2507 3855 2562 nisi

2263 2596 2436 2665 ipsum
2468 2600 2781 2667 placaveris,
2826 2609 2881 2655 et
2919 2601 2964 2655 si
3011 2609 3230 2655 Coactus
3272 2601 3437 2656 fueris
3478 2600 3532 2654 in
3576 2613 3854 2654 carcerem

2264 2688 2361 2743 ire.
2398 2688 2550 2744 Tunc
2588 2693 2731 2746 enim
2774 2691 2864 2755 illo
2904 2691 3093 2747 sedato
3123 2694 3367 2762 pecuniis
3390 2693 3625 2753 amissis.
3652 2706 3856 2760 corpus

2265 2778 2489 2834 liberum
2522 2781 2744 2836 habebis
2772 2799 2785 2835 :
2817 2792 3004 2837 contra
3024 2776 3158 2840 vero
3185 2784 3231 2839 si
3270 2783 3372 2838 sub
3403 2782 3599 2851 judicia
3624 2792 3855 2839 senten-

2265 2867 2336 2922 tia
2381 2870 2582 2937 positus
2625 2872 2721 2932 sis,
2752 2872 2979 2929 vinculis
3019 2874 3423 2943 eonstringeris,
3468 2885 3857 2942 extremasque

2263 2960 2419 3015 dabis
2449 2975 2652 3028 prunas.
2684 2963 2776 3016 Sin
2820 2972 2999 3018 autem
3039 2963 3274 3032 jurgium
3303 2962 3433 3018 illud
3478 2961 3697 3033 fugeris,
3740 2962 3856 3017 duo

2263 3062 2555 3118 assequere
2584 3049 2723 3104 bona
2756 3070 2768 3105 :
2800 3059 2856 3105 et
2888 3051 3031 3120 quod
3062 3052 3195 3105 nihil
3234 3052 3498 3121 ingratum
3528 3052 3766 3120 patiaris,
3794 3062 3858 3107 et

2261 3140 2401 3207 quod
2431 3140 2627 3194 bonum
2653 3126 2789 3210 opus
2820 3148 2969 3195 tuum
2996 3141 3111 3205 tibi,
3140 3156 3244 3194 non
3274 3141 3415 3195 illius
3444 3140 3711 3196 violentiae
3752 3141 3855 3197 de-

2262 3229 2471 3285 beatur.
2511 3229 2665 3296 Quod
2695 3231 2737 3285 si
2780 3231 2935 3285 dictis
2973 3231 3346 3300 obtemperare
3389 3247 3495 3286 non
3539 3231 3695 3298 velis,
3736 3247 3855 3289 non

2264 3319 2338 3375 illi
2380 3328 2584 3376 tantum
2623 3321 2841 3376 nocebis
2865 3332 3123 3391 quantum
3159 3321 3255 3376 tibi
3285 3322 3404 3391 ipsi.
3456 3323 3733 3392 Perpende
3757 3337 3860 3378 au-

2264 3420 2370 3466 tem
2401 3411 2489 3466 hic
2523 3411 2794 3482 quomodo
2833 3412 3007 3481 ipsum
3050 3412 3293 3466 hortetur
3328 3429 3343 3466 :
3390 3422 3671 3483 postquam
3704 3412 3857 3467 enim

2262 3500 2418 3567 dixit,
2446 3501 2906 3556 Estoconsenticns
2933 3502 3223 3556 adversario
3248 3512 3355 3565 tuo,
3384 3502 3679 3571 subjunxit,
3699 3501 3858 3567 Cito;

2264 3606 2363 3645 nec
2386 3591 2796 3647 contentusboc
2814 3590 3197 3656 additamenta,
3222 3589 3367 3645 aliud
3385 3591 3679 3646 celeritatis
3700 3606 3854 3663 qua:-

2264 3682 2388 3735 sivit
2410 3690 2748 3751 augmentum
2778 3680 2983 3746 diceus,
3013 3678 3147 3733 Dum
3185 3696 3235 3734 es
3273 3696 3387 3734 cum
3417 3678 3508 3733 illo
3536 3680 3589 3732 in
3617 3680 3735 3745 via;
3765 3679 3856 3735 his

2267 3772 2548 3843 impellens
2573 3772 2747 3847 ipsum
2780 3779 2836 3826 et
2868 3785 3058 3841 magna
3094 3784 3216 3825 cum
3247 3768 3585 3825 vehementia
3626 3784 3851 3840 urgeas.

2263 3863 2405 3917 Nihil
2429 3864 2570 3918 enim
2612 3865 2683 3916 ita
2721 3860 2884 3915 vitam
2914 3870 3150 3915 nostram
3187 3861 3397 3925 evertit,
3446 3869 3503 3914 ut
3541 3859 3589 3915 si
3626 3869 3854 3917 cuncte-

2263 3969 2384 4007 mur
2401 3961 2457 4007 et
2481 3952 2788 4008 diﬂ'eramns
2808 3952 2859 4005 iu
2884 3951 3143 4005 bonorum
3163 3951 3494 4020 operatione.
3519 3950 3676 4019 Saepe
3701 3966 3857 4006 nats.-

2267 4057 2372 4113 que
2411 4042 2543 4097 illud
2574 4043 2626 4095 in
2666 4055 2829 4095 causa
2858 4041 2957 4094 fuit
2982 4048 3042 4095 ut
3064 4040 3132 4094 ab
3157 4039 3405 4095 omnibus
3432 4040 3805 4096 eseideremus
3834 4058 3850 4095 :

2265 4131 2713 4201 quemadmodum
2738 4138 2793 4184 et
2816 4129 3010 4183 Paulus
3034 4130 3145 4184 ait:
3169 4128 3485 4199 Priusquam
3507 4131 3586 4184 sol
3616 4130 3852 4195 occidat,

2269 4224 2400 4277 iram
2428 4223 2574 4277 solve
2603 4221 2815 4293 (Ephes.
2844 4223 2897 4276 4.
2921 4220 3013 4292 26)
3042 4238 3056 4287 ;
3082 4230 3138 4277 et
3160 4223 3406 4291 superius
3428 4222 3544 4293 ipse
3562 4222 3810 4278 Christus
3836 4241 3851 4277 :

2268 4315 2581 4384 Priusquam
2609 4313 2929 4369 oblationem
2960 4313 3222 4384 perficias,
3251 4315 3620 4370 reconciliare.
3667 4315 3761 4371 Sic
3800 4326 3855 4371 et

2269 4406 2368 4460 hoc
2394 4406 2513 4460 loco
2549 4406 2700 4469 dicit,
2730 4405 2863 4470 Cito,
2897 4407 3021 4458 dum
3062 4422 3114 4460 es
3155 4422 3271 4459 cum
3311 4407 3402 4461 illo
3442 4408 3497 4460 in
3533 4407 3635 4471 sia,
3668 4410 3855 4479 prius-

2266 4512 2424 4567 quam
2452 4496 2516 4551 ad
2539 4496 2724 4567 judicii
2751 4497 2893 4553 fores
2917 4497 3162 4563 accedas,
3191 4498 3497 4566 priusquam
3524 4498 3590 4551 ad
3616 4499 3857 4556 tribunal

2267 4588 2496 4653 sistaris,
2525 4596 2581 4644 et
2611 4589 2710 4643 sub
2743 4588 2939 4658 judicia
2966 4588 3181 4642 demum
3211 4596 3478 4658 potestate
3511 4590 3715 4658 positus
3752 4591 3853 4648 sis.

2268 4680 2409 4733 Ante
2432 4680 2727 4749 ingressum
2766 4680 2909 4735 enim
2951 4693 3117 4748 penes
3152 4689 3203 4734 te
3245 4687 3371 4734 sunt
3412 4681 3627 4747 omnia;
3660 4696 3854 4737 verum

2270 4772 2321 4825 in
2354 4771 2437 4825 illa
2484 4771 2755 4841 ingressus
2782 4772 2987 4836 limina,
3032 4771 3376 4842 quantumvis
3406 4780 3459 4828 te
3495 4787 3699 4836 verses,
3744 4756 3863 4829 non)

2269 4863 2470 4931 poteris
2507 4870 2596 4916 tua
2636 4862 2701 4918 ad
2745 4875 2935 4919 nutum
2974 4873 3118 4920 tuum
3156 4864 3463 4933 disponere,
3497 4866 3597 4920 sub
3626 4844 3855 4924 alterius

2270 4963 2531 5022 potestate
2564 4954 2830 5011 redactus.
2856 4956 2993 5023 Quid
3019 4968 3196 5013 autem
3228 4968 3313 5013 est
3347 4974 3469 5015 esse
3505 4961 3855 5016 consentien-

2270 5045 2415 5100 tem?
2439 5044 2535 5097 Vel
2562 5045 2612 5098 id
2647 5045 2931 5115 signiﬁcat,
2973 5048 3157 5103 Potius
3183 5049 3437 5104 damnum
3476 5051 3737 5119 patiaris;
3765 5052 3856 5107 vel

2267 5135 2415 5193 illud.
2443 5136 2704 5191 iudicium
2733 5137 2886 5205 ferto,
2916 5155 2980 5195 ac
3004 5142 3046 5194 si
3072 5142 3214 5197 illius
3244 5157 3526 5210 personam
3548 5158 3759 5212 ageres,
3786 5160 3858 5202 ne

2267 5242 2331 5282 ex
2359 5240 2541 5281 amore
2580 5229 2654 5282 tui
2689 5228 2807 5296 jura
2849 5232 3019 5285 violes
3054 5254 3066 5287 :
3096 5232 3189 5287 sed
3229 5233 3296 5287 de
3319 5233 3516 5297 alieno,
3542 5247 3607 5287 ac
3630 5234 3674 5287 si
3703 5243 3853 5289 tuum

2268 5329 2430 5384 esset,
2472 5321 2686 5389 negotio
2711 5321 3035 5387 deliberans,
3059 5323 3130 5379 ita
3151 5324 3473 5379 sententiam
3499 5323 3659 5379 feras.
3693 5324 3853 5392 Quod

2268 5410 2311 5473 sj
2339 5409 2540 5478 grande
2567 5410 2693 5465 illud
2716 5420 2829 5477 est:
2851 5428 2921 5468 ne
2946 5413 3178 5470 mireris.
3205 5414 3332 5470 Ideo
3350 5415 3493 5470 enim
3514 5415 3637 5470 illas
3659 5430 3855 5471 omnes

2271 5499 2488 5567 protulit
2530 5499 2906 5565 beatitudines.
2959 5512 3019 5557 ut
3060 5505 3398 5575 complanato
3442 5520 3507 5561 ac
3544 5516 3854 5573 [impurato

2269 5589 2521 5645 auditoris
2564 5591 2776 5654 animo,
2820 5594 3083 5662 aptiorem
3134 5597 3280 5653 illum
3335 5596 3577 5656 efﬁceret
3625 5602 3703 5671 ad
3740 5602 3841 5657 has

2272 5696 2454 5734 omnes
2496 5680 2641 5752 leges
2675 5684 3027 5757 recipiendas.
