4124 6302
281 318 390 376 253

361 437 449 492 tl.
493 437 722 504 Quidam
750 449 912 507 porri:
939 450 1035 506 per
1063 431 1425 489 adversarium
1461 432 1607 484 illum
1656 429 1881 498 intelligi

283 529 473 583 volunt
509 529 803 593 diabolum,
840 536 896 582 et
931 527 1016 582 hic
1044 524 1219 596 juberi
1251 532 1456 593 putant,
1486 538 1554 576 ne
1585 521 1710 590 quid
1739 521 1882 574 illius

284 633 509 688 prorsus
538 619 820 684 habeatur,
884 617 1045 687 idque
1074 629 1196 670 esse
1239 614 1288 669 ei
1327 612 1653 674 consentire,
1697 621 1882 679 utpote

283 723 405 762 cum
449 719 571 778 post
611 723 889 764 excessum
929 723 995 762 ex
1035 706 1136 760 hac
1185 706 1292 759 vita
1333 720 1438 758 non
1482 703 1637 757 liceat
1681 702 1749 754 ab
1790 702 1881 754 illo

283 817 385 855 nos
423 801 700 871 expedire,
738 817 860 856 cum
901 815 999 854 nos
1038 797 1344 854 inevitabile
1373 795 1689 864 supplicium
1730 794 1882 848 exci-

283 894 414 961 piet.
457 894 582 947 Mihi
614 909 742 948 vero
776 895 845 947 de
879 891 1152 963 judicibus
1196 889 1352 959 hujus
1378 887 1559 942 saeculi
1604 886 1685 954 agi
1730 884 1878 939 vide-

283 994 391 1048 tur,
422 998 486 1038 ac
510 983 581 1040 de
609 985 692 1038 via
723 999 842 1054 qua:
880 983 947 1037 ad
980 982 1245 1052 judicium
1275 979 1423 1034 ducit
1464 989 1512 1033 et
1544 977 1611 1032 de
1635 991 1873 1031 carcere.

282 1074 576 1145 Postquam
618 1077 762 1130 enim
801 1090 833 1130 a
873 1071 1274 1129 sublimidribus
1314 1071 1558 1124 hortatus
1601 1077 1704 1132 est,
1752 1075 1808 1121 et
1846 1081 1876 1119 a

281 1171 496 1234 futuris,
536 1184 565 1222 a
612 1169 735 1222 vitae
784 1168 1062 1237 pmsentis
1114 1174 1280 1220 terret
1325 1163 1573 1233 negotiis.
1623 1160 1681 1216 Id
1732 1159 1876 1230 quod

279 1259 447 1313 etiam
487 1258 684 1314 Paulus
716 1258 860 1324 facit,
887 1273 917 1312 a
943 1255 1138 1312 futuris
1179 1267 1234 1311 et
1271 1270 1301 1308 a
1347 1252 1694 1323 praesentibus
1719 1251 1876 1305 audi-

282 1361 452 1406 torem
503 1365 871 1406 commovens.
924 1351 994 1408 Ut
1042 1365 1161 1404 cum
1209 1365 1238 1401 a
1286 1347 1522 1418 nequitia
1567 1346 1871 1410 abducens,

280 1443 578 1512 principem
606 1452 872 1497 armatum
917 1442 1059 1495 male
1083 1440 1326 1509 operanti
1356 1437 1593 1493 ostendit
1634 1438 1716 1492 his
1754 1451 1875 1491 ver-

278 1533 361 1588 bis
390 1550 406 1586 :
439 1533 590 1598 Quod
617 1533 663 1587 si
701 1534 1034 1604 malefeceris,
1066 1532 1183 1584 time
1217 1546 1234 1582 :
1263 1547 1363 1584 non
1403 1531 1538 1582 enim
1573 1528 1682 1581 sine
1719 1543 1874 1582 causa

278 1624 508 1694 gladium
532 1632 701 1693 portat
731 1640 750 1678 :
785 1622 883 1677 Dei
908 1624 1039 1678 enim
1067 1623 1294 1676 minister
1332 1631 1408 1675 est
1453 1620 1626 1690 (Rom.
1658 1622 1746 1676 15.
1788 1623 1868 1690 4).

278 1713 582 1786 Iterumque
605 1715 802 1785 jubens
835 1715 946 1770 Deo
971 1715 1246 1782 subjectos
1276 1727 1419 1775 esse,
1449 1727 1557 1766 non
1587 1711 1750 1767 modo
1777 1712 1873 1767 Dei

278 1808 548 1873 timorem,
591 1807 686 1863 sed
722 1807 882 1862 etiam
918 1807 1038 1876 ejus
1082 1806 1255 1859 minas
1294 1803 1448 1858 aﬂ'ert
1487 1813 1542 1858 et
1582 1802 1868 1870 providen-

278 1899 404 1954 tiam
440 1917 456 1954 :
488 1899 706 1954 Necesse
746 1911 822 1954 est
855 1915 959 1953 esse
997 1899 1281 1968 subjectos,
1323 1913 1424 1949 non
1467 1896 1631 1950 solum
1666 1907 1871 1965 propter

273 1988 428 2055 iram,
454 1990 544 2043 sed
565 1999 613 2043 et
635 1998 843 2058 propter
865 1988 1223 2042 conscientiam
1253 1985 1415 2058 (Ibid.
1445 2002 1492 2039 υ.
1524 1987 1601 2056 5).
1631 1986 1763 2041 Nam
1788 1988 1870 2041 in-

273 2080 642 2148 sipientiores,
673 2089 730 2132 ut
758 2079 864 2148 jam
895 2078 1025 2142 dixi,
1059 2078 1172 2131 lucc
1199 2092 1317 2145 qua:
1357 2088 1617 2146 apparent
1653 2085 1709 2130 et
1748 2092 1868 2146 quae

271 2185 303 2224 e
331 2171 560 2239 vestigio
593 2182 908 2239 sequuntur,
934 2168 1102 2236 magis
1123 2168 1299 2222 solent
1320 2167 1628 2222 emendare.
1660 2166 1860 2234 Quam-

271 2262 463 2317 obrem
520 2261 764 2316 Christus
808 2276 914 2315 non
959 2260 1118 2315 modo
1171 2260 1473 2330 gehennam
1525 2262 1864 2327 memoravit,

268 2351 364 2405 sed
396 2353 561 2406 etiam
585 2351 772 2422 judicii
803 2352 1054 2419 tribunal,
1090 2351 1469 2406 abductionem
1499 2351 1567 2406 ad
1609 2360 1863 2416 mortem,

268 2457 546 2498 carcerem
573 2444 796 2513 ejusque
821 2444 1067 2498 miserias
1093 2457 1304 2507 omnes,
1335 2457 1431 2510 per
1461 2442 1575 2496 haec
1600 2443 1743 2511 ipsas
1769 2456 1866 2496 ca:-

269 2533 417 2588 dium
464 2535 675 2589 radices
713 2535 1053 2589 exscindens.
1092 2535 1198 2602 Qui
1230 2535 1372 2588 enim
1407 2549 1579 2602 neque
1607 2535 1865 2588 conviciis

268 2623 565 2692 impetitur,
608 2640 709 2679 nec
737 2625 790 2678 in
813 2625 901 2694 jus
931 2624 1179 2688 trahitur,
1230 2641 1403 2694 neque
1443 2626 1576 2679 iram
1609 2626 1862 2692 intendit,

268 2718 540 2787 quomodo
577 2718 787 2772 occidet
833 2718 1128 2788 umquam?
1168 2717 1350 2786 Itaque
1396 2717 1521 2773 hinc
1552 2718 1724 2786 palam
1757 2728 1860 2785 est,

267 2809 321 2862 in
347 2809 575 2877 proximi
598 2809 885 2863 commodo
911 2819 1156 2862 nostrum
1178 2823 1390 2878 quoque
1411 2810 1750 2863 commodum
1779 2826 1863 2864 re-

267 2899 452 2968 periri.
500 2898 631 2953 Nam
677 2899 770 2968 qui
820 2914 942 2953 cum
993 2899 1304 2953 adversario
1351 2901 1638 2965 consentit,
1690 2901 1862 2954 multo

267 2992 440 3062 magis
485 2992 588 3046 sibi
636 2993 737 3061 ipsi
775 2992 879 3047 erit
931 2991 1106 3058 utilis,
1149 2991 1285 3046 liber
1323 3007 1353 3045 a
1397 2992 1787 3060 tribunalibus,
1829 3007 1859 3047 a

265 3083 574 3140 carceribus
595 3099 891 3155 eorumque
917 3083 1167 3138 miseriis.
1203 3083 1369 3137 Dictis
1393 3085 1555 3152 igitur
1580 3083 1859 3154 obtempe-

267 3187 471 3237 remus,
499 3188 600 3229 nec
625 3173 1034 3238 contendamus,
1063 3187 1164 3228 nec
1191 3175 1423 3228 rixemur
1447 3190 1461 3225 :
1484 3158 1603 3227 cum
1627 3173 1860 3227 maxime

268 3266 387 3322 htec
411 3277 700 3338 praecepta,
747 3267 910 3321 etiam
956 3275 1081 3321 ante
1125 3264 1342 3335 praemia
1389 3265 1498 3328 illa,
1528 3265 1860 3334 voluptatem

266 3369 322 3414 et
349 3360 633 3415 utilitatem
676 3361 728 3413 in
765 3374 824 3414 se
867 3356 1213 3414 contineant.‘
1246 3358 1398 3426 Quod
1447 3359 1492 3412 si
1538 3359 1856 3429 quibusdam

266 3467 496 3507 onerosa
537 3467 657 3507 esse
682 3461 736 3507 et
775 3451 1000 3505 multum
1035 3450 1271 3519 prazbere
1317 3449 1516 3503 laboris
1552 3449 1858 3518 videantur,

266 3545 444 3614 cogita
471 3553 524 3598 te
552 3553 770 3613 pr0pter
795 3542 1068 3596 Christum
1101 3541 1214 3595 haec
1255 3556 1436 3612 agere,
1470 3549 1524 3595 et
1560 3541 1704 3610 quod
1744 3556 1862 3595 mo-

267 3635 465 3692 lestum
511 3644 613 3699 est,
645 3649 810 3689 suave
852 3633 1134 3688 videbitur.
1180 3633 1234 3686 Si
1286 3633 1430 3686 enim
1473 3631 1610 3686 hanc
1656 3633 1860 3702 cogita-

268 3729 472 3782 tionem
510 3740 728 3794 semper
757 3733 1074 3793 przesentem
1119 3721 1431 3786 habeamus,
1478 3722 1607 3775 nihil
1648 3722 1860 3776 molesti

267 3820 630 3890 experiemur,
678 3816 775 3873 sed
814 3818 1032 3875 multam
1068 3816 1302 3885 undique
1329 3831 1677 3884 assequemur
1705 3816 1859 3869 volu-

267 3921 493 3983 ptatem.
527 3909 701 3965 Labor
731 3909 872 3963 enim
914 3924 1020 3963 non
1050 3909 1190 3962 ultra
1231 3908 1382 3962 labor
1407 3923 1525 3962 esse
1569 3908 1858 3975 videbitur,

271 4001 367 4057 sed
392 4010 592 4071 quanto
630 4001 799 4070 magis
835 3998 1161 4066 intendetur,
1204 4009 1350 4053 tanto
1391 3998 1599 4054 dulcior
1624 3999 1863 4053 suavior-

271 4109 374 4164 quc
399 4092 523 4148 erit.
1299 4085 1301 4087 ’

343 4185 558 4239 Corona
577 4184 788 4238 celestis
814 4200 930 4252 spes
950 4200 980 4235 η
1003 4184 1141 4237 mala
1161 4183 1523 4237 consuetudine
1547 4192 1740 4237 avocat.
1771 4182 1865 4238 Dei

272 4277 468 4332 auxilio
507 4285 553 4330 et
581 4293 736 4347 opera
764 4287 936 4330 nostra
973 4287 1044 4329 est
1073 4292 1218 4344 Opus.
1238 4304 1310 4315 ——
1329 4274 1554 4340 Quando
1583 4275 1742 4345 igitur
1784 4275 1866 4329 in-

273 4369 436 4424 stabit
460 4366 790 4422 consuetudo
816 4366 1077 4420 malorum
1109 4374 1160 4418 te
1181 4364 1510 4429 deinulcens,
1538 4365 1752 4434 quando
1774 4382 1865 4435 pe-

275 4459 556 4515 cuniarum
603 4457 899 4526 cupiditas,
941 4471 1153 4525 oppone
1196 4455 1270 4508 illi
1313 4456 1650 4509 ratiocinium
1701 4456 1862 4524 illud,

275 4551 418 4622 quod
447 4549 527 4603 sic
552 4548 709 4604 habet
746 4565 759 4601 :
803 4560 901 4602 nos
930 4561 1176 4616 magnam
1208 4555 1520 4614 accepturos
1559 4545 1864 4602 mercedem

276 4655 420 4704 esse,
449 4640 495 4694 si
523 4637 870 4706 temporalem
899 4637 1225 4705 voluptatem
1251 4635 1645 4703 despiciamus;
1689 4646 1743 4690 et
1779 4635 1866 4691 die

275 4730 470 4783 animas
497 4738 600 4780 tua:
631 4744 644 4778 :
678 4727 895 4780 Multum
923 4724 1172 4787 tristaris,
1203 4723 1345 4794 quod
1372 4733 1423 4778 te
1452 4725 1725 4795 voluptate
1754 4723 1864 4794 pri-

275 4836 438 4884 vem;
466 4827 521 4874 at
548 4819 750 4885 laetare,
779 4819 900 4888 quia
938 4817 1031 4871 tibi
1061 4816 1251 4870 cailum
1281 4816 1554 4884 provideo.
1595 4816 1709 4870 Non
1739 4831 1866 4884 pro-

275 4926 399 4987 pter
438 4912 731 4976 hominem,
761 4911 854 4965 sed
888 4918 1102 4978 propter
1136 4909 1300 4962 Deum
1344 4911 1604 4977 Operaris.
1645 4910 1866 4965 Paulum

276 5008 442 5076 igitur
464 5013 732 5073 exspecta,
757 5012 811 5056 et
835 5000 1039 5055 videbis
1057 5011 1310 5069 quantum
1335 4999 1536 5054 lucrum
1560 5015 1866 5070 assequare.

276 5100 570 5155 Persevera
603 5112 694 5165 per
723 5096 858 5150 hanc
886 5097 1066 5157 vitam,
1096 5105 1150 5150 et
1177 5094 1419 5148 tiduciam
1444 5094 1708 5150 obtinebis
1731 5095 1868 5149 inef-

278 5189 519 5244 fabilem.
550 5187 606 5242 Si
634 5186 824 5241 talibus
848 5186 1016 5255 ipsam
1044 5184 1398 5252 alloquamur,
1429 5195 1482 5239 et
1517 5186 1562 5239 si
1602 5201 1709 5238 non
1750 5196 1869 5238 tan-

280 5295 395 5337 tum
419 5281 631 5335 virtutis
657 5279 864 5350 pondus
890 5287 943 5333 et
969 5276 1291 5342 molestiam,
1321 5276 1414 5332 sed
1443 5277 1599 5330 etiam
1626 5292 1782 5347 quam
1803 5292 1871 5331 ex

279 5374 369 5428 illa
396 5373 774 5442 consequimur
811 5384 1066 5424 coronam
1102 5370 1155 5422 in
1194 5377 1372 5423 mente
1414 5368 1724 5428 habeamus.
1767 5370 1872 5422 cito

279 5464 430 5520 illam
463 5465 531 5518 ab
570 5463 717 5516 omni
758 5459 989 5530 nequitia
1034 5459 1388 5512 retrahemus.
1421 5457 1554 5512 Nam
1598 5457 1645 5512 si
1687 5458 1871 5513 diabo-

280 5559 389 5623 lus,
440 5554 730 5609 ostendens
779 5560 1178 5620 temporaneam
1232 5550 1578 5619 voluptatem,
1631 5547 1871 5604 dolorem

283 5663 412 5704 vero
439 5653 777 5718 perpetuum,
811 5651 987 5696 tamen
1015 5641 1270 5711 prwvalet
1300 5649 1354 5696 et
1380 5641 1545 5695 vincit
1571 5657 1584 5694 :
1611 5655 1733 5695 cum
1763 5642 1876 5697 lucc

289 5741 344 5804 in
369 5737 702 5798 contrarium
744 5749 898 5791 versa
927 5733 1344 5804 respexerimus,
1383 5732 1619 5789 laborem
1659 5732 1873 5803 quidem

1452 316 1518 369 IN
1557 312 1964 369 MATTIUEUM
2006 312 2234 370 llOMlL.
2280 316 2418 372 XVI.

3485 323 3593 380 ’.ιη

1996 438 2419 499 temporaneum,
2451 432 2780 502 voluptatem
2800 446 2930 488 vero
2960 432 3349 505 utilitatemque
3371 435 3591 491 fnnnor—
3655 433 3663 442 ’

1994 523 2173 587 talem,
2206 537 2307 592 qua
2338 522 2546 578 ratione
2587 526 2833 580 excusari
2873 525 3189 594 poterimus,
3225 527 3284 604 gi
3317 537 3437 596 post
3474 537 3593 582 tan-

1991 623 2098 668 tam
2130 615 2576 682 consolationem,
2610 619 2861 674 virtutem
2890 634 2997 673 non
3041 618 3337 674 adeamus?
3383 621 3590 677 Sufﬁcit

1991 706 2146 760 nobis
2191 723 2301 776 pm:
2342 709 2591 764 omnibus
2638 719 3012 779 argumentum
3052 720 3109 766 et
3152 728 3310 767 causa
3352 718 3586 783 suscepti

1988 798 2204 865 laboris,
2235 803 2279 855 si
2310 803 2529 855 omnino
2558 803 2797 870 persuasi
2828 803 2995 856 simus
3033 819 3130 856 nos
3169 813 3386 872 prOpter
3417 805 3585 860 Deum

1987 889 2103 946 luec
2133 895 2311 947 omnia
2339 897 2465 963 pati.
2499 894 2629 948 Nam
2658 896 2700 947 si
2728 895 2846 965 quis
2884 895 3266 964 Imperatorem
3307 896 3409 950 sibi
3437 897 3586 951 debi-

1987 993 2155 1037 torem
2185 983 2398 1048 habeat,
2431 1001 2490 1040 se
2517 1001 2611 1054 per
2635 997 2796 1040 totam
2825 988 2989 1041 vitam
3017 986 3338 1040 tutissimam
3375 988 3622 1040 cantio-’

1985 1089 2109 1128 nem
2141 1072 2338 1129 habere
2368 1084 2518 1143 putat
2561 1093 2572 1128 :
2617 1079 2787 1145 cogita
2827 1085 3057 1146 quantus
3099 1076 3169 1129 sit
3199 1075 3265 1140 is,
3298 1076 3386 1146 qui
3431 1077 3582 1130 beni-

1983 1181 2146 1234 gnum
2191 1183 2511 1237 semperque
2542 1169 2806 1223 viventem
2837 1169 3004 1223 Deum
3051 1176 3106 1223 et
3148 1169 3489 1244 minimarum
3528 1181 3582 1225 et

1982 1261 2144 1314 simul
2169 1276 2481 1331 magnorum
2513 1264 2650 1331 frugi
2679 1276 2900 1330 operum
2929 1261 3026 1315 sibi
3055 1261 3350 1315 debitorem
3381 1262 3583 1315 consti-

1983 1353 2102 1406 tuit.
2125 1352 2204 1406 Ne
2233 1353 2412 1422 itaque
2439 1354 2568 1406 mihi
2599 1353 2812 1406 labores
2841 1352 3065 1421 objicias
3089 1361 3144 1405 et
3169 1350 3395 1405 sudores
3426 1367 3441 1410 :
3487 1366 3583 1406 ne-

1981 1460 2087 1512 que
2114 1446 2255 1500 enim
2283 1446 2395 1500 sola
2425 1445 2720 1500 futurorum
2759 1427 2885 1512 spe,
2908 1447 3002 1498 sed
3032 1453 3086 1498 et
3119 1443 3224 1496 alio
3253 1442 3414 1496 modo
3448 1442 3580 1495 faei-

1980 1533 2086 1588 lem
2114 1550 2234 1590 esse
2260 1535 2510 1588 virtutem
2542 1536 2750 1588 curavit
2788 1533 2951 1598 Deus,
2990 1532 3146 1586 nobis
3181 1532 3381 1600 ubique
3421 1532 3578 1602 auxi-

1981 1626 2109 1679 lium
2159 1627 2620 1694 patrociniumque
2666 1639 2824 1678 suum
2871 1623 3197 1693 praestando.
3240 1622 3294 1676 Si
3346 1623 3579 1676 volueris

1979 1718 2242 1772 modicam
2268 1717 2523 1772 adhibere
2546 1716 2897 1786 diligentiam,
2921 1725 3115 1770 caetera
3141 1713 3319 1768 omnia
3348 1728 3578 1780 sequen-

1979 1819 2083 1865 tur.
2117 1809 2408 1878 Propterea
2438 1811 2583 1864 enim
2614 1819 2664 1863 te
2693 1810 2805 1862 vult
2842 1823 3034 1878 parum
3073 1818 3327 1876 prteswre
3355 1806 3573 1872 laboris,

1977 1910 2036 1954 ut
2082 1911 2136 1954 et
2180 1901 2402 1955 victoria
2449 1912 2535 1955 tua
2580 1902 2670 1954 sit.
2722 1902 2799 1954 Ac
2837 1897 3287 1969 quemadmodum
3332 1914 3424 1952 rex
3468 1900 3575 1953 \nlt

1976 1991 2140 2045 filium
2171 2007 2325 2046 suum
2355 1993 2409 2046 in
2439 1994 2554 2047 acie
2582 2001 2747 2056 stare,
2776 1992 2953 2061 jacnla
2993 1991 3225 2053 vibrare,
3275 1999 3330 2044 et
3359 1991 3576 2058 conspi-

1974 2097 2136 2137 cuum
2165 2098 2305 2149 esse,
2339 2094 2396 2137 ut
2426 2083 2526 2152 ipsi
2559 2067 2818 2151 tropaeum
2841 2081 3072 2136 adscribi
3097 2082 3281 2150 possit,
3309 2081 3432 2135 licet
3460 2083 3574 2150 ipse

1975 2182 2144 2228 totum
2171 2174 2636 2229 bellumconficiat
2664 2190 2678 2234 ;
2712 2173 2790 2226 sic
2822 2174 2962 2226 Deus
2989 2173 3038 2225 in
3071 2171 3214 2226 bello
3243 2180 3428 2225 contra
3459 2172 3570 2225 dia-

1973 2265 2154 2320 bolum
2190 2267 2334 2321 facit.
2366 2267 2540 2322 Unum
2576 2268 2774 2336 quippe.
2814 2276 3016 2318 tantunt
3057 2279 3087 2318 a
3132 2275 3184 2319 te
3223 2265 3469 2334 requirit,
3513 2275 3571 2318 nt

1972 2367 2159 2411 contra
2204 2357 2352 2412 illum
2395 2372 2521 2413 vere
2565 2357 2898 2411 inimicitiam
2943 2354 3234 2420 exhibeas;
3285 2365 3333 2410 et
3376 2355 3421 2410 si
3467 2353 3570 2410 hoc

1973 2449 2073 2517 ipsi
2099 2447 2388 2515 concedas,
2417 2449 2532 2517 ipse
2562 2457 2730 2502 totum
2773 2447 2971 2501 bellum
3009 2444 3280 2500 conficiet.
3316 2444 3428 2498 Etsi
3465 2447 3566 2510 ira,

1964 2541 2051 2594 vel
2087 2541 2315 2594 avaritia
2351 2549 2403 2594 te
2425 2550 2567 2604 urat,
2598 2541 2683 2594 vel
2703 2540 3020 2610 quicunque
3065 2540 3205 2592 alius
3236 2540 3561 2609 tyrannicus

1967 2622 2165 2684 at‘i‘tmae
2198 2631 2460 2695 morbus,
2506 2632 2689 2685 statim
2731 2631 2919 2695 adest;
2966 2628 3010 2682 si
3060 2630 3242 2683 videat
3290 2639 3340 2684 te
3375 2629 3557 2681 solum

1969 2731 2162 2776 contra
2181 2722 2394 2775 hostem
2416 2721 2731 2793 expeditum
2755 2728 2810 2774 et
2824 2730 3101 2789 paratum,
3143 2728 3198 2775 et
3249 2718 3427 2773 facilia
3443 2733 3560 2771 om-

1979 2816 2072 2868 nia
2114 2815 2315 2879 reddit,
2362 2825 2520 2884 teque
2548 2813 2770 2867 ﬂamma
2807 2814 3144 2881 superiorem
3165 2813 3469 2875 constituit,
3504 2819 3565 2864 ut

1965 2916 2170 2968 pueros
2200 2906 2323 2959 illos
2356 2906 2410 2959 in
2443 2904 2666 2960 fornace
2689 2903 3053 2971 Babylonica:
3087 2917 3211 2954 nam
3238 2911 3292 2955 et
3313 2902 3390 2954 illi
3427 2901 3566 2954 nihil

1966 2992 2109 3046 aliud
2158 2992 2387 3045 attulere
2425 3007 2583 3061 quam
2625 2993 2976 3044 voluntatem.
3023 2989 3095 3044 Ut
3137 2991 3295 3058 igitur
3336 2998 3390 3043 et
3431 3006 3564 3055 nos,

1967 3097 2182 3136 omnem
2216 3082 2414 3135 illicita:
2451 3081 2738 3149 voluptatis
2782 3081 3055 3134 fornacem
3097 3079 3184 3133 hic
3211 3080 3561 3142 declinantes,

1965 3171 2262 3243 gehennam
2293 3173 2403 3227 illic
2441 3172 2778 3241 ell‘ugiamus,
2809 3170 2925 3224 haec
2954 3171 3194 3239 quotidie
3220 3180 3274 3224 et
3299 3171 3566 3225 delibere-

1965 3279 2108 3329 mus,
2135 3273 2190 3318 et
2217 3277 2488 3327 curemus,
2517 3272 2573 3316 et
2599 3275 2839 3332 agamus,
2870 3271 2980 3314 tum
3007 3277 3072 3314 ex
3102 3264 3188 3329 pio
3215 3261 3340 3314 boni
3371 3261 3564 3330 agendi

1966 3359 2264 3430 proposito,
2308 3368 2417 3411 tum
2451 3356 2816 3425 frequentibus
2840 3355 3172 3408 orationibus
3203 3353 3294 3407 Dei
3325 3355 3560 3408 benevo-

1966 3454 2184 3507 lentiam
2215 3451 2371 3520 nobis
2410 3449 2765 3504 attrahentes.
2791 3445 2881 3502 Sic
2906 3449 3049 3500 enim
3075 3461 3139 3500 ea
3169 3461 3288 3515 qua:
3315 3462 3457 3500 nunc
3485 3448 3566 3500 in-

1965 3543 2262 3599 tolerabilia
2291 3542 2560 3605 videntur,
2590 3540 2788 3602 facilia,
2822 3538 2960 3593 levia
2999 3536 3354 3605 amabiliaque
3383 3547 3559 3592 erunt.

1965 3635 2230 3704 Quamdiu
2268 3635 2409 3689 enim
2441 3634 2492 3688 in
2523 3633 2703 3703 pravis
2737 3630 3015 3685 affectibus
3052 3644 3354 3696 versamur,
3388 3632 3564 3684 virtu-

1966 3739 2073 3785 tem
2096 3741 2362 3797 asperam,
2381 3724 2676 3787 difficilem,
2701 3723 3136 3788 inaccessamque
3156 3734 3277 3775 esse
3294 3729 3563 3788 putamus.

1965 3822 2363 3891 nequitiamque
2390 3814 2802 3872 desiderabilem
2831 3821 2885 3868 et
2914 3811 3312 3877 dulcissimam;
3354 3810 3399 3864 si
3437 3825 3566 3866 vero

1966 3911 2240 3982 paululmn
2283 3924 2313 3961 a
2352 3907 2495 3960 vitiis
2532 3904 2895 3965 discedamus,
2940 3912 3065 3955 tunc
3106 3902 3192 3955 illa
3223 3900 3559 3954 abominabi-

1967 4007 2033 4060 lis
2059 4014 2115 4060 et
2140 4002 2396 4058 deformis
2425 3998 2709 4057 videbitur.
2741 3996 2858 4050 hree
2885 4010 3014 4050 vero
3043 3993 3217 4049 facilis
3257 4000 3312 4049 et
3353 3992 3562 4046 amabi-

1967 4097 2054 4154 lis.
2098 4096 2222 4150 Haec
2267 4109 2429 4164 porro
2468 4091 2677 4145 discere
2727 4088 2879 4142 facile
2925 4100 3215 4156 possumus
3257 4100 3324 4138 ex
3370 4083 3433 4138 iis
3473 4083 3564 4152 qui

1968 4198 2116 4245 recto
2151 4190 2274 4240 vita:
2304 4186 2547 4239 instituto
2583 4181 2915 4236 claruerunt.
2948 4178 3082 4231 Audi
3113 4175 3385 4246 quomodo
3427 4173 3566 4228 Pau-

1970 4283 2052 4336 lus
2080 4280 2202 4334 vitia
2231 4279 2389 4333 etiam
2416 4282 2538 4347 post
2560 4272 2969 4329 conversionem
2998 4268 3188 4338 pudori
3217 4282 3337 4323 esse
3363 4265 3506 4321 dicat
3547 4283 3562 4319 :

1973 4373 2136 4441 Quem
2164 4370 2298 4424 enim
2341 4371 2561 4440 fructum
2587 4363 2842 4418 habebatis
2872 4371 2992 4414 tunc
3033 4362 3085 4413 in
3121 4360 3247 4424 illis,
3285 4359 3348 4412 de
3388 4359 3566 4426 quibus

1971 4480 2107 4519 nunc
2137 4451 2421 4516 erubescitis
2449 4456 2623 4530 (Rom.
2659 4456 2714 4511 6.
2757 4453 2890 4525 2t)?
2922 4452 3185 4507 Virtutem
3226 4458 3406 4507 autem
3448 4461 3569 4520 post

1971 4556 2210 4612 laborem
2243 4556 2415 4608 levem
2445 4551 2762 4626 facilemque
2811 4546 2961 4610 dicit,
3002 4553 3431 4598 momentaneam
3475 4544 3569 4598 tri-

1972 4648 2324 4706 bulationem,
2358 4653 2413 4698 et
2453 4643 2694 4698 laborem
2736 4640 2922 4694 dicens
2952 4636 3207 4692 facilitate
3260 4637 3432 4691 levem
3465 4634 3565 4701 (Ξ.

1973 4731 2098 4795 Cor.
2127 4739 2182 4794 ι.
2209 4739 2323 4807 17),
2355 4735 2694 4806 gaudensque
2735 4734 2787 4787 in
2824 4726 3318 4802 passionibus(Col.
3360 4728 3413 4782 l.
3446 4727 3566 4797 24),

1972 4843 2027 4888 et
2056 4830 2331 4886 exsultans
2359 4828 2410 4882 in
2443 4824 2870 4882 tribulationibus
2902 4822 3077 4891 (Rom.
3108 4821 3161 4875 5.
3188 4822 3263 4890 5),
3294 4821 3570 4889 altmnque

1974 4924 2188 4992 sapiens
2231 4921 2283 4973 in
2323 4917 2660 4987 stigmatibus
2710 4921 2934 4984 prepter
2983 4911 3258 4966 Christum
3305 4911 3571 4980 susceptis

1977 5013 2118 5084 (Gal.
2149 5012 2203 5067 6.
2236 5009 2346 5079 l7).
2389 5008 2461 5065 Ut
2500 5007 2660 5078 igitur
2686 5014 2742 5060 et
2784 5018 2881 5057 nos
2923 5003 2976 5056 in
3015 5004 3116 5055 hoc
3161 5010 3303 5055 statu
3351 5015 3574 5054 manea-

1975 5115 2117 5165 mus,
2150 5098 2215 5151 iis
2242 5110 2361 5166 quae
2388 5106 2548 5162 supra
2574 5092 2715 5145 dicta
2745 5098 2870 5143 sunt
2907 5102 3006 5142 nos
3031 5086 3268 5157 quotidie
3297 5100 3572 5140 exornan-

1977 5200 2078 5255 tes,
2119 5198 2173 5242 et
2211 5185 2600 5257 praeteritorum
2629 5182 3028 5242 obliviscentes,
3069 5177 3138 5232 ad
3179 5193 3240 5232 ea
3283 5191 3412 5231 vero
3453 5192 3575 5246 quze

1978 5290 2100 5335 ante
2126 5292 2224 5334 IIOS
2252 5287 2377 5332 sunt
2415 5292 2512 5330 nos
2541 5290 2757 5344 semper
2780 5271 3156 5335 extendentes,
3187 5284 3436 5338 supernae
3476 5284 3576 5321 γο-

1978 5371 2204 5428 cationis
2228 5369 2467 5425 bravium
2499 5383 2786 5437 sequamur
2830 5383 2844 5419 ε
2878 5365 3021 5434 quod
3051 5379 3148 5418 nos
3192 5376 3382 5416 omnes
3410 5376 3564 5415 asse-

1978 5467 2066 5534 qui
2107 5464 2401 5532 contingat,
2451 5459 2620 5530 gratia
2669 5467 2724 5514 et
2772 5457 3104 5526 benignitate
3150 5453 3363 5508 Domini
3407 5456 3578 5510 nostri

1980 5555 2106 5610 Jesu
2135 5553 2352 5618 Christi,
2383 5552 2466 5607 cui
2495 5550 2661 5623 gloria
2688 5559 2742 5606 et
2769 5548 3052 5621 imperium
3081 5546 3136 5602 in
3165 5542 3366 5600 saecula
3403 5557 3572 5599 saccu-

1983 5648 2177 5702 lorum.
2218 5645 2411 5701 Amen.
