4124 6302
1229 271 1286 327 S.
1323 266 1599 326 JOANNIS
1625 259 2092 322 CHRYSOS'I‘OMI
2133 256 2445 314 ARClIIEP.
2486 250 3019 310 CONSTANTINOP.

3693 230 3827 306 sse

557 386 3834 433 ΝΜ

1887 470 2230 532 HOMILIA
2274 470 2477 531 XVII.

557 616 681 668 (lae.
713 613 766 666 5.
795 627 846 663 v.
872 609 964 664 27.
997 606 1217 662 Audistis
1241 605 1357 674 quia
1395 602 1580 655 dictum
1627 608 1700 652 est
1730 595 1946 663 antiquis
1977 609 1996 647 :
2026 592 2144 646 Non

631 701 970 760 iniec/iuberis.
1009 697 1100 752 28.
1159 694 1268 765 Ego
1295 701 1457 746 autem
1484 689 1596 742 dico
1623 687 1759 740 vobis
1779 726 1792 747 ,
1822 685 1940 752 quia
1981 683 2143 735 omnis

633 795 714 856 qui
758 791 936 844 viderit
973 788 1229 840 mulierem
1265 782 1333 835 ad
1377 777 1830 848 concupiscendum
1866 790 2002 838 eam,
2024 773 2138 841 jam

634 882 904 936 tumeliatus
927 888 998 932 est
1025 892 1134 930 eam
1157 876 1211 927 in
1235 873 1385 927 corde
1407 887 1519 925 suo.

635 974 685 1026 l.
717 972 996 1036 Postquam
1023 967 1250 1036 primum
1283 962 1586 1016 mandatum
1629 951 1928 1025 explicandi
1977 951 2136 1004 finem

562 1063 707 1127 fecit,
763 1059 994 1128 illudque
1043 1057 1108 1110 ad
1150 1067 1415 1109 summum
1469 1045 1818 1117 philosophia
1859 1039 2136 1103 extendit,

560 1154 749 1208 ordine
798 1149 1114 1219 procedens,
1141 1147 1207 1200 ad
1257 1140 1546 1199 secundum
1590 1135 1929 1208 provehitur,
1955 1133 2007 1187 in
2039 1130 2142 1187 hoc

563 1255 772 1312 quoque
803 1241 902 1310 legi
947 1239 1292 1307 obsequutus.
1337 1232 1498 1302 Atqui
1547 1231 1649 1284 hoc
1697 1243 1802 1282 non
1852 1222 2140 1312 secundum

566 1311 887 1402 praeceptum
918 1337 1018 1392 est,
1049 1322 1400 1394 inquies,.sed
1446 1321 1678 1375 tertium.
1723 1317 1836 1370 Non
1866 1315 2007 1368 enim
2033 1311 2142 1402 pri-

576 1436 716 1474 mum
747 1428 1069 1489 praeceptum
1096 1422 1194 1469 est.
1225 1411 1344 1468 Non
1367 1411 1560 1464 occides
1587 1409 1606 1479 (
1632 1407 1774 1459 Deut.
1799 1406 1853 1459 6.
1875 1405 1910 1458 4
1930 1405 1982 1472 );
2010 1401 2140 1456 sed:

572 1511 815 1572 Dentium
846 1509 983 1562 Deus
1026 1518 1142 1559 tuus
1165 1546 1179 1570 ,
1214 1501 1461 1557 Dominus
1489 1517 1618 1553 unus
1647 1508 1734 1552 est.
1789 1494 2142 1561 Quamobrem

563 1600 904 1674 quaerendum
932 1609 1012 1652 est
1033 1639 1048 1662 ,
1079 1611 1172 1649 cur
1198 1609 1302 1648 non
1344 1593 1465 1647 inde
1490 1589 1730 1658 cceperit.
1761 1586 1874 1653 Qua
1920 1585 1987 1639 de
2015 1597 2143 1638 cau-

564 1690 853 1759 sa-igitur?
879 1688 1009 1752 Quia
1051 1688 1092 1742 si
1135 1685 1255 1737 inde
1286 1682 1553 1750 cmpisset,
1579 1677 1873 1748 oportebat,
1901 1683 1954 1729 et
1999 1675 2143 1727 illam

565 1797 793 1852 augere,
839 1791 897 1836 et
943 1779 1284 1850 semetipsum
1341 1777 1392 1828 in
1445 1772 1794 1841 explicatione
1841 1765 2142 1836 complecti.

566 1872 805 1926 Nondum
856 1878 1031 1922 autem
1083 1876 1288 1933 tempus
1337 1873 1455 1918 erat
1506 1864 1572 1915 de
1619 1861 1795 1929 seipso
1845 1855 2145 1925 hujusmodi

567 1960 832 2029 quidpiam
859 1957 1068 2009 docere.
1112 1955 1356 2022 Alioquin
1404 1964 1579 2004 autem
1629 1949 1885 2004 moralem
1933 1945 2146 2000 interim

567 2064 865 2104 sermonem
901 2046 1227 2107 liahebat,et
1269 2045 1391 2097 hinc
1439 2052 1490 2093 et
1539 2057 1603 2095 ex
1650 2037 1918 2092 miraculis
1963 2035 2146 2091 volens

567 2139 890 2193 auditoribus
936 2136 1252 2202 persuadere
1280 2149 1340 2187 se
1366 2133 1555 2186 Filium
1589 2130 1681 2184 Dei
1725 2143 1864 2184 esse.
1910 2124 1964 2182 Si
2005 2125 2145 2180 enim

567 2241 847 2299 antequam
900 2227 1040 2280 aliud
1096 2226 1362 2294 quidpiam
1409 2227 1746 2292 loqueretur,
1795 2227 1886 2273 aut
1927 2218 2144 2279 faceret,

569 2321 745 2374 statim
793 2317 1053 2371 dixisset:
1087 2318 1324 2371 Audistis
1350 2314 1470 2380 quia
1516 2312 1716 2364 diclum
1763 2316 1846 2362 est
1873 2306 2104 2374 antiquis
2133 2325 2145 2358 :

574 2409 687 2478 Ego
711 2409 961 2460 Dominus
993 2407 1130 2458 Deus
1161 2417 1296 2464 Inu~,
1321 2414 1374 2456 et
1415 2411 1610 2470 prarter
1640 2416 1724 2453 me
1750 2414 1854 2452 non
1882 2407 1962 2452 est
1981 2397 2147 2457 alius;

572 2514 675 2567 ego
698 2510 872 2552 autem
900 2497 1018 2549 dico
1041 2495 1209 2555 vobis,
1236 2503 1290 2545 ut
1325 2502 1381 2545 et
1422 2507 1506 2544 me
1541 2491 1794 2552 adoretis,
1824 2489 1960 2542 sicut
1985 2496 2037 2540 et
2082 2486 2150 2538 il-

575 2590 681 2642 lum
708 2607 720 2640 :
753 2587 801 2639 id
830 2585 1109 2647 effecisset,
1147 2591 1203 2635 ut
1227 2595 1410 2635 omnes
1438 2580 1581 2632 illum
1603 2580 1751 2648 quasi
1775 2577 2033 2631 furentem
2057 2575 2150 2627 ha-

577 2677 780 2732 berent.
806 2671 862 2729 Si
888 2672 1030 2727 enim
1063 2679 1182 2739 post
1213 2679 1408 2723 tantam
1437 2669 1730 2722 doctrinam
1767 2677 1820 2721 et
1865 2675 1983 2735 post
2008 2675 2150 2718 tanta

577 2769 745 2838 signa,
771 2780 892 2820 cum
915 2762 1147 2817 nondum
1177 2761 1292 2814 hazc
1315 2760 1403 2814 ille
1431 2759 1575 2813 clare
1595 2758 1837 2820 dixisset,
1861 2757 2151 2810 daemonia-

577 2871 697 2912 cnm
728 2855 870 2908 illum
898 2853 1154 2906 vocabant
1182 2849 1374 2918 (Joau.
1408 2850 1459 2902 8.
1487 2847 1576 2903 52.
1613 2857 1659 2901 et
1689 2847 1773 2901 10.
1798 2846 1894 2915 20)
1925 2846 2003 2898 :si
2032 2854 2155 2899 ante

579 2947 666 3000 illa
706 2945 882 2999 omnia
921 2942 1091 2997 simile
1135 2941 1260 3011 quid
1305 2940 1484 2994 dicere
1523 2940 1866 2999 tentavisset,
1897 2936 2024 3005 quid
2049 2951 2154 2989 non

581 3037 845 3090 dixissent
867 3035 890 3087 ?
915 3033 1037 3104 quid
1071 3048 1174 3086 non
1216 3030 1574 3100 cogitassent?
1613 3031 1684 3082 At
1707 3043 1831 3082 vero
1859 3027 2153 3080 doctrinam

587 3122 899 3196 huiusmodi
938 3125 1008 3179 ad
1036 3133 1250 3189 tempus
1313 3128 1668 3188 opportunum
1717 3131 2058 3179 reservasse,
2103 3116 2155 3169 id

581 3223 788 3277 facilem
818 3220 1032 3287 parabat
1057 3218 1196 3272 viam
1222 3223 1279 3270 ut
1309 3213 1411 3267 hoc
1444 3211 1637 3277 dogma
1657 3224 1686 3259 a
1715 3208 1893 3261 multis
1916 3207 2154 3275 suscipe-

584 3324 747 3370 retur.
769 3309 1127 3378 Quamobrem
1174 3320 1316 3362 nunc
1341 3305 1467 3359 illud
1489 3301 1850 3374 prastermisit;
1868 3309 2153 3370 postquam

582 3419 709 3460 vero
734 3419 827 3473 per
853 3402 1001 3470 signa
1024 3414 1223 3469 perque
1259 3397 1555 3456 doetrinam
1581 3395 1833 3463 optimam
1853 3393 1918 3446 ad
1945 3393 1996 3447 id
2021 3407 2158 3458 pra:-

588 3502 850 3562 parasset,
908 3489 1084 3544 verbis
1134 3489 1346 3543 demum
1400 3485 1628 3556 idipsum
1680 3484 1954 3538 revelavit.
2010 3481 2160 3536 Nunc

582 3593 728 3638 certe
750 3592 804 3637 et
827 3582 990 3651 signis
1009 3588 1063 3635 et
1083 3579 1198 3648 ipso
1217 3578 1475 3633 doctrinae
1494 3576 1675 3637 modo,
1694 3574 1946 3643 paulatim
1966 3583 2019 3628 et
2038 3587 2162 3626 sen-

583 3676 684 3728 sim
712 3672 838 3728 illud
866 3671 1120 3727 declarat.
1143 3669 1275 3724 Nam
1301 3683 1422 3721 cum
1453 3673 1716 3736 potestate
1744 3665 1888 3733 leges
1918 3664 2033 3718 illas
2055 3672 2162 3716 sta-

585 3776 733 3818 tuere
751 3763 832 3818 vel
855 3762 1178 3825 reformare,
1209 3759 1260 3814 id
1292 3759 1470 3827 utique
1497 3772 1620 3820 eum
1647 3756 1736 3826 qui
1767 3753 2064 3809 attenderet
2109 3763 2164 3807 et

586 3864 764 3909 mente
789 3854 988 3908 valeret
1017 3853 1082 3906 ad
1109 3851 1221 3904 veri
1248 3849 1508 3918 dogmatis
1553 3851 1814 3902 rationem
1842 3847 2157 3902 deducebat.

585 3944 1038 4014 Obstupescebant
1086 3942 1226 3997 enim
1254 3982 1268 4006 ,
1314 3941 1426 4002 ait,
1471 3939 1594 4009 quia
1650 3953 1755 3992 non
1807 3938 1940 3991 sicut
1971 3937 2161 3992 scriba:

587 4052 771 4093 eorum
800 4036 1024 4092 docebat
1043 4037 1062 4103 (
1082 4032 1267 4086 Matth.
1299 4031 1352 4085 7.
1373 4031 1467 4084 29.
1506 4027 1669 4082 Marc.
1697 4028 1749 4081 I.
1778 4027 1904 4096 22).
1928 4032 1966 4082 A
1997 4044 2161 4097 gene-

590 4126 790 4180 ralibus
830 4125 1026 4194 quippe
1049 4123 1191 4176 vitiis
1215 4134 1370 4174 orsus
1393 4159 1409 4185 ,
1438 4117 1506 4172 ab
1536 4119 1612 4171 ira
1659 4131 1848 4185 nempe
1877 4125 1932 4171 et
1964 4131 2163 4170 concu-

591 4217 839 4287 piscentia
859 4215 995 4284 (ha-c
1009 4212 1148 4268 enim
1169 4209 1397 4265 maxime
1413 4206 1742 4277 tyrannidem
1766 4209 1817 4260 in
1840 4206 1993 4260 nobis
2009 4221 2162 4261 exer-

590 4317 745 4371 cent,
773 4313 827 4359 et
856 4313 1054 4357 natura:
1101 4309 1223 4354 sunt
1249 4298 1416 4368 magis
1460 4295 1740 4365 consona),
1788 4310 1908 4350 cum
1937 4297 2164 4350 auctori—

593 4405 698 4449 tate
715 4394 896 4458 multa,
915 4400 1166 4461 quantum
1197 4388 1417 4444 decebat
1444 4387 1821 4457 legislaturem,
1845 4385 1958 4440 haec
1977 4401 2166 4440 emen-

592 4487 754 4545 davit.
777 4494 830 4539 et
849 4499 968 4538 cum
987 4482 1128 4536 omni
1146 4478 1480 4534 accuratione
1495 4477 1758 4532 ordinavit
1775 4475 2002 4548 '.Ncque
2021 4483 2164 4531 enim

593 4578 720 4632 dixit
746 4585 948 4629 tantum
977 4571 1238 4627 mcechum
1266 4584 1454 4640 pinnas
1489 4584 1609 4624 esse
1650 4569 1893 4624 daturum
1921 4586 1934 4622 :
1962 4570 2054 4622 sed
2081 4568 2164 4623 id-

595 4671 766 4739 ipsum
795 4668 879 4720 hic
904 4664 1027 4719 facit
1053 4662 1190 4733 quod
1214 4663 1353 4717 circa
1398 4660 1716 4715 homicidam
1743 4660 1959 4726 fecerat,
1990 4661 2165 4731 impu-

595 4760 717 4814 dico
763 4757 920 4811 etiam
968 4755 1201 4824 aspectui
1249 4767 1433 4823 pinnas
1484 4750 1838 4817 denuntians,
1881 4759 1940 4805 ut
1990 4752 2166 4806 discas

597 4847 722 4918 quid
750 4847 818 4900 sit
848 4845 971 4898 illud
992 4845 1130 4913 quod
1154 4844 1288 4898 ultra
1312 4843 1532 4912 scriptas
1550 4842 1696 4911 leges
1714 4841 2018 4911 requiritur.
2040 4840 2165 4896 Ideo

597 4939 726 4994 dicit
752 4956 764 4989 :
792 4937 889 5001 Qui
909 4937 1175 5004 respexerit
1204 4936 1458 4989 mulierem
1480 4934 1546 4986 ad
1567 4932 2013 5001 concupiscendum
2032 4949 2162 4999 eam,

594 5031 704 5098 jam
734 5028 1005 5080 mwchatus
1033 5037 1105 5079 est
1131 5041 1238 5079 eam
1267 5028 1320 5078 in
1347 5025 1497 5078 corde
1522 5040 1648 5086 suo;
1677 5024 1727 5077 id
1753 5032 1836 5079 est
1857 5064 1871 5088 ,
1899 5024 1987 5091 qui
2029 5025 2166 5079 solet

601 5132 820 5171 summa
840 5131 1062 5185 corpora
1088 5116 1350 5169 curiosius
1376 5115 1589 5178 intueri,
1623 5114 1885 5184 faciesque
1911 5115 2166 5169 formosas

601 5212 800 5276 venari,
829 5221 884 5265 ct
911 5211 1009 5263 hoc
1055 5208 1354 5278 spectaculo
1375 5208 1606 5262 animum
1627 5224 1862 5278 pascere,
1882 5209 2168 5276 oculosque

601 5302 830 5369 deﬁgere
861 5301 911 5354 in
940 5302 1200 5355 formosos
1230 5300 1422 5353 vultus.
1447 5299 1560 5354 Non
1582 5300 1721 5354 enim
1746 5314 1938 5368 corpus
1964 5309 2166 5353 tantum

605 5395 745 5448 venit
769 5408 796 5443 a
825 5394 977 5446 malis
1023 5394 1228 5447 actibus
1252 5392 1476 5446 liberare
1499 5434 1513 5454 ,
1546 5390 1638 5445 sed
1678 5401 1731 5444 et
1769 5392 1996 5444 animam
2045 5400 2168 5444 ante

603 5499 815 5553 corpus.
861 5484 990 5550 Quia
1019 5486 1156 5536 enim
1191 5484 1240 5536 in
1271 5481 1434 5536 corde
1470 5482 1699 5549 Spiritus
1719 5481 1942 5551 gratiam
1975 5481 2168 5548 accipi-

670 5581 682 5603 '
721 5573 809 5621 Alii
825 5587 919 5622 non
940 5577 1092 5634 pauci.
1117 5585 1224 5621 cum
1246 5569 1372 5621 omni
1391 5571 1690 5622 accuratione
1712 5569 1956 5632 repressit.
1973 5583 2082 5634 qua:
2097 5569 2169 5621 le-

608 5638 704 5684 ctio
721 5648 815 5684 non
837 5633 1124 5697 spernenda.

2247 608 2365 646 mus
2384 633 2399 656 ,
2427 607 2522 647 cor
2545 591 2772 660 primum
2803 597 3080 658 expurgat.
3131 586 3199 641 Et
3225 586 3492 655 qurmodo
3518 600 3832 656 possumus.

2248 681 2452 749 inquies
2475 722 2490 744 ,
2517 696 2547 734 a
2573 679 3000 746 concupiscentia
3031 678 3282 731 liberari?
3313 678 3539 732 Maxime
3563 677 3786 745 quidem
3816 717 3833 739 ,

2242 771 2287 824 si
2312 771 2556 834 velimus,
2577 783 2855 838 possumus
2882 784 2997 822 eam
3021 770 3382 838 exstinguere,
3405 779 3459 823 et
3484 784 3551 823 ne
3579 777 3840 835 erumpat

2239 859 2533 913 continere.
2556 858 3000 928 Alioquinautem
3024 857 3110 911 hic
3131 874 3234 911 non
3259 858 3416 910 modo
3435 859 3837 926 concupiscen-

2245 949 2368 1002 tiam
2401 950 2555 1013 tollit,
2581 949 2673 1003 sed
2699 950 2857 1001 etiam
2888 949 3032 1002 illam
3075 949 3558 1018 concupiscentiam
3593 966 3716 1019 quae
3761 965 3838 1003 ex

2243 1051 2460 1111 aspectu
2498 1040 2690 1108 prodit.
2715 1038 2845 1094 Nam
2872 1039 2962 1108 qui
2989 1040 3247 1094 formosas
3285 1039 3480 1094 intueri
3507 1039 3673 1096 facies
3711 1049 3837 1095 stu-

2245 1131 2372 1195 det,
2400 1131 2490 1184 ille
2515 1130 2781 1200 pmipue
2809 1129 2925 1184 vitii
2971 1129 3242 1184 fornacem
3271 1129 3532 1193 accendit,
3555 1131 3836 1184 animam-

2243 1236 2349 1290 que
2366 1220 2626 1289 captivam
2654 1218 2817 1275 efficit
2839 1261 2856 1286 ,
2882 1227 2934 1275 et
2963 1220 3070 1274 cito
3094 1220 3160 1275 ad
3181 1235 3312 1289 opus
3341 1234 3551 1290 quoque
3580 1219 3814 1274 accedet

2245 1312 2532 1381 Propterea
2559 1326 2665 1365 non
2689 1310 2842 1378 dixit,
2872 1310 2971 1378 Qui
2994 1312 3322 1380 concupierit
3362 1311 3652 1367 maechari:
3707 1311 3810 1365 sed

2248 1403 2349 1468 Qui
2365 1402 2633 1470 respexerit
2648 1402 2716 1454 ad
2730 1402 3199 1473 concupiscendum.
3221 1402 3287 1456 Et
3307 1417 3428 1456 cum
3449 1402 3516 1457 de
3541 1403 3614 1455 ira
3642 1402 3834 1471 loque-

2246 1502 2413 1555 retur,
2439 1491 2836 1546 distinctionem
2887 1491 3170 1560 quamdam
3216 1492 3410 1558 posuit,
3459 1489 3684 1554 Temere,
3743 1490 3836 1543 vel

2249 1582 2374 1637 Siue
2394 1598 2548 1636 causa
2572 1581 2832 1646 dicendo;
2855 1581 2941 1636 hic
2960 1596 3087 1637 vero
3112 1596 3218 1636 non
3239 1581 3332 1646 ita,
3355 1581 3449 1636 sed
3473 1582 3639 1636 semel
3661 1589 3840 1636 totam

2247 1673 2729 1744 concupiscentiam
2768 1673 2981 1732 sustulit
3011 1689 3026 1724 :
3054 1674 3260 1728 etiamsi
3296 1674 3411 1728 haec
3458 1673 3617 1728 ambo
3644 1673 3835 1726 innata

2251 1768 2404 1821 nobis
2424 1767 2550 1830 sint,
2577 1773 2634 1819 et
2660 1765 2856 1820 utiliter
2880 1776 3101 1834 utraque
3127 1765 3278 1820 nobis
3310 1766 3508 1829 insint,
3534 1767 3609 1818 ira
3635 1778 3838 1832 nempe

2248 1869 2302 1912 et
2327 1857 2789 1926 concupiscentia;
2845 1856 2930 1910 illa
2957 1867 3014 1910 ut
3043 1857 3311 1926 improbos
3342 1857 3643 1925 puniamus,
3671 1865 3719 1910 et
3751 1857 3842 1908 in—

2247 1946 2569 2015 compositos
2593 1945 2973 2008 einendemus;
3005 1944 3118 1998 hare
3150 1954 3205 1998 ut
3237 1946 3431 1999 liberos
3455 1947 3832 2014 suscipiamus,

2250 2046 2302 2092 et
2327 2052 2495 2106 genus
2521 2046 2759 2091 nostrum
2789 2037 3128 2091 successione
3170 2047 3508 2107 propagetur.

2322 2125 2378 2180 2.
2427 2124 2656 2180 Christus
2693 2125 2921 2179 illicitum
2951 2136 3144 2178 tantum
3171 2127 3625 2196 concupiscentiam
3655 2127 3841 2195 prohi-

2253 2218 2349 2270 bet.
2380 2218 2551 2282 Quare
2572 2219 2739 2286 ipsum
2767 2229 3023 2286 aspectum
3043 2219 3286 2272 cohibeat.
3319 2218 3577 2287 lmpmlici
3603 2229 3842 2289 aspectus

2253 2309 2456 2360 damna.
2479 2338 2546 2347 —
2569 2308 2676 2362 Cur
2701 2322 2829 2376 ergo
2856 2323 2959 2361 non
2991 2307 3075 2362 hic
3109 2309 3269 2362 etiam
3303 2309 3694 2364 distinctionem
3741 2325 3840 2380 po—

2255 2398 2396 2451 suit?
2419 2397 2699 2452 Maximam
2742 2409 2888 2454 certe
2907 2439 2923 2463 ,
2954 2400 2998 2453 si
3028 2400 3268 2454 attendas
3287 2440 3301 2462 ,
3330 2401 3413 2454 hic
3439 2400 3836 2455 distinctionem

2255 2487 2532 2556 percipies.
2565 2486 2678 2541 Non
2713 2488 2854 2542 enim
2897 2489 3209 2557 simpliciter
3253 2489 3408 2552 dixit,
3439 2491 3538 2556 Qui
3576 2493 3845 2558 concupi-

2255 2580 2420 2643 verit;
2450 2588 2621 2648 potest
2659 2581 2800 2634 enim
2847 2580 3021 2649 quivis
3047 2581 3207 2634 etiam
3255 2582 3306 2635 in
3353 2583 3621 2637 montibus
3650 2583 3839 2638 sedem

2255 2670 2479 2737 habens,
2505 2673 2914 2740 concupiscere;
2945 2673 3060 2739 sed,
3109 2673 3209 2738 Qui
3237 2675 3507 2744 respexerit
3551 2676 3619 2728 ad
3655 2692 3853 2729 concu-

2257 2761 2586 2829 piscendum;
2615 2761 2666 2816 id
2696 2770 2799 2828 est,
2825 2763 2914 2831 qui
2938 2763 3037 2817 sibi
3083 2765 3180 2832 ipsi
3227 2766 3710 2834 concupiscentiam
3745 2779 3838 2820 ac-

2256 2851 2438 2916 cersit,
2488 2858 2582 2920 qui
2621 2853 2833 2907 nemine
2860 2863 3082 2923 cogente
3130 2854 3296 2910 feram
3347 2855 3491 2910 illam
3521 2858 3574 2910 in
3597 2858 3840 2914 sedatum

2257 2941 2489 2994 animum
2515 2941 2774 2996 immittit.
2805 2942 2939 2997 illud
2976 2944 3116 2998 enim
3144 2959 3248 2999 non
3272 2946 3382 3016 jam
3412 2961 3478 3001 ex
3507 2956 3693 3002 natura
3711 2963 3841 3019 pro-

2259 3032 2537 3092 ﬁciscitur.
2566 3033 2659 3088 sed
2689 3049 2754 3088 ex
2792 3033 3014 3090 desidia.
3068 3035 3182 3091 Hoc
3221 3037 3419 3108 quippe
3449 3040 3501 3094 in
3530 3040 3695 3095 veteri
3726 3041 3846 3111 lege

2255 3124 2363 3193 jam
2394 3124 2521 3178 olim
2556 3125 2776 3180 vetitum
2808 3126 2924 3190 fuit,
2958 3141 3076 3196 qua
3124 3128 3202 3184 sic
3246 3129 3406 3185 habet
3436 3147 3450 3184 :
3483 3129 3607 3186 Noti
3651 3131 3844 3188 discere

2260 3213 2680 3282 pulchritudinem
2718 3215 2978 3283 alienam(
3003 3215 3161 3271 Eccli.
3185 3217 3239 3274 9.
3262 3219 3314 3274 8.
3339 3218 3379 3290 ).
3408 3220 3607 3276 Deinde
3626 3237 3696 3276 ne
3723 3223 3843 3291 quis

2256 3303 2498 3359 diceret:
2527 3302 2660 3374 Quid
2690 3318 2838 3375 ergo,
2869 3305 2914 3358 si
2940 3305 3178 3363 didicero
3197 3348 3212 3372 ,
3242 3319 3298 3363 et
3319 3324 3425 3364 non
3449 3312 3669 3381 eapiar?
3697 3313 3844 3367 cohi-

2264 3395 2354 3448 bet
2375 3404 2668 3464 aspectum,
2695 3410 2765 3450 ne
2806 3395 2905 3449 hac
2932 3395 3155 3452 ﬁdenter
3200 3412 3329 3452 usus
3366 3399 3600 3466 licentia,
3629 3401 3684 3454 in
3714 3415 3841 3471 pec-

2261 3494 2435 3539 catum
2465 3485 2744 3553 aliquando
2791 3485 3013 3541 incidas.
3054 3487 3189 3554 Quid
3232 3487 3387 3558 igitur
3431 3490 3478 3545 si
3520 3491 3842 3560 videam,et

2264 3579 2634 3646 concupiscam
2658 3617 2674 3642 ,
2705 3577 2938 3647 nihilque
2991 3581 3114 3635 mali
3165 3581 3352 3650 agam?
3416 3581 3588 3637 Etiam
3617 3585 3695 3638 sic
3721 3599 3841 3639 cum

2267 3667 2488 3723 mmehis
2517 3669 2832 3723 numeraris.
2854 3667 3179 3725 Sententiam
3207 3671 3328 3727 tulit
3353 3671 3644 3742 legislator,
3674 3689 3844 3746 neque

2265 3756 2429 3811 debes
2460 3757 2592 3810 ultra
2634 3758 2846 3812 curiose
2889 3759 3178 3829 inquirere.
3210 3759 3344 3816 Cum
3382 3763 3525 3817 enim
3561 3766 3729 3821 semel
3755 3778 3844 3821 aut

2265 3848 2346 3903 bis
2373 3857 2463 3904 aut
2487 3859 2570 3904 ter
2595 3849 2672 3904 sic
2699 3852 2998 3920 respexeris
3020 3893 3033 3917 .
3067 3861 3120 3908 te
3145 3852 3282 3909 forte
3310 3854 3510 3923 poteris
3537 3858 3839 3923 continere;

2265 3937 2309 3993 si
2336 3953 2462 3993 vero
2491 3938 2798 4010 frequenter
2821 3941 2874 3995 id
2913 3941 3109 4006 facias,
3141 3953 3195 3997 et
3229 3941 3500 4000 fornacem
3541 3948 3801 4003 arcendas
3823 3991 3838 4015 ,

2268 4030 2507 4100 profecto
2529 4031 2757 4099 capieris
2783 4049 2795 4083 :
2826 4046 2931 4086 non
2961 4033 3103 4086 enim
3134 4042 3282 4088 extra
3312 4035 3596 4090 humanam
3624 4038 3759 4094 situs
3786 4055 3840 4096 es

2269 4129 2532 4172 naturam.
2557 4119 3010 4185 Quemadmodum
3031 4136 3160 4194 ergo
3185 4137 3283 4178 nos
3305 4140 3427 4180 cum
3454 4141 3674 4195 puerum
3701 4130 3842 4185 vide.

2269 4222 2386 4264 mus
2412 4210 2642 4280 gladium
2678 4219 2946 4267 tenentem
2965 4253 2980 4278 ,
3009 4215 3216 4270 etiarnsi
3247 4216 3481 4273 nondum
3511 4219 3839 4278 vulneratum

2269 4314 2571 4368 cernamus,
2603 4305 2943 4360 verberamus
2987 4314 3161 4362 tamen
3203 4309 3650 4382 prohibemusque
3676 4330 3747 4369 ne
3771 4317 3842 4371 sic

2271 4407 2518 4462 umquam
2581 4394 2803 4464 attingat
2850 4413 2863 4450 :
2913 4397 2990 4451 sic
3039 4411 3250 4467 quoque
3322 4399 3460 4455 Deus
3523 4402 3841 4471 impudicum

2270 4492 2540 4551 aspectum
2569 4494 2691 4540 ante
2719 4499 2852 4555 opus
2879 4486 3038 4552 tollit,
3062 4503 3129 4542 ne
3153 4486 3290 4544 forte
3316 4491 3369 4544 in
3397 4505 3531 4559 opus
3559 4493 3734 4561 ipsum
3765 4496 3842 4549 in-

2269 4574 2529 4631 cidamus.
2572 4574 2700 4630 Nam
2732 4578 2820 4647 qui
2867 4578 3034 4634 semel
3077 4578 3347 4635 ﬂammam
3393 4581 3656 4650 accendit,
3686 4585 3840 4642 etiam

2271 4663 2490 4720 absente
2518 4665 2626 4730 illa,
2652 4681 2807 4734 quam
2832 4669 3084 4737 respexit,
3115 4669 3343 4726 muliere
3362 4712 3376 4735 ,
3404 4687 3579 4727 rerum
3614 4675 3840 4745 turpium

2273 4755 2526 4825 imagines
2555 4754 2654 4812 sibi
2685 4758 2778 4826 ipsi
2810 4757 3114 4828 frequenter
3141 4758 3308 4830 fingit,
3341 4772 3394 4816 et
3417 4777 3484 4816 ex
3510 4763 3638 4832 ipsis
3666 4765 3841 4836 imagi-

2272 4847 2427 4902 nibus
2453 4849 2504 4902 iu
2532 4863 2666 4918 opus
2689 4863 2829 4919 saepe
2847 4851 3144 4905 deducitur.
3170 4851 3401 4922 Ideoque
3424 4851 3666 4909 Christus
3688 4858 3841 4912 etiam

2271 4941 2438 5003 illum,
2470 4941 2558 5009 qui
2587 4942 2637 4994 in
2664 4943 2842 4996 animo
2880 4941 3114 5012 ﬁngitur,
3145 4944 3340 4998 coitum
3382 4943 3456 5012 de,
3483 4946 3658 5000 medio
3687 4949 3840 5003 tollit.

2270 5032 2407 5099 Quid
2448 5035 2602 5104 igitur
2648 5033 2877 5088 dixerint
2902 5034 2937 5088 ii
2963 5035 3048 5104 qui
3079 5049 3257 5089 secum
3307 5037 3608 5093 habitantes
3653 5039 3844 5096 habent

2271 5125 2500 5195 virgines
2523 5125 2635 5195 (a)?
2674 5124 2882 5178 Etenim
2914 5125 3202 5179 secundum
3230 5125 3368 5180 hanc
3391 5127 3581 5198 legem,
3623 5142 3842 5187 sexcen-

2336 5259 2415 5330 (ᾳ).
2514 5255 2618 5304 ιιιοε
2638 5256 2722 5330 qui
2742 5255 3018 5328 habitantes
3037 5269 3204 5330 secpm
3223 5259 3439 5330 virgines
3454 5257 3657 5330 habent,
3669 5259 3840 5330 llbmm

2275 5317 2424 5369 edidit
2446 5318 2824 5383 Chrysostpiuus,
2845 5319 2929 5383 _qu_i
2949 5331 3095 5383 c_usus_
3117 5317 3376 5383 fuit_'l'0mo
3398 5321 3551 5383 primo
3585 5321 3694 5382 ejus
3724 5329 3839 5383 Ope-

2273 5388 2398 5437 rum,
2419 5380 2511 5429 col.
2537 5369 2760 5436 ius-562,
2775 5369 2857 5440 ubi
2868 5369 3048 5440 'niuius
3058 5381 3127 5427 sic
3146 5379 3311 5437 habet,
3324 5369 3456 5439 Quod
3476 5369 3838 5440 caueamus.

2273 5442 2534 5504 regulares,
2558 5454 2671 5504 cum
2704 5439 2816 5488 viris
2833 5438 3050 5504 habitare
3072 5453 3162 5504 non
3181 5438 3405 5504 debeant.
3427 5442 3508 5490 Ubi
3536 5456 3623 5503 pcr
3646 5438 3836 5493 canoni-

2273 5501 2354 5552 cas
2377 5502 2496 5559 illas,
2521 5503 2736 5561 virgines
2753 5501 2994 5560 intelligit,
3008 5508 3062 5549 ut
3085 5501 3136 5553 iu
3159 5509 3260 5550 toto
3277 5501 3425 5552 libelli
3447 5501 3660 5554 decursu
3679 5505 3841 5556 videro

2275 5571 2365 5612 est.
2387 5563 2632 5629 Canonica:
2658 5571 2819 5629 autem
2844 5563 3058 5629 virgines
3080 5562 3174 5610 illa:
3197 5565 3508 5629 vocabantur,
3542 5580 3657 5629 quia
3672 5575 3840 5619 statum

2279 5625 2535 5689 quemdam
2560 5626 2609 5672 in
2632 5625 2840 5674 Ecclesia
2864 5624 3085 5674 unliqu
3109 5626 3341 5675 tenebam
