4124 6302
284 307 391 365 Ei"

268 436 355 480 "us
378 421 454 478 rei
478 421 679 478 fuerint
707 420 1164 487 fornicationibus,
1194 421 1432 491 quotidie
1458 423 1576 477 illas
1599 436 1721 477 cum
1752 438 1880 478 cono

288 513 614 583 cupiscentia
656 513 947 567 intuentes.
976 509 1205 581 ideoque
1232 512 1419 567 beatus
1453 511 1555 568 Job
1600 512 1738 568 hanc
1776 514 1877 567 sibi

290 604 463 674 legem
491 618 521 657 a
552 602 814 673 principio
853 602 1052 670 poSuit,
1098 616 1157 657 se
1200 602 1399 672 ubique
1434 602 1695 658 cohibens
1726 618 1757 656 a
1786 603 1878 658 tali

288 695 593 764 spectaculo
614 692 636 762 (
652 692 754 746 Job
783 694 873 748 3t.
910 692 998 763 9).
1025 692 1155 747 Nam
1184 703 1331 749 certe
1357 703 1478 762 post
1501 704 1775 761 aspectum
1812 709 1880 749 ne

289 782 484 838 fruaris
527 783 614 837 illa
660 797 821 852 quam
849 798 1030 845 amas,
1058 782 1231 852 majus
1260 793 1342 837 est
1367 794 1639 838 certamen
1667 801 1681 837 :
1707 798 1880 853 neque

286 884 489 929 tantam
517 872 587 927 ab
614 883 833 943 aspectu
876 874 1198 943 percipimus
1242 874 1592 943 voluptatem,
1625 883 1877 944 quantam

283 981 315 1018 ιι
342 965 658 1034 cupiditatis
701 972 987 1033 augmento
1038 964 1347 1033 experimur
1396 966 1722 1034 perniciem,
1753 966 1878 1020 dum

285 1053 429 1107 hosti
455 1052 823 1109 fortitudinem
859 1055 1208 1116 aceersimus,
1236 1064 1293 1109 et
1321 1053 1538 1109 diabolo
1582 1056 1755 1124 majus
1785 1071 1882 1109 no-

284 1143 446 1198 cendi
472 1143 702 1213 spatium
745 1154 799 1198 et
843 1143 1017 1198 locum
1062 1144 1251 1198 damus
1279 1164 1291 1194 τ
1323 1153 1380 1199 ut
1410 1161 1582 1216 neque
1612 1148 1879 1215 possimus

284 1234 361 1289 illi
392 1235 664 1299 resistere,
688 1244 969 1304 postquam
1001 1236 1054 1289 in
1082 1236 1266 1289 intima
1288 1236 1468 1291 cordis
1494 1237 1642 1291 illum
1670 1238 1881 1293 induxi-

284 1342 429 1392 mus,
459 1338 511 1380 et
538 1334 779 1396 aptatum
822 1327 923 1395 ipsi
962 1328 1197 1381 animum
1248 1328 1619 1396 expandimus.
1677 1329 1882 1385 Idcirco

284 1420 362 1472 ait
392 1434 405 1470 :
430 1417 548 1472 Noli
573 1417 829 1472 marchari
857 1418 1024 1472 oculis
1045 1460 1061 1483 ,
1091 1426 1146 1473 et
1165 1419 1355 1483 animo_
1378 1435 1483 1473 non
1501 1420 1877 1476 mmchaberis.

286 1508 387 1562 Est
411 1509 555 1562 enim
578 1516 634 1561 et
671 1508 806 1562 alius
834 1508 1125 1577 aspiciendi
1174 1509 1363 1563 modus
1385 1548 1400 1574 ,
1432 1522 1489 1563 ut
1519 1511 1649 1563 casti
1677 1511 1882 1565 scilicet

283 1599 571 1668 aspiciunt.
604 1598 835 1669 ideoque
862 1616 970 1653 non
1002 1600 1315 1670 simpliciter
1342 1612 1616 1669 aspectum
1645 1602 1878 1669 sustulit,

283 1690 382 1744 sed
424 1700 703 1759 aspectum
730 1706 851 1744 cum
887 1692 1335 1759 concupiscentia.
1392 1692 1504 1746 Nisi
1530 1692 1672 1747 enim
1699 1694 1753 1747 id
1776 1692 1880 1748 sibi

282 1781 563 1845 voluisset,
623 1781 848 1836 dixisset
900 1782 1104 1851 utique,
1149 1782 1251 1849 Qui
1308 1783 1527 1851 respicit
1563 1783 1878 1847 mulierem,

280 1871 601 1940 simpliciter
626 1889 641 1925 :
671 1886 776 1925 non
804 1871 882 1925 sic
904 1881 1083 1926 autem
1111 1871 1281 1937 dixit,
1310 1873 1428 1939 sed,
1460 1872 1558 1941 Qui
1583 1875 1882 1943 respexerit

283 1961 352 2015 ad
388 1961 895 2030 concupiscendum,
924 1961 1012 2031 qui
1040 1963 1360 2031 respexerit,
1392 1974 1451 2016 ut
1478 1972 1750 2031 aspectum
1782 1963 1880 2018 de-

282 2053 469 2107 lectet.
512 2051 631 2107 Non
658 2052 801 2107 enim
830 2051 953 2106 ideo
983 2053 1077 2107 tibi
1106 2053 1247 2107 Deus
1276 2055 1459 2108 oculos
1486 2054 1667 2118 dedit,
1692 2065 1749 2108 ut
1777 2054 1881 2108 illis

282 2141 351 2195 ad
374 2142 775 2197 fornicationem
798 2141 1152 2196 inducendam
1175 2144 1363 2208 utaris,
1389 2143 1483 2197 sed
1508 2154 1565 2198 ut
1590 2149 1708 2211 ejus
1729 2158 1882 2199 crea-

284 2244 439 2288 utras
507 2235 718 2299 videns,
767 2236 1080 2291 Creatorem
1129 2238 1363 2292 mireris.
1420 2238 1879 2307 Quemadmodum

282 2337 414 2394 ergo
482 2324 597 2379 ﬁeri
649 2332 823 2395 potest
866 2334 925 2381 ut
989 2335 1196 2382 temere
1263 2329 1514 2384 irascaris
1563 2348 1576 2383 :
1626 2331 1697 2383 ita
1768 2331 1881 2385 tieri

279 2424 461 2483 potest
487 2423 545 2469 ut
581 2426 785 2470 temere
826 2416 1076 2486 aspicias,
1098 2433 1221 2474 cum
1279 2434 1474 2489 nempe
1522 2420 1586 2474 ad
1621 2421 1880 2490 concupi-

279 2507 543 2561 scentiam
594 2506 890 2575 aspexeris.
935 2508 989 2563 Si
1035 2508 1179 2563 enim
1224 2510 1493 2579 respicere
1542 2520 1595 2564 et
1626 2512 1879 2566 delectari

278 2596 436 2661 velis,
462 2597 667 2667 reSpice
694 2613 915 2652 uxorem
949 2608 1117 2665 tuam,
1148 2599 1404 2669 illamque
1432 2612 1693 2672 perpetuo
1721 2620 1877 2659 ama:

280 2686 429 2740 nulla
451 2687 501 2740 id
524 2688 612 2741 lex
638 2688 908 2756 prohibet.
932 2690 985 2743 Si
1008 2705 1136 2746 vero
1156 2691 1388 2746 alienam
1413 2694 1637 2749 formam
1666 2696 1881 2751 curiose

282 2778 479 2831 intueri
517 2777 779 2843 volueris,
803 2787 859 2831 et
880 2779 1024 2831 illam
1052 2779 1224 2846 lzedis,
1245 2782 1348 2835 alio
1377 2784 1563 2839 oculos
1591 2796 1875 2852 avertens;

279 2878 335 2923 et
388 2867 527 2923 hanc
581 2885 738 2937 quam
790 2870 1053 2939 respicis,
1086 2872 1131 2924 si
1164 2873 1346 2927 illicite
1396 2875 1539 2929 illam
1573 2878 1875 2947 contingas.

284 2958 509 3013 Etiamsi
539 2959 681 3013 enim
722 2959 869 3012 illam
915 2975 1078 3014 manu
1121 2977 1227 3015 non
1256 2964 1547 3033 Contigeris
1570 3006 1584 3029 ,
1616 2976 1671 3020 at
1710 2969 1879 3023 oculis

278 3049 583 3119 contigisti;
640 3046 869 3118 ideoque
922 3049 1051 3105 illud
1102 3065 1201 3120 pro
1244 3052 1512 3108 adulterio
1560 3064 1875 3124 reputatur,

279 3148 335 3195 et
395 3146 519 3193 ante
582 3139 899 3207 supplicium
967 3141 1098 3195 illud
1152 3142 1520 3210 destinatum,
1564 3145 1710 3199 aliud
1770 3162 1876 3200 non

282 3230 407 3284 leve
450 3229 769 3298 supplicium
820 3229 1043 3286 inducit.
1087 3232 1218 3285 Nam
1249 3233 1482 3287 tumultu
1512 3242 1567 3288 et
1594 3235 1877 3304 perturba-

278 3320 428 3373 tione
453 3320 631 3375 omnia
660 3320 911 3375 interiora
937 3322 1141 3391 replet;
1168 3338 1359 3393 magna
1384 3325 1535 3379 adest
1562 3333 1874 3395 tempestas,

277 3410 631 3478 gravissimus
673 3409 861 3474 dolor,
905 3426 1005 3466 nec
1033 3413 1257 3481 meliore
1302 3415 1610 3469 conditione
1638 3416 1746 3471 erit
1787 3417 1878 3471 ille

277 3501 373 3570 qui
395 3500 513 3555 haec
542 3502 765 3571 patitur,
794 3517 953 3572 quam
982 3504 1019 3559 ii
1043 3506 1132 3574 qui
1160 3506 1389 3560 vinculis
1415 3516 1469 3561 et
1497 3508 1705 3562 catenis
1746 3522 1879 3563 con-

278 3593 459 3647 stricti
478 3590 622 3647 s'unt.
650 3593 715 3648 Et
744 3594 865 3658 illa,
898 3610 1019 3664 quae
1063 3596 1228 3651 telum
1261 3598 1475 3664 emisit,
1506 3612 1650 3668 saepe
1676 3599 1874 3667 avolat,

281 3682 582 3751 vulnusque
606 3689 784 3738 tamen
812 3695 1012 3740 manet.
1035 3683 1148 3739 lmo
1163 3702 1294 3742 vero
1317 3702 1423 3742 non
1447 3688 1537 3742 illa
1562 3689 1722 3744 telum
1744 3691 1878 3744 emi-

279 3772 369 3837 sit,
394 3772 490 3826 sed
520 3782 573 3826 tu
602 3773 717 3839 ipse
748 3774 841 3828 tibi
869 3774 1081 3831 letalem
1112 3777 1320 3846 plagam
1350 3777 1587 3834 inﬂixisti
1608 3820 1623 3844 ,
1656 3782 1745 3850 qui
1771 3782 1875 3835 im-

282 3862 478 3930 pudice
499 3862 721 3933 intuitus
749 3878 829 3919 es.
865 3864 933 3918 Et
960 3865 1077 3919 hac
1103 3866 1223 3921 dico
1242 3906 1259 3933 ,
1287 3876 1348 3921 ut
1374 3868 1593 3937 pudicas
1623 3870 1690 3924 ab
1717 3885 1876 3926 accu-

277 3956 493 4009 satione
521 3954 774 4010 eximam.
807 3954 865 4011 Si
911 3971 1013 4025 qua
1058 3973 1187 4012 vero
1231 3973 1352 4014 sese
1395 3961 1467 4014 ita
1511 3972 1770 4028 exornat,
1819 3972 1878 4018 ut

274 4045 869 4102 obviorum'oculosad
895 4060 954 4102 se
979 4057 1277 4113 convertat,
1306 4051 1516 4105 etiamsi
1545 4052 1749 4106 nullum
1780 4054 1877 4107 ob-

276 4138 423 4191 vium
449 4136 780 4201 confuderit,
814 4146 1083 4193 extremas
1110 4140 1258 4193 dabit
1286 4155 1493 4209 poenas.
1522 4140 1873 4197 Pbarmacum

276 4227 423 4282 enim
470 4226 783 4295 apparavit,
832 4236 888 4283 et
942 4229 1089 4283 virus
1134 4232 1473 4301 composuit,
1524 4236 1625 4288 etsi
1674 4235 1874 4289 nemini

280 4317 529 4385 poculum
584 4318 912 4386 porrexerit;
944 4318 1050 4373 imo
1096 4322 1370 4388 porrexit,
1420 4323 1523 4377 etsi
1579 4340 1737 4379 nemo
1786 4327 1873 4395 qui

276 4408 517 4472 biberet,
548 4409 858 4463 accesserit.
905 4407 1045 4477 Quid
1071 4412 1239 4479 ergo?
1264 4427 1390 4465 num
1419 4413 1580 4467 etiam
1621 4415 1875 4470 mulieres

277 4497 610 4568 alloquitur?
661 4497 793 4566 Quia
839 4498 986 4569 leges
1039 4501 1235 4570 ubique
1284 4517 1599 4559 communes
1656 4506 1872 4573 statuit,

274 4589 487 4646 etiamsi
514 4588 659 4644 viros
684 4598 889 4643 tantum
916 4590 1110 4659 alloqui
1140 4592 1400 4659 videatur,
1433 4596 1591 4664 capiti
1623 4596 1872 4667 loquens,

277 4695 619 4736 communem
652 4682 747 4734 toti
775 4682 990 4750 corpori
1027 4682 1448 4741 admonitionem
1493 4690 1716 4757 profert.
1763 4690 1877 4744 Mu-

278 4771 467 4826 lierem
495 4785 726 4840 namque
750 4782 806 4826 et
838 4775 1009 4827 virum
1042 4788 1203 4828 unum
1249 4777 1400 4832 novit
1426 4791 1546 4833 esse
1571 4780 1793 4847 animal,
1822 4788 1878 4835 et

276 4876 541 4930 nusquam
584 4874 751 4930 genus
794 4862 920 4917 illud
956 4862 1162 4920 dividit.

350 4951 412 5008 ‘5.
442 4949 630 5006 Contra
658 4952 834 5006 luxum
854 4954 1141 5008 mulierum.
1170 4956 1363 5012 Eorum
1381 4960 1468 5029 qui
1498 4976 1589 5015 nos
1613 4962 1873 5015 scandali-

278 5051 401 5095 zant
446 5041 754 5093 conversatio
790 5042 1053 5112 fugienda,
1096 5046 1483 5120 qualescumque
1522 5050 1641 5103 sint.
1688 5050 1877 5105 Contra

281 5130 593 5183 theatrorum
616 5130 1151 5199 :pectacula.—Quod
1173 5136 1215 5189 si
1240 5138 1374 5191 velis
1391 5140 1803 5209 increpationem
1823 5142 1874 5196 in

278 5220 404 5274 illas
433 5220 690 5288 prolatam
717 5222 993 5289 speciatim
1030 5225 1232 5291 audire,
1266 5227 1453 5283 lsaiam
1485 5232 1609 5286 audi
1636 5232 1875 5302 pluribus

279 5310 338 5364 in
373 5308 493 5363 illas
534 5310 875 5365 invehentem
896 5353 911 5379 ,
944 5302 1415 5389 traducentemque
1459 5321 1692 5389 ipsarum
1725 5324 1876 5379 habi-

278 5411 423 5468 tum,
463 5414 763 5470 aspectant,
800 5403 1092 5471 incessum,
1129 5410 1335 5467 tunicas
1367 5412 1511 5468 humi
1542 5414 1873 5487 detinentes,

279 5491 622 5548 lascivientes
643 5494 827 5562 pedes,
842 5495 978 5550 colla
994 5496 1155 5552 fracta
1179 5501 1402 5558 mollitie
1423 5504 1499 5575 (a)
1513 5503 1665 5576 (lsai.
1684 5509 1736 5563 5.
1760 5510 1872 5581 16).

347 5627 364 5657 ¹
402 5624 516 5681 Alii.
549 5630 603 5673 ut
624 5625 881 5677 hominum.

352 5686 427 5748 (a)
462 5689 544 5737 Hic
567 5687 706 5736 lsaia:
730 5689 866 5739 locus
880 5692 949 5741 sic
973 5692 1179 5744 habetur
1202 5698 1392 5759 inLXX,
1419 5697 1558 5750 Isaize
1581 5703 1632 5763 5,
1657 5703 1715 5752 16
1740 5718 1751 5754 :
1780 5713 1875 5758 Pro

834 5896 908 5917 Ἢ

1430 306 1497 363 ΙΝ
1534 309 1941 367 ΜΛΤΤΠᾸΞΙῙΜ
1980 311 2209 371 ﬂOiilL.
2255 315 2418 371 XVII.

3484 331 3592 386 258

1986 425 2127 481 Audi
2165 442 2285 483 cum
2317 430 2407 486 illo
2432 430 2646 488 beatum
2669 432 2891 492 Paulum
2918 418 3115 496 mui'las
3142 440 3276 512 ipsis
3298 441 3447 514 leges
3473 459 3589 501 sta-

1988 524 2245 584 tuentem,
2272 529 2326 575 et
2347 521 2417 578 de
2450 526 2702 592 vestibus,
2742 536 2799 583 et
2822 530 2891 587 de
2914 532 3091 589 aureis
3112 535 3409 603 ornatibus,
3438 547 3492 593 et
3520 542 3590 593 de

1984 613 2358 668 calamistratis
2382 617 2612 686 capillis,
2656 627 2710 673 et
2733 621 2802 676 de
2830 622 3071 690 lascivia,
3096 637 3151 681 et
3178 627 3248 684 de
3274 629 3394 685 aliis
3431 630 3587 686 simi-

1987 701 2125 757 libus
2153 702 2293 759 hunc
2318 720 2502 761 sexum
2536 710 2884 768 vehementer
2912 718 3291 788 corripientem
3336 722 3413 793 (l.
3444 719 3584 777 Tim.

1984 793 2039 845 2.
2066 791 2143 864 9).
2174 794 2418 851 Christus
2445 800 2606 853 etiam
2650 802 2703 855 in
2733 808 3079 874 sequentibus
3106 791 3440 882 aenigmatice
3484 812 3589 867 hoc

1987 885 2161 954 ipsum
2203 886 2468 953 declarat;
2512 907 2633 946 cum
2662 896 2805 951 enim
2843 898 2995 963 dicit,
3035 900 3202 967 Erue,
3238 904 3493 960 exscinde
3533 906 3587 960 id

1985 977 2126 1046 quod
2158 987 2208 1032 te
2243 979 2587 1046 scandalizat,
2638 986 2772 1040 iram
2815 989 3073 1045 adversus
3117 994 3238 1049 illas
3264 996 3586 1050 concitatam

1986 1068 2221 1125 exhibet.
2266 1071 2392 1139 ideo
2429 1075 2705 1144 subjunxit
2747 1098 2761 1134 :
2801 1080 2892 1135 29.
2945 1081 3009 1137 Si
3052 1085 3229 1140 oculus
3259 1095 3376 1142 tuus
3413 1088 3593 1143 dexter
3684 1124 3687 1127 ν

1986 1162 2302 1217 scandalizat
2317 1172 2383 1231 te,
2405 1182 2521 1221 erue
2538 1185 2672 1235 eum,
2692 1168 2750 1224 et
2763 1172 2957 1243 projire
2981 1175 3071 1229 abs
3092 1184 3156 1229 te.
3182 1176 3260 1231 Ne
3273 1178 3417 1248 enim
3438 1179 3588 1235 dice-

1986 1268 2108 1316 res,
2148 1254 2285 1321 Quid
2330 1271 2482 1327 ergo,
2516 1260 2562 1313 si
2587 1272 2811 1330 cognata
2844 1279 2959 1320 mea
2999 1267 3107 1321 sit?
3142 1269 3290 1338 quid,
3334 1271 3380 1327 si
3410 1271 3588 1341 aliqua

1986 1345 2116 1399 mihi
2156 1349 2548 1406 necessitudine
2562 1352 2787 1421 juncta?
2813 1356 2936 1411 ideo
2958 1357 3072 1413 haec
3100 1361 3362 1431 praecipit,
3391 1377 3496 1416 non
3519 1362 3591 1418 de

1986 1439 2241 1493 membris
2268 1440 2510 1511 loquens,
2542 1444 2683 1498 absit
2710 1464 2723 1500 :
2756 1462 3016 1518 nusquam
3042 1452 3185 1505 enim
3212 1452 3344 1507 dixit
3362 1452 3588 1508 crimina

1987 1526 2053 1580 ad
2083 1543 2298 1583 carnem
2346 1534 2644 1603 pertinere;
2685 1536 2781 1591 seri
2820 1542 3090 1595 accusatio
3125 1557 3341 1612 pravam
3372 1559 3589 1616 semper

1991 1618 2319 1677 voluntatem
2346 1633 2571 1691 spectat.
2604 1626 2788 1697 Neque
2817 1631 2960 1685 enim
2990 1633 3178 1689 oculus
3207 1642 3331 1691 tuus
3359 1644 3462 1700 est,
3488 1636 3583 1706 qui

1986 1711 2153 1774 videt,
2186 1714 2281 1769 sed
2313 1729 2465 1770 mens
2492 1726 2545 1769 et
2569 1718 2839 1786 cogitatio.
2862 1720 3018 1791 Saepe
3046 1738 3277 1794 namque
3301 1725 3459 1781 nobis
3479 1728 3588 1782 alio

1986 1805 2285 1870 conversis,
2326 1820 2423 1861 eos
2454 1808 2546 1876 qui
2576 1818 2871 1878 pausantes
2906 1823 3032 1866 sunt
3058 1830 3162 1869 non
3191 1815 3338 1870 videt
3356 1816 3585 1872 oculus:

1986 1894 2169 1963 itaque
2215 1903 2385 1951 totum
2430 1912 2535 1951 non
2580 1908 2663 1954 est
2710 1900 2849 1974 illius
2876 1912 3018 1957 actui
3064 1904 3495 1961 adscribendum.
3528 1907 3588 1962 Si

1987 1988 2129 2040 enim
2179 1986 2246 2041 de
2295 1991 2553 2046 membris
2596 1991 2923 2063 loqueretur,
2970 2011 3077 2049 non
3118 1997 3187 2052 de
3233 2012 3340 2053 uno
3382 1998 3589 2056 diceret

1988 2078 2164 2141 oculo,
2198 2092 2371 2149 neque
2412 2080 2659 2137 dextrum
2691 2084 2867 2140 solum
2913 2087 3203 2156 posuisset,
3249 2089 3345 2145 sed
3373 2092 3584 2146 ambos.

1986 2166 2117 2221 Nam
2145 2169 2235 2238 qui
2268 2185 2299 2223 a
2327 2170 2519 2226 dextro
2548 2175 2963 2243 scandalizatur,
2996 2179 3227 2249 idipsum
3257 2180 3398 2236 haud
3425 2182 3589 2239 dubie

1987 2260 2220 2326 patietur
2243 2276 2271 2312 a
2300 2262 2539 2316 sinistro.
2567 2264 2674 2318 Cur
2712 2281 2842 2336 ergo
2865 2267 3117 2331 dextrum.
3147 2270 3360 2325 oculum
3384 2274 3585 2341 posuit,

1987 2358 2041 2402 ct
2066 2364 2281 2403 manum
2306 2346 2541 2421 adjecit?
2574 2353 2639 2408 Ut
2668 2356 2846 2411 discas
2875 2373 2981 2412 non
3009 2359 3076 2413 de
3096 2361 3353 2416 membris
3379 2377 3587 2418 sermo-

1986 2455 2108 2494 nem
2140 2456 2281 2506 esse,
2312 2444 2405 2498 sed
2437 2446 2503 2499 de
2544 2446 2609 2498 iis
2633 2448 2721 2516 qui
2747 2449 2902 2502 nobis
2927 2451 3159 2506 amicitia
3187 2452 3503 2523 junguntur.
3529 2453 3587 2510 Si

1985 2535 2287 2604 quempiam
2314 2538 2383 2590 ita
2406 2551 2574 2601 amas,
2608 2540 2797 2608 inquit,
2839 2549 2899 2595 ut
2919 2557 3041 2597 eum
3071 2543 3277 2599 dexteri
3304 2546 3445 2601 oculi
3468 2547 3589 2601 loco

1986 2642 2175 2697 ponas,
2200 2639 2290 2683 aut
2313 2630 2383 2683 ita
2409 2630 2501 2684 tibi
2533 2632 2717 2686 utilem
2748 2642 2923 2702 putas,
2948 2642 3006 2688 ut
3023 2649 3119 2704 pro
3147 2651 3306 2693 manu
3328 2636 3476 2692 illum
3499 2637 3588 2692 ha-

1984 2720 2134 2781 beas,
2177 2722 2221 2772 si
2266 2721 2413 2774 laedit
2437 2723 2669 2776 animam
2710 2732 2892 2789 tuam,
2924 2735 2980 2781 et
3021 2726 3167 2782 hunc
3202 2727 3476 2784 abscinde.
3522 2730 3590 2785 Et

1982 2813 2090 2866 vim
2130 2813 2257 2867 dicti
2298 2814 2589 2882 perpende.
2626 2815 2741 2869 Non
2785 2818 2931 2872 enim
2975 2818 3131 2886 dixit,
3181 2819 3459 2889 Abscede;
3489 2823 3587 2880 sed

1984 2905 2269 2958 maximam
2293 2907 2685 2972 separationem
2710 2908 2976 2976 indicans,
3002 2909 3158 2976 Erue,
3184 2915 3445 2989 inquit,“
3466 2933 3587 2986 ρτο·

1973 2996 2078 3065 jice
2105 2995 2193 3050 abs
2232 3005 2295 3048 le.
2329 2996 2530 3051 Deinde
2553 3002 2676 3068 quia
2720 3016 2911 3055 severe
2940 3015 3294 3072 prmceperat,
3333 3010 3588 3079 utrinque

1985 3085 2192 3139 lucrum
2219 3102 2340 3141 esse
2368 3086 2545 3152 docet,
2589 3098 2642 3143 et
2668 3105 2732 3143 ex
2759 3090 2915 3147 bonis
2941 3103 2995 3147 et
3020 3108 3083 3148 ex
3114 3097 3291 3162 malis,
3318 3098 3370 3153 in
3395 3100 3586 3157 eadem

1982 3175 2295 3244 metaphora
2321 3178 2577 3232 insistens
2604 3196 2617 3232 :
2646 3178 2875 3250 Expedit
2902 3184 3037 3237 enim
3065 3186 3174 3252 tibi,
3206 3187 3396 3258 inquit,
3423 3200 3480 3244 ut
3501 3209 3589 3261 pe-

1981 3274 2090 3319 reat
2130 3283 2289 3319 unum
2335 3268 2675 3323 membrorum
2716 3281 2938 3339 tuorum,
2970 3284 3021 3327 et
3059 3293 3161 3330 non
3202 3288 3363 3333 totum
3401 3297 3588 3354 corpus

1982 3366 2125 3411 tuum
2151 3359 2381 3412 mittatur
2401 3360 2455 3413 in
2484 3363 2786 3431 gehennam.
2812 3360 2943 3419 Cum
2976 3368 3118 3422 enim
3147 3386 3321 3441 neque
3343 3374 3586 3444 seipsum

1980 3459 2179 3514 servet,
2208 3459 2263 3529 et
2295 3461 2347 3508 te
2371 3466 2553 3507 secum
2584 3454 2795 3523 perdat,
2834 3471 2953 3527 quae
2978 3438 3282 3517 humanitas
3306 3438 3451 3520 esset
3470 3480 3588 3519 am-

1982 3540 2052 3597 bo
2076 3541 2325 3612 perdere.
2366 3557 2487 3598 cum
2530 3543 2688 3599 liceat
2727 3546 2793 3600 iis
2822 3551 3088 3617 separatis
3118 3566 3283 3606 unum
3327 3557 3587 3612 servare?

1981 3633 2094 3689 Cur
2112 3635 2254 3689 enim
2278 3635 2475 3691 Paulus
2491 3636 2713 3706 optabat
2736 3639 3023 3696 anathema
3046 3658 3169 3698 esse
3192 3642 3372 3716 (Rom.
3402 3649 3452 3703 9.
3486 3647 3543 3721 ὅ)
3562 3649 3587 3701 γ

1980 3724 2097 3780 Non
2121 3726 2191 3780 ita
2220 3735 2276 3780 ut
2300 3726 2434 3781 nihil
2456 3728 2579 3782 inde
2604 3728 2738 3783 lucri
2758 3731 3100 3798 accederet‘,
3125 3735 3221 3790 sed
3247 3748 3305 3791 ut
3323 3738 3461 3793 alios
3479 3754 3587 3796 scr-

1980 3825 2149 3872 varet.
2186 3816 2281 3873 llic
2306 3826 2483 3872 autem
2516 3818 2791 3889 utriusque
2820 3822 3075 3878 damnum
3105 3834 3191 3880 est
3216 3843 3230 3879 :
3259 3839 3587 3899 quapropter

1981 3924 2088 3963 non
2117 3908 2251 3962 dixit
2273 3919 2498 3975 uultum,
2531 3908 2706 3977 Erue;
2745 3912 2844 3967 sed
2868 3915 3051 3979 etiam,
3083 3918 3275 3987 profice
3299 3919 3391 3974 abs
3415 3930 3482 3985 te,
3512 3923 3585 3977 ita

1982 4010 2037 4053 ut
2064 4015 2352 4069 numquam
2393 4010 2628 4069 repetas,
2672 4003 2717 4054 si
2763 4003 2883 4056 talis
2922 4008 3201 4061 manserit.
3230 4008 3320 4064 Sic
3344 4011 3487 4066 enim
3530 4025 3587 4067 et

1982 4090 2129 4144 illum
2156 4090 2343 4159 majori
2381 4089 2917 4151 crimine'liberabis.
2944 4106 2997 4150 et
3026 4100 3252 4167 teipsum
3290 4116 3317 4153 a
3348 4101 3586 4169 pernicie

1981 4180 2195 4249 eripies.
2242 4180 2313 4236 Ut
2338 4188 2515 4236 autem
2556 4182 2751 4236 clarius
2796 4184 2927 4254 legis
2955 4189 3237 4245 utilitatem
3268 4194 3581 4264 perapicias,

1981 4271 2026 4324 si
2054 4271 2245 4340 placet,
2271 4271 2324 4325 in
2350 4285 2578 4340 corpore
2598 4274 2831 4345 exempli
2852 4290 3014 4330 causa
3038 4278 3088 4331 id
3117 4281 3259 4349 quod
3281 4282 3479 4338 dictum
3501 4296 3585 4340 est

1981 4364 2344 4433 exploremus.
2388 4366 2445 4418 Si
2478 4366 2621 4420 enim
2650 4368 2799 4437 Optio
2825 4367 3066 4435 daretur,
3099 4387 3162 4427 ac
3195 4388 3418 4431 necesse
3441 4390 3585 4432 esset

1981 4466 2073 4510 aut
2100 4457 2315 4511 oculum
2348 4455 2635 4513 habentem
2662 4459 2856 4527 conjici
2885 4465 2940 4515 in
2970 4462 3166 4517 fossam
3189 4475 3245 4520 et
3270 4469 3467 4536 perire,
3490 4482 3585 4526 ant

1981 4547 2076 4600 illo
2100 4556 2275 4613 crnto,
2312 4547 2581 4618 reliquum
2628 4563 2823 4619 corpus
2848 4554 3051 4608 servari
3092 4570 3105 4608 :
3153 4570 3333 4613 annon
3375 4570 3584 4629 postre-

1982 4652 2126 4691 mum
2172 4638 2395 4692 malles?
2423 4637 2477 4691 Id
2523 4640 2724 4693 nemini
2770 4656 2875 4695 non
2916 4644 3257 4703 manifestum
3296 4661 3399 4705 est.
3450 4651 3582 4709 illud

1980 4730 2123 4784 enim
2154 4744 2256 4783 non
2284 4738 2426 4785 esset
2460 4733 2673 4787 oculum
2714 4734 2913 4802 odisse,
2946 4739 3043 4793 sed
3086 4742 3351 4811 reliquum
3387 4759 3583 4814 corpus

1980 4835 2180 4874 amare.
2222 4821 2337 4876 Hoc
2368 4836 2533 4891 porro
2552 4824 2700 4881 etde
2720 4830 2849 4882 viris
2875 4830 3049 4899 cogita
3076 4840 3129 4886 et
3150 4833 3218 4889 de
3245 4836 3573 4893 mulieribus.

1980 4909 2112 4963 Nam
2144 4912 2186 4963 si
2214 4911 2279 4975 is,
2305 4913 2395 4981 qui
2424 4921 2476 4968 te
2498 4914 2643 4968 laedit
2667 4918 2919 4981 amando,
2950 4920 3260 4977 incurabilis
3287 4936 3487 4993 manet,
3530 4940 3583 4983 ei

1981 5000 2025 5053 si
2051 5000 2320 5055 abscissus
2360 5003 2450 5069 sit,
2485 5014 2536 5059 te
2559 5005 2626 5059 ab
2648 5008 2792 5061 omni
2821 5012 3059 5078 pernicie
3086 5012 3332 5070 liberabit
3366 5033 3383 5070 :
3426 5017 3504 5072 sic
3534 5030 3590 5075 et

1984 5090 2096 5158 ipse
2134 5106 2163 5143 a
2205 5090 2498 5160 majoribus
2550 5096 2807 5165 eripietur
2843 5100 3179 5171 criminibus,
3223 5121 3396 5177 neque
3442 5108 3584 5164 ultra

1980 5198 2100 5238 cum
2131 5196 2467 5253 peccatorum
2494 5202 2715 5241 suorum
2742 5191 2971 5259 ratione,
2996 5197 3255 5252 rationem
3276 5201 3440 5255 etiam
3462 5217 3586 5271 ρει-η

1981 5274 2138 5329 niciei
2166 5283 2268 5329 tua:
2305 5276 2546 5332 daturus.
2580 5278 2717 5335 Vide
2743 5292 2941 5350 quanta
2981 5291 3391 5347 mansuetudine
3426 5294 3583 5363 plena

1982 5365 2068 5422 lex
2106 5376 2208 5434 est,
2250 5377 2445 5438 quanta
2486 5370 2854 5439 providentia?
2881 5386 2935 5430 et
2965 5393 3083 5447 quas.
3120 5397 3149 5433 a
3195 5382 3379 5438 multis
3418 5385 3581 5439 nimia

1980 5522 2195 5593 adquod
2234 5520 2431 5593 eletjata:
2461 5531 2572 5593 sunt
2596 5525 2880 5593 ﬁlitesion,
2905 5536 2951 5580 et
2982 5533 3346 5589 mnbuhwermtt
3386 5544 3587 5587 summa

1982 5584 2125 5663 Eolla,
2147 5584 2679 5663 stantibusocumr'um
2698 5584 2919 5663 ibmtt._'et
2939 5594 2989 5642 in
3012 5584 3401 5663 incessum—dunt
3416 5584 3586 5653 traiic-

1981 5647 2092 5724 bant
2103 5647 2313 5724 amicus,
2337 5655 2383 5699 et
2403 5649 2711 5724 lasciuiebant
2733 5656 2937 5724 pedibus
2959 5658 3078 5724 suis.

2049 5712 2062 5738 ι
2099 5708 2314 5769 Quidam,
2338 5724 2432 5761 non
2449 5711 2517 5761 ita
2540 5719 2589 5761 ut
2613 5708 2992 5769 imminentium
3013 5720 3211 5782 faceret,
3231 5732 3328 5773 etc.
