4124 6302
597 311 701 366 εδει
1310 302 1366 356 s.
1408 299 1685 358 JOANNIS
1719 295 2195 353 cunvsosrosn
2233 296 3111 359 ARCHIEP.CONS’1ANTINOP.

591 425 847 481 severitas
863 366 1226 482 essii’itdelur,
1244 424 1493 486 quantam
1519 411 1737 468 exhibet
1750 411 2160 481 benignitatem?

590 515 715 572 ilice
736 514 953 569 audiant
979 512 1010 565 ii
1038 511 1125 581 qui
1153 508 1218 562 ad
1249 507 1449 561 theatra
1473 510 1774 574 properant,
1806 512 1862 557 et
1888 514 2007 557 sese
2032 517 2163 568 quo-

590 608 716 663 tidie
742 605 1269 673 mmehosprmstant.
1287 599 1417 653 Nam
1433 594 1880 650 si'cousuetudine
1893 592 2156 660 junctum,

586 700 679 754 sed
708 698 1043 760 damnosum,
1072 694 1154 748 lex
1173 692 1321 761 jubet
1348 686 1677 748 abscindere,
1707 697 1864 753 quam
1894 682 2159 750 purgatio-

586 806 706 845 nem
735 791 962 843 habeant
980 786 1069 857 qui
1093 782 1321 839 nondum
1345 778 1444 833 sibi
1466 786 1640 835 notos.
1659 775 1727 830 ibi
1754 772 2154 837 eommorando,

587 879 817 951 quotidie
848 877 1175 949 pertrahunt,
1203 882 1255 925 et
1286 878 1562 925 sexcentas
1588 865 1685 921 sibi
1715 873 2025 933 comparant
2064 879 2159 918 ex-

583 973 703 1027 cidii
741 972 931 1025 ansas?
958 968 1071 1022 Non
1110 964 1271 1020 modo
1298 964 1438 1017 enim
1465 958 1729 1030 impudice
1752 958 2019 1028 respicere
2046 970 2154 1011 non

582 1056 851 1123 concedit;
897 1057 988 1112 sed
1029 1057 1149 1126 quia
1178 1053 1396 1123 hujusce
1424 1051 1501 1105 rei
1530 1048 1780 1104 damnum
1814 1045 2149 1111 monstravit,

582 1156 745 1224 legem
777 1152 994 1207 ulterius
1022 1147 1277 1209 extendit,
1306 1144 1619 1201 abscindere
1642 1142 1852 1213 iubens,
1890 1140 2151 1210 longeque

578 1245 836 1317 projicere
872 1258 886 1295 :
918 1250 974 1297 et
1016 1241 1129 1295 haec
1175 1239 1265 1295 ille
1294 1239 1408 1307 lege
1448 1236 1653 1298 statuit,
1700 1235 1788 1303 qui
1826 1231 1894 1287 de
1930 1233 2148 1287 caritate

574 1336 868 1389 sexcenties
915 1333 1162 1401 loquutus
1204 1337 1305 1390 est,
1347 1337 1404 1381 ut
1433 1326 1676 1394 utrinque
1704 1324 1819 1391 ejus
1863 1323 2141 1391 providen—

574 1427 698 1479 tiam
728 1424 967 1487 ediscas,
1012 1428 1067 1474 et
1105 1417 1371 1487 quomodo
1407 1416 1639 1484 undique
1682 1414 1958 1468 utilitatem
2000 1422 2142 1467 tuam

571 1515 823 1584 requirat.
873 1512 960 1566 51.
989 1508 1193 1563 Dictum
1226 1517 1298 1561 est
1324 1515 1487 1558 autem
1517 1520 1536 1557 :
1568 1503 1875 1571 Quicumque
1902 1502 2144 1556 dimiserit

569 1621 775 1659 uxorem
814 1618 975 1665 suam,
1023 1601 1102 1653 det
1143 1600 1221 1653 illi
1256 1597 1480 1651 libellum
1507 1594 1705 1663 repudii
1734 1593 1907 1662 (Deut.
1943 1593 2031 1647 ει.
2061 1594 2137 1663 1).

568 1698 654 1753 52.
686 1696 796 1766 Ego
819 1704 982 1749 autem
997 1694 1109 1745 dico
1136 1690 1269 1745 vobis
1292 1707 1310 1743 :
1340 1687 1646 1755 Quicumque
1668 1686 1908 1739 dimiserit
1932 1701 2140 1739 amorem

565 1810 728 1858 suam,
756 1799 963 1859 excepta
989 1804 1142 1842 causa
1167 1782 1511 1855 fornicationis
1528 1821 1544 1847 ,
1572 1782 1691 1851 facit
1720 1797 1829 1834 eam
1854 1780 2089 1833 maecftari
2115 1796 2136 1834 :

562 1895 609 1941 et
628 1886 712 1954 qui
736 1883 991 1937 dimissam
1015 1878 1235 1941 duxerit,
1265 1878 1556 1929 metiatur.

631 1978 685 2031 4.
708 1973 990 2044 Repudium
1005 1969 1241 2025 adulterii
1255 1966 1457 2037 species.
1488 1962 1589 2018 Cur
1607 1962 1828 2017 libellum
1844 1958 2043 2029 repudii
2057 1959 2138 2013 lea:

561 2077 697 2121 uetus
714 2064 1007 2135 permiserit.
1024 2059 1216 2115 --Νοη
1244 2057 1387 2126 prius
1414 2056 1481 2110 ad
1512 2054 1756 2109 ulteriora
1781 2050 2131 2121 progreditur,

558 2158 659 2214 nisi
677 2156 850 2227 priora
879 2154 1041 2224 probe
1060 2166 1125 2206 ex
1138 2147 1450 2219 purgaverit.
1471 2145 1605 2199 Ecce
1629 2143 1770 2198 enim
1796 2142 1952 2196 aliam
1978 2140 2131 2197 nobis

558 2261 743 2301 rursus
780 2243 1012 2300 ostendit
1053 2238 1300 2295 adulterii
1327 2236 1579 2305 speciem.
1610 2232 1861 2301 Quanam
1888 2241 1969 2286 est
1998 2231 2131 2286 illa?

556 2336 665 2391 Lex
694 2344 808 2390 erat
832 2343 1002 2397 vetus,
1043 2347 1186 2396 eum,
1213 2330 1303 2401 qui
1329 2340 1660 2398 quacumque
1698 2339 1765 2379 ex
1790 2336 1948 2378 causa
1993 2338 2128 2376 uxo-

555 2443 669 2485 rem
697 2440 846 2480 snam
885 2426 1107 2489 odisset,
1137 2422 1279 2476 illam
1324 2418 1622 2489 repudiare,
1650 2426 1703 2470 et
1738 2414 1896 2469 aliam
1936 2414 2132 2469 ducere

554 2534 662 2574 non
700 2516 990 2587 prohiberi.
1016 2512 1199 2581 Neque
1240 2509 1371 2565 illud
1410 2518 1584 2562 tamen
1614 2506 1925 2575 simpliciter
1952 2503 2131 2560 facere

552 2613 639 2668 lex
663 2611 900 2681 iubebat,
940 2606 1032 2661 sed
1063 2612 1182 2675 post
1207 2604 1388 2656 datum
1427 2600 1577 2654 uxori
1619 2599 1852 2654 libellum
1897 2596 2125 2666 repudii,

552 2704 623 2758 ita
652 2707 709 2755 ut
732 2714 837 2753 non
862 2704 1042 2767 posset
1069 2693 1258 2749 iterum
1284 2690 1351 2744 ad
1374 2690 1520 2745 illum
1540 2696 1828 2751 revertere,
1856 2694 1914 2740 ut
1936 2685 2123 2769 saltem

550 2788 869 2845 matrimonii
915 2784 1082 2855 ﬁgura
1110 2790 1368 2838 maneret.
1401 2780 1509 2834 Nisi
1532 2780 1672 2834 enim
1704 2778 1803 2831 hoc
1837 2777 2126 2846 praecepis-

550 2894 652 2947 set,
691 2892 745 2935 et
785 2882 830 2933 si
868 2879 1103 2932 licuisset
1121 2875 1261 2929 illam
1287 2871 1564 2941 repudiare
1591 2880 1644 2923 et
1681 2869 1836 2923 aliam
1862 2869 2123 2936 accipere,

548 2972 845 3039 deindeque
875 2969 1106 3039 priorem
1144 2966 1422 3027 reducere,
1451 2976 1637 3028 magna
1671 2960 1839 3015 futura
1884 2959 2127 3014 confusio

550 3072 687 3125 erat,
731 3059 977 3114 omnibus
1026 3055 1228 3110 alienas
1272 3068 1463 3107 mores
1506 3051 1727 3105 alternis
1770 3050 1975 3105 vicibus
2019 3050 2125 3106 fre-

548 3163 771 3224 quenter
795 3146 1204 3218 accipientibus,
1240 3142 1660 3209 adulteriumque
1699 3140 2037 3195 manifestum
2067 3141 2121 3194 id

550 3256 767 3313 prorsus
809 3239 1014 3294 fuisset.
1061 3235 1394 3303 Quapropter
1422 3245 1526 3284 non
1558 3244 1771 3298 parvam
1801 3231 2121 3285 consolatio-

552 3346 672 3387 nem
698 3327 1030 3398 excogitavit,
1070 3322 1305 3377 lihellum
1336 3334 1526 3388 nempe
1553 3318 1775 3387 repudii.
1806 3317 1919 3374 Hoc
1963 3334 2121 3388 porro

551 3422 848 3476 factum‘est
876 3416 941 3471 ad
968 3414 1125 3469 aliam
1153 3413 1319 3466 multo
1346 3410 1600 3478 majorem
1640 3409 1904 3462 vitandam
1932 3410 2119 3479 nequi-

550 3512 689 3565 tiam.
741 3507 795 3563 Si
816 3509 959 3562 enim
996 3516 1219 3558 exesam
1265 3499 1608 3570 praecepisset
1648 3499 1897 3563 retineri,
1944 3500 1991 3553 is
2027 3500 2118 3569 qui

546 3598 731 3654 oderat
749 3595 1028 3650 occidisset
1050 3608 1065 3645 :
1093 3590 1215 3645 talis
1232 3590 1425 3659 quippe
1452 3596 1568 3642 erat
1590 3585 1891 3641 Judaiorntn
1912 3589 2056 3642 natio
2074 3590 2113 3645 ί.

546 3686 675 3742 Nam
706 3686 793 3756 qui
825 3700 892 3740 ne
920 3683 1043 3738 filiis
1064 3682 1277 3750 quidem
1305 3679 1613 3749 parcebant,
1647 3677 1928 3745 prophetas
1957 3679 2121 3733 inter-

545 3779 809 3842 ficiebant,
848 3775 1262 3845 sanguinemque
1288 3778 1345 3823 ut
1371 3784 1561 3839 aquam
1601 3768 1908 3833 fundebant,
1952 3770 2118 3824 multo

543 3870 719 3923 minus
760 3865 1009 3921 uxoribus
1038 3863 1415 3932 pepercissent.
1461 3858 1583 3913 Ideo
1621 3858 1760 3928 quod
1799 3860 1973 3915 minus
1999 3871 2114 3915 erat

542 3960 804 4029 permisit,
832 3968 888 4012 ut
909 3956 1051 4027 quod
1072 3955 1240 4024 majus
1262 3960 1377 4007 erat
1404 3950 1758 4006 exscinderet.
1790 3953 1941 4018 Quod
1969 3953 2111 4008 enim

542 4047 657 4103 haec
678 4046 761 4101 lex
789 4060 895 4099 non
919 4060 952 4100 e
978 4041 1257 4115 precipuis
1279 4046 1442 4105 esset,
1470 4039 1593 4093 audi
1612 4039 1738 4109 quid
1756 4040 2009 4096 Servatur
2031 4043 2113 4096 di-

538 4148 625 4192 cat
656 4154 670 4190 :
704 4135 905 4206 Moyses
948 4134 1016 4186 ad
1060 4132 1301 4185 duritiam
1348 4129 1513 4183 cordis
1560 4132 1706 4183 uestri
1755 4133 1859 4184 hau:
1909 4134 2112 4199 scripsit

535 4228 752 4305 (Matth.
792 4228 881 4282 19.
922 4226 998 4294 8),
1034 4239 1100 4277 ne
1143 4224 1284 4276 intus
1325 4220 1648 4286 mactaretis,
1688 4222 1779 4275 sed
1824 4222 2109 4290 ejiceretis.

532 4320 668 4387 Quia
696 4330 822 4374 vero
842 4316 929 4368 ille
953 4315 1082 4367 iram
1109 4325 1322 4393 omnem
1342 4308 1575 4375 sustulit,
1601 4324 1707 4363 non
1729 4311 1930 4366 erdem
1952 4314 2112 4367 modo

532 4420 737 4473 vetans,
768 4409 860 4464 sed
904 4405 1039 4459 iram
1072 4404 1229 4455 etiam
1254 4397 1540 4455 excludens
1568 4417 1581 4454 :
1610 4398 1763 4455 facile
1788 4400 1925 4456 hanc
1951 4402 2110 4457 indu-

530 4500 605 4554 cit
632 4499 822 4568 legem.
854 4498 1079 4566 Ideoque
1110 4492 1344 4563 priorum
1376 4504 1587 4560 semper
1610 4491 1892 4546 verborum
1920 4496 2107 4549 memi~

531 4590 629 4653 nit,
668 4598 723 4642 ut
748 4586 1012 4648 ostendat,
1040 4601 1102 4638 se
1140 4598 1245 4638 nott
1272 4580 1538 4633 contraria
1566 4579 1699 4644 illis,
1740 4581 1833 4635 sed
1870 4596 2105 4638 consona

530 4679 707 4735 dicere
734 4697 747 4732 :
778 4679 863 4732 illa
884 4677 1194 4740 extendens,
1224 4689 1327 4729 non
1351 4682 1627 4737 evertens;
1654 4672 1964 4740 emendans,
1996 4690 2104 4730 non

528 4771 758 4824 solvens.
792 4768 1060 4837 i’crpcude
1085 4778 1261 4821 autem
1292 4766 1438 4819 illum
1464 4777 1678 4835 semper
1703 4763 1769 4818 ad
1802 4765 1968 4820 virum
1989 4782 2104 4822 ser-

526 4874 739 4913 monem
784 4860 1003 4912 referre.
1047 4856 1148 4923 Qui
1197 4851 1420 4917 dimittit,
1452 4854 1647 4925 inquit,
1691 4869 1893 4909 uxorein
1932 4873 2099 4922 suam,

528 4949 649 5016 facit
679 4963 787 5000 eum
827 4946 1066 5000 mmelzari
1088 4961 1107 5009 ,'
1154 4959 1199 4999 et
1237 4946 1325 5014 qui
1375 4946 1635 5000 dimissam
1681 4943 1844 5007 ducit,
1885 4950 2105 5001 moecha-

526 5048 626 5091 tur.
676 5037 765 5092 Ille
805 5042 981 5103 enim,
1013 5048 1064 5092 et
1104 5039 1147 5091 si
1180 5038 1395 5091 alteram
1430 5052 1534 5091 non
1561 5036 1802 5101 duxerit,
1854 5036 1956 5094 hoc
1985 5038 2102 5106 ipso

526 5143 587 5183 se
646 5128 882 5183 criminis
941 5142 1093 5184 reum
1148 5126 1453 5194 constituit,
1514 5126 1654 5193 quod
1708 5142 1824 5195 eam
1886 5130 2092 5184 adulte-

523 5231 639 5273 ram
684 5219 837 5274 faeiat
863 5236 878 5274 :
902 5218 987 5274 hic
1019 5234 1167 5282 vero,
1196 5218 1337 5290 quod
1377 5217 1604 5274 alienam
1645 5222 1820 5286 ducat,
1856 5223 2097 5279 mtechus

523 5321 578 5379 ct
624 5311 734 5375 ipse
774 5311 849 5364 fit.
890 5309 967 5365 Ne
1017 5309 1146 5364 mihi
1192 5309 1335 5365 enim
1386 5308 1553 5375 dicas,
1606 5307 1699 5364 Ille
1750 5312 1906 5378 ejecit
1936 5328 2094 5370 :uam

523 5402 693 5467 ejecta
722 5401 892 5455 adhuc
918 5411 1099 5457 manet
1126 5401 1385 5469 ejicientis
1416 5416 1569 5456 uxor.
1603 5401 1803 5458 Deinde
1829 5420 1897 5458 ne
1926 5415 2094 5462 totum

523 5488 816 5555 conjicieus
844 5490 896 5543 in
922 5489 1254 5559 ejicientem,
1286 5491 1704 5559 arrogantiorem
1736 5491 1933 5550 faceret
1960 5510 2093 5550 uso-

524 5591 658 5633 rem.
706 5577 871 5646 ipsam
894 5581 1137 5650 accipere
1160 5580 1354 5635 volenti
1393 5580 1610 5650 januam
1652 5583 1850 5639 claudit
1888 5586 2090 5655 dicens,

586 5674 604 5699 ι
640 5665 748 5722 alii.
770 5669 889 5721 tates
908 5668 1086 5734 quippe
1106 5676 1246 5722 erant
1262 5672 1543 5723 πάροι-ιτα
1563 5688 1736 5727 orares.

2276 410 2378 477 Qui
2405 411 2663 465 dimissam
2690 412 2910 480 duxerit,
2942 416 3239 479 moechatur,
3267 433 3484 474 uxorem
3513 423 3596 477 vel
3642 425 3856 484 invitam

2266 501 2509 569 pudicam
2540 502 2788 569 reddens,
2815 514 2868 560 et
2891 506 2957 560 ad
2978 507 3141 563 alium
3166 511 3337 565 virum
3361 512 3562 569 aditum
3585 517 3688 587 ipsi
3715 524 3855 580 clau.

2265 591 2418 657 deus,
2458 608 2555 647 nec
2586 597 2897 662 permittens
2932 598 3218 654 simultatis
3253 594 3441 658 ansam
3476 608 3737 675 pneberc.
3766 614 3857 671 [lla

2265 697 2490 753 namque
2513 699 2634 739 cum
2659 686 2923 753 didicerit,
2953 703 3171 758 prorsus
3201 698 3564 753 necessarium
3592 716 3735 769 esse,
3766 720 3854 761 aut

2262 773 2431 827 virum
2462 774 2551 844 qui
2576 775 2675 830 sibi
2704 777 2772 831 ab
2794 779 2948 834 initio
2987 791 3132 837 sorte
3167 786 3462 854 contigerat
3492 789 3723 856 habere;
3765 807 3853 850 aut

2259 862 2305 916 si
2323 880 2357 917 e
2381 864 2543 919 domo
2567 867 2655 921 illa
2683 870 3006 937 egrediatur,
3030 874 3229 928 nullum
3258 875 3358 930 sibi
3396 880 3539 935 aliud
3565 897 3853 953 superesse

2258 952 2538 1023 refugium,
2584 957 2665 1012 vel
2693 958 2854 1013 invita
2884 973 3105 1031 cogetur
3136 966 3414 1037 eoujugem
3445 952 3651 1028 amare,
3670 991 3849 1033 suum.

2256 1041 2313 1096 Si
2345 1059 2472 1100 vero
2501 1046 2631 1102 nihil
2654 1047 2753 1118 ipsi
2778 1050 2876 1105 hac
2903 1052 2972 1107 de
2997 1067 3055 1107 re
3079 1053 3344 1124 loquatur,
3378 1074 3445 1114 ne
3470 1063 3681 1118 mireris
3716 1083 3731 1117 :
3765 1068 3849 1121 iu-

2254 1135 2456 1192 flrmior
2481 1140 2622 1195 enim
2666 1140 2858 1198 mulier
2881 1154 2984 1199 est.
3011 1145 3344 1218 Quapropter
3379 1152 3469 1208 illa
3494 1154 3740 1221 dimissa,
3769 1162 3851 1216 vi-

2253 1239 2343 1281 ros
2369 1229 2528 1283 minis
2556 1231 2807 1287 terrendo
2851 1235 3129 1290 mulierem
3160 1254 3370 1308 quoque
3398 1245 3667 1300 emendat.
3704 1245 3775 1304 Ut
3801 1251 3847 1305 si

2249 1318 2369 1385 quis
2398 1320 2564 1375 filium
2596 1323 2799 1378 habens
2842 1326 3118 1393 lascivum,
3153 1330 3244 1384 illo
3271 1331 3513 1401 dimisso,
3542 1336 3648 1391 illis
3677 1340 3846 1396 inter-

2249 1408 2498 1474 minetur,
2529 1413 2618 1477 qui
2661 1413 2820 1469 talem
2853 1416 3027 1484 ipsum
3056 1417 3368 1484 effecerunt,
3400 1432 3655 1496 vetetque
3682 1444 3752 1484 ne
3776 1432 3848 1487 il-

2246 1495 2354 1551 lum
2386 1500 2523 1554 ultra
2552 1502 2765 1570 adeant,
2794 1506 2879 1561 vel
2910 1509 3250 1563 conveniant.
3276 1512 3429 1578 Quod
3453 1514 3500 1568 si
3522 1495 3625 1570 hoc
3646 1532 3846 1575 onero-

2245 1600 2362 1641 sum
2393 1591 2654 1659 videatur,
2685 1594 2738 1648 iu
2767 1607 3001 1653 mentem
3027 1614 3214 1653 revoca
3243 1600 3331 1654 illa
3361 1619 3480 1673 quae
3509 1620 3669 1676 supra
3696 1610 3842 1666 dicta

2244 1690 2390 1746 sunt,
2434 1697 2553 1737 cum
2592 1684 2776 1741 beatos
2816 1687 3129 1754 praedicaret
3164 1690 3475 1759 audientes;
3519 1712 3743 1769 remque
3782 1712 3842 1758 et

2242 1772 2554 1842 possibilem
2580 1784 2635 1829 et
2664 1775 2870 1831 facilem
2914 1778 3172 1835 invenies.
3203 1780 3347 1837 Mitis
3369 1788 3533 1848 enim,
3561 1791 3839 1859 pacificus,

2244 1879 2443 1933 pauper
2462 1866 2671 1935 spiritu,
2699 1876 2753 1922 et
2778 1868 3102 1936 misericors,
3125 1870 3395 1940 quomodo
3426 1892 3646 1932 uxorem
3679 1898 3841 1950 repu-

2240 1953 2439 2008 diabit?
2464 1966 2517 2009 et
2558 1956 2646 2025 qui
2694 1957 2826 2011 alios
2853 1959 3183 2026 reconciliat,
3230 1976 3337 2031 quo
3368 1975 3522 2031 pacto
3559 1965 3840 2026 dissidebit

2237 2058 2357 2098 cum
2384 2046 2608 2115 conjuge
2633 2048 2762 2101 sua?
2788 2048 2901 2103 Non
2931 2048 3030 2105 hoc
3048 2064 3179 2106 vero
3205 2061 3428 2119 tantum,
3455 2058 3548 2111 sed
3571 2058 3677 2114 alio
3705 2076 3844 2129 quo-

2236 2150 2341 2205 que
2374 2135 2534 2190 modo
2560 2138 2731 2208 legem
2770 2138 2894 2193 fecit
2923 2140 3115 2197 levem.
3145 2141 3275 2197 Nam
3306 2145 3558 2216 relinquit
3583 2150 3633 2203 ei
3666 2166 3832 2207 unum

2237 2226 2443 2294 repudii
2475 2227 2711 2295 modum,
2741 2229 2947 2294 dicens,
2978 2231 3205 2301 Excepta
3238 2251 3394 2289 causa
3430 2237 3785 2305 fornicationis
3818 2269 3839 2315 ,—

2233 2316 2497 2384 siquidem
2544 2316 2598 2371 in
2641 2318 2827 2373 eadem
2872 2330 3071 2389 perstat
3116 2322 3295 2378 decori
3324 2326 3552 2381 ratione.
3594 2329 3653 2383 Si
3684 2330 3835 2386 enim

2228 2406 2479 2475 jussisset
2518 2424 2639 2464 cum
2681 2411 2921 2480 pluribus
2964 2414 3185 2469 mixtam
3234 2418 3498 2483 retinere,
3539 2435 3727 2477 rursus
3771 2425 3829 2479 in

2232 2497 2552 2554 adulterium
2597 2516 2683 2556 res
2724 2504 3153 2560 convertebatur.
3190 2505 3376 2562 Viden'
3396 2510 3668 2579 quomodo
3713 2514 3832 2571 haec

2230 2605 2353 2645 cum
2383 2593 2650 2660 prioribus
2673 2597 3004 2650 consonent?
3032 2596 3133 2665 Qui
3162 2599 3304 2653 enim
3335 2616 3561 2657 uxorem
3592 2604 3829 2661 a‘ienam

2230 2681 2511 2752 impudicis
2565 2684 2738 2740 oculis
2777 2701 2881 2741 non
2911 2688 3148 2756 respicit,
3197 2705 3303 2744 non
3344 2689 3732 2760 fornicahitur;
3779 2700 3830 2752 si

2230 2788 2336 2828 non
2370 2773 2693 2839 fornicetur,
2733 2777 2849 2832 viro
2890 2778 3234 2847 repudianda
3271 2784 3454 2839 uxoris
3486 2798 3598 2840 sum
3636 2801 3828 2843 ansam

2231 2878 2337 2917 non
2366 2865 2642 2937 praebebit.
2672 2868 2795 2923 Ideo
2819 2868 2985 2925 libere
3012 2870 3346 2942 constringit,
3378 2882 3433 2928 et
3458 2877 3708 2932 timorem
3736 2881 3829 2932 fir-

2230 2964 2360 3018 mat,
2400 2971 2649 3025 magnum
2691 2958 2804 3012 viro
2833 2961 3150 3029 periculum,
3193 2964 3237 3018 si
3275 2962 3468 3034 ejiciat.
3503 2968 3776 3025 intentans
3808 2990 3825 3027 :

2227 3062 2353 3099 nam
2380 3047 2744 3102 fornicationis
2771 3050 2914 3106 illius
2933 3067 3055 3109 sese
3083 3070 3233 3110 reum
3267 3057 3565 3113 constituit.
3600 3060 3819 3118 Etenim

2226 3151 2293 3190 ne
2320 3151 2442 3191 cum
2472 3141 2642 3205 audis,
2676 3141 2817 3195 Erue
2841 3143 3078 3209 oculum,
3102 3154 3257 3215 putes
3286 3148 3338 3201 id
3370 3151 3532 3205 etiam
3562 3150 3633 3207 de
3658 3169 3830 3210 uxore

2226 3225 2352 3291 dici,
2377 3236 2676 3299 opportune
2704 3230 2839 3284 hanc
2864 3233 3163 3288 cautionem
3198 3236 3401 3291 induxit
3434 3257 3448 3290 :
3479 3254 3590 3293 uno
3612 3252 3823 3299 tantum

2225 3315 2405 3380 modo,
2427 3332 2527 3373 nec
2551 3319 2657 3373 alio
2681 3321 2865 3389 quovis
2887 3324 3202 3390 permittens
3222 3324 3369 3380 illam
3397 3329 3704 3398 repudiare.
3729 3333 3824 3392 53.

2224 3405 2421 3461 Iterum
2449 3410 2661 3464 audistis
2692 3414 2811 3481 quia
2842 3413 3033 3467 dictum
3056 3425 3128 3468 est
3159 3416 3379 3485 antiquis
3418 3435 3435 3472 :
3466 3418 3586 3474 Non
3619 3426 3826 3492 ρήσει-

2222 3496 2297 3550 ω.
2325 3513 2344 3549 .·
2372 3498 2550 3554 reddes
2569 3511 2736 3554 autem
2761 3499 2982 3556 Domino
2998 3504 3294 3571 juramenta
3319 3516 3426 3559 tuo.
3462 3510 3553 3564 54.
3580 3508 3693 3582 Ego
3729 3530 3824 3567 alb

2224 3595 2320 3639 tem
2342 3588 2455 3640 dico
2482 3590 2636 3654 vobis,
2664 3607 2762 3644 non
2777 3594 2959 3659 jumre
2985 3596 3207 3649 omnino.
3240 3596 3351 3651 Cur
3376 3614 3481 3653 non
3509 3605 3692 3657 Statim
3724 3620 3822 3661 ve-

2222 3676 2301 3729 nit
2336 3676 2403 3731 ad
2432 3668 2647 3744 furtum,
2692 3681 2785 3735 sed
2823 3682 2890 3736 ad
2936 3682 3121 3738 falsum
3168 3687 3551 3759 testimonium,
3586 3693 3823 3767 illudque

2222 3766 2526 3822 mandatum
2543 3771 2869 3838 praeterivit?
2887 3772 3149 3839 Quoniam
3174 3778 3264 3847 qui
3281 3776 3508 3846 furatur,
3529 3766 3823 3853 aliquando

2212 3855 2389 3923 jurat;
2439 3858 2531 3928 qui
2582 3875 2710 3914 vero
2756 3876 2930 3931 neque
2966 3864 3151 3932 jnrare
3190 3881 3363 3938 neque
3402 3872 3617 3928 mentiri
3647 3878 3822 3947 novit,

2216 3946 2383 4000 multo
2421 3953 2590 4018 magis
2620 3964 2648 4003 a
2681 3950 2821 4005 furto
2844 3951 3155 4011 abstinebit.
3187 3956 3371 4026 Itaque
3398 3975 3497 4031 per
3522 3962 3625 4018 hoc
3652 3946 3816 4025 etiam

2216 4035 2344 4090 illud
2373 4050 2645 4104 peccatum
2667 4042 2856 4096 evertit
2886 4060 2899 4096 :
2930 4059 3050 4097 nam
3074 4048 3407 4103 mendacium
3433 4068 3499 4106 ex
3529 4054 3670 4111 furto
3698 4061 3817 4115 ori~

2217 4133 2322 4177 tur.
2351 4127 2486 4193 Quid
2514 4138 2691 4182 autem
2721 4142 2835 4194 est,
2871 4130 3073 4187 Reddas
3118 4134 3337 4192 Domino
3355 4141 3652 4210 juramenta
3686 4151 3817 4203 tz-a.’

2215 4212 2269 4267 Id
2295 4224 2397 4279 est,
2426 4216 2619 4271 .lurans
2648 4233 2829 4275 verum
2857 4221 3023 4277 dices.
3055 4222 3169 4294 Ego
3195 4239 3360 4284 autem
3381 4232 3497 4285 dico
3522 4236 3684 4301 vobis,
3707 4255 3811 4295 non

2204 4304 2386 4374 jurare
2412 4308 2637 4361 omm'no.

2283 4394 2394 4449 5-6.
2419 4395 2617 4455 Deinde
2634 4403 2879 4472 utmagis
2908 4404 3185 4475 magisque
3212 4421 3423 4466 avertat
3466 4428 3581 4479 eos,
3614 4432 3684 4473 ne
3713 4435 3814 4489 per

2216 4484 2379 4540 Deum
2411 4487 2609 4555 jureut,
2642 4491 2733 4552 ait,
2777 4491 2957 4562 Neque
2981 4512 3070 4565 per
3094 4498 3296 4565 erctum,
3326 4502 3447 4569 quia
3471 4504 3685 4560 thronus

2212 4585 2284 4629 est
2316 4591 2335 4629 .'
2374 4577 2461 4632 55.
2509 4595 2663 4649 neque
2686 4599 2775 4648 per
2811 4592 3014 4651 terram,
3045 4588 3168 4657 quia
3208 4590 3484 4645 scabeflum
3517 4606 3592 4649 est
3620 4602 3812 4666 pedm;

2210 4668 2354 4738 ejus,-
2382 4685 2538 4735 neque
2565 4688 2652 4737 per
2675 4670 2979 4740 Jerusalem,
3009 4677 3129 4743 quia
3150 4678 3326 4733 ciuitas
3351 4690 3421 4736 est
3448 4688 3622 4755 magni
3652 4692 3806 4761 regis.

2211 4758 2285 4813 Ex
2318 4760 2586 4827 prepizetis
2613 4760 2787 4817 adhuc
2813 4763 3065 4834 loquitur,
3096 4775 3151 4820 et
3174 4770 3407 4825 eatendit
3430 4786 3490 4828 se
3530 4789 3639 4831 non
3666 4758 3809 4835 anti-

2209 4854 2328 4921 quis
2346 4852 2646 4920 adversari;
2678 4871 2800 4911 nam
2823 4858 2877 4912 in
2906 4873 3057 4916 more
3083 4860 3190 4915 illis
3214 4873 3330 4919 erat
3356 4880 3457 4935 per
3505 4868 3625 4927 haec
3648 4873 3799 4943 jura-

2208 4961 2287 5009 re,
2309 4954 2364 4999 et
2385 4946 2437 5000 in
2458 4946 2561 5003 fine
2579 4948 2736 5019 hujus
2758 4950 3027 5021 Evangelii
3051 4954 3192 5009 hunc
3207 4954 3371 5014 fuisse
3391 4974 3599 5018 morem
3614 4976 3803 5023 osten-

2205 5035 2302 5089 dit.
2325 5034 2405 5090 Tu
2442 5051 2572 5092 vero
2612 5038 2744 5093 mihi
2784 5040 3065 5096 considera
3094 5043 3232 5099 unde
3261 5049 3484 5105 extollat
3508 5051 3800 5112 elementa.

2194 5121 2319 5176 Non
2345 5139 2412 5178 ex
2440 5128 2649 5195 propria
2678 5139 2894 5195 natura;
2922 5130 3016 5186 sed
3046 5148 3112 5187 ex
3139 5132 3231 5190 Dei
3259 5149 3386 5207 erga
3414 5140 3682 5198 elementa
3712 5150 3798 5201 af-

2200 5210 2345 5288 fectu
2373 5214 2605 5271 demisse
2629 5227 2682 5271 et
2702 5219 2996 5276 secundum
3022 5232 3234 5292 captum
3256 5239 3497 5284 nostrum
3513 5245 3793 5300 expresso.

2198 5304 2333 5373 Quia
2349 5304 2492 5361 enim
2512 5306 2677 5363 multa
2698 5318 2815 5365 erat
2834 5310 3147 5370 idololatrias
3166 5319 3427 5387 tyrannis,
3451 5336 3521 5376 ne
3541 5324 3797 5383 videren-

2199 5406 2286 5452 tur
2310 5399 2575 5454 eleruenta
2600 5416 2666 5456 ex
2694 5416 2753 5457 se
2780 5401 3090 5460 honoranda
3120 5421 3263 5475 esse,
3286 5412 3425 5466 hanc
3452 5429 3614 5484 quam
3648 5416 3796 5475 dixi-

2181 5493 2317 5544 mus
2342 5504 2556 5547 causam
2582 5494 2777 5560 posuit,
2810 5509 3103 5566 rursusque
3129 5498 3197 5553 ad
3222 5500 3317 5555 Dei
3340 5502 3564 5572 gloriam
3613 5518 3795 5565 trans-

2199 5580 2310 5635 ivit.
2336 5581 2517 5654 Neque
2561 5582 2703 5639 enim
2747 5584 2899 5649 dixit,
2930 5585 3062 5655 Quia
3107 5589 3387 5658 pulchrum
3430 5608 3796 5669 magnumque

2195 5673 2384 5731 mlum
2415 5684 2518 5740 est,
2568 5688 2762 5747 neque,
2792 5674 2927 5740 Quia
2956 5677 3097 5734 utilis
3140 5690 3316 5749 terra;
3362 5682 3482 5751 sed,
3508 5684 3643 5752 Quia
3692 5682 3794 5738 Dei
