4124 6302
291 432 389 486 261

291 543 423 598 illud
468 540 692 595 thronus
721 547 823 601 est,
869 536 983 590 htcc
1020 533 1332 597 scaltellum,
1377 523 1610 602 undique
1641 531 1786 601 ipsos
1823 532 1890 586 ad

296 636 578 689 Dominum
611 629 962 700 compellens.
994 627 1082 683 36.
1118 626 1293 695 Neque
1323 641 1412 693 per
1434 634 1587 692 caput
1615 633 1778 690 tuum,
1809 624 1894 677 in-

290 728 429 798 quit,
473 727 592 796 quia
617 741 719 778 non
757 733 898 791 potes
927 737 1085 774 unum
1105 718 1350 789 capillum
1391 717 1560 769 album
1589 719 1776 787 facere,
1808 725 1894 769 aut

291 819 512 888 nigrum.
559 817 766 870 Rursus
808 828 912 866 non
944 811 1214 864 hominem
1257 807 1552 869 admirans.
1580 806 1891 875 subjunxit,

289 923 466 977 neque
503 921 597 975 per
632 913 793 973 caput
824 902 942 973 ejus
973 916 1094 956 esse
1115 897 1425 967 jurandum,
1473 897 1709 966 alioquin
1749 895 1892 950 enim

289 1001 406 1068 ipse
428 998 587 1051 homo
614 995 866 1050 adoratus
892 992 1110 1051 fuisset;
1134 989 1225 1043 sed
1243 987 1466 1058 gloriam
1497 987 1604 1041 Deo
1629 986 1887 1050 referens,

289 1102 345 1146 et
365 1090 677 1152 ostendens,
717 1096 768 1140 te
801 1101 869 1140 ne
906 1082 1121 1154 quidem
1151 1081 1223 1134 ιιιὶ
1259 1080 1539 1135 dominum
1579 1093 1720 1140 esse,
1764 1092 1891 1146 ergo

291 1199 466 1253 neque
489 1183 913 1250 juramentorum
961 1192 1053 1244 per
1093 1182 1254 1242 caput
1276 1172 1617 1228 emissurum.
1661 1169 1716 1225 Si
1746 1171 1889 1224 enim

285 1289 447 1330 nemo
480 1273 640 1325 lilium
681 1285 834 1324 suum
865 1267 1020 1322 alteri
1058 1265 1282 1326 dederit,
1334 1263 1501 1317 multo
1540 1259 1716 1315 minus
1750 1261 1890 1314 Deus

284 1380 421 1433 opus
452 1377 604 1416 suum
650 1361 742 1415 tibi
769 1357 1050 1412 concedet.
1096 1356 1313 1410 Etiamsi
1344 1355 1489 1408 enim
1529 1363 1688 1422 caput
1740 1364 1884 1405 tuum

282 1457 377 1522 sit,
414 1454 506 1510 sed
538 1451 758 1507 alterius
793 1458 876 1505 est
918 1448 1184 1518 possessio
1219 1465 1231 1497 :
1266 1453 1578 1513 tantumque
1616 1446 1769 1498 abest
1817 1459 1885 1498 nc

284 1549 536 1602 dominus
563 1545 681 1612 ejus
725 1542 820 1606 sis,
862 1549 919 1595 ut
950 1555 1016 1593 ne
1062 1538 1341 1592 minimum
1370 1536 1584 1605 quidem
1619 1535 1884 1598 thrSiSitt

285 1640 380 1692 illo
410 1637 641 1707 operari.
672 1633 785 1688 Non
818 1633 959 1686 enint
980 1630 1132 1693 dixit,
1159 1629 1272 1682 Non
1297 1636 1448 1697 potes
1476 1626 1772 1695 producere
1795 1644 1887 1680 ca-

282 1731 504 1798 pillutn;
552 1725 670 1791 sed,
722 1723 903 1792 Neque
953 1722 1069 1792 ejus
1115 1721 1425 1791 qualitatem
1466 1731 1694 1774 mutare.
1747 1719 1883 1786 Quid

283 1821 465 1890 igitur,
493 1817 536 1871 si
568 1817 708 1885 quis,
742 1815 970 1884 inquies,
999 1814 1360 1882 juramentum
1387 1811 1583 1879 exigat,
1618 1819 1672 1863 et
1701 1825 1884 1864 neces-

277 1912 494 1964 sitatt-m
524 1906 773 1962 inducat?
816 1905 906 1959 Dei
937 1906 1096 1959 timor
1139 1904 1456 1957 necessitate
1486 1903 1556 1955 sit
1593 1903 1880 1970 potentior.

279 2001 414 2054 Nam
455 2001 499 2055 si
532 1999 666 2054 velis
713 1992 1018 2064 hujusmodi
1045 2009 1234 2048 causas
1278 1993 1534 2062 ohjicere,
1584 1993 1784 2045 uullttm
1817 2009 1882 2047 ex

281 2090 562 2160 pncceptis
607 2088 871 2145 servabis.
914 2087 1046 2141 Nam
1076 2098 1126 2140 et
1172 2086 1239 2139 de
1289 2100 1456 2139 uxore
1501 2084 1741 2138 dicturus
1779 2101 1880 2140 es:

277 2181 419 2250 Quid
451 2182 628 2250 igitur,
657 2179 700 2233 si
733 2178 959 2248 litigiosa
990 2186 1043 2230 et
1080 2185 1387 2245 sumptuosa
1419 2177 1527 2229 sit?
1559 2175 1626 2230 Et
1648 2175 1716 2230 de
1749 2191 1883 2230 ocu-

280 2275 333 2326 lo
353 2273 542 2328 dextro
576 2288 588 2322 :
620 2268 753 2335 Quid
780 2267 959 2337 igitur,
982 2264 1262 2334 sidiligam
1279 2279 1429 2323 cum.
1448 2274 1504 2319 et
1532 2264 1690 2318 urar?
1722 2264 1784 2318 Et
1814 2264 1881 2319 de

278 2363 551 2431 impudico
577 2371 794 2431 aspectu
822 2376 836 2410 :
871 2359 1007 2425 Quid
1039 2358 1216 2429 igitur,
1251 2372 1318 2410 an
1352 2372 1567 2427 possum
1593 2373 1697 2411 non
1726 2358 1876 2413 vide-

275 2454 378 2508 re?
407 2454 474 2507 Et
496 2452 564 2508 de
587 2453 662 2506 ira
692 2453 741 2505 in
768 2450 984 2505 fratrem
1012 2467 1024 2502 :
1053 2449 1190 2515 Quid
1221 2449 1400 2517 igitur,
1429 2449 1472 2500 si
1498 2463 1735 2517 prteceps
1757 2449 1879 2513 sim,

274 2557 332 2600 et
364 2547 594 2614 linguam
627 2556 809 2598 tenere
842 2558 947 2596 non
974 2540 1211 2610 possint?
1250 2541 1313 2594 Et
1341 2541 1419 2594 sic
1451 2556 1670 2610 prorsus
1700 2542 1879 2595 omnia

274 2653 436 2705 supra
465 2637 605 2690 dicta
649 2635 901 2690 calt-abis.
947 2635 1104 2702 Atqui
1148 2632 1199 2686 in
1235 2632 1435 2701 legibus
1479 2633 1726 2686 humanis
1769 2637 1882 2686 haec

273 2726 572 2781 obtendere
617 2742 720 2777 non
766 2724 931 2787 aus-is,
977 2738 1152 2792 neque
1195 2723 1399 2787 dicere,
1446 2723 1582 2788 Quid
1618 2725 1790 2793 igitur,
1836 2725 1878 2777 si

273 2820 400 2885 hoc,
445 2819 526 2873 vel
572 2818 744 2872 illud?
778 2816 872 2870 sed
922 2829 1014 2870 seu
1055 2825 1245 2884 sponte
1275 2829 1368 2867 seu
1417 2816 1612 2869 invitus
1653 2831 1714 2870 ea
1761 2831 1881 2884 qua:

272 2912 469 2979 scripta
514 2920 640 2964 sunt
677 2908 895 2977 accipis.
943 2907 1190 2975 Alioquin
1231 2917 1409 2961 autem
1457 2923 1746 2977 numquam
1775 2909 1879 2962 vim

275 3003 719 3058 necessitatemve
765 2999 1004 3067 patieris.
1059 2998 1193 3052 Nam
1224 2999 1311 3067 qui
1352 2999 1708 3053 beatitudines
1735 2999 1880 3069 prius

269 3095 577 3150 enuntiatas
601 3091 820 3152 audivit,
848 3107 912 3145 ac
932 3092 1165 3159 scipsum
1199 3091 1266 3143 ita
1296 3091 1615 3158 composuit,
1649 3100 1706 3144 ut
1725 3091 1878 3144 Chri-

270 3197 388 3239 stus
406 3185 584 3254 jussit,
618 3185 814 3237 nullam
843 3198 870 3234 a
903 3182 1092 3252 quovis
1121 3181 1337 3235 homine
1361 3181 1666 3246 lmjusmodi
1692 3197 1878 3237 neces-

269 3278 484 3330 sitatem
513 3275 765 3344 patietur,
801 3288 920 3326 cum
952 3272 1022 3325 sit
1051 3270 1188 3339 apud
1218 3285 1406 3324 omnes
1436 3270 1782 3324 admirandus
1823 3283 1878 3325 et

270 3366 618 3419 honorabilis.
647 3365 733 3418 57.
767 3362 847 3417 Sit
869 3371 1034 3414 autem
1057 3377 1219 3414 sermo
1247 3371 1420 3424 rester,
1446 3371 1537 3423 est,
1567 3371 1873 3429 eu,et,non,

268 3473 372 3509 non
405 3471 422 3508 :
452 3456 588 3522 quod
625 3463 790 3506 autem
832 3456 970 3505 ultra
1003 3452 1324 3521 adjunqitur,
1358 3468 1420 3505 ea:
1447 3454 1580 3506 malo
1618 3470 1710 3508 eu.
1739 3453 1875 3520 Quid

267 3548 429 3615 igitur
450 3558 901 3612 supervacaneum
928 3541 1051 3596 illttd
1074 3553 1171 3604 est,
1195 3544 1351 3603 ultra,
1377 3542 1465 3597 Est
1486 3553 1531 3597 et
1557 3561 1659 3598 non
1677 3546 1702 3598 ?
1722 3545 1880 3600 Jura—

269 3648 533 3700 mentum,
564 3653 668 3690 non
691 3645 868 3689 autem
900 3634 1212 3704 pet-jurinm.
1243 3635 1355 3689 Hoc
1373 3639 1516 3690 enim
1545 3638 1596 3691 itt
1624 3637 1876 3692 confesso

265 3737 372 3794 est,
404 3739 459 3783 et
485 3743 644 3782 nemo
670 3737 752 3782 est
777 3727 900 3796 quin
945 3727 1212 3790 didicerit,
1243 3742 1270 3780 a
1300 3728 1442 3781 malo
1466 3745 1605 3791 esse,
1637 3746 1738 3785 nec
1779 3747 1874 3785 su-

267 3834 659 3888 pervacaneum
704 3833 843 3882 esse,
887 3818 978 3871 sed
1009 3820 1337 3872 contrarium
1372 3836 1384 3870 :
1419 3834 1874 3887 supervacaneum

268 3919 448 3962 autem
490 3918 593 3968 est,
622 3907 765 3977 qttod
809 3906 946 3961 ultra
976 3915 1030 3962 et
1058 3922 1179 3961 cum
1218 3907 1572 3961 redundantia
1601 3910 1872 3979 adjicitur,

269 4001 483 4070 taleque
517 4014 598 4054 εει
623 4001 1004 4070 juramentum.
1046 3999 1309 4067 Quidnam
1342 4016 1472 4056 vero
1497 4001 1624 4056 dicit
1660 4019 1689 4056 a
1733 4006 1876 4059 malo

267 4097 428 4149 esse?
451 4103 507 4148 et
534 4095 577 4148 si
609 4109 636 4147 a
679 4094 820 4147 malo
836 4096 985 4158 ‘erat,
1009 4109 1105 4148 cur
1145 4093 1432 4161 jubebatur
1462 4095 1512 4148 in
1545 4096 1700 4165 lege?
1730 4097 1872 4165 ldip-

268 4201 390 4240 sum
420 4186 579 4239 etiam
604 4185 672 4240 de
712 4200 876 4240 uxore
902 4179 1086 4239 dices:
1120 4185 1229 4239 Cur
1246 4185 1356 4255 jam
1400 4186 1679 4243 fornicatio
1710 4206 1872 4258 repu-

269 4287 415 4332 tatur
460 4277 510 4331 id
553 4276 693 4344 quod
733 4277 858 4330 olim
889 4276 1336 4344 permittebatur?
1372 4277 1508 4346 Quid
1550 4280 1616 4332 ad
1646 4281 1759 4334 1]ωο
1790 4282 1874 4335 di-

268 4367 499 4422 cendum
517 4367 539 4420 ?
559 4367 682 4421 Haec
704 4376 828 4420 tunc
847 4366 986 4421 diota
1013 4367 1174 4422 fuisse
1197 4367 1491 4422 secundum
1511 4369 1872 4426 infirmitatem

269 4473 460 4513 eorum
487 4459 576 4526 qui
600 4458 748 4527 leges
770 4457 1105 4525 accipiebant
1130 4476 1142 4510 :
1176 4474 1297 4511 nam
1330 4475 1382 4514 et
1411 4459 1598 4516 nidore
1628 4464 1872 4519 victima-

271 4566 390 4604 rum
422 4549 524 4604 coli
553 4548 825 4617 indignum
853 4547 1140 4602 admodum
1172 4549 1281 4604 Deo
1307 4560 1406 4613 est,
1444 4552 1584 4606 sicut
1613 4553 1876 4609 balbutire

272 4640 547 4711 indignum
578 4639 915 4710 philosopho.
966 4639 1300 4694 Adulterium
1329 4658 1456 4711 ergo
1493 4660 1634 4699 nunc
1664 4659 1877 4715 reputa-

273 4745 362 4786 tur
387 4730 550 4794 illud;
595 4740 650 4784 et
677 4746 706 4783 a
735 4730 878 4785 malo
906 4741 990 4784 est
1015 4730 1216 4798 jttrare,
1241 4733 1456 4801 quando
1482 4745 1634 4788 aucta
1667 4745 1724 4789 ct
1751 4753 1872 4806 per-

273 4823 410 4878 fecta
457 4821 622 4874 virtus
666 4829 766 4874 est.
794 4820 849 4875 Si
891 4836 1021 4876 vero
1070 4821 1152 4876 itte
1175 4821 1245 4875 ab
1298 4824 1446 4878 initio
1485 4824 1678 4880 diaboli
1730 4829 1874 4898 leges

274 4914 522 4976 fuissent,
553 4926 658 4963 non
689 4911 868 4980 utique
896 4920 1097 4964 tantum
1131 4911 1500 4981 profecissent.
1527 4915 1737 4970 Etenim
1772 4922 1872 4973 nisi

274 5005 364 5058 illa
393 5001 746 5072 punivissent.
775 5018 882 5055 non
916 5003 985 5055 ita
1013 5000 1168 5056 facile
1193 5002 1308 5058 haec
1336 5021 1477 5059 nunc
1500 5019 1718 5077 accepta
1747 5011 1874 5063 fuis-

273 5103 414 5150 sent.
444 5092 560 5148 Noli
600 5092 758 5162 igitur
790 5108 976 5146 cornm
1023 5093 1297 5162 requirere
1343 5096 1612 5162 virtutem,
1661 5102 1875 5168 quando

272 5201 462 5240 eorum
500 5175 632 5238 usus
671 5184 960 5252 prmterivit
993 5201 1006 5237 :
1050 5193 1176 5239 tunc
1205 5188 1346 5240 enim
1394 5199 1601 5259 tempus
1632 5192 1682 5246 id
1727 5204 1876 5264 pete-

276 5279 398 5340 bat;
432 5276 540 5329 imo
567 5290 715 5340 vero,
747 5275 790 5328 si
816 5275 916 5338 vis,
950 5276 1109 5330 etiam
1140 5293 1300 5332 ntmc.
1337 5278 1468 5334 Nam
1491 5297 1676 5337 eorum
1709 5287 1876 5340 virtus

275 5367 576 5422 ostenditur
626 5381 692 5419 ex
739 5381 806 5419 eo
855 5365 970 5434 ipso
1015 5383 1120 5434 qtto
1163 5369 1330 5437 magis
1377 5385 1680 5428 accusatur.
1720 5377 1872 5441 Quod

275 5461 418 5512 enim
449 5459 563 5510 haec
609 5458 730 5512 talia
762 5473 903 5512 nunc
941 5458 1242 5520 videantur,
1275 5476 1460 5516 eorum
1502 5467 1732 5519 maxima
1764 5469 1875 5521 Ians

275 5560 377 5602 est.
408 5547 517 5606 Nisi
563 5549 705 5603 enim
740 5565 836 5602 nos
879 5550 1100 5616 pulchre
1134 5552 1464 5617 nntrivisset,
1494 5564 1548 5608 et
1577 5557 1641 5609 ad
1673 5559 1873 5626 majora

281 5638 588 5708 recipienda
623 5638 844 5692 idoneos
883 5638 1224 5702 reddidisset,
1265 5657 1368 5695 non
1401 5643 1520 5696 talia
1565 5647 1863 5702 viderentut

275 5746 416 5785 esse.
467 5729 927 5798 QnetnadmOthtm
979 5731 1387 5791 mamilla,cnm
1434 5749 1586 5787 suum
1641 5738 1876 5806 implevit

273 5824 531 5887 officium,
564 5831 619 5875 et
648 5821 712 5874 ,ιιι
755 5823 1120 5890 perfectiorem
1174 5839 1410 5877 mensam
1460 5843 1588 5895 puer
1625 5831 1868 5898 mittitur,

1460 419 1524 474 IN
1564 417 1971 474 ΜΑΤίἸΙᾹΞυΜ
2012 417 2243 476 ιιωιιι.
2287 420 2450 479 XVII.

3503 431 3611 487 233

2007 531 2224 589 demum
2249 535 2452 591 inutilis
2481 536 2713 604 videtur;
2743 549 2990 609 parentes
3017 543 3258 613 vero,qni
3287 544 3434 601 Illam
3465 564 3604 615 ιιι-ηιμ

2000 639 2171 692 puero
2203 632 2561 683 necessariam
2590 645 2713 686 esse.
2738 632 3025 699 putabant,
3060 634 3207 689 mille
3234 647 3418 698 postea
3464 639 3606 695 illam

1991 699 2339 758 irrisionibus
2366 721 2810 778 prosequuntur;
2843 713 2998 765 multi
3057 722 3240 767 autem
3300 730 3410 769 non
3467 733 3590 770 ver-

1991 792 2074 847 bis
2113 794 2291 849 solum
2346 798 2493 853 illam
2531 805 2846 868 traducunt,
2881 804 2976 858 sed
3005 806 3169 858 etiam
3201 807 3407 862 amaris
3441 808 3587 863 illam

1989 885 2596 960 oblinuntunguentis;
2638 904 2695 948 ut
2719 895 2763 948 si
2799 912 2904 950 non
2948 897 3160 966 possint
3191 899 3350 952 verba
3386 900 3591 969 impor-

1987 985 2180 1031 tunum
2251 979 2576 1036 huiusmodi
2627 988 2782 1055 pueri
2833 986 3084 1043 affectum
3137 1006 3438 1054 removere,
3499 1010 3587 1048 res

1985 1063 2117 1134 ipsae
2156 1064 2488 1141 desiderium
2539 1084 2812 1128 avertant.
2859 1078 2874 1108 ¹
2921 1079 3015 1133 Sic
3067 1080 3324 1134 Christus
3365 1097 3393 1134 a
3440 1083 3586 1134 malo

1983 1153 2097 1207 lucc
2124 1169 2244 1208 esse
2275 1155 2437 1221 dixit,
2489 1174 2592 1210 non
2624 1169 2682 1211 ut
2729 1160 3043 1216 ostenderet
3083 1172 3320 1218 veterem
3348 1164 3520 1235 legem
3551 1182 3580 1219 a

1981 1244 2193 1299 diabolo
2222 1246 2502 1316 prodiisse,
2534 1250 2627 1303 sed
2657 1259 2713 1304 ιιι
2743 1252 3114 1308 vehementius
3134 1269 3166 1308 a
3188 1254 3587 1311 veteri‘vilitate

1981 1348 2279 1394 revocaret.
2313 1339 2380 1393 Et
2414 1340 2690 1411 discipulis
2717 1344 2935 1411 quidem
2985 1345 3102 1401 hare
3129 1346 3301 1412 dicit;
3357 1348 3451 1403 sed
3492 1348 3586 1403 Ju-

1978 1428 2108 1482 daeis
2127 1430 2357 1499 stnpidis
2379 1441 2434 1485 et
2474 1433 2526 1486 in
2561 1433 2747 1488 iisdem
2783 1437 3279 1504 perseverantibus,
3314 1453 3413 1493 ceu
3446 1457 3585 1510 qua-

1979 1523 2097 1574 dant
2122 1524 2498 1588 amaritudine,
2527 1527 2851 1596 captivitatis
2893 1538 3038 1585 metu
3070 1531 3258 1587 urbem
3309 1525 3610 1588 circtttuli?

1981 1613 2140 1666 nitant
2199 1613 2527 1670 inaccessam
2574 1618 2826 1673 reddidit.
2861 1621 2991 1686 Quia
3023 1638 3151 1676 vero
3177 1637 3242 1677 ne
3270 1622 3323 1677 id
3358 1624 3576 1693 quidem

1980 1708 2146 1774 potuit
2178 1707 2322 1777 ipsos
2349 1710 2580 1763 retinere
2606 1751 2620 1772 ,
2648 1710 2741 1764 sed
2765 1727 2882 1766 eam
2907 1727 3095 1766 rursus
3124 1713 3306 1770 videre
3326 1716 3587 1783 optabant

1976 1799 2127 1865 quasi
2155 1800 2301 1866 pueri
2334 1799 2399 1851 ad
2430 1800 2719 1854 mamillam
2764 1812 3144 1871 accnrrentes,
3190 1804 3406 1860 demum
3436 1806 3585 1863 illam

1977 1887 2283 1950 occultavit,
2317 1889 2400 1944 illa
2432 1890 2542 1958 ipsa
2572 1890 2771 1956 diruta,
2803 1902 2851 1946 et
2885 1894 3153 1964 plerisque
3175 1911 3366 1951 eorum
3399 1899 3584 1967 procul

1977 1977 2222 2044 abductis
2262 1996 2274 2032 :
2308 1980 2758 2050 quemadmodum
2813 1983 3025 2051 plurimi
3074 1985 3304 2051 vitulos,
3334 2003 3363 2039 a
3411 1990 3587 2043 vaccis

1976 2069 2237 2124 abductos
2264 2071 2606 2142 inclusosque
2627 2115 2639 2130 .
2679 2082 2920 2143 tempore
2943 2074 3335 2144 assuefaciunt;
3368 2087 3425 2132 ut
3452 2095 3481 2131 a
3508 2079 3589 2134 la-

1975 2161 2075 2215 ctis
2097 2165 2484 2218 consuetudine
2511 2165 2823 2220 abscedant.
2852 2166 2984 2220 Nam
3012 2169 3054 2221 si
3087 2168 3285 2224 diaboli
3316 2182 3468 2225 vetus
3499 2172 3586 2228 lex

1975 2263 2151 2320 esset,
2200 2270 2302 2308 non
2352 2257 2419 2310 ab
2464 2256 2765 2312 idololatria
2796 2259 3141 2325 abduxisset,
3179 2263 3288 2316 imo
3314 2275 3500 2319 contra
3530 2267 3582 2320 in

1976 2344 2118 2398 illam
2145 2344 2469 2415 eonjecisset
2503 2367 2515 2401 :
2552 2348 2602 2402 id
2652 2350 2796 2404 enim
2841 2350 3059 2406 volebat
3098 2352 3381 2409 "diabolus.
3429 2356 3585 2413 Nunc

1974 2443 2152 2489 autem
2176 2438 2507 2492 contrarium
2537 2453 2755 2506 prorsus
2778 2440 3023 2495 videmus
3044 2457 3072 2495 a
3097 2443 3266 2499 veteri
3285 2445 3402 2516 lege
3419 2446 3581 2502 effici.

1979 2527 2043 2581 Et
2068 2528 2240 2597 ipsum
2271 2546 2484 2600 quoque
2510 2532 2871 2600 juramentum
2898 2534 3020 2590 ideo
3047 2535 3097 2589 in
3126 2538 3291 2592 veteri
3323 2547 3581 2594 statutum

1975 2619 2090 2683 fttit,
2126 2636 2194 2675 ne
2224 2636 2320 2689 per
2351 2623 2489 2676 idola
2516 2623 2784 2692 jurareut.
2825 2623 3043 2693 Jurete,
3075 2628 3266 2698 inquit,
3297 2648 3387 2700 per
3418 2629 3582 2685 Deum

1973 2727 2142 2766 verum
2171 2716 2312 2783 (Jer.
2339 2717 2394 2782 4,
2417 2715 2452 2768 2
2475 2718 2511 2783 ).
2540 2715 2655 2770 Non
2686 2717 2845 2786 igitur
2871 2734 3034 2788 parva
3063 2720 3306 2788 quaedam
3335 2723 3423 2778 lex
3453 2724 3585 2781 etl‘e-

1973 2806 2065 2867 cit,
2095 2805 2190 2858 sed
2217 2819 2406 2873 magna
2442 2805 2643 2873 tttiqttc.
2677 2805 2810 2860 Nam
2852 2809 2917 2861 ad
2949 2809 3180 2865 solidum
3210 2811 3392 2868 cibum
3429 2829 3584 2871 acce-

1974 2894 2137 2956 dere,
2171 2894 2220 2949 id
2267 2895 2570 2950 Servatur-is
2609 2898 2706 2950 fuit
2730 2913 2885 2969 opus.
2921 2899 3059 2966 Quid
3107 2900 3305 2971 igitur?
3349 2919 3527 2960 annon
3551 2921 3584 2962 τι

1976 2986 2117 3039 malo
2137 2996 2220 3039 est
2245 2987 2462 3054 jurare?
2489 2989 2531 3041 Α
2563 2988 2706 3043 malo
2749 2981 2833 3043 est
2857 2990 3073 3061 utique;
3118 2993 3214 3048 sed
3262 2981 3406 3051 nunc
3460 3008 3586 3070 post

1975 3084 2173 3129 tantam
2206 3077 2634 3147 philosophiam;
2684 3086 2813 3135 tunc
2860 3090 3043 3136 autem
3086 3083 3327 3141 minime.
3361 3087 3427 3142 Et
3450 3105 3586 3157 quo-

1974 3166 2171 3233 modo,
2230 3167 2468 3238 inquies,
2519 3168 2748 3239 idipsnm
2796 3174 2968 3242 possit
3014 3187 3136 3230 esse
3177 3190 3321 3230 nunc
3345 3176 3581 3243 bonum,

1975 3272 2118 3312 nunc
2155 3258 2376 3312 minime
2430 3259 2668 3313 bonum?
2716 3261 2830 3331 Ego
2859 3272 3038 3319 autem
3062 3281 3093 3319 e
3121 3271 3394 3323 contrario
3422 3270 3545 3326 dico
3565 3314 3581 3338 ,

1972 3349 2244 3415 quomodo
2290 3365 2395 3403 non
2441 3352 2511 3403 sit
2552 3359 2609 3404 et
2652 3352 2848 3406 bonum
2894 3364 2951 3409 et
2993 3371 3101 3410 non
3149 3357 3386 3423 bonum,
3421 3363 3584 3418 rebus

1972 3439 2220 3494 omnibus
2247 3441 2324 3494 sic
2348 3440 2722 3506 clamantibus,
2757 3445 2961 3500 artibus
2980 3489 2996 3514 ,
3028 3447 3290 3508 fructibus
3314 3495 3327 3517 ,
3356 3455 3585 3527 aliisque

1973 3533 2269 3586 omnibus?
2293 3535 2527 3588 Primum
2560 3535 2610 3589 id
2643 3537 2824 3592 videas
2847 3539 2898 3592 in
2933 3549 3121 3595 natura
3156 3556 3339 3601 nostra
3366 3551 3582 3604 contin-

1973 3639 2118 3694 gere.
2148 3624 2358 3678 Gestari
2386 3628 2528 3680 enim
2559 3631 2610 3681 in
2644 3630 2811 3697 prima
2840 3641 2999 3686 artata
3025 3633 3222 3690 bonum
3247 3650 3359 3703 est,
3395 3653 3581 3710 postea

1977 3731 2108 3769 vero
2137 3718 2496 3784 perniciosum
2523 3737 2535 3784 ;
2577 3722 2891 3790 prccmansis
2917 3721 2988 3778 uti
3017 3728 3152 3782 cibis
3182 3729 3232 3783 iu
3261 3732 3435 3801 primo
3461 3738 3584 3790 vitm

1975 3817 2218 3882 tempore
2250 3811 2469 3876 bonum,
2526 3824 2707 3879 postea
2757 3830 2884 3869 vero
2915 3815 3140 3874 horrore
3172 3823 3422 3891 plenum;
3447 3827 3584 3884 lacte

1974 3903 2040 3954 ali
2071 3912 2125 3956 et
2169 3903 2234 3956 ad
2266 3920 2554 3959 mammam
2596 3909 2886 3978 confugere
2908 3909 3062 3965 initio
3089 3913 3217 3969 utile
3244 3925 3328 3970 est
3354 3926 3409 3971 et
3434 3920 3582 3973 salu-

1976 4002 2126 4054 tare.
2183 4003 2368 4062 postea
2417 4011 2546 4051 vero
2601 3999 2962 4066 perniciosum
3010 4009 3066 4057 et
3105 4005 3345 4059 noxium.
3395 4009 3586 4066 Viden'

1973 4084 2246 4149 quomodo
2285 4085 2488 4139 easdem
2533 4102 2621 4140 res
2654 4090 2950 4144 secundum
2981 4102 3225 4163 tempora
3254 4097 3410 4153 bona:
3440 4104 3581 4165 sint.

1974 4183 2028 4226 et
2055 4184 2240 4243 postea
2273 4191 2378 4229 non
2402 4177 2537 4230 tales
2577 4180 2907 4248 appareant?
2929 4181 3064 4238 Nam
3107 4189 3312 4255 puerile
3362 4193 3583 4260 pallium

1974 4274 2189 4334 gestare
2219 4281 2386 4335 puero
2413 4267 2628 4336 quidem
2667 4269 2974 4338 honestum,
3028 4277 3149 4331 viro
3196 4290 3374 4335 autem
3405 4293 3583 4353 turpe.

1979 4355 2138 4410 Visne
2163 4358 2325 4410 etiam
2376 4375 2442 4412 ex
2473 4360 2758 4414 contrariis
2787 4361 3016 4427 idipsnm
3041 4366 3251 4424 discere
3275 4411 3292 4436 ,
3314 4376 3588 4441 quomodo

1978 4462 2098 4513 qua:
2128 4447 2244 4500 viro
2273 4455 2587 4518 competunt
2611 4491 2626 4508 .
2655 4466 2821 4518 puero
2852 4463 2974 4522 apta
3003 4469 3108 4509 non
3143 4458 3290 4512 sint?
3317 4462 3389 4516 Da
3420 4477 3588 4531 puero

1977 4536 2194 4603 pallium
2217 4537 2392 4602 virile,
2418 4537 2541 4591 hinc
2564 4539 2823 4608 plurimus
2846 4553 3100 4612 sequetur
3119 4547 3280 4614 risus,
3306 4552 3590 4622 majusque

1978 4628 2030 4679 in
2083 4626 2379 4682 incedendo
2405 4629 2725 4697 periculum,
2760 4634 2829 4684 ita
2863 4649 3006 4702 saepe
3035 4638 3136 4692 huc
3165 4639 3293 4695 illuc
3325 4654 3585 4700 vertetur.

1978 4717 2051 4770 Da
2074 4719 2232 4771 etiam
2259 4719 2328 4772 illi
2349 4719 2528 4773 civilia
2554 4721 2761 4789 negotia
2782 4726 3077 4791 tractanda,
3097 4730 3179 4784 vel
3203 4744 3588 4803 mercaturam,

1978 4811 2062 4865 vel
2092 4810 2305 4864 serendi
2339 4811 2682 4878 metendique
2703 4824 2896 4880 artem,
2920 4828 2974 4872 ct
2996 4819 3279 4876 ridiculum
3307 4824 3406 4879 hoc
3435 4827 3586 4881 vitie-

1981 4904 2142 4956 bitur.
2175 4903 2240 4957 Et
2268 4918 2364 4957 cur
2397 4903 2509 4958 hate
2539 4905 2700 4960 dico?
2729 4906 2862 4961 Nam
2895 4911 3093 4977 czedes,
3123 4929 3283 4983 quam
3313 4917 3591 4978 inventum

1978 5008 2098 5048 esse
2116 4993 2311 5048 diaboli
2333 4995 2382 5048 in
2400 4994 2646 5049 confesso
2663 4996 2800 5064 apud
2809 5011 3001 5053 omnes
3013 5008 3118 5068 est,
3134 5016 3438 5073 opportuno
3459 5019 3596 5064 teni-

1982 5099 2111 5152 pore
2140 5084 2310 5150 facta,
2345 5085 2748 5141 interfectorem
2782 5087 3042 5145 Phineem
3071 5095 3357 5151 sacerdotii
3388 5098 3593 5156 honore

1979 5174 2252 5229 decoravit
2303 5174 2502 5245 (Num.
2723 5178 2876 5244 Quod
2923 5183 3065 5236 enim
3119 5185 3296 5242 (mdes
3343 5189 3412 5242 sit
3459 5205 3591 5260 opus.

1982 5268 2214 5328 diaboli,
2259 5268 2379 5321 audi
2423 5269 2694 5338 quomodo
2736 5270 2883 5326 dicat
2932 5273 3090 5340 ipse:
3133 5275 3232 5329 Vos
3259 5296 3415 5347 opera
3437 5285 3598 5349 patri:

1983 5361 2131 5413 vestri
2149 5361 2300 5414 vultis
2323 5362 2489 5426 facere
2509 5378 2525 5413 .·
2542 5361 2629 5413 ille
2656 5363 2912 5416 homicida
2931 5375 3037 5418 eral.
3063 5384 3094 5419 a
3122 5369 3373 5441 principio
3399 5371 3594 5441 (Joan.

1986 5454 2037 5503 8.
2062 5451 2150 5503 41.
2180 5451 2249 5504 44
2272 5451 2310 5517 ).
2343 5451 2447 5505 Sed
2478 5452 2740 5506 homicida
2771 5453 2868 5509 fuit
2895 5456 3056 5509 etiam
3084 5457 3335 5534 Pltiuces,
3362 5458 3594 5530 Etrepu.

2058 5645 2398 5713 {_His_ve.rb_is
2439 5654 2602 5697 notam
2647 5651 3014 5700 arithmeticam
3058 5653 3089 5699 6
3124 5655 3407 5713 pra-fixerat
3453 5655 3590 5702 Mou-

1996 5707 2310 5776 tefalconius,
2344 5709 2457 5776 hinc
2480 5724 2738 5776 perperam
2776 5727 2953 5776 novum
2975 5707 3176 5762 Ol‘lelh
3212 5724 3588 5776 paragraphnm.

1998 5768 2106 5816 Non
2182 5768 2496 5838 tolerandum
2546 5768 2637 5821 hoc
2681 5775 2952 5834 npodosuos
3001 5793 3024 5825 ει
3078 5768 3264 5838 ιιι-(ιη’δὲ
3321 5768 3592 5827 divortium

1997 5833 2331 5879 correximus.
2367 5832 2502 5881 Enn.
