4124 6302
526 414 630 454 μοῖς

532 441 607 455 υ¹“σ

527 528 681 568 tutum
729 521 800 566 est
854 512 899 564 ei
929 509 996 562 ad
1045 502 1290 569 iustitiam
1344 493 1529 570 (Paul.
1579 488 1708 549 105,
1743 485 1887 555 δι),
1915 480 2102 550 inquit.

528 603 792 670 Abraham
821 614 948 655 vero
979 612 1083 652 non
1108 568 1374 647 homicida
1401 585 1573 639 solum
1593 623 1608 644 ,
1658 577 1752 635 sed
1800 575 1961 630 etiam
2014 568 2103 621 filii

530 667 841 751 interfector
882 690 1087 751 factus,
1139 681 1280 754 quod
1326 677 1478 749 pejus
1506 679 1650 726 erat.
1684 669 1762 722 sic
1786 662 1956 733 magis
1996 659 2108 714 Deo

531 785 744 856 placuit.
779 783 968 837 Petrus
995 793 1122 833 vero
1168 769 1428 838 duplicem
1459 759 1658 817 cmdem
1691 756 1810 811 fecit
1829 794 1845 819 ,
1874 760 2107 804 attamen

528 839 802 943 spirituale
845 880 956 927 erat
1009 867 1059 921 id
1089 860 1228 934 quod
1269 858 1461 912 factum
1490 850 1614 920 est(
1643 849 1754 902 Act.
1775 845 1867 914 ὅ).
1896 839 1974 896 Ne
2003 839 2107 891 ita—

529 984 632 1036 que
661 963 972 1034 simpliciter
1001 973 1087 1012 res
1118 951 1506 1011 esamiaemus,
1555 941 1648 998 sed
1699 942 1858 994 etiam
1901 942 2111 1000 tempus

537 1069 591 1112 et
621 1022 832 1110 causam
862 1061 917 1106 et
936 1048 1260 1104 voluntatem
1287 1047 1342 1094 et
1365 1046 1711 1107 personarum
1736 1022 2110 1086 diﬂcrentiam,

527 1159 580 1203 cl
612 1149 697 1201 illa
745 1143 922 1200 omnia
961 1155 1082 1212 qua:
1125 1149 1228 1190 una
1271 1133 1597 1187 concurrunt
1639 1128 1887 1177 accurate
1925 1112 2113 1183 explo-

532 1253 710 1294 remus
765 1253 779 1290 :
837 1203 1010 1304 nequit
1075 1226 1218 1284 enim
1280 1229 1454 1290 potest
1501 1217 1700 1270 veritas
1749 1211 1855 1265 alio
1926 1203 2111 1273 attingi

531 1326 1194 1392 modo:studcanmsque,
1245 1317 1290 1371 si
1321 1313 1557 1368 sedimus
1607 1318 1830 1376 regnum
1878 1297 2110 1366 assequi,

529 1437 686 1490 supra
717 1429 896 1475 vetera
925 1420 1185 1485 przeeepta
1207 1405 1403 1476 aliquid
1433 1399 1662 1472 operari,
1705 1396 1826 1464 quia
1853 1407 1958 1446 non
1989 1403 2109 1459 pos~

531 1525 715 1566 sumus
743 1509 896 1562 aliter
917 1502 1148 1559 c'elestia
1191 1497 1458 1553 obtinere.
1484 1492 1615 1547 Nam
1644 1487 1689 1541 si
1719 1485 1785 1539 ad
1811 1493 2113 1538 mensuram

532 1612 730 1656 unitum
754 1606 992 1653 veterum
1025 1588 1426 1662 perveniamus,
1455 1591 1604 1638 extra
1627 1576 1810 1632 limina
1835 1573 2112 1628 stabimus.

534 1693 650 1746 Nisi
665 1691 793 1744 enim
815 1660 1136 1740 abundaverit
1157 1677 1359 1753 justitia
1387 1681 1546 1728 uestra
1577 1669 1693 1740 plus
1734 1679 1884 1734 quam
1929 1660 2118 1715 scriba-

532 1801 640 1836 rum
669 1792 714 1835 et
742 1779 1140 1837 Pharisaeorum,
1166 1785 1264 1824 non
1288 1764 1537 1820 intrabitis
1564 1761 1616 1813 in
1645 1771 1857 1828 regnum
1875 1753 2117 1807 ratorum

534 1872 742 1945 (.llattli.
767 1871 822 1925 5.
853 1866 981 1936 9.0).
1015 1867 1260 1918 Attamen
1292 1865 1410 1927 post
1435 1846 1906 1908 comminationem
1935 1841 2119 1910 hujus-

534 1933 678 2018 inedi
708 1933 1081 2030 qttidam'sunt
1106 1953 1195 2024 qni
1226 1964 1329 2004 non
1362 1944 1519 2001 modo
1545 1939 1805 2012 justitiam
1838 1933 1980 1988 illam
2011 1943 2120 1982 non

533 2019 811 2124 superant,
854 2048 947 2103 sed
998 2019 1154 2113 longe
1209 2049 1329 2110 post
1373 2038 1517 2090 illam
1569 2031 1964 2097 relinquuntur.
2004 2019 2118 2075 Non

536 2109 694 2200 lucido
722 2143 860 2197 enim
906 2109 1204 2206 iuramenta
1255 2144 1359 2183 non
1387 2124 1610 2195 fugiunt,
1655 2117 1747 2174 sed
1779 2113 1939 2170 etiam
1972 2109 2119 2179 peje-

537 2248 653 2291 rant
675 2253 691 2301 ;
717 2249 820 2288 non
851 2229 1008 2285 modo
1052 2221 1377 2294 impudicum
1406 2222 1681 2284 aspectum
1706 2223 1812 2262 non
1843 2203 2080 2259 devitant
2102 2239 2119 2265 ,

536 2327 629 2382 sed
653 2293 813 2378 etiam
845 2321 897 2374 in
943 2318 1115 2386 ipsum
1134 2293 1352 2380 turpem
1378 2315 1554 2360 actum
1587 2304 1889 2372 proruunt,
1917 2293 2124 2360 aliaque

536 2415 713 2470 munia
758 2409 1020 2481 prohibita
1043 2406 1261 2473 impune
1306 2397 1729 2453 audeutzutmm
1771 2394 1976 2440 tantum
2029 2395 2124 2435 ex-

536 2471 840 2578 spectantes
865 2496 1107 2568 supplicii
1124 2471 1274 2549 diem
1295 2531 1310 2555 ,
1335 2485 1547 2559 quando
1579 2496 1673 2552 pro
1697 2476 1989 2536 sceleribus
2015 2471 2127 2527 suis

539 2568 812 2656 extremas
839 2594 1040 2648 dabunt
1080 2599 1264 2658 ptenas
1296 2599 1312 2636 :
1342 2578 1484 2650 quod
1530 2589 1690 2630 unttm
1723 2568 2012 2638 repositum
2045 2571 2128 2617 est

540 2696 610 2748 iis
623 2692 709 2761 qui
732 2691 782 2744 iu
807 2682 1036 2755 nequitia
1056 2657 1214 2732 vitam
1235 2673 1455 2729 obeunt.
1485 2668 1558 2722 De
1584 2665 1687 2718 illis
1711 2662 1903 2732 quippe
1927 2657 2124 2724 despe-

541 2755 758 2838 randum
785 2785 888 2841 est,
918 2784 972 2830 et
1000 2769 1127 2826 nihil
1155 2765 1298 2821 aliud
1328 2755 1776 2831 exspectandum,
1815 2764 1977 2821 quam
2002 2761 2130 2815 sup-

541 2873 775 2944 pliciunt.
795 2866 895 2936 Qui
920 2862 1064 2919 enim
1085 2859 1172 2914 hic
1190 2855 1364 2910 adhuc
1389 2854 1696 2919 supersunt,
1730 2841 1886 2896 facile
1908 2843 2132 2907 possunt

543 2975 598 3019 et
619 2972 871 3036 pugnare.
903 2963 957 3008 et
985 2953 1221 3012 vincere,
1253 2956 1306 3000 et
1340 2937 1606 2996 coronari.

611 3019 664 3106 ἦ.
691 3019 912 3103 iteratis
933 3038 1216 3099 exhortatio
1258 3034 1322 3088 de
1343 3027 1624 3098 ableganda
1661 3019 2017 3078 eomaetudine
2046 3021 2132 3086 ju-

542 3142 709 3199 raudi.
739 3138 917 3191 Prata:
931 3127 1305 3188 consuetudinis
1330 3119 1650 3178 dimittenda!
1671 3109 2021 3168 modus.—Ne
2037 3109 2134 3162 ita-

546 3249 646 3307 que
658 3229 926 3290 concidas,
941 3225 1012 3278 toi
1032 3225 1212 3287 homo,
1227 3230 1398 3287 neque
1416 3215 1606 3269 bonam
1636 3208 1778 3263 illam
1803 3203 2130 3258 alacritatem

1096 3305 1104 3307 ‘
1557 3303 1566 3307 -
1653 3306 1658 3307 γ
1763 3305 1770 3307 -
1860 3285 2110 3307 9--I---,.--_

544 3285 773 3372 :iutittas.
821 3285 998 3381 Neque
1023 3305 1164 3360 enim
1187 3285 1413 3356 onerosa
1451 3303 1575 3349 sunt
1613 3306 1674 3346 ea
1705 3305 1822 3360 qu:e
1855 3285 2131 3356 iubentur.

545 3401 695 3466 Quis,
740 3373 942 3465 quaeso,
973 3391 1123 3446 labor
1150 3389 1201 3440 in
1225 3382 1436 3438 vitando
1460 3373 1796 3448 iuramento?
1824 3385 1948 3424 num
1976 3383 2136 3438 pecu-

549 3495 756 3546 niarum
789 3490 1023 3554 impensa
1054 3477 1178 3535 est?
1205 3492 1329 3531 num
1359 3471 1522 3528 sudor
1541 3477 1596 3524 et
1626 3462 1905 3521 aerumna?
1935 3459 2147 3522 Suflicit.

548 3595 750 3640 tantum
783 3578 942 3640 velle,
972 3584 1027 3630 et
1053 3581 1222 3628 totum
1251 3567 1441 3622 factum
1463 3570 1564 3618 est.
1593 3559 1651 3614 Si
1693 3571 1821 3611 vero
1847 3564 2139 3609 consuetu-

549 3680 727 3732 dinem
767 3670 901 3728 mihi
932 3665 1175 3736 objicias,
1205 3661 1274 3716 ob
1316 3659 1418 3713 hoc
1444 3656 1615 3724 ipsum
1657 3648 1891 3704 maxime
1915 3645 2037 3700 dico
2064 3643 2140 3697 ia-

549 3769 702 3824 cilem
751 3776 871 3818 esse
900 3753 1358 3816 emendationem.
1388 3745 1520 3800 Nam
1562 3742 1687 3797 siin
1731 3739 1888 3791 aliam
1918 3745 1971 3789 te
2009 3747 2140 3787 cou-

551 3854 881 3912 suetudinem
925 3842 1235 3901 transferas.
1277 3838 1389 3907 jam
1413 3842 1582 3889 totum
1614 3825 1904 3900 perfecisti.
1957 3822 2139 3892 Cogita

553 3950 694 4003 enim
725 3942 921 3998 multos
947 3935 1085 4008 apud
1105 3931 1327 4004 gentiles
1349 3939 1491 3989 esse,
1515 3922 1603 3991 qui
1626 3918 1763 3973 balbi
1790 3931 1910 3971 cum
1939 3920 2138 3979 essent,

557 4041 722 4096 multo
749 4033 923 4089 studio
952 4025 1306 4084 olfendcntem
1331 4018 1563 4087 lingttam
1592 4015 1976 4068 correxerunt;
2008 4003 2142 4058 alios

558 4135 644 4204 qui
682 4145 802 4184 cum
853 4126 1104 4179 lmmeros
1134 4117 1442 4184 frequenter
1469 4117 1524 4162 et
1551 4104 1857 4158 indecenter
1883 4099 2144 4168 agitarent

561 4185 942 4284 moverentque
967 4253 982 4270 ,
1010 4207 1250 4278 apposito
1279 4199 1458 4272 gladio
1476 4236 1492 4260 ,
1520 4193 1713 4249 dehinc
1739 4191 1806 4243 ab
1855 4190 1956 4240 hoc
1980 4185 2142 4239 absti-

561 4318 808 4370 nuerunt.
832 4307 965 4374 Quia
998 4300 1138 4356 enim
1167 4289 1456 4363 Scripturis
1485 4301 1590 4340 non
1617 4277 1996 4348 obtemperatis
2019 4316 2035 4339 ,
2079 4274 2147 4327 ah

562 4412 901 4460 externorum
931 4388 1188 4457 exemplis
1212 4398 1307 4438 vos
1331 4380 1619 4435 admonere
1643 4386 1826 4442 cogor.
1852 4367 1962 4423 Hoc
1983 4365 2143 4422 etiam

566 4459 705 4550 Deus
729 4488 927 4546 Judzeis
954 4481 1179 4539 faciebat
1207 4475 1290 4530 his
1309 4470 1485 4528 verbis
1511 4487 1524 4522 :
1552 4466 1697 4520 Abite
1735 4464 1788 4517 iu
1816 4461 2008 4515 insulas
2029 4459 2146 4513 Che-

566 4589 695 4648 tiim,
723 4592 770 4636 et
797 4580 848 4634 in
888 4574 1048 4631 Cedar
1069 4569 1244 4623 mittite
1267 4581 1283 4617 :
1312 4573 1358 4618 et
1386 4560 1558 4615 discite
1581 4558 1623 4611 si
1655 4552 1954 4608 mutaverint
1979 4558 2148 4620 gentes

569 4638 694 4734 deos
713 4688 830 4728 suos
861 4688 879 4723 :
906 4678 948 4722 et
975 4663 1070 4733 ipsi
1095 4677 1193 4714 non
1237 4667 1353 4711 sunt
1399 4651 1470 4706 dii
1499 4647 1646 4719 (Jer.
1673 4646 1728 4700 2.
1759 4642 1846 4700 10.
1875 4643 1934 4696 ll
1963 4641 2004 4710 ).
2037 4638 2148 4692 Imo

570 4729 1042 4824 irrationaltilia
1068 4767 1209 4821 saepe
1236 4746 1430 4810 mittit,
1465 4741 1649 4797 dicens
1681 4755 1696 4792 :
1737 4734 1876 4788 Vade
1924 4731 1994 4784 ad
2037 4729 2147 4799 {or-

573 4859 776 4916 nzieam,
804 4851 964 4922 piger,
992 4855 1040 4900 et
1077 4839 1317 4897 mandare
1356 4835 1462 4888 eius
1489 4831 1620 4902 ejus,
1649 4835 1695 4880 et
1736 4822 1860 4877 uade
1897 4821 1964 4874 ad
2002 4834 2148 4886 apem

571 4909 966 5016 (Prosiliffi).
1020 4934 1130 4987 Iloc
1176 4930 1351 4998 itaque
1376 4932 1431 4977 et
1478 4933 1576 4991 ego
1602 4929 1746 4972 nunc
1787 4911 1937 4965 vobis
1981 4909 2146 4964 dico:

573 4998 1261 5089 limisiderate'crrecorum
1307 5009 1670 5086 philoSOphos,
1713 5012 1769 5061 ct
1816 5013 1936 5056 tunc
1970 4998 2148 5053 scietis

574 5134 772 5198 quanto
810 5121 912 5174 sint
941 5114 1085 5184 digiti
1114 5108 1375 5179 supplicio
1404 5104 1436 5157 ii
1459 5102 1546 5171 qui
1577 5097 1784 5152 divinas
1809 5093 1953 5163 leges
1979 5101 2148 5144 trans-

575 5181 886 5284 grediuntur
917 5225 930 5260 :
961 5181 1080 5259 cum
1124 5201 1198 5255 illi
1251 5212 1346 5267 pro
1373 5193 1600 5248 humana
1631 5187 1732 5241 hac
1770 5184 2046 5266 honestate
2069 5181 2149 5236 la-

578 5261 853 5284 n""""""
1254 5261 1267 5267 -

578 5310 738 5361 bores
761 5302 1068 5354 innumeros
1093 5287 1426 5361 pertulerint,
1458 5298 1554 5338 vos
1578 5295 1706 5336 vero
1727 5291 1795 5332 ne
1816 5261 1913 5345 pro
1931 5272 2154 5327 ctelesti-

582 5360 680 5450 bus
703 5390 916 5462 quidem
933 5360 1124 5440 bonis‘
1146 5393 1323 5450 parem
1338 5374 1591 5431 exhibere
1611 5367 1938 5438 diligentiam
1958 5360 2150 5415 velitis.

582 5485 636 5541 Si
691 5452 850 5552 porro
896 5485 1015 5548 post
1077 5473 1188 5527 ha-c
1225 5466 1460 5529 dixeris,
1511 5475 1670 5533 posse
1716 5452 2154 5512 consuetudinem

579 5542 1082 5642 intercipere-etiam
1108 5565 1227 5618 illos
1251 5561 1338 5627 qui
1383 5555 1668 5612 admodum
1717 5549 1816 5604 sibi
1855 5553 2073 5608 cavent,
2107 5542 2156 5595 id

583 5669 740 5726 etiam
769 5679 866 5734 ego
895 5660 1094 5718 fateor;
1127 5670 1287 5708 utuuu
1311 5651 1362 5705 id
1395 5648 1585 5718 adjicio
1614 5662 1625 5697 :
1652 5653 1707 5696 ut
1738 5640 1890 5695 facile
1914 5631 2161 5702 intercipi

655 5843 668 5872 ‘
706 5837 819 5896 Alii,
841 5848 896 5886 ηρ
917 5849 1009 5898 pro
1031 5832 1162 5886 m'lis
1182 5825 1386 5890 quidem.

544 405 630 442 "3'-
1269 387 1323 442 S.
1364 378 1640 438 JUANNIS
1674 360 2146 430 CIIIllSUSlOMl
2187 353 2502 412 AllUlllEl’.
2547 341 3083 406 CONSTANTINOP.
3707 337 3808 390 9,13

2215 479 2365 542 potes
2390 507 2404 531 ,
2441 461 2706 519 ita-facile
2731 466 2883 528 potes
2914 465 2965 510 te
2991 451 3302 510 emendare.
3340 447 3397 505 Si
3438 447 3587 503 enim
3617 447 3816 500 multus

2216 561 2309 615 tibi
2331 558 2474 612 domi
2497 552 2748 611 custodes
2776 558 3001 612 statuas,
3035 558 3251 601 servum
3271 541 3540 601 videlicet,
3564 553 3813 596 uxorem,

2214 653 2464 715 amicum,
2496 651 2562 704 ab
2592 643 2838 700 omnibus
2871 641 3055 710 pulsus
3085 648 3245 706 atque
3291 635 3554 706 agitatus,
3603 629 3763 685 facile
3789 643 3815 679 :t

2216 758 2382 814 prava
2433 735 2816 794 cnnsuetudiue
2845 731 3094 786 absistcs.
3142 727 3198 782 Si
3231 741 3327 796 per
3370 724 3555 780 decem
3603 721 3724 776 dies
3750 719 3819 772 ita

2214 831 2422 905 agendo
2468 840 2814 898 perseveres,
2864 836 2966 874 non
3021 819 3125 873 erit
3176 816 3516 870 diuturniore
3571 820 3821 878 tempore

2217 938 2384 994 Opus;
2408 921 2500 976 sed
2533 918 2623 972 tibi
2654 930 2739 970 res
2780 915 2832 967 in
2881 921 2992 965 tuto
3024 909 3193 979 posita
3223 907 3325 962 erit
3350 946 3364 969 ,
3409 901 3823 958 consuetudinis

2218 1014 2433 1084 eptitnze
2457 1009 2704 1064 ﬁrmitate
2725 1005 2833 1074 jam
2859 1001 3063 1056 radices
3095 998 3364 1052 mittente.
3391 995 3524 1048 Cum
3553 1007 3686 1062 ergo
3709 1005 3825 1044 co:-

2221 1104 2364 1175 peris
2391 1101 2441 1155 id
2473 1098 2764 1168 corrigere,
2796 1093 3004 1148 etiamsi
3037 1088 3203 1144 semel
3231 1096 3321 1141 aut
3342 1085 3425 1140 bis
3442 1084 3614 1153 legem
3646 1093 3825 1135 trans-

2225 1193 2504 1265 grediaris,
2536 1188 2744 1245 etiamsi
2777 1196 2858 1239 ter
2883 1183 3252 1253 vigesiesque,
3282 1192 3350 1232 ne
3394 1175 3655 1243 desperes
3688 1171 3825 1226 :sed

2221 1302 2457 1356 resurge,
2503 1281 2855 1348 eamdemque
2879 1289 3062 1331 curam
3089 1271 3322 1340 suscipe,
3357 1269 3620 1340 planeque
3648 1279 3816 1334 supe-

2222 1380 2383 1436 rabis.
2417 1377 2596 1446 Neque
2621 1373 2762 1429 enim
2793 1373 2909 1425 leve
2928 1369 3125 1422 malum
3146 1375 3226 1420 est
3248 1363 3563 1434 periurium.
3586 1359 3641 1414 Si
3673 1358 3823 1412 enim

2217 1475 2399 1542 jurare
2425 1487 2454 1522 a
2497 1467 2639 1522 malo
2667 1476 2771 1525 est,
2803 1462 3045 1533 pejerarc
3073 1467 3276 1526 quanto
3301 1453 3565 1523 supplicio
3589 1450 3695 1506 erit
3723 1449 3826 1502 ob-

2223 1540 2475 1620 noxium?
2501 1559 2626 1614 Hinc
2654 1557 2792 1612 dicta
2826 1549 3115 1608 laudastis?
3140 1546 3246 1603 Sed
3270 1543 3568 1615 plausibus,
3591 1540 3826 1594 tmnultn

2221 1667 2275 1710 et
2301 1655 2478 1708 sonitu
2505 1666 2611 1704 non
2639 1661 2776 1717 opus
2804 1653 2884 1698 est
2928 1641 3081 1695 mihi.
3115 1637 3288 1694 Unum
3342 1634 3464 1688 volo
3502 1641 3736 1692 tantum,
3768 1639 3831 1682 ut

2223 1762 2346 1800 cum
2372 1742 2550 1812 quiete
2578 1750 2632 1794 et
2655 1735 2830 1807 sagaci
2856 1731 3150 1787 attentione
3179 1740 3298 1796 qua:
3327 1725 3577 1778 dicuntur
3604 1720 3829 1775 audien-

2226 1845 2338 1900 tes,
2387 1809 2526 1887 dieta
2558 1824 2948 1896 exsequamiui.
2997 1819 3108 1874 lloc
3153 1817 3281 1871 mihi
3313 1815 3624 1885 plaususet
3652 1809 3830 1865 laudis

2226 1929 2345 1983 loco
2367 1933 2467 1978 est.
2490 1921 2546 1977 Si
2572 1934 2701 1976 vero
2721 1932 2784 1972 ea
2809 1931 2928 1985 quae
2946 1913 3198 1966 dicuntur
3215 1907 3426 1973 audias,
3450 1915 3506 1960 et
3531 1919 3638 1958 non
3661 1902 3831 1958 facias

2225 2034 2284 2071 ea
2317 2031 2434 2086 qua!
2462 2013 2665 2077 laudas,
2698 2008 2870 2077 majus
2899 2004 3001 2059 erit
3043 2000 3385 2071 supplicium.
3430 1995 3643 2065 gravior
3663 2007 3828 2048 accu-

2226 2110 2363 2164 satio
2386 2148 2401 2169 ,
2431 2107 2687 2172 uobisque
2715 2101 2884 2171 pudor
2910 2108 2965 2153 et
2992 2095 3190 2150 irrisio.
3228 2091 3344 2146 Non
3386 2090 3526 2143 enim
3558 2090 3830 2140 theatrum

2225 2213 2351 2257 sunt
2381 2200 2531 2260 ha-c.
2557 2210 2663 2251 non
2699 2189 2969 2260 tragcedos
3021 2200 3163 2241 nunc
3218 2183 3494 2250 spectatis,
3548 2187 3607 2231 ut
3650 2177 3831 2230 solum

2230 2289 2509 2364 plaudatis.
2556 2282 2912 2353 Magisterium
2939 2287 3021 2332 est
3048 2275 3135 2330 hic
3159 2269 3455 2342 spirituale.
3483 2267 3828 2336 Quap:-0pt--r

2230 2397 2397 2438 unum
2423 2377 2657 2435 studium
2684 2383 2788 2436 est,
2817 2379 2872 2426 ut
2896 2383 3015 2439 quzc
3035 2366 3288 2419 dicuntur
3306 2375 3469 2430 opere
3488 2355 3831 2424 compleatis,

2233 2483 2289 2528 et
2342 2467 2709 2526 obedientiam
2757 2461 2922 2533 gestis
2969 2452 3423 2514 commonstretis.
3485 2448 3638 2503 Tunc
3685 2447 3835 2502 enim

2233 2565 2410 2619 omnia
2435 2556 2708 2626 assequuti
2727 2554 2929 2609 erimus
2959 2566 2973 2603 :
3013 2557 3069 2602 at
3093 2559 3235 2601 nunc
3262 2557 3398 2614 pene
3423 2541 3722 2610 desperare
3740 2551 3835 2591 eo.

2230 2672 2346 2727 gor.
2376 2652 2507 2708 Nam
2528 2661 2581 2704 et
2609 2647 2852 2718 privatim
2881 2657 2977 2699 eos
2998 2682 3012 2704 ,
3045 2640 3133 2709 qui
3165 2652 3252 2691 me
3273 2639 3670 2696 conuenerunt,
3718 2627 3836 2682 lure

2233 2759 2456 2803 monere
2485 2756 2590 2796 nou
2635 2735 2862 2798 cessavi,
2893 2741 2947 2788 et
2977 2730 3128 2784 vobis
3165 2728 3218 2781 in
3247 2737 3532 2781 commune
3554 2721 3834 2788 loquutus,

2236 2837 2368 2893 nihil
2399 2847 2575 2890 tamen
2605 2829 2728 2883 hinc
2766 2826 2969 2881 fructus
2998 2823 3256 2875 hactenus
3289 2823 3598 2884 perceptum
3625 2811 3786 2864 video
3818 2826 3832 2860 :

2238 2929 2333 2986 sed
2356 2941 2450 2981 vos
2476 2923 2661 2995 primis
2673 2917 2849 2973 adhuc
2865 2911 3148 2970 clementis
3174 2909 3442 2962 htercntes
3461 2916 3626 2960 cerno
3649 2919 3665 2958 :
3687 2901 3838 2972 quod

2237 3032 2368 3073 sane
2397 3012 2696 3069 maximum
2741 3012 2919 3076 potest
2970 2998 3183 3056 docenti
3231 2995 3500 3051 fastidium
3549 3005 3838 3062 generare.

2240 3108 2374 3162 Vide
2393 3105 2552 3177 igitur
2569 3112 2623 3157 et
2637 3099 2860 3155 Paulum
2885 3093 2936 3148 id
2959 3092 3186 3146 moleste
3210 3088 3490 3148 ferentem,
3511 3083 3656 3153 quod
3682 3081 3840 3137 audi-

2241 3214 2384 3258 tores
2409 3175 2574 3251 multo
2593 3202 2836 3262 tempore
2862 3187 2914 3240 iu
2939 3185 3117 3256 priore
3137 3179 3432 3249 disciplina:
3459 3175 3623 3246 gradu
3647 3188 3838 3228 maneo

2241 3301 2378 3348 rent.
2415 3287 2550 3342 Nam
2575 3300 2686 3339 eum
2709 3278 2980 3339 deberetis,
3010 3273 3206 3343 inquit,
3236 3267 3466 3340 nwgistri
3498 3282 3605 3321 esse
3630 3273 3842 3337 propter

2243 3395 2466 3450 tempus,
2513 3389 2716 3431 rursum
2759 3367 2996 3438 indigetis
3025 3375 3079 3418 ut
3101 3361 3384 3418 doreamini
3406 3362 3447 3416 ⁸.
3469 3373 3700 3426 quanam
3729 3357 3842 3411 ιιι.

2230 3445 2410 3533 menta
2426 3469 2524 3522 sint
2542 3459 2778 3538 principii
2803 3455 3048 3512 sermonis
3071 3452 3166 3506 Dei
3188 3449 3376 3520 (Hebr.
3405 3447 3460 3502 5.
3488 3447 3604 3516 l2).
3626 3445 3756 3501 Ideo
3774 3457 3836 3500 et

2244 3579 2345 3620 nos
2361 3537 3000 3632 Ingemusetplangituus.
3027 3545 3107 3600 Ac
3126 3543 3170 3598 si
3195 3549 3604 3612 perseverantes
3633 3552 3730 3600 vos
3753 3537 3838 3592 vi-

2245 3659 2398 3721 dero,
2421 3668 2514 3706 vos
2531 3648 2745 3704 demum
2760 3653 3035 3698 sacrorum
3059 3635 3300 3690 liminum
3323 3630 3466 3686 aditu
3491 3628 3832 3692 iuterdieam,

2248 3761 2346 3802 nec
2386 3719 2498 3797 non
2543 3733 2944 3808 participatione
2981 3724 3360 3783 immortalium
3418 3719 3798 3792 mysteriorum
3823 3760 3843 3787 ,

2246 3830 2691 3909 quemadmodum
2715 3823 3090 3885 fornicatores,
3119 3815 3416 3879 adulteros,
3443 3823 3498 3866 et
3528 3826 3620 3867 eos
3649 3815 3740 3881 qui
3769 3811 3841 3864 de

2246 3901 2479 3983 cmdibus
2502 3927 2838 3975 accusantur.
2880 3910 3070 3967 Melius
3092 3919 3321 3976 namque
3351 3913 3432 3959 est
3463 3918 3586 3957 cum
3630 3901 3846 3957 duobus

2248 4019 2331 4074 vel
2363 4015 2531 4070 tribus
2570 4011 2714 4078 leges
2763 4004 2853 4058 Dei
2898 3996 3309 4057 observantibus
3329 4000 3614 4049 consuetas
3645 3992 3844 4045 afferre

2249 4121 2457 4181 preces,
2505 4116 2662 4172 quam
2700 4107 2896 4150 emtum
2941 4101 3266 4159 congregare
3297 4083 3700 4154 improborum,
3747 4082 3844 4151 qui

2249 4173 2472 4257 caeteros
2498 4195 2865 4259 corrumpunt.
2905 4183 2984 4239 Ne
3008 4181 3128 4251 quis
3148 4180 3320 4242 dives,
3345 4192 3413 4232 ne
3441 4175 3562 4245 quis
3586 4189 3616 4228 e
3641 4173 3845 4243 primo-

2251 4292 2398 4348 ribus
2421 4288 2652 4347 inlletnr,
2680 4281 2761 4333 vel
2794 4271 3077 4345 supercilia
3102 4269 3330 4325 attollat.
3359 4267 3482 4321 “me
3503 4265 3681 4319 omnia
3712 4263 3849 4320 mihi

2253 4381 2424 4438 fabula
2452 4387 2597 4440 sunt,
2629 4371 2814 4426 umbra
2842 4377 2897 4424 et
2923 4363 3217 4420 somnium.
3241 4359 3430 4414 Nullus
3456 4357 3600 4412 enim
3625 4370 3844 4416 eorum,

2251 4475 2336 4543 qui
2371 4483 2510 4525 nunc
2534 4460 2898 4535 opulentiores
2918 4465 3064 4520 sunt,
3085 4451 3217 4508 mihi
3240 4461 3366 4504 tunc
3391 4446 3835 4518 patrocinabitur,

2252 4579 2371 4618 eum
2399 4562 2689 4614 accusabor
2716 4564 2771 4609 et
2791 4551 3026 4606 rationes
3051 4545 3180 4600 dare
3204 4556 3384 4612 cogar,
3416 4537 3558 4610 quod
3587 4554 3695 4592 non
3721 4553 3848 4593 cum

2253 4656 2431 4711 debita
2458 4649 2793 4707 vehementia
2821 4645 2967 4714 leges
2989 4639 3082 4694 Dei
3110 4633 3514 4692 vindicaverim.
3539 4631 3653 4687 Hoc
3674 4632 3846 4699 enim,

2255 4749 2355 4803 huc
2385 4757 2530 4800 certe
2551 4738 2921 4797 admirandum
2953 4733 3101 4787 illum
3133 4742 3315 4784 senem
3340 4769 3356 4793 ,
3386 4724 3504 4781 Heli
3534 4724 3678 4789 dico,
3719 4739 3849 4794 per-

2254 4839 2410 4904 didit,
2436 4836 2535 4892 etsi
2564 4825 3088 4902 irreprehensibilem
3113 4821 3338 4876 duxerat
3365 4820 3527 4871 vitam
3558 4835 3570 4871 :
3605 4824 3849 4870 attamen

2254 4934 2400 5004 quia,
2429 4944 2550 4984 cum
2580 4923 2915 4980 conculcatus
2959 4915 3054 4971 Dei
3083 4913 3228 4982 leges
3249 4907 3476 4972 videret,
3505 4907 3557 4962 id
3585 4907 3849 4977 neglexit.

2255 4996 2378 5080 cum
2407 5021 2529 5076 ﬁliis
2549 5018 2765 5090 punitus
2795 5020 2899 5074 est,
2947 5017 3001 5062 et
3037 5017 3199 5076 grave
3225 4999 3547 5070 supplicium
3574 4997 3761 5052 subiit.
3794 4996 3851 5052 Si

2256 5127 2434 5175 autem
2461 5089 2569 5168 ubi,
2584 5117 2726 5165 tanta
2763 5113 2967 5160 naturae
3010 5096 3254 5170 tyrannis
3279 5100 3434 5156 erat,
3483 5093 3560 5156 is,
3599 5089 3690 5160 qui
3741 5105 3852 5144 non

2256 5209 2434 5280 debita
2483 5200 2766 5259 severitate
2799 5209 2922 5251 eum
2952 5190 3077 5245 filiis
3117 5186 3227 5241 suis
3269 5193 3352 5240 est
3375 5195 3527 5247 usus,
3558 5180 3631 5235 ita
3656 5193 3854 5250 graves

2256 5272 2635 5368 dedit‘pcenas,
2665 5304 2766 5361 qua
2795 5301 2894 5341 nos
2919 5282 3073 5339 venia
3114 5276 3432 5333 donabimur
3457 5274 3526 5328 ab
3552 5272 3641 5328 illa
3671 5284 3853 5344 tyran-

2260 5393 2383 5451 nide
2410 5367 2638 5450 liberati,
2667 5381 2756 5452 qui
2798 5388 2974 5433 tamen
3001 5372 3179 5428 omnia
3205 5368 3515 5424 adulatione
3542 5367 3846 5434 corrumpi-

2260 5482 2414 5540 t‘nus?
2439 5481 2519 5536 Ne
2556 5477 2733 5544 itaque
2761 5481 2815 5526 et
2861 5481 2958 5523 nos
2981 5476 3037 5521 et
3057 5477 3152 5517 vos
3178 5463 3322 5530 ipsos
3350 5458 3607 5527 perdatis,
3635 5458 3850 5510 niuem-

2263 5584 2474 5647 perate,
2502 5569 2728 5626 obsecro
2756 5603 2771 5627 ,
2801 5569 2860 5616 ut
2884 5560 3192 5612 innumeros
3220 5550 3374 5603 voltis
3399 5549 3773 5617 exploratores
3802 5562 3853 5601 (ιι

2264 5666 2556 5725 monitores
2596 5657 2997 5714 constituentes,
3049 5664 3078 5700 a
3102 5645 3529 5716 jttramt-utormu
3558 5651 3856 5694 consuetu-

2330 5797 2349 5826 ³
2387 5789 2499 5848 Alit,
2524 5794 2718 5834 rursum
2740 5773 2966 5840 indigetis
2988 5780 3216 5833 tempore,
3236 5773 3285 5816 ut
3309 5761 3596 5816 doremnim'.
