4124 6302
277 292 385 349 263

276 410 409 465 diue
455 407 777 467 liberetuini,
824 400 1053 459 ut’hinc
1103 412 1408 475 pergentes,
1461 403 1622 456 aliam
1662 416 1879 470 quoque

279 498 954 556 virtutemeumlaeilitate
982 510 1171 566 magna
1217 495 1519 565 impleatis,
1578 502 1634 548 et
1683 492 1878 547 futuris

278 591 530 648 fmamini
564 589 718 642 bonis
748 604 906 658 :qna:
961 602 1061 644 uos
1090 601 1279 641 omnes
1319 586 1533 657 assequi
1564 585 1839 655 contingat
1860 626 1876 651 ,

285 718 3498 751 _________________________________________.__.______.

1406 283 1471 339 IN
1510 280 1917 338 MA'l'Tlll-EUM
1958 279 2187 336 llOMIL.
2234 278 2417 335 XVIII.

3510 280 3612 333 gitti

1986 397 2159 463 gratia
2189 410 2241 452 ει
2270 396 2642 453 misericordia
2673 396 2883 453 Domini
2912 399 3080 453 nostri
3105 397 3235 455 Jesu
3264 398 3485 465 Christi,
3521 407 3608 461 cui

1986 489 2160 559 gloria
2183 496 2238 545 et
2266 489 2549 558 imperium
2574 503 2717 543 llllllc
2738 497 2792 544 ct
2819 503 3036 558 semper
3057 531 3070 554 ,
3102 500 3157 545 et
3190 490 3244 545 in
3270 491 3470 547 ste-euut
3508 512 3613 551 sae-

1986 581 2254 637 culorum.
2293 582 2485 636 Amen.

3511 720 3583 729 “

1639 786 1990 851 HOMILIA
2032 785 2271 849 XVIII.

273 948 404 1003 Car.
432 945 486 1001 5.
530 962 581 1000 ι’.
605 944 696 1001 '58.
740 944 967 999 Audistis
1005 941 1126 1015 quia
1169 940 1361 994 dictum
1398 950 1471 993 est
1496 955 1514 992 :
1539 935 1757 992 Oculum
1784 950 1877 1005 pro

345 1037 524 1103 oculo,
548 1046 599 1090 et
623 1035 823 1090 dentem
850 1050 944 1105 pro
970 1033 1142 1087 dente.
1174 1032 1261 1087 39.
1305 1027 1420 1101 Ego
1452 1038 1624 1082 autem
1650 1027 1766 1081 dico
1786 1041 1876 1078 vo-

344 1129 421 1183 bis
437 1168 453 1191 ,
495 1145 597 1182 non
638 1128 871 1183 resistere
919 1125 1055 1179 malo
1080 1139 1099 1178 :
1118 1124 1207 1178 sed
1227 1126 1270 1177 si
1296 1123 1411 1194 quis
1436 1120 1736 1189 percusserit
1759 1119 1875 1171 tein

344 1220 607 1274 dexteram
645 1219 945 1281 inexilium,
979 1216 1149 1287 praebe
1168 1216 1219 1268 ei
1236 1223 1284 1269 et
1312 1214 1552 1269 alteram.
1574 1213 1666 1267 40.
1695 1210 1761 1266 Et
1787 1226 1878 1264 vo-

344 1311 471 1365 lenti
507 1320 674 1365 tecum
709 1311 765 1364 iu
795 1308 997 1379 judicio
1021 1307 1355 1371 contendere,
1394 1313 1442 1359 et
1483 1304 1707 1358 tunicam
1735 1312 1875 1356 ticam

341 1402 552 1465 tollere,
576 1401 774 1454 dimitte
802 1401 849 1454 ei
875 1410 924 1454 et
951 1396 1186 1467 pallium.

344 1494 396 1548 l.
442 1493 580 1558 Quid
591 1491 843 1562 signiﬁcet
864 1490 1043 1544 oculus
1060 1487 1417 1544 scandalisans
1435 1527 1452 1554 ,
1474 1502 1622 1558 quem
1643 1484 1873 1539 Christus

266 1587 413 1653 jubet
440 1585 567 1639 erui.
610 1582 716 1638 Cur
737 1591 991 1651 prwcepta
1017 1580 1143 1651 legis
1168 1580 1348 1634 veteris
1381 1594 1485 1633 non
1526 1578 1599 1632 ita
1635 1577 1874 1631 sublimia

267 1685 455 1729 essent.
480 1705 551 1715 —
581 1673 742 1729 Vides
776 1689 901 1730 eum
933 1688 1040 1728 non
1089 1672 1158 1727 de
1202 1671 1365 1727 oculo
1414 1670 1591 1741 priora
1632 1669 1868 1734 dixisse.

265 1781 392 1820 cum
436 1766 649 1835 jnberet
690 1766 909 1820 oculum
964 1779 1159 1819 eruere
1206 1764 1296 1834 qui
1350 1762 1505 1818 nobis
1547 1759 1871 1817 olfendiculo

264 1869 437 1920 esset,
468 1857 561 1912 sed
582 1858 649 1912 de
674 1872 739 1911 eo
759 1858 849 1927 qui
878 1871 974 1927 per
992 1855 1283 1910 amicitiam
1320 1869 1419 1909 nos
1448 1852 1703 1917 laederet,
1734 1863 1789 1907 et
1817 1852 1869 1905 in

268 1948 527 2017 perniciei
570 1946 879 2003 barathrum
921 1944 1253 2017 conjiceret?
1284 1944 1415 1998 Nam
1459 1943 1551 2013 qui
1605 1951 1748 1997 tanta
1782 1940 1870 1996 hic

270 2040 567 2113 hyperbole
593 2040 781 2101 utitur.
813 2055 987 2109 neque
1025 2038 1267 2101 alterius,
1316 2038 1404 2107 qui
1456 2036 1611 2091 nobis
1650 2035 1867 2090 oculum

262 2134 529 2197 emisset,
579 2132 797 2187 oculum
836 2146 1030 2187 eruere
1084 2130 1356 2201 permitti,
1406 2127 1680 2199 quomodo
1708 2144 1867 2183 suum

261 2238 461 2280 eruere
503 2224 621 2294 lege
660 2223 971 2279 sanxisset?
1004 2222 1161 2291 Quod
1191 2222 1236 2279 si
1266 2223 1387 2293 quis
1412 2233 1648 2278 veterem
1686 2220 1857 2275 redar-

262 2326 396 2388 guat
429 2317 633 2388 legem,
682 2333 804 2387 qua:
842 2316 1029 2388 jubeat
1070 2333 1129 2374 se
1153 2318 1225 2372 ita
1254 2316 1437 2372 ulcisci
1458 2358 1473 2382 ,
1508 2316 1553 2371 is
1577 2313 1866 2371 admodum

261 2410 399 2466 mihi
442 2408 655 2465 videtur
706 2410 1061 2480 sapientiam,
1105 2425 1226 2479 qua:
1272 2408 1629 2480 legislaturem
1673 2406 1865 2471 decet,

262 2500 517 2569 ignorare
540 2542 558 2568 ,
593 2515 805 2557 necnon
852 2510 1156 2569 temporum
1196 2502 1462 2560 rationem
1496 2511 1550 2555 et
1581 2498 1865 2571 indulgen-

264 2592 357 2647 tiae
385 2592 695 2649 utilitatem.
728 2592 784 2649 Si
820 2594 1144 2663 cogitaveris
1184 2594 1366 2659 enim,
1416 2594 1635 2664 quinam
1682 2602 1867 2649 essent

261 2685 299 2740 ii
327 2683 419 2755 qui
448 2684 570 2739 talia
597 2682 841 2739 audirent
864 2724 883 2750 ,
908 2684 1181 2754 quomodo
1206 2684 1380 2739 at'l'ecti
1399 2726 1415 2749 ,
1437 2692 1491 2739 et
1516 2681 1736 2755 quando
1770 2684 1867 2738 has

262 2776 416 2846 leges
446 2776 774 2845 acceperint,
815 2775 1137 2846 legislatoris
1156 2776 1472 2845 sapientiam
1502 2775 1726 2828 multum
1754 2774 1839 2827 lau

261 2868 447 2933 dabis,
498 2867 812 2938 ridebisque
856 2882 1022 2922 unum
1061 2876 1117 2922 et
1152 2868 1401 2923 eumdem
1444 2882 1566 2922 esse
1606 2867 1697 2937 qui
1750 2865 1861 2920 bace

262 2970 326 3016 et
368 2960 459 3016 illa
498 2960 781 3026 statuerit,
831 2969 887 3014 et
932 2958 1089 3013 valde
1116 2959 1320 3013 utiliter
1349 2967 1611 3028 utraque,
1644 2972 1707 3011 ac
1735 2973 1858 3012 eon-

261 3052 477 3122 gruenti
521 3062 768 3121 tempore
806 3050 1104 3120 scripserit.
1135 3048 1270 3104 Nam
1293 3050 1339 3105 si
1368 3050 1437 3105 ab
1465 3049 1618 3104 initio
1650 3050 1765 3104 lucc
1788 3049 1864 3103 sic

262 3144 371 3198 alta
402 3152 457 3200 et
481 3143 731 3199 sublimia
764 3151 1033 3213 praecepta
1079 3143 1385 3210 intulisset,
1427 3156 1602 3211 neque
1630 3141 1747 3196 lure
1772 3157 1865 3195 ne-

260 3250 370 3305 que
394 3235 484 3289 illa
511 3234 876 3305 recepissent;
913 3234 1026 3304 jam
1055 3249 1185 3289 vero
1210 3248 1335 3288 eum
1364 3241 1673 3303 opportuno
1712 3241 1858 3287 utra-

262 3346 369 3398 que
410 3338 659 3398 tempore
703 3326 990 3389 statuerit,
1040 3339 1135 3399 per
1175 3334 1402 3395 utraque
1454 3332 1623 3378 totum
1677 3324 1863 3377 orbem

264 3420 528 3477 correxit.
568 3418 821 3488 Alioquin
863 3426 1045 3472 autem
1092 3415 1208 3471 hare
1232 3415 1429 3483 jussit,
1464 3430 1569 3468 non
1596 3424 1656 3468 ut
1679 3423 1867 3468 mutuo

267 3513 426 3567 nobis
470 3509 664 3566 oculos
703 3524 993 3574 eruamus,
1024 3508 1119 3563 sed
1150 3519 1205 3562 ut
1236 3508 1413 3578 potius
1433 3521 1628 3562 manus
1654 3516 1866 3561 nostras

260 3604 657 3659 contineamus.
685 3602 819 3656 Nam
845 3599 1207 3671 rependendm
1238 3600 1369 3654 vicis
1394 3598 1743 3655 comminatio
1766 3600 1867 3652 im-

266 3707 447 3766 petum
491 3693 788 3750 inlerendte
821 3692 1032 3763 injuriae
1058 3692 1323 3747 coercuit.
1356 3692 1532 3760 Atque
1562 3693 1633 3745 ita
1663 3689 1864 3745 sensim

260 3790 489 3845 multam
538 3786 859 3843 dissemiuat
907 3785 1301 3856 philosophiam
1344 3804 1361 3841 :
1412 3784 1629 3854 quando
1680 3786 1865 3838 laesum

262 3895 449 3951 parem
493 3878 792 3947 rependere
839 3878 1010 3933 vicem
1055 3877 1249 3947 jubet;
1304 3892 1628 3946 quamquam
1660 3876 1866 3946 majore

263 3974 457 4041 dignus
488 3981 605 4027 erat
646 3970 909 4040 supplicio
949 3970 995 4024 is
1037 3986 1066 4024 a
1106 3984 1213 4040 quo
1252 3968 1509 4038 iniquitas
1560 3967 1864 4035 huiusmodi

263 4066 499 4134 cepisset
521 4062 802 4117 exordium
832 4080 847 4115 :
876 4058 1008 4114 illud
1034 4060 1180 4115 enim
1213 4060 1483 4127 tequitatis
1514 4058 1651 4111 ratio
1679 4065 1865 4126 postu-

266 4153 435 4209 labat.
464 4152 573 4208 Sed
602 4156 725 4223 quia
751 4151 1139 4222 benignitatem
1178 4150 1392 4204 volebat
1422 4147 1632 4216 justitia
1662 4157 1870 4218 tempe-

264 4262 389 4304 rare
409 4288 425 4312 ,
460 4261 618 4307 eum.
663 4246 755 4316 qui
786 4245 1021 4315 iniquius
1048 4260 1106 4299 se
1129 4252 1373 4315 gesserat
1394 4283 1408 4305 ,
1437 4242 1663 4305 minori,
1706 4256 1867 4310 quam

268 4338 599 4399 merebatur,
631 4335 851 4390 damtiat
878 4334 1177 4403 supplicio,
1214 4332 1415 4389 docens
1442 4345 1499 4388 ut
1528 4334 1582 4387 in
1614 4332 1870 4403 patiendo

271 4444 521 4501 magnam
544 4443 824 4485 servemus
848 4428 1299 4484 moderationem.
1321 4426 1455 4481 Cum
1480 4441 1613 4496 ergo
1633 4427 1867 4494 priorem

270 4521 443 4593 legem
478 4519 821 4591 protulisset,
855 4518 1109 4588 illamque
1150 4527 1315 4573 totam
1354 4518 1599 4587 legisset,
1634 4515 1870 4570 ostendit

274 4623 461 4683 postea
508 4628 614 4667 non
656 4610 878 4666 fratrem
906 4625 1026 4664 esse
1064 4609 1153 4677 qui
1196 4609 1318 4663 talia
1368 4608 1731 4677 perpetravit,
1773 4606 1869 4661 sed

278 4704 597 4771 maiignntn,
625 4703 853 4771 ideoque
878 4700 1153 4770 subjunxit
1176 4710 1190 4753 :
1221 4698 1333 4768 Ego
1353 4709 1524 4752 autem
1553 4699 1667 4752 dico
1696 4697 1833 4752 vobis
1852 4739 1868 4763 ,

276 4812 381 4849 non
412 4794 646 4847 resistere
681 4792 840 4846 malo.
878 4789 999 4845 Non
1043 4790 1212 4852 dixit,
1246 4788 1359 4843 Non
1393 4789 1647 4845 resistere
1678 4788 1827 4843 fratri
1856 4807 1867 4840 :

278 4886 399 4951 sed,
434 4882 579 4936 Παιο
601 4925 614 4949 ,
644 4882 937 4938 ostendens
965 4881 1057 4936 illo
1084 4881 1371 4949 instigante
1393 4880 1516 4933 talia
1549 4880 1868 4949 perpetrari,

281 4990 443 5050 atque
466 4977 546 5033 sic
575 4990 821 5046 magnam
844 4977 936 5030 irai
966 4984 1168 5044 partem
1190 4974 1453 5027 adversus
1470 4989 1592 5027 eum
1620 4973 1707 5041 qui
1735 4973 1872 5039 inju-

283 5074 417 5127 ria.u
467 5068 645 5124 intulit
684 5075 1001 5134 conceptam
1038 5064 1235 5119 sedans
1282 5072 1336 5118 et
1378 5065 1693 5127 succidens,
1752 5079 1872 5115 eum

281 5179 503 5221 causam
533 5163 589 5218 in
616 5160 845 5215 alterum
876 5156 1149 5213 transfert.
1176 5156 1313 5224 Quid
1340 5157 1537 5225 igitur?
1566 5171 1743 5208 annon
1776 5156 1873 5207 de-

283 5260 506 5318 bemus,
555 5252 794 5322 inquies,
840 5250 1092 5305 resistere
1130 5248 1306 5302 malo?
1350 5247 1567 5301 Dehetis
1590 5289 1603 5307 .
1642 5247 1735 5300 sed
1769 5263 1875 5301 non

287 5352 391 5405 hoc
418 5350 577 5403 modo
603 5366 618 5404 :
640 5360 824 5401 verum
851 5352 910 5397 ut
932 5346 1045 5412 ipse
1076 5342 1329 5411 pixecepit
1354 5359 1365 5393 :
1395 5350 1454 5394 ut
1476 5339 1682 5393 scilicet
1707 5341 1872 5407 parati

286 5445 455 5499 simus
484 5441 550 5495 ad
594 5437 927 5507 recipiendas
959 5436 1210 5504 injurias;
1238 5436 1315 5489 sic
1351 5436 1495 5489 enim
1529 5434 1677 5486 illum
1722 5449 1880 5502 supe-

287 5536 451 5591 rabis.
472 5533 662 5601 Neque
699 5533 845 5585 enim
875 5532 995 5599 igne
1022 5528 1157 5599 ignis
1193 5528 1571 5596 exstinguitur,
1598 5526 1689 5580 sed
1720 5543 1877 5594 aqua.

288 5628 355 5683 llt
382 5636 556 5681 atillam
579 5625 777 5681 discas.
803 5623 962 5676 etiam
994 5622 1047 5675 in
1078 5622 1242 5675 veteri
1271 5622 1388 5687 lege
1405 5634 1526 5674 cum
1556 5619 1643 5687 qui
1673 5628 1882 5687 patere-

286 5728 370 5775 tur
425 5722 649 5781 vicisse,
680 5723 1099 5780 corotmttnnquc
1146 5712 1340 5777 fuisse,
1386 5711 1435 5767 id
1477 5710 1880 5781 diligcutcrex-

1992 931 2143 1001 plora
2161 972 2176 995 ,
2205 940 2259 984 et
2285 929 2494 985 ridebis
2518 944 2640 982 eum
2675 928 2833 999 longe
2862 926 3139 983 anteferri.
3172 927 3305 981 Nam
3330 927 3423 998 qui
3456 926 3552 997 prii
3579 942 3604 979 r

1988 1038 2182 1078 altanus
2224 1023 2438 1094 iniquas
2477 1023 2696 1088 intulit,
2742 1021 2878 1076 duos
2908 1022 3025 1091 ipse
3052 1021 3241 1077 oculos
3266 1020 3476 1077 eruisse
3501 1019 3602 1075 de-

1992 1113 2370 1185 prehenditur,
2398 1123 2451 1169 et
2474 1112 2706 1184 proximi
2734 1112 2817 1168 sui
2845 1122 2901 1168 et
2922 1128 3102 1168 suum.
3133 1111 3368 1183 Ideoque
3386 1112 3512 1182 jure
3532 1110 3605 1166 ab

1984 1207 2238 1263 omnibus
2276 1207 2405 1262 odio
2444 1206 2695 1274 habetur,
2726 1218 2783 1262 et
2808 1206 2955 1262 mille
2981 1205 3456 1262 criminationibus
3494 1206 3602 1260 im-

1985 1299 2210 1367 petitur.
2240 1297 2343 1365 Qui
2365 1313 2498 1354 vero
2528 1300 2690 1354 lzesus
2731 1309 2850 1365 est,
2897 1306 3257 1368 prteterqusm
3292 1296 3437 1368 quod
3481 1298 3598 1367 pari

1986 1404 2146 1459 pana
2179 1389 2506 1456 vindicatur,
2558 1387 2694 1445 nihil
2735 1389 2863 1444 mali
2901 1388 3101 1445 intulit.
3134 1388 3369 1463 Ideoque
3394 1388 3599 1444 multos

1983 1480 2150 1535 habet
2193 1494 2287 1535 seu
2331 1481 2810 1536 commiseratione
2854 1480 3127 1548 dolentes,
3159 1489 3344 1551 utpote
3377 1496 3547 1549 purus
3575 1522 3590 1546 ,

1980 1572 2196 1627 etiamsi
2234 1571 2367 1627 ultio
2402 1570 2541 1629 facta
2575 1573 2759 1629 fuerit.
2802 1572 3097 1629 Calamitas
3129 1588 3225 1645 par
3245 1582 3327 1629 est
3350 1573 3403 1627 in
3429 1573 3594 1628 utris-

1980 1679 2125 1731 que,
2178 1663 2350 1733 gloria
2390 1678 2521 1718 vero
2566 1678 2671 1718 non
2719 1679 2814 1734 par
2852 1662 2993 1733 apud
3040 1662 3208 1718 Deum
3239 1672 3294 1719 et
3321 1661 3594 1718 homines.

1979 1757 2323 1827 Quapropter
2361 1771 2538 1827 neque
2572 1756 2856 1813 calamitas
2882 1756 3140 1827 deinceps
3169 1771 3268 1827 par
3294 1752 3397 1812 est.
3433 1756 3591 1812 Prin-

1978 1850 2120 1919 cipio
2162 1851 2345 1920 itaque
2372 1849 2508 1905 dixit
2527 1890 2541 1912 ,
2575 1849 2677 1917 Qui
2700 1850 2943 1905 irascitur
2965 1850 3118 1922 fratri
3144 1865 3239 1905 suo
3269 1850 3381 1904 sine
3400 1866 3591 1916 causa,

1976 1954 2025 1997 et
2044 1942 2135 2013 qui
2156 1943 2306 1997 illum
2331 1942 2534 2011 fatuum
2564 1944 2821 2014 appellat,
2862 1959 2981 1999 reus
3023 1943 3120 1997 erit
3152 1943 3398 2015 gehennae
3422 1945 3591 2015 ignis,

1978 2035 2067 2093 hic
2094 2052 2225 2093 vero
2253 2036 2516 2108 majorem
2542 2037 2707 2093 etiam
2748 2036 2979 2108 requirit
3005 2034 3404 2108 philosOphiam
3428 2078 3443 2101 ,
3482 2052 3589 2092 non

1980 2129 2145 2185 modo
2169 2130 2454 2201 quiescere
2478 2128 2678 2199 iubens
2702 2144 2833 2184 eum
2864 2130 2957 2201 qui
2987 2127 3114 2183 talia
3147 2143 3337 2198 passus
3364 2128 3462 2190 sit,
3495 2128 3591 2183 sed

1976 2223 2142 2277 etiam
2167 2236 2289 2277 eum
2319 2220 2564 2277 caadente
2602 2222 2783 2277 ofﬁcio
2821 2230 3067 2287 certare,
3118 2220 3326 2291 ipsique
3361 2222 3587 2275 alteram

1982 2314 2258 2371 maxillam
2301 2314 2568 2385 praebere.
2612 2314 2725 2369 Hoc
2769 2324 2953 2370 autem
2992 2313 3157 2377 dicit,
3208 2327 3315 2368 non
3359 2328 3459 2382 pro
3500 2315 3591 2367 illo

1978 2409 2186 2478 injuria:
2213 2424 2418 2481 genere
2445 2418 2653 2463 tantum
2685 2409 2860 2481 legem
2904 2408 3085 2466 ferens
3106 2450 3120 2466 .
3170 2408 3264 2463 sed
3304 2408 3372 2464 ad
3424 2409 3588 2464 talem

1976 2500 2035 2557 in
2061 2502 2183 2557 aliis
2208 2503 2464 2557 omnibus
2486 2500 2831 2557 tolerantiam
2860 2516 2959 2557 nos
2988 2500 3297 2565 instituens.

2046 2592 2103 2648 Ξ.
2145 2592 2378 2648 Christus
2401 2593 2541 2662 quod
2560 2593 2625 2648 de
2648 2592 2873 2663 colapho
2908 2593 3036 2649 dicit
3073 2593 3143 2647 ad
3179 2610 3381 2648 omnem
3403 2603 3590 2647 contu-

1974 2683 2183 2738 meliam
2212 2682 2457 2738 extendit.
2487 2682 2741 2738 Patiendo
2769 2685 2969 2738 vincere
2987 2695 3300 2754 oportet.‘-
3320 2682 3591 2753 Quemad-

1976 2774 2195 2829 modum
2219 2775 2366 2829 enini
2393 2790 2516 2829 cum
2558 2773 2722 2839 dicit,
2770 2774 2874 2841 Qui
2910 2784 3056 2829 coeat
3094 2779 3590 2848 fratrenisuomfao

1975 2876 2118 2918 tuum
2136 2905 2153 2929 ,
2182 2878 2298 2918 reus
2323 2865 2417 2918 erit
2446 2864 2692 2935 geliennte
2712 2866 2847 2937 ignis
2866 2906 2883 2930 ,
2914 2880 3022 2919 non
3050 2842 3120 2921 de
3152 2864 3259 2919 hoc
3287 2842 3394 2919 uno
3420 2842 3590 2921 verbo

1974 2955 2080 3011 hoc
2092 2955 2232 3012 dicit
2250 2996 2265 3021 ,
2294 2954 2392 3011 sed
2413 2954 2483 3010 de
2503 2955 2746 3025 qualibet
2765 2955 3091 3011 contumelia
3120 2970 3137 3014 :
3166 2956 3237 3010 ita
3261 2955 3348 3010 hic
3374 2972 3590 3028 quoque

1977 3047 2153 3118 legem
2197 3047 2425 3113 statuit,
2461 3062 2567 3101 non
2598 3057 2807 3103 tantum
2836 3055 2894 3102 ut
2919 3047 3166 3118 colaphis
3192 3051 3316 3105 etesi
3338 3089 3355 3115 ,
3390 3050 3441 3104 id
3474 3050 3586 3105 for-

1976 3139 2101 3194 titer
2128 3138 2388 3204 feramus,
2418 3138 2516 3193 sed
2543 3148 2601 3192 ut
2622 3140 2839 3208 quidvis
2868 3139 3014 3193 aliud
3044 3140 3342 3207 patientes.
3377 3157 3445 3194 ne
3476 3150 3589 3195 tur-

1977 3230 2183 3285 bemur.
2229 3230 2521 3299 Propterea
2558 3240 2613 3284 et
2650 3230 2722 3283 ibi
2754 3238 3055 3285 extremam
3082 3232 3273 3301 selegit
3304 3232 3589 3302 injuriatn,

1974 3331 2029 3375 ct
2070 3321 2157 3375 hic
2196 3336 2352 3388 eam,
2399 3336 2520 3392 quae
2562 3322 2835 3388 probrosa,
2855 3332 2910 3376 et
2935 3323 3324 3378 contumeliosa
3354 3326 3589 3380 maxime

1975 3414 2283 3479 videbatur,
2328 3414 2563 3469 maxillae
2594 3414 3025 3482 percussionem.
3056 3412 3111 3468 ιιι
3142 3430 3273 3471 vero
3295 3416 3457 3482 jussit
3476 3456 3492 3477 ,
3532 3426 3589 3472 et

1976 3506 2330 3574 percutientis
2369 3518 2425 3561 et
2466 3507 2707 3576 percussi
2746 3508 3009 3561 rationem
3052 3505 3275 3562 habens.
3312 3506 3446 3562 Nam
3495 3509 3612 3579 qui.

1976 3597 2170 3667 injuria
2200 3597 2454 3665 abicitur,
2489 3598 2621 3651 nihil
2652 3612 2716 3654 se
2743 3612 2907 3669 grave
2945 3614 3164 3667 passum
3204 3601 3581 3667 arbitrabitur,

1975 3690 2053 3745 sic
2082 3687 2418 3759 philosophia
2467 3689 2823 3759 przrmunitus
2852 3709 2865 3744 :
2897 3706 3073 3761 neque
3113 3691 3257 3746 enim
3302 3702 3584 3748 contume-

1978 3782 2063 3836 lia:
2085 3796 2304 3837 sensum
2327 3782 2495 3836 ullum
2524 3782 2765 3846 habebit,
2799 3792 2858 3838 ut
2884 3785 2977 3854 qui
3010 3794 3186 3840 certet
3216 3786 3585 3855 potiusquatu

1979 3874 2345 3943 percutiatur;
2378 3874 2471 3943 qui
2504 3889 2634 3929 vero
2663 3873 2913 3944 injuriam
2958 3874 3153 3942 infert,
3183 3877 3393 3948 pudore
3421 3879 3588 3933 sulfu-

1977 3979 2072 4018 sus
2100 3981 2207 4017 non
2239 3965 2537 4018 secundum
2566 3966 2853 4035 colaphum
2892 3968 3188 4038 impinget,
3228 3970 3439 4024 etiamsi
3474 3968 3586 4025 fera

1976 4056 2168 4124 quavis
2198 4055 2431 4111 lcrocior
2461 4057 2567 4121 sit;
2593 4056 2701 4110 imo
2728 4058 2892 4112 etiam
2918 4058 2987 4113 de
3019 4060 3201 4127 priore
3223 4075 3345 4113 sese
3368 4072 3591 4115 ustrina-

1978 4147 2075 4201 bit.
2120 4146 2260 4200 Nihil
2287 4147 2433 4201 enim
2461 4148 2533 4201 ita
2564 4146 2825 4204 laedentes
2846 4147 3098 4215 cohibet,
3132 4160 3192 4204 ut
3212 4166 3336 4204 cum
3362 4151 3472 4206 laesi
3506 4153 3593 4206 in-

1974 4237 2172 4307 jnriam
2205 4237 2450 4293 modeste
2477 4236 2692 4303 ferunt;
2740 4255 2915 4310 neque
2957 4240 3120 4296 modo
3168 4242 3366 4297 retinet
3413 4244 3586 4314 impe-

1982 4342 2093 4385 tum
2118 4372 2133 4396 ,
2179 4347 2248 4387 ne
2277 4331 2501 4385 ulterius
2543 4315 2889 4401 procedatur,
2940 4332 3035 4387 sed
3078 4334 3243 4387 etiam
3292 4335 3344 4388 id
3384 4337 3585 4401 el'ticit,

1979 4430 2040 4477 ut
2063 4423 2134 4477 de
2165 4422 2307 4476 facto
2330 4437 2390 4477 se
2415 4423 2677 4491 poeniteat
2696 4464 2709 4488 ,
2739 4434 2791 4478 et
2818 4424 2910 4478 alii
2947 4425 3375 4481 incidi-nationem
3407 4429 3585 4483 admi-

1979 4524 2164 4570 rantes
2184 4511 2476 4577 secedant;
2510 4514 2650 4578 imo,
2682 4527 2859 4580 neque
2887 4515 3062 4569 solum
3089 4517 3291 4571 amicos
3321 4520 3590 4575 exinimi-

1979 4611 2095 4672 eis,
2142 4607 2238 4664 sed
2291 4607 2584 4661 familiares
2631 4606 2807 4662 reddit
2848 4618 2903 4663 ct
2943 4625 3165 4664 servos:
3197 4611 3356 4676 sicut,
3400 4628 3432 4667 e
3460 4629 3591 4667 con-

1981 4715 2176 4764 verso,
2208 4699 2343 4753 ultio
2370 4710 2587 4769 sumpta
2629 4702 2900 4753 contraria
2946 4701 3127 4755 omnia
3170 4704 3336 4771 parit,
3383 4715 3592 4758 utrum-

1980 4808 2085 4862 que
2138 4792 2464 4853 dedecorat,
2519 4799 2587 4846 et.
2626 4792 2867 4861 pejorein
2922 4791 3120 4858 efficit,
3187 4794 3447 4865 majorem
3500 4798 3591 4851 ira:

1984 4883 2253 4936 ﬂammam
2286 4880 2486 4962 excitat
2508 4922 2523 4947 ,
2554 4897 2619 4936 ae
2651 4898 2799 4951 stupe
2828 4883 2978 4937 cede
3024 4884 3345 4939 terminatur
3387 4889 3589 4942 malum

1984 4974 2049 5028 ad
2107 4975 2363 5029 ulteriora
2417 4987 2785 5043 progressum.
2852 4974 3054 5029 Idcirco
3116 4992 3431 5043 [nereussum
3484 4997 3590 5033 nou

1986 5066 2149 5121 modo
2166 5065 2321 5135 jubet
2352 5082 2457 5119 non
2501 5065 2699 5129 irasci,
2746 5066 2839 5119 sed
2882 5068 3044 5119 eliattt
3091 5070 3446 5136 percutientis
3493 5072 3592 5124 im-

1988 5157 2138 5223 plere
2183 5156 2525 5224 cupiditatem
2581 5156 2853 5226 prmcipit,
2906 5166 2962 5211 ut
3003 5173 3069 5211 ne
3097 5159 3327 5213 videaris
3355 5162 3591 5230 prior-rm

1988 5248 2198 5315 plagam
2248 5246 2445 5299 invitus
2482 5247 2778 5313 accepisse.
2804 5249 2893 5301 Sic
2924 5248 3066 5301 enim
3102 5250 3469 5319 impudentem
3499 5272 3591 5321 op.-

1990 5341 2301 5407 portuniorc
2338 5338 2491 5406 plaga
2524 5349 2811 5407 percutere
2857 5342 3093 5407 poteris,
3142 5358 3302 5411 quant
3345 5344 3390 5397 si
3433 5360 3593 5399 unum

1992 5430 2391 5498 percussisses,
2425 5439 2481 5483 et
2511 5430 2879 5497 impudentem
2910 5443 3332 5488 mansuetioretn
3366 5434 3590 5489 efficies.

1993 5522 2095 5585 Qui
2124 5520 2337 5573 voluerit
2365 5530 2528 5573 tecum
2547 5522 2747 5591 judicio
2770 5522 3073 5577 contendere
3092 5565 3107 5589 ,
3138 5535 3184 5578 et
3209 5527 3432 5580 tunicam
3455 5542 3591 5580 lutuu

1992 5612 2200 5677 tollere,
2241 5612 2438 5665 dimitte
2472 5610 2550 5665 illi
2592 5621 2637 5664 et
2685 5614 2919 5682 pallium.
2953 5613 3138 5685 Neque
3166 5616 3311 5674 enim
3342 5622 3394 5673 in
3429 5620 3593 5689 plagis

1995 5704 2396 5771 tantummodo,
2447 5703 2540 5759 sed
2581 5704 2743 5761 etiam
2776 5706 2827 5760 in
2857 5708 3097 5776 pecuniis
3129 5711 3239 5765 vult
3269 5712 3431 5769 talem
3463 5714 3593 5767 tole-
