4124 6302
603 304 701 358 ξθπ

600 422 825 473 “unum
854 420 1113 475 exhiberi.
1160 423 1284 476 meo
1329 438 1538 477 rursum
1578 424 1735 476 sunili
1781 424 1947 476 utitur
1986 423 2178 492 hyper-

602 512 742 564 I.nle.
787 510 930 565 Sient
970 514 1111 571 enim
1151 513 1257 567 illic
1281 515 1431 582 jubet
1471 513 1719 583 patiendo
1751 515 1963 567 vincere
1984 554 1997 574 ,
2031 513 2101 565 ita
2129 523 2181 565 et

600 598 683 650 hic
713 599 1131 656 incunccdcndo
1159 604 1346 672 plura,
1388 620 1545 672 quam
1586 615 1771 673 raptor
1811 605 2176 674 exspectabat.

606 688 790 743 Verum
822 690 923 746 hoc
963 708 1068 747 non
1106 696 1418 761 simpliciter
1458 698 1632 764 posuit
1655 738 1670 759 ,
1702 697 1794 751 sed
1826 710 1947 749 cum
1976 694 2180 749 addita-

598 790 798 833 utento.
842 781 957 836 Non
1000 786 1140 838 enim
1188 786 1353 847 dixit,
1403 786 1473 839 Da
1511 788 1711 855 petenti
1754 788 2010 855 pallium,
2050 786 2176 851 sed,

597 870 666 924 Ei
683 875 769 939 qui
792 874 1000 927 voluerit
1022 877 1395 945 trcumjudicio
1414 880 1751 942 contendere;
1781 883 1882 934 hoc
1902 889 1988 935 est
2006 921 2021 944 ,
2052 880 2098 934 si
2128 890 2179 934 te

593 960 660 1014 ad
678 964 934 1029 judicium
964 967 1213 1031 traxerit,
1243 981 1306 1021 ac
1336 971 1543 1039 negotia
1566 971 1657 1025 tibi
1679 972 1949 1028 exhibent.
1982 974 2178 1041 Quem-

592 1051 878 1108 admodum
910 1070 1038 1111 vero
1064 1072 1186 1113 cum
1224 1058 1479 1127 dixisset,
1520 1061 1599 1118 Ne
1637 1078 1795 1119 voces
1842 1065 2072 1130 fatuum,
2120 1075 2178 1121 et

596 1158 664 1198 ne
688 1144 938 1201 irascaris
970 1148 1093 1203 sine’
1115 1164 1275 1205 causa
1299 1193 1314 1217 ,
1341 1152 1594 1226 deinceps
1621 1157 1770 1225 plura
1795 1158 2011 1229 exegit,
2050 1175 2173 1215 cum

588 1231 747 1299 jussit
775 1236 937 1289 etiam
964 1233 1244 1295 dexteram
1276 1244 1546 1299 maxillam
1582 1247 1827 1316 praebere
1856 1267 1869 1302 :
1902 1250 1972 1303 ita
1999 1259 2055 1304 et
2082 1249 2173 1306 hic

591 1339 714 1377 cum
744 1326 989 1395 dixisset,
1020 1330 1147 1386 Esto
1186 1337 1527 1391 consentiens
1552 1354 1670 1394 cum
1707 1342 2013 1399 adversario
2044 1355 2168 1407 tuo,

591 1429 800 1471 rursum
826 1422 1037 1488 gravius
1076 1438 1401 1494 praeceptum
1440 1430 1607 1484 addit.
1651 1432 1767 1488 Non
1815 1438 1960 1490 enim
2013 1438 2173 1493 modo

586 1505 738 1574 jubet
768 1509 855 1564 illa
886 1510 1015 1568 dare
1052 1531 1171 1585 quae
1222 1519 1308 1574 ille
1340 1522 1449 1575 vult
1488 1523 1699 1579 auferre
1719 1567 1736 1590 ,
1786 1530 1881 1582 sed
1911 1530 2165 1597 majorem

588 1598 748 1653 etiam
790 1601 1165 1662 liberalitatem
1193 1612 1467 1669 exhibere.
1515 1615 1655 1682 Quid
1698 1619 1896 1690 igitur?
1925 1622 2164 1693 inquies,

587 1689 833 1747 uudusne
852 1694 1173 1754 circuiturus
1205 1704 1368 1755 sum!
1397 1703 1677 1776 Nunquam
1718 1725 1961 1766 essemus
2002 1714 2164 1780 nudi,

585 1778 629 1830 si
649 1778 733 1835 his
748 1786 1029 1855 praeceptis
1049 1786 1332 1859 diligenter
1347 1793 1866 1867 obtemperaremus;
1889 1804 1982 1858 sed
2000 1778 2170 1861 multo

588 1869 825 1937 pluribus
852 1891 1012 1944 quam
1054 1880 1145 1933 alii
1188 1896 1377 1939 omnes
1415 1889 1651 1945 vestibus
1692 1890 1860 1946 induti
1903 1910 2165 1953 essemus.

584 1960 765 2018 Primo
802 1968 945 2022 enim
994 1987 1152 2026 nemo
1192 1975 1282 2030 tali
1332 1979 1513 2034 animo
1552 1982 1807 2059 praeditus
1854 1986 2122 2044 invaderet
2154 2010 2168 2047 :

582 2053 854 2119 secundo,
904 2058 948 2111 si
1000 2062 1263 2132 quispiam
1304 2053 1614 2126 occurreret
1638 2073 1707 2127 ita
1732 2074 1880 2130 ferox
1920 2089 1973 2133 et
2014 2080 2169 2135 inhu-

583 2154 795 2208 manus,
836 2155 896 2200 ut
934 2163 1001 2202 eo
1049 2166 1216 2222 usque
1266 2159 1609 2225 procederet,
1660 2165 1827 2220 multo
1857 2168 2038 2236 plures
2077 2186 2165 2225 re-

584 2232 887 2300 perirentur
940 2238 1030 2308 qui
1087 2250 1249 2298 tanta;
1299 2246 1653 2319 philosophiae
1696 2232 1874 2310 virum
1921 2274 2028 2313 non
2068 2276 2163 2316 ve-

580 2321 750 2377 stibus
765 2326 941 2389 modo.
962 2330 1054 2383 sed
1072 2340 1127 2386 et
1144 2346 1306 2390 carne
1322 2350 1438 2404 sua,
1457 2339 1504 2393 si
1520 2339 1634 2396 ﬁeri
1654 2358 1855 2413 posset,
1872 2350 2161 2418 aperirent.

651 2412 703 2466 3.
732 2413 788 2467 Si
817 2426 997 2473 autem
1026 2423 1189 2477 etiam
1220 2438 1435 2496 propter
1465 2434 1623 2486 talem
1657 2412 2050 2508 philosophiam
2077 2459 2167 2498 nu-

580 2498 708 2554 dum
736 2502 984 2561 incedere
1005 2523 1312 2595 oguirteret,
1341 2532 1514 2587 neque
1544 2521 1596 2575 id
1626 2498 1785 2580 etiam
1817 2498 1973 2601 turpe
1998 2544 2165 2590 esset.

581 2588 711 2643 Nam
732 2602 786 2647 et
812 2595 978 2650 Adam
1012 2600 1185 2656 nudus
1211 2588 1329 2659 erat
1353 2606 1404 2659 iu
1436 2612 1686 2678 paradiso
1704 2655 1719 2680 ,
1753 2616 1857 2673 nec'
1878 2588 2163 2681 eiubesce;

579 2682 670 2737 bat
696 2684 848 2751 (Gen.
880 2687 935 2741 2.
967 2689 1091 2760 25);
1118 2693 1278 2750 Isaias
1307 2699 1467 2754 etiam
1500 2705 1675 2761 nudus
1705 2717 1755 2761 et
1787 2709 2160 2784 disealeeatus,

576 2771 883 2834 Jndzeorum
912 2782 1149 2841 omnium
1181 2788 1645 2858 splendidissimus
1667 2799 1954 2872 erat(lsai.
1972 2805 2062 2864 2t).
2081 2771 2161 2879 5);

575 2866 772 2938 .Ioseph
814 2887 943 2926 vero
979 2889 1100 2931 cum
1135 2891 1333 2937 exutus
1372 2896 1489 2947 est.
1525 2898 1650 2944 tunc
1680 2894 1911 2949 maxime
1952 2897 2161 2958 claruit.

576 2956 763 3028 Neque
787 2963 930 3018 enim
962 2967 1162 3023 malum
1189 2982 1272 3025 est
1303 2972 1371 3028 ita
1410 2976 1596 3033 nudari
1620 3023 1634 3044 ,
1667 2983 1760 3037 sed
1789 2983 1859 3038 ita
1889 2986 2071 3054 indui,
2110 3004 2167 3047 ut

578 3062 718 3103 nunc
744 3064 842 3104 nos
872 3051 1143 3111 induimur
1168 3061 1499 3119 vestimentis
1522 3070 1797 3136 pretiosis.
1827 3072 1939 3130 Hoc
1964 3088 2017 3131 et
2047 3087 2159 3133 tur-

576 3150 644 3205 pe
671 3148 726 3192 et
746 3139 1026 3198 ridiculum
1054 3156 1155 3200 est.
1193 3147 1317 3205 Ideo
1344 3151 1464 3206 illos
1492 3156 1706 3225 quidem
1738 3160 1878 3219 Deus
1905 3163 2160 3235 laudavit;

577 3227 676 3282 hos
705 3244 833 3285 vero
861 3247 957 3303 per
980 3236 1266 3306 prophetas
1286 3251 1341 3296 et
1360 3258 1460 3314 per
1475 3251 1745 3307 mutulos
1765 3269 1909 3325 sirpe
1934 3256 2160 3315 incusat.

576 3314 652 3369 Ne
680 3317 856 3389 itaque
884 3335 1146 3394 pta-cepta
1186 3329 1535 3397 impossibilia
1563 3352 1685 3415 esse
1729 3314 1998 3410 putemus.
2035 3350 2166 3415 Quae

578 3408 759 3479 utique
786 3422 837 3466 et
869 3414 1013 3467 utilia
1042 3418 1195 3472 nobis
1222 3431 1376 3489 sunt,
1404 3434 1457 3479 et
1490 3413 1641 3485 valde
1670 3408 1843 3489 facilia
1865 3476 1881 3503 ,
1912 3439 1955 3493 si
1982 3408 2165 3511 vigile-

576 3513 697 3553 mtts
725 3515 739 3554 ε
772 3510 1082 3574 tantumque
1106 3508 1335 3567 aﬂ‘eruttt
1352 3514 1579 3581 luerunt,
1612 3531 1801 3585 utnon
1840 3544 1937 3585 nus
1966 3508 2160 3599 Solum,

575 3590 668 3645 sed
695 3591 855 3647 etiam
884 3610 995 3661 eos,
1024 3599 1113 3669 qui
1144 3615 1243 3656 nos
1260 3603 1474 3673 iil‘dtlﬂl,
1506 3613 1737 3670 maxime
1753 3617 1959 3685 juvent.
1982 3624 2046 3678 Et
2062 3590 2165 3681 hoc

517 3706 529 3717 υ
574 3691 655 3735 cst
678 3682 728 3736 iu
757 3684 835 3740 eis
856 3688 1132 3755 eximium,
1154 3697 1295 3762 quod
1326 3697 1452 3753 dum
1483 3704 1708 3759 suadent
1737 3682 1913 3777 nobis,
1944 3725 1999 3768 ut
2025 3719 2161 3773 mala

576 3774 860 3843 patiamur,
888 3780 1075 3837 eadem
1107 3800 1267 3854 opera
1299 3803 1393 3844 eos
1412 3832 1427 3854 ,
1458 3794 1546 3861 qui
1575 3810 1673 3852 nos
1702 3774 1935 3867 laedunt,
1967 3805 2165 3864 docent

577 3862 959 3937 philosophari.
1020 3873 1153 3928 Dum
1209 3879 1351 3933 enim
1394 3881 1484 3937 ille
1542 3872 1688 3953 putat
1736 3906 1987 3963 magnum
2039 3915 2162 3956 esse

574 3955 744 4009 aliena
773 3958 1004 4028 auferre,
1038 3971 1091 4017 tu
1123 3980 1249 4019 vero
1274 3970 1511 4027 ostendis
1542 3974 1661 4042 ipsi,
1698 3980 1791 4034 tibi
1825 3955 1878 4037 in
1908 4002 2157 4060 promptu

573 4059 694 4099 esse
725 4047 809 4101 itla
838 4050 996 4105 etiam
1036 4052 1167 4110 dare
1195 4074 1313 4126 qua:
1359 4060 1470 4129 ipse
1517 4079 1622 4120 non
1661 4072 1823 4137 petit,
1853 4047 2156 4145 iet-pronam

571 4135 901 4193 alacritatem
940 4142 1056 4211 ejus
1088 4147 1279 4215 inopize
1313 4135 1811 4229 philosophiamque
1846 4135 1962 4232 ejus
2005 4186 2161 4237 rapa-

570 4227 714 4281 t-itati
742 4232 999 4299 opponis,
1025 4238 1303 4293 considera
1336 4254 1584 4310 quantam
1627 4227 1738 4304 ille
1764 4227 2019 4323 percipiet
2059 4227 2158 4312 do-

569 4320 822 4389 ctrinam,
859 4340 962 4377 non
994 4341 1058 4380 ex
1087 4329 1285 4394 verhis,
1318 4338 1411 4387 sed
1442 4351 1509 4389 ex
1542 4341 1794 4405 eperibus
1823 4348 2063 4405 eruditus
2090 4352 2155 4405 ad

572 4413 1054 4483 parvipendendant
1072 4422 1378 4489 nequitiam.
1404 4435 1459 4480 et
1478 4429 1723 4485 virtutem
1743 4441 2152 4506 assequendatn.

569 4499 685 4556 Non
724 4505 867 4559 enim
912 4511 1020 4561 vult
1071 4508 1221 4565 Deus'
1256 4524 1313 4568 ut
1348 4519 1501 4573 uohis
1526 4530 1733 4576 tantum
1779 4528 1934 4581 utiles
1965 4532 2150 4600 simus,

568 4592 663 4646 sed
685 4597 931 4652 omnibus
957 4603 1230 4667 proximis.
1253 4605 1307 4660 St
1328 4605 1734 4679 igiturdcderis,
1760 4627 1812 4669 et
1831 4634 1935 4673 non
1953 4622 2156 4690 judicio

567 4685 942 4752 contenderis,
971 4692 1113 4758 quod
1151 4694 1245 4748 tibi
1272 4698 1401 4751 utile
1441 4713 1550 4755 erat
1586 4712 1786 4758 tantmn
1820 4685 2149 4781 tjttzesivisti;

568 4774 610 4827 si
644 4790 771 4831 vero
789 4778 933 4834 aliud
958 4781 1099 4839 dono
1123 4785 1412 4849 addideris,
1438 4790 1584 4846 illum
1607 4795 1886 4854 meliorem
1906 4804 2148 4862 etinctum

566 4866 809 4924 dimittis.
834 4870 1145 4943 Bujusmodi
1175 4890 1257 4933 est
1286 4881 1383 4946 sal,
1412 4892 1471 4936 ut
1500 4887 1609 4939 vult
1637 4888 1888 4968 Dominus
1918 4896 2152 4968 discipu-

565 4958 646 5011 los
687 4975 806 5015 esse
836 4979 848 5013 :
878 4965 1017 5032 quod
1052 4978 1107 5020 et
1144 4970 1377 5039 scipsum
1419 4986 1633 5041 servat,
1673 4965 1729 5033 et
1769 4982 1871 5036 alia
1898 5000 2144 5058 corpora,

564 5052 879 5119 quibuscum
914 5056 1136 5110 mixtum
1164 5072 1267 5125 est,
1301 5063 1478 5118 lirtnat
1503 5085 1516 5119 :
1547 5069 1665 5123 talis
1700 5082 1785 5125 est
1813 5077 1997 5132 oeulos
2016 5121 2031 5145 ,
2056 5084 2146 5151 qui

565 5144 665 5197 sibi
698 5145 795 5213 ipsi
822 5147 964 5201 lucet
989 5158 1044 5202 et
1078 5152 1218 5205 aliis.
1250 5155 1380 5218 Quia
1411 5156 1568 5225 igitur
1590 5178 1776 5218 eorum
1801 5177 1852 5219 te
1874 5170 1988 5226 vice
2014 5189 2145 5229 cnn-

566 5235 764 5299 stituit,
800 5235 1035 5292 illumina
1061 5256 1183 5295 cum
1209 5285 1222 5306 ,
1251 5246 1340 5313 qui
1373 5247 1424 5299 in
1456 5254 1688 5309 tenebris
1721 5257 1904 5325 sedet,
1935 5272 1989 5316 et
2012 5265 2146 5323 duce

564 5324 711 5376 illum
734 5365 747 5388 ,
777 5341 875 5380 nec
901 5329 1126 5397 primum
1156 5334 1368 5400 quidem
1397 5342 1634 5407 rapuiSse
1662 5346 1937 5417 violenter,
1971 5369 2068 5410 nec
2096 5367 2146 5413 te

565 5413 763 5469 laesisse
779 5418 1017 5472 omnino.
1032 5420 1122 5477 Sic
1149 5424 1289 5478 enim
1308 5439 1361 5482 et
1383 5440 1436 5482 tu
1466 5438 1824 5494 venerabilior
1848 5442 2144 5519 clariorque

562 5506 667 5559 eris
688 5545 703 5566 .
736 5507 779 5559 si
819 5512 1071 5565 ostendas
1092 5554 1107 5577 ,
1136 5514 1350 5572 dedisse
1380 5528 1431 5574 te
1450 5562 1465 5585 ,
1499 5540 1601 5579 non
1639 5539 1845 5599 raptum
1873 5536 2139 5594 amisisse.

563 5596 665 5649 Fac
684 5597 841 5662 igitur
862 5616 955 5669 per
981 5610 1439 5667 ntausuettulinetn
1464 5625 1627 5681 tuam,
1652 5596 1713 5674 ut
1727 5621 1841 5692 ejus
1865 5639 2139 5694 peccatum

559 5687 841 5745 liberalitas
867 5700 953 5746 tua
988 5695 1075 5750 sit.

1371 310 1409 357 .9
1471 310 1745 365 .lOXNNlS
1781 308 2254 365 CIIIWSOSTOMI
2305 311 2619 369 Alitillll‘ll’.
2665 318 3199 378 (ZONSTANTINOP.

3786 335 3890 391 2&8

2366 428 2620 492 Quantum
2668 434 3022 502 perfeCIionem
3066 454 3159 489 nos
3203 436 3423 492 docuerit
3464 443 3700 496 Christus
3757 445 3886 500 i’er-

2288 518 2405 584 [ccli
2430 519 2523 570 viri
2548 523 2787 575 mruumis
2814 526 3049 592 fortiores
3073 528 3383 581 evadunt.-
3400 530 3455 585 Si
3482 548 3609 585 vero
3636 532 3735 588 hor
3762 551 3885 590 esse

2289 622 2537 675 magnum
2564 620 2738 677 putas,
2762 624 3033 679 exSpceta,
3053 626 3101 668 et
3136 618 3280 670 clare
3307 619 3529 684 videbis,
3561 633 3611 674 te
3642 624 3882 679 nondum

2286 694 2350 747 ad
2381 698 2762 763 perfectionem
2787 702 3017 756 venisse.
3054 704 3171 759 Non
3200 709 3341 761 enim
3368 710 3452 763 hic
3482 712 3707 781 gradum
3739 716 3880 770 sistit

2287 786 2331 839 is
2353 788 2443 856 qui
2477 790 2746 858 patientiae
2767 792 2911 863 leges
2937 795 3102 859 dedit,
3133 801 3227 853 sed
3259 802 3480 857 ulterius
3511 806 3773 872 procedit.
3811 809 3880 862 ita

2283 880 2469 935 dicens
2500 900 2513 934 :
2542 884 2632 938 41.
2666 885 2730 940 Si
2760 888 2875 958 quis
2915 899 2963 942 te
2996 892 3338 959 angariurerit
3376 896 3672 950 milliarium
3700 916 3879 965 unum,

2283 972 2411 1024 vade
2445 989 2559 1026 cum
2600 975 2693 1028 illo
2724 987 2770 1029 et
2798 979 2919 1031 duo.
2960 979 3202 1035 Vidistin’
3228 982 3578 1054 philosophia‘
3604 990 3882 1044 excelleno

2285 1060 2453 1117 tiam?
2480 1063 2606 1120 Post
2634 1065 2811 1121 datam
2844 1070 3078 1125 tunicam
3103 1082 3158 1127 et
3189 1075 3429 1142 pallium,
3459 1079 3501 1131 si
3532 1078 3712 1135 adhuc
3737 1083 3883 1138 nudo

2281 1166 2509 1223 corpore
2537 1157 2611 1210 uti
2640 1157 2763 1212 velit
2796 1160 3133 1216 adversarius
3157 1166 3225 1219 ad
3256 1167 3495 1223 laborem
3522 1182 3571 1223 et
3604 1174 3879 1228 miseriam

2282 1243 2555 1303 ferendam
2575 1290 2591 1313 ,
2624 1265 2694 1305 ne
2722 1251 2799 1306 sic
2820 1254 3034 1323 quidem
3064 1258 3214 1311 illmn
3236 1274 3491 1317 coercere
3520 1277 3759 1333 oportet,
3794 1268 3885 1323 iit--

2280 1338 2412 1406 quit.
2456 1339 2645 1395 Omnia
2691 1345 2835 1398 enim
2878 1361 2977 1400 nos
3019 1352 3380 1407 communiter
3412 1354 3525 1409 vult
3572 1360 3877 1427 possidere.

2278 1441 2502 1496 corpora
2523 1471 2538 1495 ,
2573 1433 2826 1499 pecunias
2846 1477 2859 1497 ,
2889 1446 2945 1490 et
2964 1440 3147 1508 egenis
3177 1444 3379 1510 pariter
3404 1445 3767 1520 injuriamque
3794 1454 3871 1506 in.

2279 1518 2573 1576 leren'ihus
2605 1524 2639 1579 il
2661 1540 2690 1578 a
2722 1528 2961 1594 praebere
2991 1549 3003 1582 :
3036 1530 3139 1586 huc
3175 1534 3320 1592 enim
3361 1518 3721 1606 fortitudinis,
3749 1543 3875 1598 illud

2278 1609 2617 1682 benignitatis
2644 1626 2748 1671 cst.
2784 1616 2908 1672 Ideo
2937 1619 3147 1676 dicebat
3181 1641 3194 1679 :
3228 1625 3291 1679 Si
3314 1628 3427 1693 quis
3452 1638 3499 1681 te
3527 1620 3875 1701 tingeriaeerit

2277 1706 2573 1759 milliarium
2603 1724 2788 1772 unum,
2821 1712 2948 1767 vade
2980 1730 3095 1767 cum
3131 1716 3221 1770 illo
3246 1727 3295 1773 et
3332 1719 3437 1774 duo
3456 1762 3473 1785 ,
3503 1724 3798 1780 sublimius
3827 1738 3878 1782 te

2278 1816 2489 1855 rursum
2522 1804 2769 1874 erigens,
2798 1818 2958 1878 atque
2984 1810 3230 1865 eamdem
3282 1814 3449 1882 ipsam
3498 1816 3876 1875 liberalitatem

2275 1894 2560 1949 ostendere
2590 1895 2808 1963 jubeus.
2840 1898 2893 1954 Si
2930 1901 3076 1954 enim
3105 1902 3194 1957 illa
3214 1945 3228 1965 ,
3261 1919 3380 1974 qme
3411 1906 3463 1959 in
3504 1908 3773 1979 principio
3799 1912 3879 1965 di-

2276 1984 2435 2037 cebat
2457 2025 2473 2050 ,
2504 1985 2587 2039 his
2612 1987 2770 2057 longe
2801 1990 3006 2044 minora
3027 2034 3041 2053 ,
3075 2002 3151 2047 tot
3178 2003 3353 2050 tamen
3386 1998 3750 2055 beatitudines
3778 2004 3873 2053 ha-

2276 2072 2468 2140 beant,
2496 2078 2668 2146 cogita
2701 2093 2897 2148 quanta
2922 2096 3045 2137 sors
3077 2083 3192 2140 ha-c
3219 2087 3423 2153 majora
3457 2102 3750 2157 operantes
3775 2108 3873 2163 es-

2274 2176 2517 2233 spcctet,
2568 2180 2728 2238 atque
2782 2173 2941 2226 etiam
2991 2176 3177 2243 quales
3228 2177 3304 2230 illi
3354 2178 3436 2232 \cl
3480 2192 3603 2234 ante
3651 2184 3873 2252 prauuia

2272 2256 2536 2324 evadant,
2572 2261 2882 2317 inhumano
2910 2273 2964 2319 et
2998 2266 3235 2334 passihiIi
3265 2283 3494 2339 corpore
3526 2272 3875 2342 impassihili-

2274 2355 2436 2401 tatem
2483 2364 2695 2404 onmem
2726 2351 3063 2411 exhibentes.
3093 2356 3226 2411 Cum
3256 2359 3401 2413 enim
3443 2376 3619 2431 neque
3661 2368 3873 2419 catmu-

2274 2438 2413 2497 niis.
2460 2457 2631 2509 tthttt:
2678 2444 2887 2514 plagis,
2934 2463 3106 2517 neque
3160 2452 3504 2518 pecuniarum
3558 2454 3871 2528 direptiue

2274 2529 2638 2596 mordeantur,
2680 2550 2851 2603 neque
2892 2538 2985 2590 ulli
3028 2540 3102 2591 rei
3143 2541 3305 2595 simili
3351 2559 3605 2614 umquam
3651 2550 3871 2612 cedant.

2273 2618 2380 2668 inm
2403 2622 2575 2685 potius
2596 2626 2846 2679 a-rumuis
2875 2624 3122 2681 fortiores
3147 2632 3395 2699 exailant,
3426 2638 3707 2695 consulem
3729 2658 3870 2712 qna-

2274 2707 2338 2761 lis
2365 2711 2539 2764 anima
2566 2727 2753 2767 eorum
2786 2716 3065 2774 el'liciatur.
3100 2721 3391 2793 Propterea
3421 2730 3564 2798 quod
3595 2734 3649 2786 iu
3672 2707 3866 2805 plagis,

2270 2800 2409 2865 quod
2439 2801 2488 2856 in
2518 2806 2755 2873 pecuniis
2778 2808 2947 2874 jubet,
2969 2809 3071 2867 hoc
3090 2823 3139 2867 ct
3167 2814 3219 2869 in
3247 2816 3343 2872 hac
3372 2835 3431 2874 re
3450 2837 3663 2891 quoque
3687 2830 3870 2885 laet-re

2273 2900 2543 2962 pra-cepit.
2594 2899 2729 2963 Quid
2780 2902 2989 2971 loquor,
3032 2906 3224 2975 iuqrit,
3272 2910 3341 2965 de
3386 2920 3746 2983 contumeliis,
3795 2923 3873 2979 de

2276 2986 2556 3049 pecuniis?
2596 2987 2652 3042 Si
2684 2990 2844 3045 etiam
2884 2993 3004 3063 ipso
3032 3012 3280 3067 corpore
3338 3013 3430 3059 tuo
3479 3008 3552 3062 uti
3610 3011 3744 3068 velit
3797 3018 3870 3070 ad

2273 3071 2509 3127 laborem
2536 3084 2592 3129 et
2617 3079 3049 3152 defatigationem
3077 3128 3092 3152 ,
3127 3089 3362 3161 illudque
3400 3098 3635 3169 injuste,
3676 3118 3873 3162 rursus

2272 3168 2507 3233 vincito,
2553 3179 2608 3225 et
2650 3172 2791 3228 illius
2830 3176 3067 3249 iniquam
3113 3168 3469 3253 cupiditatem
3511 3206 3868 3265 exsuperata.

2270 3261 2561 3329 Augur-inre
2590 3265 2735 3319 enim
2756 3277 2838 3321 est
2876 3269 3058 3340 inique
3079 3275 3315 3341 trahere,
3347 3289 3403 3334 et
3425 3281 3543 3338 sine
3562 3261 3671 3340 ulla
3701 3304 3869 3357 pror-

2270 3365 2363 3404 sus
2388 3355 2592 3423 ratione
2619 3358 2724 3413 vim
2757 3359 2978 3416 inferre.
3014 3368 3260 3423 Attamen
3291 3370 3360 3425 ad
3383 3371 3486 3429 hoc
3510 3375 3671 3432 etiam
3700 3355 3832 3450 para
3852 3412 3869 3425 -

2276 3454 2356 3496 tus
2380 3461 2411 3500 e
2445 3456 2517 3504 tu.
2550 3459 2605 3504 ut
2631 3454 2860 3521 amplius
2892 3459 3130 3526 patiaris,
3155 3478 3315 3533 quam
3348 3466 3441 3522 ille
3468 3472 3595 3526 Velit
3621 3477 3867 3547 exigere.

2270 3534 2359 3590 ἐξ.
2388 3535 2585 3593 I’etcuti
2610 3552 2657 3596 te
2680 3544 2765 3609 da,
2792 3555 2836 3599 et
2857 3548 3104 3605 volentem
3133 3569 3165 3605 α
3190 3562 3239 3609 te
3254 3560 3496 3626 mutuari,
3519 3579 3583 3616 ne
3594 3534 3868 3628 ἀκτῖσι-ἕο.

2271 3625 2395 3681 lla‘c
2419 3631 2623 3686 minora
2648 3630 2751 3689 illis
2766 3648 2922 3700 sunt;
2955 3642 3051 3694 sed
3080 3657 3147 3697 ne
3167 3645 3379 3702 mireris
3409 3665 3426 3704 :
3453 3652 3531 3707 sic
3556 3658 3701 3713 enim
3722 3661 3870 3718 solet

2271 3733 2483 3787 seniper
2513 3720 2717 3786 facere,
2758 3729 2963 3797 magnis
3007 3746 3164 3796 parva
3206 3738 3459 3797 miscens.
3490 3742 3546 3799 Si
3590 3762 3719 3803 vero
3746 3750 3869 3810 hac

2270 3808 2473 3864 minora
2503 3813 2610 3867 sint
2641 3814 2761 3881 illis,
2792 3821 3012 3874 audiant
3041 3825 3130 3893 qui
3162 3827 3336 3885 aliena
3362 3834 3597 3901 rapiunt,
3623 3841 3715 3909 qui
3740 3857 3865 3899 ωε-

2268 3901 2549 3956 retricihus
2587 3920 2683 3960 sua
2724 3908 3043 3979 largiuntur,
3077 3925 3131 3969 et
3166 3916 3367 3989 duplex
3409 3924 3508 3981 sibi
3555 3901 3747 3997 μέθαι
3778 3933 3867 3987 iu-

2265 3991 2511 4047 ccndium
2538 4034 2553 4057 ,
2601 4006 2655 4050 et
2701 4013 2795 4066 per
2842 4001 3081 4071 iniquum
3128 4006 3330 4064 aditum
3356 4054 3368 4074 ,
3400 4023 3456 4067 et
3485 3991 3580 4085 per
3614 4034 3868 4091 sumptus

2267 4084 2612 4149 perniciosos.
2642 4088 2880 4145 Motuum
2910 4104 3087 4150 autem
3126 4097 3212 4153 hic
3248 4118 3353 4157 non
3386 4108 3683 4166 usurarium
3727 4114 3865 4172 illud

2269 4173 2443 4227 laeuus
2468 4180 2755 4245 appellant,
2781 4182 2873 4237 sed
2904 4199 3056 4239 usum
3084 4188 3381 4259 simplicem
3433 4200 3571 4253 Alibi
3613 4217 3742 4257 vero
3773 4207 3863 4261 id-

2270 4262 2438 4329 ipsum
2474 4265 2697 4323 intendit
2719 4312 2733 4334 ,
2771 4272 2975 4341 dicens,
3016 4278 3121 4335 illis
3149 4280 3384 4341 dandqu
3415 4304 3535 4345 esse
3555 4334 3568 4356 ,
3600 4310 3629 4347 a
3659 4300 3863 4365 quibus

2268 4353 2397 4407 nihil
2427 4369 2736 4427 recepturos
2767 4380 2865 4419 nos
2892 4383 3193 4435 speramus.
3221 4374 3309 4430 45.
3346 4378 3576 4435 Audistis
3613 4390 3735 4455 quia
3776 4393 3851 4443 di-

2263 4453 2401 4497 ctum
2430 4457 2501 4500 est
2524 4465 2542 4501 :
2566 4448 2757 4522 Diliges
2786 4458 3073 4523 proximum
3108 4474 3248 4518 mum
3274 4507 3287 4528 ,
3313 4478 3360 4521 et
3387 4474 3505 4524 odio
3527 4473 3730 4532 habebis
3750 4481 3855 4534 iui-

2264 4537 2448 4591 micum
2494 4552 2650 4594 tuum.
2691 4545 2779 4599 Η.
2823 4545 2937 4617 Ego
2960 4563 3126 4605 autem
3157 4557 3270 4609 dico
3300 4562 3437 4614 vobis
3462 4581 3479 4614 :
3509 4564 3715 4637 Diligile
3750 4572 3860 4625 iui-

2264 4629 2417 4680 micos
2441 4641 2643 4693 vestros,
2665 4645 2710 4687 et
2734 4650 2873 4691 erute
2900 4658 2993 4707 pro
3022 4645 3447 4703 cuiumnimuibus
3472 4666 3518 4706 et
3547 4674 3858 4730 persequen-

2261 4718 2391 4771 tibus
2418 4737 2544 4787 vos;
2591 4725 2866 4781 bern/{cile
2907 4733 3319 4792 nutlediccutibus
3356 4745 3529 4807 vobis,
3574 4746 3856 4820 benefacite

2260 4811 2322 4863 iis
2346 4812 2430 4877 qui
2460 4831 2544 4867 vos
2582 4817 2828 4883 oderunt,
2862 4821 2951 4877 45.
2984 4835 3036 4877 tu
3081 4827 3191 4882 sitis
3230 4830 3421 4888 similes
3462 4835 3634 4894 Panis
3680 4852 3885 4914 vestri,-

2258 4902 2346 4968 qui
2369 4912 2441 4955 cst
2466 4907 2516 4956 in
2544 4908 2679 4961 ralis
2702 4950 2717 4975 ,
2747 4913 2835 4980 qui
2861 4916 3017 4967 soli-tn
3042 4934 3187 4970 suum
3213 4921 3337 4976 oriri
3361 4929 3487 4995 facit
3513 4948 3665 4997 super
3693 4936 3853 4993 bona:

2258 5001 2304 5044 et
2355 4995 2545 5059 mulos,
2595 5009 2639 5049 et
2684 5004 2815 5069 pluit
2842 5022 2995 5071 super
3025 5010 3193 5076 justo:
3217 5023 3265 5066 el
3287 5016 3524 5085 injutlos.
3559 5022 3849 5093 Videntur-

2258 5089 2415 5140 modo
2447 5089 2682 5144 ultimam
2710 5095 2971 5150 honorum
2995 5103 3304 5159 coronidem
3333 5112 3527 5176 posuit.
3557 5114 3846 5188 [hepteres

2254 5179 2397 5232 enim
2438 5179 2594 5234 docet
2620 5225 2634 5244 ,
2664 5201 2765 5238 non
2800 5189 2958 5241 modo
2984 5192 3225 5260 colaphis
3249 5200 3517 5256 cardentcs
3550 5204 3719 5273 ferre.
3749 5218 3847 5269 sed

2254 5268 2414 5323 etiam
2433 5271 2707 5325 dexteram
2726 5278 2993 5334 tnnxillam
3020 5285 3258 5350 praebere
3281 5329 3296 5351 ,
3333 5306 3508 5360 neque
3536 5307 3739 5354 tantum
3760 5312 3845 5358 tu-

2254 5360 2386 5412 nicre
2414 5362 2627 5427 pallimn
2654 5364 2907 5433 adjicere,
2932 5373 3023 5425 sed
3059 5388 3179 5428 cum
3209 5381 3520 5448 angariaute
3563 5388 3629 5441 ad
3676 5406 3841 5451 unum

2253 5450 2556 5505 milliarium
2603 5471 2696 5523 per
2723 5457 2829 5511 duo
2860 5461 3105 5517 milliaria
3144 5466 3426 5536 incedere,
3470 5485 3527 5529 ut
3564 5482 3710 5548 quod
3753 5486 3842 5543 his

2255 5540 2411 5614 longe
2439 5547 2612 5613 majus
2638 5558 2751 5602 erat
2790 5566 2911 5605 cum
2938 5557 3085 5610 omni
3118 5556 3370 5615 faciliutte
3398 5568 3721 5638 susciperes.
3773 5577 3842 5635 l-Zt

2250 5635 2397 5700 quid,
2422 5636 2649 5703 inquies,
2674 5640 2756 5692 his
2778 5644 2949 5711 majus
2968 5660 3049 5699 est
3068 5648 3095 5700 ἲ
3126 5648 3276 5704 Illum
3297 5656 3389 5726 qni
3412 5660 3519 5713 hinc
3547 5635 3707 5719 iaciat
3732 5684 3840 5724 non

2250 5729 2521 5782 mimi-ann
2563 5731 2757 5789 lubere
2790 5756 2802 5787 ι
2836 5737 2941 5791 ium
2971 5751 3023 5794 ci
3055 5741 3249 5812 aliquid
3287 5748 3433 5804 aliud
3478 5754 3668 5825 majus.
3719 5759 3839 5820 Non
