4124 6302
270 349 381 408 2m

276 466 421 516 enim
453 464 569 524 ait,
608 456 685 513 Ne
736 452 862 509 odio
911 448 1131 511 habeas,
1160 443 1276 509 sed,
1312 440 1482 508 Dilige
1513 456 1523 489 :
1561 450 1666 488 non
1698 430 1824 507 dixit
1849 468 1866 493 ,

276 552 355 609 Ne
376 551 542 609 laedas
564 592 580 613 ,
609 547 723 610 sed,
756 541 1076 600 Benefacito.

353 644 404 699 ι.
444 641 635 696 Novem
662 634 935 692 Christiani
979 646 1097 700 ergo
1126 625 1355 680 inimicos
1379 618 1537 691 ofﬁcii
1564 614 1772 687 gradus.
1805 640 1875 651 --

278 736 336 789 Si
364 734 482 802 quis
511 744 639 785 vero
665 728 779 781 lucc
806 732 1054 781 accurate
1084 712 1467 785 exploraverit,
1498 706 1640 761 aliud
1673 702 1876 758 videbit

280 795 703 883 additamentum
722 819 805 873 his
825 818 982 885 longe
1002 811 1189 880 majus.
1217 807 1333 862 Non
1355 805 1499 860 enim
1524 801 1697 855 solum
1715 795 1876 865 jussit

279 919 537 987 diligere,
582 911 679 967 sed
707 919 763 965 et
801 922 898 977 pro
930 905 993 958 iis
1022 915 1198 957 orare.
1237 894 1426 950 Yideu‘
1455 906 1591 961 quos
1618 885 1876 942 ascende-

283 1010 352 1063 rit
378 982 593 1078 gradus,
622 1013 678 1059 et
710 998 981 1071 quomodo
1006 1007 1105 1049 nos
1130 993 1182 1046 in
1215 992 1388 1060 ipsum
1423 984 1634 1039 virtutis
1659 982 1871 1036 culmen

279 1074 662 1154 constituerit?
691 1090 1017 1149 Consideres
1055 1085 1216 1140 velim
1246 1095 1341 1136 eos
1369 1095 1398 1132 a
1442 1074 1706 1148 principio
1744 1086 1878 1126 emt-

280 1206 518 1249 merans.
569 1189 781 1244 Primus
822 1181 1022 1254 gradus
1059 1187 1174 1242 est,
1205 1192 1311 1230 non
1356 1172 1602 1238 inpii-iam
1636 1167 1875 1229 inferre;

279 1285 571 1347 secundus,
596 1281 681 1336 ubi
715 1281 920 1345 incepta
948 1282 1031 1329 est
1056 1271 1273 1338 iniuria,
1304 1284 1407 1321 non
1442 1265 1586 1318 illam
1618 1260 1729 1332 pari
1763 1259 1879 1313 vice

283 1375 502 1440 ulcisci;
524 1373 731 1433 tertius,
756 1384 860 1422 non
884 1362 1146 1420 inferreiu
1173 1359 1455 1414 laedentem
1482 1354 1712 1424 idipsum
1737 1349 1877 1418 quod

281 1481 474 1539 passus
499 1480 558 1519 es
578 1505 593 1525 ,
625 1460 719 1516 sed
747 1458 1027 1528 quiescere
1051 1470 1067 1517 ;
1101 1460 1322 1521 quartus
1343 1488 1357 1512 ,
1392 1463 1450 1499 se
1481 1446 1654 1514 ipsum
1682 1442 1878 1495 om-rre

282 1536 351 1615 ad
398 1557 595 1611 malum
642 1550 990 1623 patiendum;
1018 1546 1237 1616 quintus
1261 1582 1278 1604 ,
1324 1541 1470 1610 plura
1511 1537 1585 1590 illi
1616 1536 1877 1604 praebere,

285 1666 447 1721 quam
476 1650 590 1717 ipse
624 1644 755 1697 velit
783 1641 871 1709 qui
902 1640 1102 1693 malum
1126 1634 1301 1688 intulit
1329 1648 1343 1695 ;
1373 1638 1557 1686 sextus
1580 1669 1594 1691 ,
1621 1643 1727 1680 non
1758 1625 1883 1680 odio

287 1717 488 1796 habere
518 1739 667 1791 illum
696 1735 787 1803 qui
820 1732 941 1787 talia
970 1727 1173 1799 egerit;
1206 1723 1487 1792 septimus,
1523 1720 1694 1787 ipsum
1721 1717 1881 1771 etiam

285 1836 542 1903 diligere;
564 1838 805 1890 octavus,
832 1823 932 1891 ipsi
954 1818 1267 1875 benefacere
1287 1833 1302 1879 ;
1322 1826 1511 1874 nouus,
1536 1811 1700 1863 Deum
1721 1808 1883 1862 etiam

291 1927 528 1998 pruipso
550 1921 779 1993 precari.
814 1916 1057 1971 Vidistiu'
1087 1908 1442 1983 philosophia:
1467 1907 1682 1959 culmen
1708 1904 1732 1954 ’ἒ
1762 1902 1885 1957 Ideo

288 1992 450 2071 etiam
500 2011 837 2084 Splendidam
880 2007 968 2061 ille
1017 2005 1291 2073 [mentium
1339 1997 1523 2051 habet.
1574 1994 1706 2062 Quia
1739 1992 1884 2045 enim

293 2124 542 2177 niagnnm
590 2112 913 2175 pum-cptum
953 2108 1067 2151 erat
1090 2137 1105 2158 ,
1136 2110 1199 2148 ac
1226 2103 1451 2164 strenuo
1481 2103 1616 2155 opus
1654 2085 1890 2139 habebat

291 2175 492 2261 animo,
521 2208 818 2266 magnaque
847 2188 1146 2258 diligentia,
1171 2182 1473 2237 mercedem
1509 2178 1585 2232 ἱιιί
1612 2175 1888 2230 coostituit

292 2291 496 2352 talem,
546 2288 757 2356 qualem
808 2282 935 2336 nulli
993 2280 1248 2349 priorum.
1304 2273 1419 2328 Non
1484 2271 1627 2326 enim
1688 2278 1886 2323 terram

296 2383 383 2437 hic
410 2384 819 2440 commemorat,
870 2383 928 2427 ut
972 2388 1091 2426 cum
1135 2370 1202 2423 de
1248 2368 1465 2421 mitilms
1510 2372 1732 2433 ageret;
1783 2377 1887 2413 non

292 2472 718 2528 coasolationem
772 2476 825 2520 ct
882 2462 1328 2524 mi~ericordiam,
1363 2468 1419 2511 ut
1447 2471 1568 2510 cum
1601 2454 1670 2509 de
1704 2454 1890 2522 lugen-

296 2565 441 2617 tibus
470 2572 521 2617 ct
544 2563 612 2614 de.
640 2556 1078 2613 miscricordibus
1106 2570 1121 2616 ;
1167 2568 1272 2605 non
1296 2551 1364 2605 de
1397 2563 1563 2617 regno
1593 2547 1845 2601 czclorum
1879 2561 1892 2596 :

296 2654 392 2709 ιιι-ιι
422 2653 561 2723 quod
594 2650 832 2705 omnium
864 2646 1320 2701 mirabilissimum
1347 2651 1461 2695 erat
1483 2682 1497 2703 ,
1526 2638 1665 2708 quod
1706 2640 1897 2691 licreut

298 2747 393 2802 Dei
421 2746 657 2807 similes,
688 2751 942 2810 quantum
995 2745 1219 2805 possunt
1262 2733 1508 2787 homines
1544 2730 1640 2798 ipsi
1673 2742 1794 2782 esse
1817 2728 1862 2781 si

298 2838 477 2892 miles.
509 2834 577 2890 Ut
599 2834 729 2895 sitis,
762 2829 952 2900 inquit,
981 2829 1171 2882 similes
1196 2824 1372 2879 Patris
1397 2822 1546 2875 vestri
1570 2820 1730 2889 quiin
1760 2820 1900 2872 uelis

297 2940 396 2984 est.
429 2929 509 2981 Tu
530 2940 659 2979 vero
680 2926 935 2978 observes
967 2919 1148 2981 velim,
1180 2918 1354 2985 ipsum
1388 2928 1560 2981 neque
1592 2912 1698 2974 hic,
1725 2924 1899 2978 neque

302 3024 356 3076 iu
387 3016 755 3087 superioribus
786 3014 1001 3069 Patrem
1049 3025 1202 3065 Slllllll
1251 3021 1442 3059 vocare
1468 3022 1482 3067 ;
1518 3003 1611 3058 sed
1646 3002 1753 3056 illic
1782 3002 1900 3069 qui-

300 3115 426 3166 dem
460 3111 625 3164 Deum
665 3090 723 3162 et
762 3120 941 3175 regem
990 3114 1240 3169 magnum
1264 3140 1277 3162 ,
1308 3112 1429 3151 eum
1473 3094 1539 3149 de
1575 3090 1901 3163 juramentis

302 3208 412 3274 agit
440 3220 454 3262 ξ
485 3203 572 3255 hic
604 3215 729 3253 vero
761 3198 973 3250 Patrem
1013 3194 1275 3260 ipsorum.
1309 3187 1361 3240 Id
1393 3201 1524 3239 vero
1553 3185 1662 3254 agit
1691 3182 1789 3235 hos
1817 3181 1899 3234 lo-

303 3293 501 3367 quendi
552 3290 739 3345 modos
786 3288 837 3340 iu
891 3293 1253 3353 opportunum
1307 3288 1519 3345 tempus
1590 3288 1899 3329 reservans.

309 3366 512 3442 Deinde
563 3385 614 3436 in
666 3393 949 3449 progressu
988 3371 1393 3437 similitudinem
1444 3369 1588 3422 illam
1626 3366 1901 3421 declarat:

312 3479 412 3542 Qui
456 3475 616 3529 solem
670 3488 813 3525 suum
856 3467 981 3521 oriri
1027 3466 1146 3535 facit
1194 3479 1346 3531 super
1374 3460 1529 3513 bonos
1557 3468 1601 3510 et
1632 3458 1826 3519 malos,
1857 3468 1905 3509 et

308 3569 439 3639 pluit
468 3580 620 3633 super
640 3564 807 3633 justas
843 3568 890 3613 et
936 3558 1173 3626 injustas.
1206 3553 1413 3607 Etenim
1443 3550 1563 3605 illOs
1607 3566 1711 3603 non
1744 3548 1905 3602 modo

310 3676 418 3715 non
444 3658 578 3719 odit,
612 3656 801 3723 inquit,
826 3652 919 3706 sed
940 3651 1102 3705 etiam
1131 3647 1391 3702 beneficio
1413 3645 1579 3698 allicit
1605 3658 1700 3697 eos
1729 3640 1819 3711 qui
1846 3656 1906 3695 se

310 3751 501 3815 injuria
524 3746 784 3799 afficiunt.
806 3742 1140 3810 Quamquam
1171 3737 1313 3791 nulla
1341 3736 1411 3789 sit
1433 3735 1532 3788 hac
1561 3734 1613 3787 in
1642 3748 1700 3786 re
1725 3746 1904 3800 mqua-

311 3841 455 3897 litas.
484 3852 592 3892 non
621 3850 791 3889 solum
824 3841 1040 3902 propter
1067 3826 1309 3883 beneticii
1340 3824 1781 3894 magnitudinem,
1811 3822 1906 3877 sed

310 3933 473 3985 etiam
505 3937 722 3997 prepter
752 3923 1026 3994 dignitatis
1052 3920 1420 3975 eminentiam.
1447 3915 1527 3972 Tu
1551 3917 1696 3970 enim
1717 3932 1745 3968 a
1772 3930 1906 3968 cou-

312 4036 470 4078 servo
516 4016 831 4090 despiceris,
864 4014 953 4068 ille
996 4021 1177 4067 autem
1205 4025 1234 4063 a
1266 4025 1422 4063 servo
1450 4023 1608 4077 quem
1636 4005 1908 4061 sexcentis

316 4110 589 4167 beneﬂciis
631 4105 811 4160 affecit
844 4120 859 4167 ;
912 4111 965 4158 et
1019 4114 1074 4156 tu
1117 4101 1332 4171 quidem
1371 4099 1534 4153 verba
1562 4096 1753 4161 donas,
1781 4095 1907 4149 dum

315 4220 412 4275 pro
442 4202 536 4256 illo
564 4198 803 4270 precaris
822 4238 838 4262 ,
871 4196 963 4249 ille
1000 4210 1129 4249 vero
1175 4208 1262 4248 res
1286 4190 1573 4245 admodum
1604 4204 1825 4259 magnas
1855 4198 1910 4244 et

317 4295 612 4358 mirabiles,
641 4292 809 4345 solem
839 4288 1140 4343 accendens
1165 4294 1221 4341 et
1242 4298 1449 4338 annuos
1476 4284 1678 4338 imbres
1709 4296 1910 4351 suppe-

320 4390 497 4442 ditans
523 4388 561 4440 ι.
594 4387 841 4438 Attamen
864 4381 943 4435 sic
964 4378 1204 4433 concedo
1230 4385 1282 4430 te
1297 4375 1559 4444 aequalem
1580 4390 1722 4437 esse,
1742 4390 1912 4443 quan-

320 4494 431 4537 tam
485 4489 660 4551 potest
705 4478 885 4531 homo.
917 4472 996 4528 Ne
1025 4472 1203 4541 itaque
1242 4470 1368 4524 odio
1400 4468 1596 4523 habeas
1636 4467 1909 4522 hominem

317 4576 406 4644 qni
436 4584 487 4628 te
519 4571 660 4625 malo
699 4568 881 4627 afﬁcit.
913 4580 1035 4619 cum
1066 4564 1159 4617 tibi
1193 4562 1433 4616 tot‘bona
1454 4559 1728 4623 conciliet,
1759 4568 1815 4613 et
1844 4558 1911 4613 ad

321 4646 624 4721 tannuu‘te
668 4662 931 4717 honorem
961 4656 1156 4719 ducat;
1192 4670 1258 4709 ne
1299 4653 1587 4708 maledicas
1633 4652 1682 4705 ei
1724 4651 1813 4721 qui
1863 4660 1914 4705 te

319 4762 519 4817 damno
545 4757 709 4810 allicit
733 4775 745 4807 :
770 4752 1004 4821 alioquin
1032 4758 1086 4803 et
1112 4748 1350 4801 laborem
1380 4745 1689 4809 sustinebis,
1720 4756 1773 4797 et
1796 4743 1913 4812 ejus

323 4852 496 4907 fructu
526 4845 857 4917 privaberis;
899 4842 1153 4897 damnum
1198 4837 1340 4892 feres
1369 4848 1420 4891 et
1454 4834 1758 4891 mercedem
1794 4851 1914 4903 per-

323 4944 454 5005 des;
485 4938 626 5007 quod
652 4946 907 4991 extremm
936 4941 1019 4989 est
1046 4930 1351 4993 dementiae,
1384 4929 1524 4997 quod
1554 4928 1757 4981 scil'cet
1788 4941 1911 4980 cum

323 5036 568 5107 graviora
592 5028 1021 5091 sustinuerimus,
1046 5025 1253 5079 minora
1285 5036 1390 5075 non
1415 5022 1665 5074 feramus.
1694 5020 1759 5072 Et
1782 5029 1915 5088 quin.

328 5126 489 5181 tnodo
513 5164 529 5187 ,
576 5122 817 5190 inquies,
858 5124 1037 5187 potest
1064 5116 1166 5169 hoc
1197 5114 1350 5168 fieri?
1378 5112 1508 5167 Cum
1542 5112 1707 5165 Deum
1734 5111 1917 5165 videas

330 5217 602 5271 hominem
621 5213 818 5266 factum
847 5218 1049 5263 tantum
1081 5206 1447 5269 descendisse,
1481 5214 1531 5257 et
1566 5214 1708 5257 tanta
1742 5218 1837 5272 pro
1864 5213 1917 5258 te

326 5324 542 5379 passum
573 5320 695 5361 esse
714 5344 728 5368 ,
756 5305 1054 5370 interrogas
1079 5299 1253 5353 adhuc
1278 5308 1332 5352 et
1359 5296 1582 5363 ambigis
1604 5337 1619 5359 ,
1647 5294 1916 5363 quomodo

328 5415 615 5471 “IhSllIIIIlS
666 5396 888 5463 injurias
940 5393 1214 5448 conservis
1263 5388 1721 5443 remittere?Non
1764 5389 1916 5441 audis

328 5494 477 5547 illum
524 5493 576 5544 in
620 5506 779 5543 cruce
828 5488 1095 5542 dicentem
1132 5505 1143 5537 :
1178 5484 1384 5536 Dimitte
1430 5482 1583 5545 illis;
1640 5498 1740 5533 non
1787 5480 1919 5532 enim

328 5590 490 5639 sciunt
520 5583 643 5652 quid
674 5583 864 5649 faciunt
893 5579 1043 5649 (Luc.
1070 5578 1166 5638 9.3,
1195 5576 1287 5644 54)
1312 5578 1334 5625 ’ἰ
1374 5573 1485 5626 Non
1517 5573 1667 5626 audis
1693 5573 1916 5626 Paulum

392 5722 408 5751 ⁸
446 5728 574 5770 mus
600 5709 764 5773 habet,
788 5722 831 5765 ct
846 5714 984 5778 quasi
1002 5728 1026 5762 α
1044 5725 1159 5762 imm
1184 5710 1315 5761 nobis
1333 5723 1513 5761 soluens
1534 5708 1728 5761 tributa.

1417 322 1485 377 IN
1524 310 1934 375 SHTTIIA‘ZLTM
1979 308 2205 365 HOMII..
2253 309 2438 366 XVIII.

3468 306 3576 364 270

1982 422 2247 477 dicentem
2283 442 2297 476 :
2333 423 2435 488 Qui
2469 424 2695 477 ascendit
2726 440 2969 488 sursum,
2999 434 3046 477 ct
3083 425 3221 478 sedet
3258 421 3310 478 in
3341 426 3577 493 duum,

1980 516 2268 584 interpellat
2294 532 2387 584 pro
2408 514 2548 569 nobis
2573 514 2752 582 (llam.
2783 516 2841 583 8,
2866 514 2989 583 διν
3007 514 3124 569 Νοιι
3150 515 3301 570 vides
3322 515 3577 583 quoniam

1982 617 2101 677 post
2128 623 2344 663 erucem
2391 618 2442 663 et
2486 609 2858 663 ascensionem
2883 607 3107 670 Juda-is.
3140 611 3229 677 qui
3256 626 3318 663 se
3348 608 3579 666 interfe—

1980 708 2186 762 cerant,
2216 701 2423 754 miserit
2448 699 2740 767 apostolos,
2768 700 2856 767 qui
2883 712 3138 755 sexcenta
3167 700 3296 770 ipsis
3319 700 3583 757 all‘errent

1983 791 2140 850 boita.
2174 791 2331 860 idque
2359 806 2482 846 cum
2513 791 2659 846 mille
2683 790 2751 844 ab
2780 793 2910 859 ipsis
2938 794 3146 859 passuri
3180 802 3366 848 essent
3392 795 3531 848 ntala
3561 795 3584 848 ’ἒ

1983 879 2053 933 At
2078 888 2132 932 tu
2161 879 2320 934 laesus
2346 880 2635 935 admodum
2664 896 2724 937 es
2743 881 2770 935 ?
2797 881 2863 935 Et
2886 882 3012 948 quid
3046 892 3252 937 tantum
3284 898 3473 952 passus
3499 898 3582 946 es,

1982 981 2239 1038 quanlmn
2279 972 2538 1025 Dominus
2563 981 2705 1038 tuus,
2738 973 2968 1036 vinctus,
2999 975 3244 1041 colaphis
3269 990 3463 1039 emus,
3489 976 3583 1031 lla-

1983 1065 2230 1133 gcllatus,
2258 1080 2285 1116 a
2316 1066 2491 1131 servis
2511 1076 2826 1133 conspntus,
2859 1077 3087 1122 mortem
3112 1082 3322 1135 passus,
3353 1081 3584 1123 mortem

1983 1157 2225 1210 omnium
2258 1158 2621 1224 turpissimam
2648 1198 2661 1218 ,
2695 1157 2855 1227 idque
2902 1168 3024 1227 post
3053 1159 3205 1214 mille
3237 1159 3383 1214 illata
3418 1161 3584 1216 bene.

1986 1246 2148 1299 licia?
2177 1245 2232 1300 Si
2257 1261 2417 1316 porro
2448 1247 2671 1301 multum
2698 1249 2858 1302 la-sns
2884 1250 2989 1314 sis,
3033 1249 3156 1305 ideo
3189 1251 3424 1305 maxime
3455 1251 3589 1321 ipsis

1989 1337 2243 1393 beneﬁcia
2266 1338 2471 1403 confer,
2492 1348 2547 1393 ut
2572 1349 2625 1395 et
2652 1340 2742 1395 tibi
2772 1324 3189 1410 splendidiorem
3216 1351 3400 1397 uectas
3426 1356 3587 1398 coro-

1989 1445 2133 1489 nam.
2165 1441 2220 1485 et
2248 1430 2464 1483 fratrem
2487 1447 2516 1484 ει
2539 1432 2855 1500 gravissimo
2882 1434 3075 1488 morbo
3114 1434 3332 1488 liberes.
3371 1432 3503 1488 Nam
3530 1443 3586 1487 et

1990 1523 2113 1578 med
2136 1526 2181 1579 ci
2202 1565 2217 1587 ,
2266 1524 2480 1595 qnaudo
2504 1526 2574 1579 ab
2599 1541 2744 1594 a-gro
2775 1523 2985 1579 furente
3008 1526 3248 1580 calcibus
3293 1535 3349 1581 et
3379 1524 3589 1593 injuriis

1990 1620 2343 1692 impetnntur,
2393 1630 2517 1672 tunc
2562 1620 2794 1673 tmtxime
2843 1619 2988 1689 ipsos
3038 1618 3385 1684 miserantur,
3428 1628 3480 1672 et
3522 1616 3592 1672 ad

1990 1716 2273 1769 sanitatem
2326 1713 2457 1783 ipsis
2499 1710 2889 1765 restituendam
2938 1704 3062 1765 sése
3105 1709 3390 1779 apparatu,
3436 1706 3590 1778 gnari

1990 1807 2369 1863 contumeliam
2399 1806 2541 1859 illam
2571 1822 2601 1861 tt
2634 1804 2885 1857 violentia
2916 1804 3086 1858 morbi
3117 1803 3406 1872 proficisci.
3440 1802 3505 1856 Et
3534 1813 3589 1855 tu

1993 1899 2173 1982 itaque
2206 1899 2340 1952 hanc
2367 1898 2506 1951 circa
2533 1896 2869 1950 insidiatores
2894 1906 3075 1949 teneto
3099 1895 3419 1950 sententiam
3447 1937 3460 1955 ,
3491 1894 3593 1946 sic-

1993 2015 2099 2067 que
2142 2013 2268 2068 erga
2316 1996 2573 2050 ltudentes
2603 2006 2653 2046 te
2679 2009 2835 2063 geras
2870 2011 2882 2045 :
2924 1991 2997 2045 illi
3044 2005 3276 2059 namque
3323 1997 3450 2042 sunt
3504 1989 3594 2055 qui

1997 2107 2122 2145 vere
2145 2090 2333 2145 morbo
2356 2088 2599 2142 laborant
2626 2096 2683 2142 et
2704 2086 2808 2138 vim
2835 2084 3112 2154 patiuntur
3135 2098 3372 2137 omnem.
3401 2080 3595 2134 Libera

1998 2182 2160 2251 igitur
2186 2196 2307 2235 eum
2340 2196 2368 2233 a
2395 2179 2543 2249 gravi
2568 2179 2671 2231 isto
2692 2176 2913 2239 damno,
2939 2183 2993 2228 et
3022 2173 3088 2229 da
3116 2189 3336 2243 operam
3379 2182 3433 2224 ut
3462 2172 3596 2225 iram

1996 2272 2272 2338 remittat;
2298 2288 2326 2324 a
2349 2285 2496 2326 saevo
2516 2270 2784 2331 diemone,
2816 2282 3011 2336 nempe
3038 2258 3240 2330 furore,
3264 2266 3434 2333 eripe.
3464 2262 3596 2316 Nam

1994 2382 2122 2421 cum
2154 2366 2519 2418 da-mouiacos
2548 2362 2815 2425 videmus,
2857 2358 3252 2429 lacrymamur,
3285 2372 3459 2425 neque
3487 2364 3597 2410 stu-

2000 2461 2191 2512 denms
2236 2457 2334 2525 ipsi
2366 2471 2396 2509 a
2428 2454 2674 2510 dmmoue
2715 2452 2923 2523 agitari.
2957 2450 3067 2503 lIoc
3094 2450 3254 2518 igitur
3277 2464 3403 2518 erga
3434 2448 3600 2502 iratos

2001 2566 2142 2607 mmc
2157 2549 2442 2613 faciamus;
2468 2563 2589 2602 nam
2619 2548 2681 2601 iis
2702 2547 2902 2613 similes
2922 2554 3047 2599 sunt
3073 2543 3342 2607 iracundi;
3368 2541 3477 2595 imo
3499 2540 3602 2595 illis

2002 2642 2528 2704 miserioressunt,
2580 2640 2670 2709 qui
2723 2638 2973 2691 sensibus
3022 2635 3245 2705 integris
3302 2633 3600 2689 insaniunt.

2001 2732 2363 2801 Quamobrem
2416 2730 2629 2784 illorum
2660 2726 2892 2780 amentia
2925 2726 3134 2780 veniam
3183 2740 3288 2778 non
3337 2734 3601 2779 meretur.

2076 2827 2130 2882 5.
2172 2824 2248 2878 Ne
2287 2824 2464 2894 itaque
2484 2822 2748 2893 jacentem
2777 2819 3021 2881 invadas.
3058 2821 3165 2872 imo
3204 2820 3380 2887 potius
3431 2820 3604 2888 ipsum

2004 2919 2284 2974 miserare.
2310 2916 2443 2971 Nam
2473 2916 2517 2970 si
2550 2912 2852 2985 quempiam
2884 2912 3163 2967 videamus
3182 2927 3210 2963 a
3240 2910 3345 2966 bile
3370 2905 3607 2980 e'xagita-

2008 3020 2119 3063 tum
2148 3018 2204 3062 et
2231 3007 2495 3075 vertigine
2516 3017 2755 3075 captum,
2786 3018 2852 3059 ac
2883 3018 3104 3073 pravum
3152 3003 3300 3057 illum
3325 3001 3605 3056 humorem

2008 3114 2265 3155 evomere
2303 3097 2667 3161 festinantem,
2697 3102 2916 3150 manum
2943 3094 3286 3163 porrigimus,
3315 3104 3366 3147 et
3389 3093 3467 3146 sic
3490 3094 3604 3160 agi-

2015 3198 2186 3243 tatum
2204 3191 2816 3252 sustentamus,etiamsi
2833 3190 3058 3259 pallium
3078 3189 3456 3255 iuquinemus,
3473 3189 3610 3244 nihil

2014 3296 2307 3344 curamus;
2364 3280 2458 3335 sed
2490 3281 2542 3334 id
2576 3282 2756 3334 solum
2787 3295 3068 3341 curamus.
3112 3290 3172 3333 ut.
3200 3281 3352 3334 illum
3382 3297 3412 3335 a
3455 3283 3607 3350 gravi

2013 3369 2331 3439 bujusmodi
2362 3372 2615 3443 angustia
2647 3388 2930 3427 eruamus.
2970 3371 3081 3427 lloc
3106 3373 3288 3442 itaque
3311 3389 3442 3443 erga
3475 3375 3610 3429 istos

2013 3462 2175 3515 etiam
2210 3477 2459 3531 agamus,
2512 3473 2883 3519 sustentemus
2934 3476 3216 3519 vomentes
3262 3474 3317 3519 et
3348 3467 3606 3535 agitatas,

2014 3568 2192 3623 neque
2227 3554 2378 3622 prius
2404 3555 2771 3619 dimittamus,
2812 3570 2975 3624 quam
3012 3556 3156 3610 lianc
3180 3558 3607 3612 amaritudinem

2010 3660 2232 3702 omnem
2255 3648 2630 3715 deposuerint.
2693 3645 2759 3700 Et
2795 3656 2928 3701 tunc
2976 3648 3072 3701 tibi
3095 3650 3301 3717 gratias
3332 3648 3610 3703 habebunt

2014 3739 2301 3802 maximas,
2320 3753 2444 3792 cum
2468 3740 2776 3808 quieverint
2797 3756 2812 3795 :
2843 3749 2975 3793 tunc
3004 3739 3049 3793 is
3073 3739 3219 3792 clare
3240 3747 3555 3809 cognoscet,
3580 3755 3612 3792 ιι

2014 3843 2218 3901 quanta
2249 3833 2399 3887 illum
2425 3832 2835 3902 perturbatione
2864 3834 3096 3887 erueris.
3139 3830 3201 3885 Et
3235 3831 3365 3900 quid
3397 3833 3520 3885 dico
3542 3830 3614 3887 ab

2014 3922 2111 3979 illo
2128 3923 2222 3977 tibi
2240 3923 2469 3991 gratiam
2490 3938 2611 3975 esse
2635 3922 2973 3975 referendam
2994 3924 3017 3974 ’ἰ
3035 3922 3166 3976 Nam
3187 3932 3239 3975 te
3265 3920 3406 3975 Deus
3427 3924 3613 3975 statim

2013 4015 2312 4076 coronabit,
2340 4023 2396 4068 et
2423 4010 2718 4067 innumeris
2750 4008 3115 4064 remunerabit
3144 4007 3322 4073 bonis,
3351 4007 3474 4077 quia
3509 4006 3615 4061 l'ra-

2015 4117 2152 4163 trem
2198 4117 2346 4160 tuum
2376 4120 2405 4158 a
2426 4102 2572 4173 gravi
2591 4100 2784 4156 morbo
2802 4099 3038 4153 liberasti
3068 4117 3080 4153 :
3122 4098 3215 4153 sed
3243 4097 3403 4153 etiam
3448 4096 3537 4151 ille
3566 4105 3617 4150 te

2014 4209 2075 4254 ut
2101 4197 2376 4253 dominum
2422 4192 2738 4254 honorabit,
2768 4199 2912 4244 tuam
2943 4188 3166 4242 oumino
3196 4188 3458 4242 reveritus
3504 4201 3620 4241 mo-

2014 4288 2372 4344 derationem.
2404 4285 2595 4339 Aunuu
2617 4282 2771 4336 vides
2798 4279 3069 4349 parientes
3092 4277 3366 4341 mulieres,
3393 4292 3620 4347 quomo-

2018 4381 2089 4435 do
2131 4381 2335 4434 vicinas
2364 4378 2464 4431 sibi
2489 4377 2791 4437 mordeanl,
2817 4370 2872 4429 et
2894 4373 2996 4426 illac.
3029 4381 3206 4426 tamen
3240 4386 3345 4424 non
3394 4370 3618 4424 dolent?

2020 4473 2131 4527 Ιιιιο
2158 4471 2361 4533 dolent,
2390 4470 2482 4523 sed
2515 4467 2643 4521 illud
2676 4466 2887 4521 fortiter
2926 4466 3101 4519 ferunt
3123 4506 3137 4529 ,
3188 4472 3243 4516 et
3266 4462 3621 4516 commisera-

2020 4566 2168 4620 tione
2194 4565 2461 4619 ducuntur
2487 4576 2609 4629 erga
2638 4559 2886 4614 dolentes
2939 4566 2994 4611 et
3041 4573 3070 4609 a
3127 4564 3279 4626 partu
3332 4554 3619 4609 dissectas.

2023 4655 2128 4710 llas
2167 4665 2221 4708 ιιι
2263 4666 2478 4721 quoque
2525 4650 2734 4703 inlinire
2780 4664 2955 4717 neque
3006 4647 3081 4700 sis
3125 4647 3253 4715 ipsis
3310 4644 3622 4699 mulieribus

2021 4748 2254 4803 mollior.
2289 4746 2421 4800 Cum
2444 4744 2586 4797 enim
2631 4743 2936 4811 pepererint
2964 4740 3219 4794 mulieres
3248 4740 3362 4791 ista:
3392 4737 3623 4809 (mulie-

2023 4841 2171 4895 ribus
2204 4841 2402 4909 quippe
2423 4834 2559 4891 sunt'
2583 4834 2657 4888 illi
2686 4835 2814 4888 rixis
2873 4832 3152 4887 movendis
3199 4828 3621 4901 prmnptiores),

2023 4945 2151 4988 tunc
2176 4944 2226 4988 te
2258 4934 2430 4985 virum
2481 4944 2601 4984 esse
2628 4934 2975 4998 cognoscent.
3026 4923 3178 4991 Quod
3206 4925 3251 4975 si
3280 4922 3467 4991 gravia
3512 4920 3626 4975 lucc

2027 5036 2292 5099 praecepta
2329 5032 2474 5087 sunt,
2505 5022 2679 5093 cogita
2710 5020 2827 5074 ideo
2856 5018 3069 5072 venisse
3096 5016 3394 5078 Christum,
3428 5027 3485 5068 ut
3512 5014 3628 5069 haec

2028 5120 2080 5174 in
2111 5118 2305 5173 animis
2337 5116 2537 5169 nostris
2561 5116 2843 5172 insereret,
2871 5117 2930 5161 ut
2956 5125 3053 5162 nos
3076 5117 3128 5161 et
3151 5106 3338 5161 amicis
3368 5116 3421 5159 et
3450 5096 3630 5159 inimi-

2026 5216 2104 5268 cis
2131 5213 2292 5267 utiles
2317 5210 2578 5264 efliceret.
2603 5204 2731 5260 Ideo
2756 5206 3038 5257 amborum
3086 5214 3269 5254 curam
3313 5212 3500 5267 gerere
3536 5196 3630 5265 ju-

2028 5307 2161 5367 bet;
2217 5305 2462 5363 fratrum,
2494 5315 2615 5352 cum
2676 5296 2837 5358 dicit,
2894 5293 2953 5347 Si
3004 5288 3157 5357 o/fers
3203 5305 3385 5341 ιιιιιιιιιι
3443 5300 3635 5349 suum;

2027 5395 2395 5458 inimicorum,
2426 5406 2545 5445 cum
2578 5390 2696 5460 lege
2718 5387 2901 5442 statuit
2927 5392 2985 5436 ut
3015 5384 3157 5451 ipsos
3179 5380 3393 5449 diligas,
3428 5389 3483 5432 et
3529 5392 3631 5449 pro

2027 5488 2158 5557 ipsis
2190 5502 2331 5541 ores.
2367 5484 2549 5553 Neque
2577 5482 2901 5541 Deitantum
2924 5476 3175 5542 exemplo
3205 5472 3271 5525 ad
3314 5470 3418 5525 hoc
3446 5470 3632 5525 berta-

2030 5591 2136 5646 tur,
2169 5595 2351 5634 verum
2376 5579 2536 5632 etiam
2574 5592 2640 5629 ex
2671 5572 2941 5628 contrario
2967 5588 2978 5622 :
3013 5582 3159 5633 nam,
3188 5566 3275 5621 46.
3306 5566 3365 5620 Si
3394 5562 3634 5618 dilexeri-

2030 5677 2111 5740 tis,
2146 5670 2335 5743 inquit,
2366 5686 2449 5725 eos
2475 5668 2561 5738 qui
2580 5682 2665 5723 vos
2693 5665 2913 5735 diligunt
2932 5703 2945 5727 ,
2975 5675 3129 5731 quam
3157 5647 3438 5713 mercedem
3479 5653 3630 5707 habe-
