4124 6302
578 316 676 369 "27f

581 430 925 485 bitisfnonnc
948 436 996 482 ct
1017 425 1271 496 publicani
1311 425 1403 475 hoc
1433 418 1672 489 faciunt?
1714 418 1822 471 lloc
1864 426 1916 469 et
1962 412 2155 467 l‘anlus

581 521 656 575 ait
680 536 694 573 :
720 518 961 573 Nondum
987 532 1143 583 usque
1166 514 1233 567 ad
1258 514 1553 583 sanguinem
1577 509 1823 563 restitistis
1848 514 2021 558 contra
2044 517 2156 572 pec-

579 621 751 665 catum
790 618 1065 681 pugnantes
1094 608 1113 676 (
1144 603 1405 658 Hebr-.12.
1433 603 1468 657 ι
1487 603 1526 670 ).
1556 600 1610 655 Si
1644 600 1798 668 igitur
1821 596 1919 649 hoc
1948 593 2155 655 feceris,

583 716 706 756 cum
732 702 839 754 Deo
867 707 1014 761 stas;
1067 699 1114 752 si
1142 698 1257 751 ha-c
1300 692 1581 761 reliqueris
1608 729 1624 755 ,
1678 703 1799 742 cum
1839 684 2154 755 publicanis.

586 792 771 848 \‘iden‘
800 790 1067 860 quomodo
1098 804 1201 841 non
1234 795 1375 839 tanta
1398 783 1467 835 sit
1490 789 1878 850 praeceptorum
1899 775 2158 845 magnitu-

582 883 675 947 do,
698 894 890 952 quanta
920 894 1260 950 personarum
1286 874 1578 930 differentia
1602 873 1626 925 ?
1652 871 1729 927 Ne
1762 871 1939 938 itaque
1956 867 2159 936 cogite-

583 988 703 1027 mus
727 971 940 1025 difficile
964 977 1283 1038 praeceptum
1312 981 1452 1027 esse,
1475 963 1568 1025 sed
1596 960 1903 1018 mercedem
1930 960 1989 1012 in
2014 972 2160 1012 men-

585 1073 692 1117 tem
722 1075 1050 1124 revocemus,
1078 1060 1582 1126 consideremnsque
1609 1055 1692 1107 cui
1712 1052 1916 1107 similes
1959 1048 2157 1103 cilicia-

583 1168 723 1215 nmr,
755 1153 797 1206 si
828 1162 968 1206 recte
993 1165 1091 1203 nos
1112 1150 1455 1220 gesserimus,
1488 1156 1542 1200 et
1568 1146 1760 1215 quibus
1788 1152 2152 1210 exequemur,

584 1244 628 1297 si
650 1257 949 1314 peccemus.
970 1242 1207 1296 Fratrem
1239 1241 1416 1309 itaque
1456 1236 1608 1305 jubet
1649 1232 2017 1294 reconciliari,
2060 1243 2160 1282 nec

585 1335 733 1404 prius
758 1333 1070 1395 abscedere,
1101 1332 1271 1387 donec
1292 1328 1620 1384 inimicitiam
1648 1325 1951 1380 auferamus
1975 1337 1991 1385 ;
2037 1336 2157 1375 eum

582 1433 760 1479 autem
787 1422 856 1478 de
878 1421 1125 1477 omnibus
1145 1420 1379 1475 disserit.
1404 1435 1507 1471 non
1530 1418 1666 1470 ultra
1698 1422 1794 1468 nos
1827 1413 1918 1467 tali
1948 1410 2159 1479 subjicit

586 1512 908 1577 necessitati,
935 1511 1027 1567 sed
1051 1522 1232 1566 nostra
1263 1519 1465 1564 tantum
1493 1508 1735 1578 requirit,
1776 1505 1984 1573 hocque
2006 1511 2159 1572 pacto

586 1606 753 1675 legem
787 1605 990 1659 facilem
1039 1603 1223 1660 efficit.
1253 1603 1385 1671 Quia
1434 1604 1575 1655 enim
1630 1599 1803 1664 dixit,
1862 1595 2158 1664 Perscqnuti

583 1706 699 1750 sunt
727 1698 1018 1765 prophetas,
1047 1697 1133 1765 qui
1171 1705 1287 1749 ante
1323 1710 1408 1748 vos
1435 1703 1596 1753 crant,
1628 1708 1694 1746 ne
1724 1700 1999 1761 propterea
2031 1688 2159 1755 ipsis

584 1786 777 1842 infensi
803 1797 979 1841 essent
1000 1829 1013 1849 ,
1044 1787 1194 1855 jubet
1224 1802 1329 1842 non
1360 1787 1519 1839 modo
1543 1786 1663 1839 illos
1691 1784 1807 1838 haec
1825 1792 2043 1851 agentes
2075 1790 2159 1835 to-

584 1877 775 1939 lerare.
808 1879 902 1932 sed
931 1879 1091 1933 etiam
1118 1878 1361 1948 diligere.
1394 1877 1575 1931 Viden‘
1605 1874 1873 1945 quomodo
1902 1874 2033 1925 iram
2060 1912 2072 1926 .
2105 1880 2161 1925 ct

582 1970 1068 2039 coiteupiscentiam
1115 1971 1228 2024 sive
1275 1985 1580 2039 corporum,
1611 1968 1724 2022 sive
1775 1966 2156 2037 pecuniarum,

582 2060 696 2114 sive
720 2060 921 2129 εἱστίων,
943 2061 1058 2115 sive
1084 2074 1261 2115 rerum
1282 2060 1349 2113 ad
1377 2068 1690 2128 prtescntem
1720 2057 1881 2110 vitam
1911 2067 2159 2123 spectau-

584 2152 714 2205 tium
744 2150 998 2205 radicitus
1013 2148 1263 2204 auferat?
1291 2149 1401 2203 Hoc
1420 2148 1561 2203 enim
1586 2147 1709 2202 fecit
1732 2146 1801 2200 ab
1824 2146 1995 2207 initio,
2017 2147 2158 2198 inul-

584 2252 743 2309 tuque
771 2241 937 2306 magis
967 2255 1126 2294 mmc.
1156 2238 1290 2294 Nam
1318 2239 1408 2308 qui
1438 2253 1656 2309 pauper,
1705 2238 1797 2307 qui
1852 2238 1996 2291 mitis
2048 2244 2151 2299 est,

579 2332 667 2399 qui
700 2330 861 2400 luget,
895 2331 1026 2385 iram
1059 2346 1276 2400 prorsus
1312 2341 1529 2385 evacuat
1554 2348 1570 2397 ;
1594 2333 1685 2401 qui
1706 2330 1884 2401 justus
1911 2340 1966 2383 et
1992 2330 2155 2383 misc-

580 2425 750 2477 rirors
772 2464 787 2484 ,
825 2422 1171 2491 pecuniarum
1197 2421 1545 2490 cupiditatem
1585 2420 1853 2485 excludit;
1889 2420 1977 2490 qui
1997 2420 2158 2473 corde

578 2511 839 2572 mundus,
869 2529 898 2563 a
928 2512 1356 2579 cintcupisecntia
1384 2512 1520 2564 mala
1545 2510 1679 2566 liber
1704 2520 1817 2571 est:
1847 2513 1939 2579 qui
1969 2525 2155 2580 purse;

580 2603 892 2671 quutiouem
922 2604 1118 2673 patitur
1141 2614 1195 2657 et
1226 2602 1444 2671 injurias
1470 2602 1715 2662 sustinet,
1767 2602 1974 2656 etiamsi
2016 2602 2155 2654 male

578 2691 794 2755 audiat,
846 2692 1184 2760 prasseutium
1259 2692 1495 2745 omnium
1566 2705 1743 2745 rerum
1789 2698 2153 2757 contemptum

579 2780 801 2843 obtinet,
836 2789 991 2849 atque
1019 2796 1046 2831 a
1078 2780 1215 2834 fastu
1242 2791 1299 2834 et
1323 2796 1454 2833 Vana
1480 2781 1644 2848 gloria
1667 2780 1940 2833 liberatur.
1990 2779 2154 2833 Audi-

579 2879 696 2922 tore
727 2871 886 2938 igitur
908 2871 977 2924 ab
1001 2872 1149 2926 lzisce
1170 2872 1395 2925 vinculis
1426 2871 1638 2935 soluto,
1669 2880 1725 2927 et
1746 2870 1813 2926 ad
1861 2872 2154 2927 certamina

546 2962 830 3033 ,iuuucto.
875 2976 1060 3017 rursus
1084 2962 1191 3015 alio
1208 2962 1365 3016 modo
1407 2973 1599 3017 etcum
1629 2962 1816 3032 majori
1864 2961 2142 3031 diligentia

581 3051 697 3105 lucc
728 3051 851 3105 vitia
873 3050 1074 3106 evellit.
1100 3051 1268 3107 Orsus
1298 3053 1440 3106 enim
1468 3053 1536 3106 ab
1565 3054 1642 3108 ira
1664 3092 1680 3117 ,
1734 3053 1999 3122 hujusque
2043 3054 2156 3108 vitii

580 3140 759 3194 nervis
782 3142 1001 3196 omnino
1028 3142 1249 3197 succisis
1274 3159 1289 3206 ;
1328 3154 1605 3211 postquam
1636 3144 1800 3206 dixit,
1829 3145 1929 3211 Qui
1974 3145 2157 3198 irasci-

582 3240 667 3284 tur
690 3231 837 3284 fratri
867 3247 967 3285 suo
990 3272 1004 3296 ,
1029 3240 1083 3285 et
1110 3232 1198 3300 qui
1229 3231 1427 3285 ῐ.οιιιιιηι
1458 3243 1630 3294 vocat,
1662 3241 1716 3286 et
1742 3233 1832 3301 qui
1854 3249 1974 3287 nica
2005 3234 2151 3298 dicit,

582 3325 868 3392 puniatur:
900 3334 957 3378 et
980 3325 1071 3393 qui
1102 3324 1257 3377 oll‘ert
1289 3324 1485 3377 denum
1507 3362 1523 3385 ,
1580 3341 1645 3377 ne
1675 3325 1822 3392 prius
1843 3324 2063 3379 accedat
2090 3325 2156 3379 ad

582 3428 822 3467 mensam
846 3455 859 3477 ,
892 3428 1051 3483 quam
1071 3413 1281 3467 solverit
1309 3413 1633 3467 inimicitiam
1656 3433 1669 3467 :
1715 3423 1769 3468 et
1792 3414 1881 3483 qui
1909 3416 2158 3468 adversa-

579 3504 716 3557 rium
744 3502 919 3569 habet,
947 3504 1248 3571 priusquam
1269 3503 1525 3572 judicium
1571 3503 1764 3569 videat,
1797 3505 2024 3559 amicum
2056 3507 2154 3559 sibi

580 3613 702 3650 eum
746 3611 812 3651 ex
861 3596 1073 3650 inimico
1100 3596 1290 3659 faciat,
1345 3596 1410 3649 ad
1458 3597 1942 3666 concupiscentiam
1974 3613 2159 3653 rursus

581 3691 791 3745 transit.
820 3689 886 3744 Et
918 3688 1044 3757 quid
1070 3689 1182 3742 ait?
1215 3688 1312 3755 Qui
1342 3690 1550 3757 respicit
1583 3690 1861 3757 impudicis
1881 3692 2069 3752 oculis,
2103 3700 2160 3746 ut

580 3780 827 3836 tumclms
844 3781 1089 3847 puniatur
1112 3796 1127 3843 ;
1153 3779 1242 3848 qui
1274 3778 1643 3833 olfendtwlum
1679 3780 1954 3846 patiturab
1982 3781 2155 3849 impu-

581 3871 698 3923 dica
727 3869 977 3933 muliere,
1030 3879 1120 3923 aut
1148 3885 1176 3921 a
1218 3870 1359 3932 viro,
1405 3878 1491 3921 aut
1518 3884 1546 3922 a
1570 3858 1817 3939 quopiam
1842 3871 1949 3923 alio
1972 3888 2156 3926 eorum

581 3960 670 4025 qui
698 3958 796 4012 sibi
821 3957 1389 4025 necessitudincjuucti
1413 3966 1557 4021 sunt,
1600 3956 1697 4011 hos
1711 3958 1906 4013 btnnes
1938 3961 2147 4028 penitus

582 4050 873 4114 abscindat;
898 4052 987 4119 qui
1018 4050 1133 4119 lege
1153 4050 1400 4103 connubii
1422 4065 1639 4104 uxorem
1662 4049 1839 4111 habet.
1870 4070 2155 4122 numquam

585 4141 730 4194 illam
754 4140 1026 4209 repudiet,
1058 4155 1157 4194 nec
1179 4139 1245 4192 ad
1275 4140 1432 4192 aliam
1460 4138 1728 4207 respiciat.
1754 4140 1853 4195 Per
1884 4142 1996 4195 hinc
2019 4145 2157 4195 enim

584 4234 736 4285 make
752 4230 1196 4299 concupiscentia:
1222 4229 1428 4284 radices
1451 4230 1666 4284 evulsit.
1685 4232 1883 4287 Deinde
1914 4233 2160 4302 pecunia-

584 4337 701 4374 rum
733 4334 967 4373 amorem
1016 4328 1245 4383 coercet,
1272 4319 1469 4389 jubens
1514 4336 1686 4390 neque
1715 4322 1928 4390 jerarc,
1989 4341 2162 4392 neque

585 4411 818 4474 mentiri,
860 4425 1032 4480 neque
1060 4409 1293 4463 tunicam
1322 4409 1552 4465 retinere
1572 4452 1587 4475 ,
1619 4427 1723 4479 qua
1751 4414 1871 4483 quis
1894 4413 2155 4471 induitur:

587 4503 694 4554 itno
729 4502 888 4554 etiam
920 4500 1119 4556 volenti
1166 4500 1386 4570 pallium
1428 4501 1655 4569 offerre,
1699 4513 1752 4557 et
1793 4507 2035 4574 corporis
2077 4508 2159 4562 sui

586 4610 835 4662 operam:
867 4594 1011 4647 omni
1038 4594 1213 4647 studio
1241 4596 1581 4664 pecuniarum
1627 4614 1861 4652 amorem
1890 4599 2156 4655 auferens.

656 4685 709 4738 6.
725 4684 971 4739 Cacumen
992 4686 1186 4738 virtutis
1209 4696 1280 4737 cst
1305 4702 1397 4755 pro
1417 4687 1631 4739 inimicis
1656 4688 2021 4744 orum—Post
2048 4694 2161 4745 ὴειό

586 4782 764 4825 autem
787 4776 963 4826 omnia
987 4776 1299 4843 variamque
1316 4778 1575 4830 horumce
1598 4788 1987 4846 praeceptorum
2005 4795 2160 4834 coro-

585 4852 1065 4931 nam,subjuu;:it:
1110 4864 1273 4919 Orate
1298 4882 1393 4935 pro
1439 4868 1883 4921 calumniantibus
1931 4885 2040 4932 vos,
2093 4869 2160 4923 ad

582 4968 898 5023 sopremum
932 4955 1285 5022 philosophia:
1312 4971 1571 5011 cacumen
1602 4958 2160 5024 attollens.Quemad-

589 5043 803 5095 mmlmn
833 5043 975 5095 enim
1002 5044 1256 5113 colaphos
1309 5047 1416 5114 pati
1450 5046 1621 5114 majus
1666 5059 1780 5113 est,
1831 5066 1988 5119 quam
2042 5068 2161 5108 esse

588 5137 795 5200 mitem,
826 5146 878 5189 et
910 5136 1123 5204 pallium
1154 5152 1273 5191 cum
1297 5139 1469 5191 tunica
1496 5139 1763 5194 dimittere
1789 5145 2125 5211 pra>stautius
2145 5186 2158 5205 ,

585 5242 744 5296 quam
772 5226 1167 5279 misericordem
1198 5243 1315 5280 es-e
1344 5244 1357 5289 ;
1383 5236 1436 5280 et
1464 5229 1683 5298 injurias
1710 5230 1872 5293 ferre,
1899 5249 2054 5300 quam
2076 5234 2162 5302 ju-

585 5328 724 5369 stum
746 5329 887 5381 esse;
902 5324 955 5370 et
971 5318 1150 5386 alapas
1178 5318 1314 5371 ferre
1334 5329 1388 5371 ct
1414 5319 1477 5372 ad
1500 5321 1826 5390 sequendum
1844 5325 1979 5391 cogi,
2006 5341 2161 5393 «luam

587 5410 861 5477 pacificum
914 5426 1067 5464 esse:
1101 5412 1177 5465 sic
1204 5413 1540 5482 persi'-qucnti
1580 5431 1638 5469 sc
1683 5415 2000 5471 benedicere
2049 5435 2165 5488 per-

586 5502 774 5552 fectius
798 5510 881 5554 est
908 5516 1064 5570 quam
1096 5503 1517 5569 persecutionem
1546 5504 1667 5571 pati.
1696 5504 1855 5560 Vides
1897 5509 2166 5577 quomodo

592 5593 842 5659 paulatim
895 5608 994 5647 nos
1046 5594 1110 5645 ad
1154 5596 1296 5663 ipsos
1350 5597 1602 5650 mulorum
1652 5596 1885 5653 fornices
1919 5600 2166 5655 attollat?

588 5683 835 5753 Quonam
867 5682 1025 5755 igitur
1046 5682 1189 5753 digni
1230 5687 1485 5756 supplicio
1524 5704 1728 5756 sumus,
1755 5690 1845 5759 qui
1886 5690 1952 5745 ad
2001 5692 2162 5747 Deum

1346 308 1403 360 ὃ.
1443 302 1714 359 ιολκκιδ
1752 292 2218 356 Cllli‘i’SOSTUMI
2260 292 2569 345 Alitillltll’.
2611 290 3137 347 UUNSTANTINOI‘.

3762 288 3871 318 0‘!

3765 327 3853 343 ,7.

2266 405 2574 463 rutilantium
2599 406 2829 458 suuhutn
2881 422 3077 473 ponere
3101 405 3260 473 jussi,
3315 420 3380 457 ue
3406 400 3703 469 pubiicanis
3742 404 3869 470 qui-

2262 501 2383 554 dem
2408 516 2562 569 partes
2610 497 2745 551 forte
2801 498 3006 550 simus?
3058 498 3115 550 Si
3174 497 3315 550 enim
3371 495 3580 548 amicos
3628 494 3867 564 diligere

2265 591 2707 662 publicanorum,
2760 601 3096 657 poematorum
3149 597 3307 656 atque
3345 589 3688 644 ethnicorum
3763 589 3861 642 sit:

2264 681 2477 750 quando
2515 696 2581 734 ne
2647 681 2694 731 id
2727 680 2938 747 quidem
2970 680 3191 733 facimus
3226 683 3243 749 (
3277 697 3381 733 non
3433 683 3579 737 enim
3628 682 3866 733 fat-intus

2264 770 2476 838 quando
2526 769 2679 823 laude
2708 769 3021 824 florentibus
3046 769 3305 824 fratribus
3336 771 3859 841 invidetnits),‘qua~

2266 879 2367 915 lttm
2400 862 2643 915 dabimus
2674 876 2879 929 pinum,
2902 863 2989 930 qui
3018 862 3218 918 scribas
3238 879 3489 930 superare
3511 864 3670 931 jussi,
3696 867 3856 919 etiam

2264 953 2493 1005 ethnicis
2511 951 2788 1006 inferiores
2816 953 3042 1006 sumus?
3064 953 3367 1019 Quomodo,
3400 971 3605 1022 qiueso,
3629 969 3852 1024 regnum

2265 1040 2595 1095 videbimus?
2619 1041 2887 1111 quomodo
2930 1056 3086 1098 sacra
3116 1042 3206 1097 illa
3231 1043 3498 1097 adibimus
3530 1045 3797 1099 vestibula
3832 1086 3846 1101 .

2268 1146 2375 1184 nun
2402 1132 2651 1185 meliores
2678 1132 2972 1200 publicanis
2990 1132 3015 1184 τ
3066 1131 3197 1187 illud
3223 1136 3363 1187 enim
3391 1134 3751 1190 subindicavit
3776 1135 3856 1189 his

2266 1225 2460 1287 verbis,
2488 1224 2670 1278 Nonne
2690 1235 2734 1278 et
2761 1226 3014 1294 publicani
3041 1227 3136 1279 hoc
3157 1228 3389 1298 faciunt?
3409 1226 3463 1281 In
3489 1244 3598 1297 quo
3623 1230 3857 1284 maxime

2266 1313 2383 1384 ejus
2408 1314 2648 1367 doctrina
2672 1325 2754 1368 est
2790 1314 3126 1377 admiranda,
3159 1316 3300 1385 quod
3328 1332 3448 1370 cum
3477 1318 3678 1388 ubique
3723 1332 3858 1386 prm-

2266 1407 2367 1457 mia
2422 1404 2772 1458 tertaminum
2852 1405 3346 1471 superabundanter
3396 1418 3595 1475 ponat,
3650 1410 3857 1465 scilicet

2268 1493 2432 1547 Ιιιιιηιι
2479 1494 2682 1558 videre,
2714 1510 2938 1563 regnum
2965 1496 3216 1550 ea-lorum
3252 1497 3548 1555 hereditate
3567 1503 3853 1568 accipere,

2267 1585 2407 1638 titius
2435 1584 2524 1639 Ιὶοί
2556 1586 2691 1651 fieri,
2724 1586 2774 1639 ei
2803 1586 3005 1640 similes
3041 1602 3181 1655 esse,
3216 1590 3635 1645 miscricordiam
3673 1606 3858 1647 conse-

2263 1674 2352 1745 qui
2378 1716 2395 1740 ,
2422 1676 2844 1732 consolationem
2871 1678 3131 1747 accipere,
3175 1680 3225 1733 iu
3255 1680 3401 1735 caalis
3426 1696 3674 1752 magnam
3703 1699 3859 1751 repo-

2266 1770 2423 1821 sitam
2468 1767 2666 1823 habere
2702 1769 3047 1833 mercedem;
3097 1770 3142 1825 si
3185 1771 3400 1839 quando
3430 1773 3664 1826 tristium
3706 1789 3859 1827 meu-

2269 1860 2343 1912 tio
2364 1858 2607 1913 habenda
2632 1859 2723 1923 sit,
2773 1859 2824 1912 id
2885 1863 3097 1931 parcius
3140 1860 3295 1926 facit;
3344 1861 3606 1932 gehennae
3654 1865 3857 1933 ψιὶιιι-ιε

2268 1964 2461 2004 nomen
2492 1951 2659 2005 semel
2685 1960 2887 2005 tantum
2919 1952 2969 2005 in
3002 1962 3079 2005 tot
3098 1952 3437 2008 sermonibus
3465 1955 3682 2021 posuit;
3721 1965 3778 2009 ct
3806 1959 3857 2009 in

2260 2042 2379 2095 aliis
2410 2041 2725 2109 quibusdam
2786 2042 3102 2107 remissius,
3149 2042 3411 2097 hortando
3470 2060 3638 2113 magis
3694 2062 3855 2115 quam

2261 2132 2654 2196 comminando,
2671 2133 2966 2189 auditorem
2983 2135 3196 2204 c0rrigit
3211 2136 3396 2189 dicens
3411 2135 3620 2192 :Noune
3630 2150 3678 2192 ct
3697 2141 3839 2206 put-Ii

2260 2223 2376 2275 cuni
2391 2223 2486 2275 hoc
2500 2224 2694 2293 faciunt
2708 2224 2816 2284 ἵει.
2832 2224 2893 2278 Si
2912 2224 2991 2277 sal
3005 2224 3312 2292 infamatum
3328 2226 3499 2295 fuerit;
3514 2237 3589 2292 et,
3608 2227 3861 2283 Minimus

2261 2312 2513 2387 tacebitur
2533 2312 2583 2365 in
2604 2329 2757 2383 regno
2772 2313 3032 2369 castorum.
3058 2315 3151 2369 Est
3164 2314 3324 2368 etiam
3337 2330 3458 2368 cum
3478 2328 3690 2384 peccata
3710 2320 3861 2385 jmnit

2263 2417 2359 2471 pro
2376 2386 2568 2470 pretiis,
2583 2404 2829 2473 supplicii
2849 2406 3057 2474 pondus
3076 2406 3305 2462 auditori
3338 2405 3855 2475 subiuteltigendum

2262 2493 2562 2561 proferens;
2582 2504 2770 2549 utcum
2787 2496 2934 2549 dicit:
2959 2494 3241 2551 Maeliana
3260 2508 3331 2552 cst
3347 2514 3458 2551 eam
3478 2500 3531 2551 in
3551 2500 3707 2553 corde
3733 2517 3853 2564 sita;

2259 2596 2334 2647 et,
2354 2583 2454 2650 Qui
2474 2586 2697 2651 dimittit,
2726 2585 2850 2654 facit
2876 2603 2987 2639 cant
3007 2589 3280 2655 nitechari;
3306 2600 3382 2652 et,
3409 2588 3558 2656 Quod
3587 2591 3667 2645 Itis
3686 2594 3856 2645 abun-

2258 2675 2464 2728 dmttitts
2489 2686 2582 2739 est,
2609 2693 2642 2729 a
2672 2678 2807 2731 nicto
2839 2690 2932 2733 cst.
2967 2680 3099 2735 Nam
3130 2690 3314 2736 mente
3344 2683 3583 2750 pneditis
3604 2698 3707 2754 pro
3725 2701 3859 2755 sup-

2261 2766 2399 2834 plicii
2430 2767 2645 2825 nomine
2690 2768 2888 2823 sufficit
2911 2772 2979 2823 ad
3005 2772 3435 2827 emendationem
3488 2778 3697 2845 peccaui
3732 2794 3849 2829 ma

2258 2858 2500 2925 gnitudo.
2528 2859 2887 2926 Quamobrem
2936 2860 3022 2917 hic
3069 2880 3283 2933 quoque
3310 2865 3553 2921 ethnicos
3578 2879 3636 2922 et
3666 2869 3815 2938 publi
3839 2902 3852 2909 ~

2259 2962 2423 3001 canus
2451 2948 2501 3002 in
2534 2950 2765 3004 medium
2792 2950 3002 3007 adducit
3023 2994 3038 3020 ,
3070 2969 3135 3008 ex
3168 2970 3408 3023 persotne
3433 2957 3739 3014 conditione
3769 2960 3855 3014 di-

2259 3040 2522 3109 scipulum
2555 3041 2756 3109 pudore
2774 3041 3198 3111 afliciens.Quod
3218 3056 3271 3100 et
3293 3046 3486 3102 Paulus
3516 3047 3750 3103 faciebat
3777 3052 3857 3105 di-

2258 3146 2420 3183 cens:
2454 3130 2627 3185 Nolite
2652 3132 2943 3185 contristari
2960 3134 3090 3187 sicut
3115 3146 3161 3188 et
3189 3138 3379 3202 calori,
3435 3140 3523 3206 qui
3553 3156 3697 3209 spent
3741 3159 3852 3196 non

2258 3224 2477 3289 habent;
2514 3234 2588 3291 et,
2638 3224 2784 3277 Sicut
2831 3235 3003 3296 gentes
3026 3266 3043 3292 ,
3093 3244 3209 3296 qua:
3242 3230 3479 3300 ignorant
3529 3230 3693 3285 Deum
3746 3236 3764 3303 (
3799 3237 3856 3289 1.

2261 3314 2441 3368 Tum.
2482 3316 2532 3367 ι.
2590 3315 2671 3367 l2.
2704 3314 2807 3386 5).
2858 3316 2929 3371 Et
2974 3319 3267 3374 ostendens
3316 3335 3375 3375 se
3423 3321 3553 3375 nihil
3607 3325 3676 3376 ita
3727 3328 3855 3379 esi-

2261 3406 2425 3459 mium
2471 3414 2671 3472 ιιιαιυιοιι,
2699 3406 2792 3459 sed
2815 3408 2970 3470 paulo
3010 3410 3239 3478 amplius
3284 3411 3480 3477 solito,
3516 3414 3625 3467 ait:
3662 3413 3862 3469 Nonne

2258 3508 2306 3547 ct
2351 3497 2533 3548 ethnici
2578 3496 2673 3549 hoc
2718 3498 2958 3566 faciunt?
2991 3500 3237 3555 Attamen
3280 3517 3386 3554 non
3434 3503 3518 3555 hic
3557 3508 3720 3560 linem
3763 3508 3857 3559 di—

2264 3589 2419 3642 cendi
2453 3589 2597 3648 facit.
2644 3590 2737 3642 sed
2783 3592 2834 3644 in
2879 3598 3092 3660 ιιι-ςιίιηει
3119 3602 3173 3646 et
3212 3594 3264 3646 in
3295 3594 3485 3648 bonam
3513 3612 3663 3665 spem
3741 3596 3863 3650 de—

2258 3682 2385 3736 sinit
2412 3680 2496 3734 his
2513 3681 2723 3735 verbis:
2756 3680 2843 3735 i8.
2873 3680 3047 3735 Estote
3082 3699 3201 3753 ergo
3230 3687 3439 3753 perfecti
3463 3726 3478 3749 ,
3510 3688 3637 3739 sicut
3662 3699 3711 3741 ct
3749 3688 3861 3742 Ι⁹ιε⁴

2264 3784 2336 3828 tcr
2378 3784 2535 3827 vester
2587 3772 2820 3828 ccclesiis.
2869 3775 3129 3845 Sa‘pcque
3174 3778 3429 3831 emtorem
3476 3796 3668 3834 noiiien
3714 3784 3859 3836 nbi~

2260 3882 2365 3934 que
2416 3866 2761 3931 dissentiunt,
2807 3883 2838 3919 a
2888 3868 3005 3922 loco
3052 3868 3211 3922 etiam
3268 3886 3457 3924 sensus
3503 3888 3687 3926 eorum
3724 3879 3859 3927 eri-

2259 3974 2405 4027 guns.
2442 3958 2708 4012 Hactenus
2729 3959 2870 4013 enim
2902 3960 3220 4015 infirmiores
3249 3962 3645 4033 crassioresquc
3671 3980 3853 4018 «ιι-ηιμ.

2260 4052 2450 4104 Omnia
2491 4052 2649 4117 igitur
2686 4067 2804 4118 qme
2847 4050 2983 4103 dicta
3028 4063 3153 4103 sunt
3189 4064 3367 4105 tuente
3410 4055 3705 4119 volventes,
3735 4073 3853 4109 nai-

2263 4156 2421 4209 gnam
2447 4142 2606 4194 etiam
2632 4155 2757 4209 erga
2791 4141 3040 4193 inbuit-os
3054 4144 3330 4195 caritatem
3363 4142 3711 4199 exhibeamns
3738 4164 3751 4198 :
3796 4158 3863 4201 et

2266 4234 2541 4289 ridiculam
2565 4233 2706 4286 illam
2726 4233 3169 4286 consuetudinem
3195 4232 3488 4300 cjiciamus,
3521 4252 3681 4305 quam
3713 4240 3861 4291 inul-

2266 4327 2302 4379 ti
2333 4341 2397 4380 ex
2426 4325 2508 4388 iis,
2532 4323 2622 4393 qui
2649 4324 2821 4377 minus
2866 4325 3071 4377 ratione
3098 4326 3300 4389 valent,
3322 4325 3621 4393 sustinent,
3650 4342 3857 4397 exspe-

2264 4428 2470 4474 ctantes
2513 4426 2570 4473 ut
2611 4418 2700 4488 qui
2729 4416 2940 4472 obviam
2971 4418 3189 4471 veniunt
3218 4434 3276 4473 se
3305 4418 3452 4488 prius
3496 4420 3730 4475 salutent
3756 4440 3769 4477 :
3799 4422 3857 4476 id

2264 4511 2405 4581 quod
2436 4509 2654 4564 multam
2711 4508 3093 4564 beatitudinem
3166 4510 3409 4565 continet
3468 4510 3847 4579 negligentes;

2266 4602 2407 4673 quod
2433 4611 2608 4656 autem
2648 4599 2927 4655 ridiculum
2976 4610 3059 4655 est
3093 4600 3389 4669 exigentes.
3444 4602 3554 4667 Qua
3606 4619 3736 4673 ergo
3784 4603 3857 4658 de

2265 4708 2426 4750 causa
2450 4709 2554 4747 non
2590 4693 2735 4746 illum
2755 4692 2904 4763 prior
2925 4692 3169 4746 salutas?
3212 4693 3346 4757 Quia
3378 4693 3481 4749 hoc
3526 4706 3806 4763 exspectat
3837 4737 3855 4761 ,

2266 4786 2496 4856 inquies.
2537 4786 2693 4854 Atqui
2731 4786 2850 4839 ideo
2898 4784 3130 4839 maxime
3156 4783 3413 4840 festinare
3449 4787 3765 4856 oportebat,
3799 4799 3863 4842 ut

2266 4889 2324 4934 tu
2360 4892 2615 4933 coronam
2640 4878 2933 4946 acciperes.
2964 4876 3101 4939 Non,
3168 4877 3381 4945 inquies
3410 4894 3426 4942 ;
3479 4879 3601 4947 quia
3630 4878 3731 4933 huc
3776 4880 3858 4947 ip.

2267 4988 2384 5027 sum
2427 4972 2515 5026 ille
2540 4971 2806 5039 quaesivit.
2855 4968 2923 5024 Et
2944 4968 3069 5038 quid
3137 4969 3238 5024 hac
3286 4971 3524 5024 amentia
3568 4970 3805 5025 deterius
3836 4972 3862 5022 τ

2266 5064 2401 5128 Quia
2432 5063 2572 5115 enim
2599 5061 2646 5113 id
2681 5061 2768 5115 ille
2792 5061 3059 5131 qttmsivit,
3086 5061 3261 5130 inquis
3291 5103 3305 5123 .
3345 5072 3396 5113 ut
3431 5063 3691 5116 mercedis
3725 5064 3859 5116 mihi

2269 5156 2419 5210 ticrct
2442 5156 2671 5214 occasio,
2704 5154 2829 5209 uolo
2858 5153 2993 5207 hanc
3020 5154 3261 5221 arripere
3286 5156 3624 5209 occasionem
3655 5155 3753 5221 (α).
3785 5157 3857 5207 At

2332 5331 2405 5392 (tt)
2439 5336 2573 5378 nunc
2772 5341 2822 5392 tn
2855 5337 2966 5378 nota
2991 5328 3298 5392 explicantes
3329 5336 3407 5378 ΙΨ.
3445 5330 3745 5379 Βυῐιαιισιὶιιί
3786 5337 3858 5380 s‘t:

2268 5388 2451 5449 habent
2477 5404 2488 5438 :
2516 5391 2636 5449 Quia
2671 5390 2722 5440 id
2762 5388 2843 5439 itte
2865 5388 3133 5440 curarihnt
3156 5389 3271 5438 milii
3296 5392 3533 5441 mercedis
3555 5391 3747 5440 orrnsio

2268 5461 2369 5513 art;
2396 5454 2441 5501 id
2483 5458 2576 5507 est,
2598 5458 2664 5504 ut.
2689 5465 2765 5501 mc
2787 5450 2948 5513 primo
2977 5452 3232 5513 satutnnte.
3258 5450 3359 5511 ipse
3384 5452 3651 5501 reddenda!
3683 5453 3861 5502 sat-12‘..-

2268 5511 2539 5563 ntercrrfcm
2561 5511 2811 5569 tribueret,
2844 5512 2953 5561 noto
2975 5513 3100 5561 hunc
3119 5511 3341 5572 arripere
3360 5513 3675 5562 οτεειεὶοηινηι.
3715 5517 3861 5563 multa

2270 5577 2429 5638 potius
2448 5574 2705 5638 et'edcrem
2731 5574 2809 5623 hic
2839 5574 3014 5638 agide
3054 5573 3287 5638 mercede
3323 5588 3468 5627 unam
3505 5575 3767 5623 humilitati
3808 5584 3857 5620 et

2268 5635 2625 5685 inansuctmlini
2656 5642 2784 5683 licus
2802 5635 3037 5694 munisit.
3064 5639 3147 5682 Itir
3170 5636 3298 5683 enim
3323 5652 3497 5683 θυινθυε
3514 5638 3667 5695 om
3681 5638 3866 5685 ionius

2273 5706 2366 5755 est,
2395 5699 2491 5747 imo
2517 5707 2562 5745 et
2590 5699 2743 5759 magis
2765 5697 2934 5747 t'at’toni
2959 5696 3480 5749 crumentum-us.‘imt.
