4124 6302
303 348 405 400 Ξτῖἶ

309 463 356 518 si
396 463 486 518 ille
529 472 580 517 te
620 463 767 533 prior
795 461 1030 525 salutet,
1063 461 1192 515 nihil
1245 461 1336 515 tibi
1379 461 1499 530 plus
1533 461 1636 515 erit
1679 453 1722 514 si
1764 459 1911 514 salu-

309 564 418 610 tem
460 554 696 616 reddas:
746 553 790 607 si
846 569 974 609 vero
1021 563 1075 606 tu
1108 553 1255 622 prior
1282 566 1536 622 prepenes
1566 552 1633 605 ad
1669 551 1909 606 salutan-

313 644 688 711 tlntn,fastmn
733 644 855 713 ejus
895 644 1264 714 intercepisti,
1317 651 1373 696 et
1423 643 1626 712 largum
1668 657 1733 696 ex
1781 641 1899 711 ejus

308 737 616 806 arrogantia
660 735 888 790 fructum
943 737 1233 812 messnisti.
1274 734 1557 802 Quomodo
1600 735 1760 803 igitur
1800 747 1906 788 non

309 836 568 881 extrema:
634 827 922 882 dementius
968 826 1169 889 fuerit,
1220 841 1342 879 cum
1390 840 1458 881 ex
1513 825 1672 880 nudis
1725 825 1906 881 verbis

309 927 517 971 tantum
571 932 769 988 capere
822 917 1050 972 fructum
1135 918 1443 982 valeamus,
1505 917 1710 971 lucrum
1783 931 1907 985 per-

304 1013 458 1071 dere.
490 1023 545 1064 et
574 1025 697 1064 cum
725 1009 874 1064 illum
896 1009 1284 1077 improbemus,
1319 1011 1370 1064 in
1402 1010 1590 1063 eadem
1622 1007 1901 1062 incidere?

305 1101 363 1155 Si
392 1101 536 1156 enim
567 1101 713 1155 illum
747 1100 868 1155 ideo
904 1100 1088 1168 culpas
1113 1099 1254 1169 quod
1285 1099 1429 1168 prior
1449 1099 1676 1153 aliorum
1707 1098 1909 1154 saluta-

311 1193 512 1246 tionem
563 1201 870 1262 exspectet,
921 1207 1018 1245 cur
1073 1191 1298 1244 imitaris
1330 1189 1381 1244 id
1411 1189 1554 1258 quod
1588 1189 1900 1260 improbas;

309 1297 365 1338 et
394 1285 536 1355 quod
559 1288 756 1340 malum
786 1299 908 1339 esse
928 1284 1083 1344 dicis,
1126 1284 1225 1336 hoc
1254 1293 1310 1336 ut
1338 1284 1533 1336 bonum
1587 1281 1901 1335 aunnlaris?

310 1376 500 1432 Vidcn'
529 1376 657 1431 nihil
688 1376 902 1430 stultius
947 1391 1066 1431 esse
1090 1376 1304 1430 homine
1327 1375 1379 1428 in
1401 1374 1631 1442 nequitia
1659 1374 1905 1428 vivente?

306 1468 672 1536 Quamobrem
719 1467 949 1523 obsecro
972 1508 988 1532 ,
1020 1470 1156 1522 hanc
1198 1466 1494 1536 improbam
1523 1474 1577 1518 et
1620 1464 1899 1518 ridiculam

305 1563 752 1617 consuetudinem
799 1561 1078 1633 fugiamus.
1127 1560 1222 1615 Hic
1246 1560 1441 1630 quippe
1489 1557 1707 1613 morbus
1755 1557 1904 1612 mille

306 1655 571 1707 amicitias
599 1653 810 1717 evertit,
845 1654 1147 1722 multasque
1174 1653 1383 1721 peperit
1411 1649 1739 1704 inimicitias.
1774 1649 1901 1703 Ideo

306 1759 405 1797 nos
427 1745 815 1815 prmveniamus
833 1744 987 1797 alios.
1012 1742 1143 1797 Nam
1166 1745 1254 1812 qui
1272 1743 1526 1810 jubetuur
1546 1741 1685 1796 ferre
1702 1750 1760 1794 ut
1784 1740 1899 1793 ala-

304 1841 387 1909 pis
415 1838 796 1908 percutiamur,
825 1836 926 1891 iter
953 1837 1122 1890 coacti
1149 1836 1524 1904 suscipiamus,
1549 1832 1813 1889 nudemnr
1832 1831 1900 1886 ab

302 1929 555 1993 inimicis,
574 1943 676 1999 qua
703 1928 856 1982 venia
873 1928 1017 1996 digni
1045 1928 1265 1989 erimus,
1295 1927 1339 1980 si
1371 1926 1422 1979 in
1449 1925 1676 1995 simplici
1700 1925 1900 1979 saluta-

299 2025 448 2079 tione
488 2032 690 2077 tantam
714 2019 1062 2075 adhibeamus
1081 2018 1519 2075 contentionem?
1543 2019 1895 2088 Despicimur,

298 2117 530 2185 inquies,
547 2127 601 2169 et
614 2116 981 2184 conspuimur,
993 2129 1114 2168 cum
1131 2114 1234 2168 hoc
1251 2115 1348 2185 ipsi
1365 2113 1727 2168 concedimus.
1750 2113 1814 2168 Et
1831 2128 1898 2168 ne

297 2220 350 2261 te
362 2207 621 2278 despiciat
636 2206 814 2269 homo.
838 2206 1003 2259 Deum
1018 2205 1243 2259 offendis
1259 2205 1362 2260 ine
1376 2215 1427 2260 te
1442 2215 1749 2259 contemnat
1766 2219 1897 2260 con-

295 2312 486 2352 servus
507 2297 708 2358 furens,
747 2297 1027 2351 Dominum
1051 2299 1370 2363 contemnis,
1400 2297 1488 2364 qui
1513 2305 1654 2350 tanta
1688 2296 1778 2349 tibi
1812 2296 1898 2350 be-

298 2395 487 2449 neﬁcia
513 2394 742 2448 contulit
757 2392 779 2443 ?
792 2392 846 2446 Si
867 2393 1007 2445 enim
1021 2391 1309 2444 absurdum
1323 2399 1405 2445 est
1424 2400 1474 2444 te
1494 2391 1752 2459 mqualem
1765 2404 1894 2443 con-

395 348 408 397 i
1472 345 1538 401 IN
1579 342 1989 401 MATTHEUM
2031 345 2258 402 ΠΟΜΙΙ..
2303 345 2444 402 XIX.

3527 355 3630 409 274

2024 470 2282 524 temnere,
2301 461 2472 516 multo
2495 461 2663 532 magis
2681 461 2972 518 absurdum
2994 474 3346 521 contemnere
3363 474 3417 522 te
3432 465 3599 522 Deum
3611 511 3626 530 ,

2018 552 2110 620 qui
2143 561 2194 604 te
2215 551 2360 606 fecit.
2393 551 2472 605 Ad
2498 552 2611 608 haec
2635 553 2949 609 consideres
2979 555 3157 620 velim,
3182 570 3305 611 cum
3335 565 3386 612 te
3417 557 3506 612 ille
3529 558 3628 614 de-

2017 645 2210 712 spicit,
2243 654 2369 700 time
2383 646 2645 716 majorem
2677 646 2770 702 tibi
2808 647 3116 704 mercedem
3141 649 3454 705 conciliare.
3487 649 3623 705 Pio-

2016 747 2134 808 pter
2161 737 2326 791 Deum
2359 738 2502 793 enim
2534 739 2650 793 btec
2675 740 2899 809 pateris,
2928 741 3051 810 quia
3074 741 3222 812 leges
3242 741 3359 812 ejus
3403 739 3626 797 audisti.

2019 828 2130 884 Hoc
2176 840 2355 884 autem
2381 845 2489 900 quo
2513 845 2620 886 non
2647 832 2853 886 honore
2899 831 3118 903 dignum
3165 833 3272 889 sit?
3297 835 3491 907 quibus
3516 850 3625 889 non

2014 921 2408 975 diailematibus
2424 922 2448 974 ?
2465 921 2756 993 Contingat
2793 923 2924 978 mihi
2947 935 3004 980 et
3029 927 3372 983 contumeliis
3397 927 3540 981 allici
3568 937 3624 982 ct

2015 1013 2290 1068 Contemni
2329 1024 2572 1084 propter
2615 1014 2807 1081 Deum,
2839 1016 3019 1086 potius
3061 1033 3226 1088 quam
3269 1018 3522 1073 honorari
3555 1020 3625 1073 ab

2013 1107 2262 1161 omnilms
2293 1107 2511 1177 regibus
2561 1125 2574 1160 :
2620 1108 2752 1164 nihil
2781 1109 2948 1170 enim.
2979 1110 3113 1165 nihil
3139 1111 3324 1182 utique
3354 1110 3479 1165 huic
3520 1112 3625 1164 ho-

2016 1198 2129 1251 nori
2161 1213 2256 1266 par
2284 1207 2386 1252 est.
2419 1198 2571 1252 llunc
2611 1199 2790 1268 itaque
2809 1209 3187 1257 consestemnr
3234 1211 3292 1255 ut
3319 1202 3413 1257 ille
3425 1201 3623 1271 jussit;

2015 1289 2385 1356 humanosque
2415 1289 2651 1344 honores
2680 1288 2830 1343 nihili
2852 1289 3135 1358 facientes,
3167 1292 3262 1346 sed
3298 1306 3480 1346 veram
3511 1291 3624 1358 phi-

2017 1381 2317 1452 ingnphiam
2347 1397 2442 1450 per
2487 1382 2665 1434 omnia
2699 1381 3052 1447 exhibentes,
3081 1384 3160 1438 sic
3194 1385 3357 1438 vitam
3402 1383 3623 1438 ordia--

2012 1488 2133 1528 mus
2187 1481 2448 1526 nostram.
2497 1469 2631 1525 Nam
2673 1473 2969 1528 etclestium
3005 1488 3328 1530 coronarum
3370 1474 3482 1544 jam
3534 1474 3619 1529 hic

2009 1564 2244 1620 fructum
2295 1563 2677 1634 pereipiemus,
2720 1565 2871 1632 quasi
2901 1565 3075 1635 angeli
3132 1581 3254 1619 cum
3306 1565 3618 1619 hominibus

2009 1665 2308 1721 versantes,
2345 1665 2616 1726 tamquam
2645 1657 2904 1726 angelica:
2930 1664 3226 1724 potestates
3254 1655 3305 1708 in
3334 1666 3476 1710 terra
3508 1655 3617 1709 cir-

2009 1761 2326 1805 cumeuntes
2355 1792 2370 1816 ,
2404 1750 2551 1804 omni
2597 1749 2890 1818 cupiditate
2929 1749 3186 1816 omnique
3213 1750 3618 1818 perturbatione

2006 1840 2244 1910 exempti
2270 1858 2283 1904 ;
2309 1850 2364 1895 et
2387 1855 2509 1894 cum
2532 1841 2617 1894 bis
2639 1841 2888 1894 omnibus
2910 1838 3193 1895 ineffabilia
3219 1855 3616 1909 consequemur

2007 1933 2145 1986 bona
2177 1951 2190 1986 :
2219 1948 2338 2002 qua:
2362 1933 2561 1987 utinam
2587 1948 2685 1988 nos
2708 1948 2900 1987 omnes
2930 1932 3294 2003 adipiscamur
3319 1973 3334 1996 ,
3363 1933 3532 2001 gratia
3562 1941 3618 1985 ιιι

2008 2025 2336 2095 benignitate
2393 2025 2601 2080 Domini
2653 2024 2823 2078 nostri
2872 2023 3000 2079 Jesu
3031 2023 3255 2088 Christi,
3287 2024 3370 2078 cui
3419 2022 3609 2092 gloria.

2004 2120 2291 2189 imperium
2318 2129 2376 2174 et
2403 2119 2650 2174 adoratio
2675 2133 2799 2173 cum
2827 2116 3075 2189 principii
3113 2127 3337 2186 experte
3378 2115 3539 2171 Patre
3559 2124 3616 2169 et

2001 2223 2190 2268 sancto
2219 2213 2469 2283 bonoque
2496 2210 2722 2281 Spiritu,
2756 2224 2899 2265 nunc
2921 2218 2976 2265 et
3001 2223 3238 2279 semper,
3261 2219 3315 2264 et
3334 2209 3386 2261 in
3412 2207 3611 2263 saecula

1998 2304 2338 2359 surculorum.
2368 2306 2555 2358 Amen.

2161 2526 2242 2540 -

1657 2610 2005 2671 HOMILIA
2057 2610 2234 2669 XIX.

291 2758 423 2811 CAP.
470 2757 524 2810 6.
552 2773 604 2810 v.
640 2758 689 2811 I.
722 2757 976 2811 Attendite
1024 2773 1086 2810 ne
1139 2759 1508 2825 eleemosynam
1551 2768 1770 2810 uestram
1811 2759 1889 2826 fn-

364 2851 514 2903 ciotis
540 2867 711 2903 coram
739 2850 1045 2912 hominibus,
1079 2859 1131 2903 ut
1161 2850 1432 2904 videamini
1457 2849 1519 2902 ab
1546 2850 1637 2903 eis.

363 2949 386 2994 1
401 2983 413 2995 .
435 2941 576 2994 Vana
603 2942 767 3011 gloria
788 2943 970 3009 probos
986 2942 1135 2994 etiam
1155 2941 1700 2995 invadit—Omnium
1724 2941 1892 2994 maxi-

293 3050 379 3086 me
409 3035 745 3103 tyrannicum
767 3035 876 3103 jam
903 3035 1140 3088 eliminat
1160 3035 1321 3089 animi
1350 3034 1593 3087 morbum
1618 3073 1632 3097 ,
1661 3032 1886 3093 rabiem,

289 3124 532 3198 inquam,
564 3125 706 3178 illam
746 3133 799 3180 et
842 3122 1074 3179 furorem
1099 3125 1238 3178 circa
1263 3139 1451 3178 vanam
1478 3123 1700 3194 gloriam
1725 3163 1739 3183 ,
1771 3137 1890 3189 quae

289 3216 542 3269 homines
584 3217 743 3270 etiam
790 3215 957 3283 probe
999 3224 1219 3283 agentes
1263 3214 1482 3268 invadit.
1538 3216 1581 3268 Α
1629 3213 1889 3282 principio

287 3307 510 3378 quidem
539 3307 668 3362 nihil
698 3305 797 3360 hac
822 3306 888 3362 de
919 3321 976 3360 re
999 3306 1247 3376 loquutus
1267 3315 1366 3360 est.
1397 3305 1528 3359 Nam
1557 3306 1885 3376 superfluum

288 3401 500 3465 fuisset,
533 3399 840 3470 priusquam
872 3397 1007 3452 bona
1031 3412 1190 3467 opera
1214 3397 1374 3452 edere
1395 3396 1662 3459 suaderet.
1691 3397 1888 3453 docere

288 3491 565 3561 quomodo
595 3491 681 3544 illa
714 3490 951 3545 facienda
997 3499 1054 3545 et
1092 3487 1336 3543 adeunda
1362 3498 1562 3543 essent.
1595 3488 1888 3559 Postquam

288 3594 466 3639 autem
486 3586 539 3639 in
561 3583 951 3654 philosophiam
980 3583 1204 3645 induxit,
1226 3595 1349 3637 tunc
1368 3583 1582 3637 demum
1604 3597 1745 3648 eam,
1767 3598 1887 3652 qua:

290 3678 634 3747 snbrependo
661 3678 828 3746 ipsam
859 3677 1075 3731 inlicere
1103 3677 1263 3738 solet,
1294 3685 1495 3745 pestem
1521 3674 1733 3730 auferre
1762 3673 1886 3728 niti-

291 3782 396 3825 tnr.
432 3771 611 3840 Neque
638 3770 780 3824 enim
827 3781 1112 3840 utcumque
1137 3771 1369 3840 gignitur
1397 3769 1482 3824 hic
1511 3767 1758 3828 morbus.
1790 3767 1884 3822 sed

293 3874 572 3930 postquam
604 3862 769 3916 multa
797 3871 1056 3931 pratcepta
1084 3860 1297 3930 egregie
1319 3859 1676 3929 implevimus.
1709 3857 1883 3925 Opor-

291 3953 432 4007 tebat
478 3954 636 4021 igitur
678 3954 826 4023 prius
871 3954 1116 4005 virtutem
1165 3954 1436 4014 inserere,
1485 3960 1540 4004 et
1582 3959 1706 4004 tunc
1732 3950 1882 4003 illum

288 4045 452 4098 animi
478 4043 728 4098 affectum
757 4043 1002 4108 auferre,
1049 4044 1134 4112 qui
1173 4043 1288 4113 ejus
1319 4042 1545 4097 fructum
1576 4040 1879 4096 labefactat.

289 4143 367 4192 Ac
397 4139 516 4193 vide
542 4138 682 4194 unde
711 4139 986 4192 exordium
1019 4148 1224 4191 sumat:
1259 4151 1286 4190 a
1315 4135 1539 4206 jejunio,
1570 4135 1812 4189 oratione
1830 4143 1883 4188 et

286 4233 651 4301 eleemosyna.
685 4231 742 4285 In
774 4231 854 4287 his
876 4231 1020 4286 enim
1051 4230 1283 4285 maxime
1324 4238 1470 4285 recte
1499 4228 1649 4283 factis
1677 4229 1879 4283 versari

286 4325 447 4379 solet.
467 4324 598 4378 Nam
627 4323 928 4378 Pharistcus
951 4324 1074 4378 inde
1100 4324 1311 4378 inflatus
1332 4322 1544 4377 dicebat
1566 4340 1576 4375 :
1603 4321 1791 4393 Jejuno
1807 4321 1882 4377 bis

293 4425 340 4476 in
373 4420 707 4482 hebdmnada,
739 4419 957 4473 decimas
987 4420 1053 4473 do
1073 4420 1296 4472 omnium
1321 4434 1434 4487 qua:
1463 4415 1698 4486 possideo
1722 4415 1877 4486 (Luc.

291 4516 357 4569 18
376 4515 479 4579 ,12
506 4522 522 4581 )
551 4532 562 4566 :
593 4513 646 4565 in
677 4512 788 4580 ipsa
810 4512 1051 4564 oratione
1079 4526 1266 4565 vanam
1292 4509 1541 4579 captabat
1561 4507 1807 4578 gloriam,
1827 4517 1884 4563 et

288 4610 356 4659 ad
387 4605 798 4660 ostentationem
833 4604 1164 4673 precabatur.
1191 4603 1322 4671 Quia
1352 4602 1493 4656 enim
1519 4600 1701 4655 nullus
1743 4600 1880 4654 alius

294 4701 518 4762 aderat,
549 4697 884 4766 publicanum
913 4694 1183 4750 indicabat
1201 4695 1386 4749 dicens
1414 4711 1429 4747 :
1458 4691 1580 4747 Non
1609 4709 1724 4747 sum
1750 4693 1880 4748 sicut

291 4791 462 4847 ueteri
505 4790 765 4842 hominum
787 4830 801 4850 ,
850 4803 1008 4856 neque
1048 4787 1178 4840 sicut
1204 4787 1286 4840 hic
1316 4785 1613 4856 publicanus
1637 4785 1799 4857 (Ibid.
1824 4801 1874 4840 υ.

293 4883 353 4936 tt
389 4883 430 4948 ).
450 4879 521 4933 Et
539 4877 660 4934 vide
684 4877 956 4948 quomodo
975 4877 1228 4933 Servator
1247 4877 1492 4947 cmperit,
1516 4892 1579 4933 ac
1598 4877 1643 4933 si
1673 4877 1741 4933 de
1767 4877 1877 4934 fera

287 4978 466 5024 astuta
505 4983 571 5023 ac
598 4970 936 5038 deprehensu
959 4970 1159 5024 difﬁcili
1191 4983 1393 5042 ageret,
1416 4989 1537 5043 quae
1561 4991 1665 5028 non
1685 4977 1873 5028 adnuo.

289 5061 419 5116 dum
434 5060 648 5130 vigilem
663 5076 855 5130 capere
868 5073 1042 5132 posset
1076 5081 1087 5113 :
1113 5080 1235 5118 nam
1249 5064 1324 5119 ait
1346 5082 1358 5117 :
1377 5066 1414 5117 Α
1428 5067 1644 5119 (tendite
1663 5082 1724 5120 ne
1739 5066 1873 5119 etce-

291 5170 566 5223 utosynam
586 5165 939 5217 vestram,etc.
958 5154 1047 5210 Sic
1059 5155 1322 5211 etPaulus
1336 5157 1774 5228 Philippensibus
1791 5161 1874 5212 di-

293 5245 368 5296 cit
385 5261 400 5298 :
418 5242 598 5297 Videte
614 5245 1035 5315 canes(Philipp.
1057 5247 1204 5311 3.9.).
1232 5248 1383 5300 Clam
1404 5250 1545 5302 enim
1572 5249 1872 5317 ingreditur

289 5333 677 5397 fera,etomnia
693 5337 809 5390 sine
820 5338 1044 5406 strepitu
1060 5339 1396 5409 intlat,atque
1409 5340 1589 5393 omnia
1603 5354 1723 5408 quae
1735 5340 1876 5394 intra

288 5428 425 5484 .tihil
441 5430 764 5482 sentientem
783 5431 1119 5484 suntaufert.
1136 5431 1271 5496 Quia
1295 5434 1458 5501 igitur
1477 5432 1770 5502 plurimum
1794 5435 1883 5488 fe-

289 5523 356 5576 cit
385 5520 451 5572 de
478 5520 816 5588 eleemosyna
861 5530 1165 5570 sermonem
1190 5557 1204 5580 ,
1248 5515 1524 5586 Deumque
1563 5517 1615 5572 in
1645 5520 1877 5574 medium

291 5610 534 5674 adduxit,
568 5606 668 5674 Qui
697 5606 852 5661 solem
871 5622 1017 5659 suum
1044 5606 1166 5658 oriri
1198 5606 1320 5676 facit
1344 5623 1498 5675 super
1524 5608 1685 5662 malos
1714 5620 1760 5663 et
1785 5611 1879 5664 bo-

291 5718 403 5763 nos,
436 5709 490 5755 et
518 5697 750 5767 undique
775 5697 839 5750 ad
867 5697 916 5751 id
942 5697 1254 5751 cohortatus
1274 5713 1374 5757 esu.
1403 5707 1455 5752 ct
1482 5698 1739 5753 donormn
1774 5701 1881 5754 lar-

288 5799 453 5864 gitatc
478 5790 799 5852 conspicuos
839 5803 958 5844 esse
989 5789 1193 5851 suasit,
1239 5790 1452 5845 demum
1482 5792 1655 5845 omnia
1701 5795 1828 5846 tollit
1859 5836 1872 5849 .

2001 2771 2120 2824 qua:
2158 2754 2283 2809 huic
2312 2754 2548 2824 pulchra:
2589 2755 2724 2810 oleze
2753 2770 2950 2811 nocere
2979 2764 3220 2826 possent.
3269 2754 3608 2827 Quapropter

2000 2847 2111 2901 ait:
2158 2847 2414 2901 Attendite
2438 2864 2500 2902 ne
2524 2849 2896 2919 eleemosynam
2938 2860 3158 2903 vestram
3197 2850 3400 2930 faciatis
3433 2866 3608 2904 coram

2001 2939 2308 2994 hominibus.
2337 2940 2470 2993 Nam
2499 2940 2587 2995 illa
2617 2942 2763 3010 prius
2791 2952 3108 3006 memorata,
3138 2943 3230 2996 Dei
3257 2951 3340 2998 est
3367 2942 3605 2998 eleemo-

2000 3047 2150 3102 syna.
2176 3030 2309 3085 Cum
2331 3047 2461 3087 vero
2480 3033 2725 3098 dixisset,
2759 3032 2842 3087 Ne
2865 3035 3069 3105 faciatis
3097 3050 3272 3088 coram
3296 3035 3604 3100 hominibus,

1999 3124 2296 3192 subjunxit,
2333 3123 2401 3179 Ut
2429 3125 2701 3178 videamini
2729 3127 2793 3178 ab
2822 3127 2914 3179 eis.
2949 3125 3018 3180 Et
3047 3126 3257 3181 videtur
3276 3127 3492 3195 quidem
3524 3127 3607 3181 id-

1999 3215 2172 3283 ipsum
2199 3215 2309 3284 jam
2336 3224 2460 3270 ante
2487 3215 2720 3270 dixisse:
2755 3215 2802 3270 si
2829 3217 2952 3286 quis
2971 3231 3102 3272 vero
3121 3218 3406 3288 diligenter
3429 3228 3609 3276 atten-

1995 3304 2109 3370 dat,
2138 3320 2244 3359 non
2273 3305 2504 3374 idipsum
2533 3315 2654 3360 est:
2685 3307 2782 3360 sed
2808 3306 2952 3361 aliud
2984 3306 3116 3373 hoc,
3150 3308 3292 3363 aliud
3322 3308 3452 3364 illud
3475 3318 3600 3366 est:

1999 3396 2332 3466 multamque
2360 3395 2581 3452 adhibet
2605 3396 2932 3461 cautionem,
2954 3397 3389 3470 ineﬂ‘abilemque
3418 3403 3603 3471 provi-

1994 3487 2230 3543 dentiam
2252 3497 2412 3558 atque
2435 3489 2838 3560 indulgentiam.
2865 3490 3049 3546 Potest
3068 3492 3212 3547 enim
3235 3493 3280 3548 is
3305 3494 3396 3565 qui
3418 3509 3601 3550 coram

1997 3577 2302 3633 hominibus
2337 3579 2388 3633 id
2417 3580 2561 3646 facit,
2584 3597 2688 3635 non
2725 3591 2782 3636 ut
2806 3581 3053 3638 videatur
3089 3583 3140 3638 id
3164 3584 3341 3641 facere
3365 3604 3378 3639 :
3406 3595 3462 3642 et
3482 3602 3602 3642 rur-

1993 3688 2085 3728 sus
2103 3674 2190 3743 qui
2217 3687 2396 3728 coram
2427 3673 2477 3728 id
2507 3690 2611 3729 non
2631 3675 2774 3734 facit.
2800 3675 3136 3741 utvideatur,
3163 3677 3361 3733 facere.
3393 3679 3597 3746 Quam-

1991 3766 2179 3822 obrem
2226 3782 2331 3821 non
2366 3766 2682 3836 simpliciter
2711 3783 2856 3833 rem,
2889 3769 2983 3824 sed
3017 3769 3345 3826 voluntatem
3396 3772 3478 3827 vel
3510 3787 3601 3842 pu~

1993 3860 2070 3913 nit
2095 3859 2183 3914 vel
2208 3870 2452 3914 coronat.
2481 3859 2592 3914 Nisi
2627 3861 2771 3914 enim
2807 3875 2870 3916 ea
2906 3861 3255 3918 adhiberetur
3281 3864 3556 3919 accuratio
3579 3906 3596 3930 ,

1991 3950 2094 4005 hoc
2137 3951 2338 4004 multos
2385 3950 2452 4003 ad
2497 3951 2900 4022 eleemosynam
2945 3953 3270 4024 erogandam
3319 3956 3599 4026 segniores

1988 4041 2334 4106 reddidisset,
2364 4041 2488 4110 quia
2510 4040 2563 4094 id
2597 4056 2702 4095 non
2733 4042 2929 4113 ubique
2948 4045 3086 4098 clam
3113 4045 3228 4100 fieri
3251 4055 3448 4115 potest.
3474 4046 3598 4100 Ideo

1989 4133 2058 4188 ab
2090 4133 2188 4189 hac
2219 4144 2269 4188 te
2294 4132 2581 4188 absolvens
2618 4135 2962 4202 necessitate,
2997 4153 3103 4191 non
3137 4137 3226 4191 fini
3250 4138 3465 4207 operis,
3498 4140 3600 4194 sed

1987 4224 2250 4278 voluntati
2280 4223 2521 4278 facientis
2547 4263 2562 4287 ,
2591 4231 2648 4278 et
2676 4239 2888 4294 poenam
2917 4236 2971 4280 et
2993 4227 3299 4282 mercedem
3330 4229 3591 4284 decernit.

1988 4317 2066 4372 Ne
2086 4317 2235 4373 dicas
2259 4317 2424 4381 enim,
2449 4316 2586 4384 Quid
2615 4317 2837 4381 interest
2859 4333 2976 4373 mea
2999 4321 3043 4373 si
3069 4319 3204 4374 alius
3231 4320 3453 4375 videat?
3474 4321 3594 4378 Non

1988 4410 2090 4465 hoc
2116 4425 2321 4481 qurero,
2356 4407 2548 4478 inquit,
2578 4406 2675 4464 sed
2718 4418 2953 4464 mentem
2986 4422 3130 4466 tuam
3175 4421 3231 4466 et
3262 4411 3480 4467 modum
3510 4413 3593 4468 fa-

1986 4505 2193 4560 cienda:
2239 4503 2339 4558 rei.
2387 4502 2637 4558 Animam
2681 4503 2879 4574 quippe
2925 4505 3040 4560 vult
3085 4505 3410 4572 cﬂ'ormare,
3443 4520 3497 4562 et
3524 4509 3596 4562 ab

1986 4596 2134 4650 omni
2166 4595 2355 4650 morbo
2385 4594 2638 4648 liberare.
2681 4592 2968 4664 Postquam
3010 4595 3173 4667 igitur
3205 4598 3396 4664 edixit,
3429 4615 3497 4653 ne
3524 4601 3590 4653 ad

1987 4689 2403 4743 ostentationem
2435 4685 2528 4740 fiat
2549 4726 2564 4750 ,
2611 4693 2669 4740 et
2694 4685 2948 4741 damnum
2979 4687 3162 4743 docuit
3187 4705 3473 4760 emergens
3498 4733 3510 4755 ,
3545 4694 3591 4745 si

1988 4790 2190 4835 temere
2211 4788 2265 4834 et
2293 4777 2688 4834 inconsiderate
2710 4778 2819 4845 flat,
2850 4795 3036 4834 rursus
3056 4782 3357 4837 auditorum
3381 4785 3593 4840 animos

1986 4873 2184 4944 erigit,
2225 4872 2439 4927 Patrem
2467 4887 2900 4928 commemorans
2933 4884 3094 4942 atque
3134 4877 3322 4930 ctelum
3345 4918 3359 4941 ,
3394 4892 3461 4930 ne
3491 4877 3590 4930 da-

1986 4980 2172 5021 mnum
2193 4963 2366 5019 solum
2393 4971 2659 5034 tangeret,
2673 4963 2767 5019 sed
2787 4965 2946 5019 etiam
2967 4965 3143 5020 Patris
3162 4968 3419 5021 memoria
3434 4983 3594 5022 coer-

1985 5069 2150 5116 ceret.
2184 5057 2306 5112 Non
2337 5056 2616 5122 habebitis,
2651 5042 2824 5126 inquit
2849 5097 2862 5121 ,
2896 5057 3174 5110 mercedem
3207 5058 3348 5127 apud
3379 5056 3590 5114 Patrem

1986 5161 2203 5206 vestrum
2234 5151 2320 5221 qui
2349 5151 2401 5202 in
2428 5150 2566 5204 ctrlt’s
2596 5157 2686 5203 est.
2714 5148 2898 5218 Neque
2925 5147 3010 5202 hic
3039 5149 3262 5218 gradum
3286 5152 3463 5217 sistit,
3493 5151 3590 5207 sed

1948 5287 1958 5299 .
1986 5245 2122 5297 ultra
2154 5242 2428 5312 procedit;
2453 5255 2808 5311 magnamque
2825 5241 2903 5295 eis
2925 5241 3085 5310 hujus
3111 5242 3225 5296 vitii
3249 5244 3591 5298 aversionem

1987 5333 2144 5388 indit.
2186 5331 2648 5400 Quemadmodum
2696 5331 2838 5386 enim
2877 5347 3037 5398 supra
3071 5332 3385 5401 publicanos
3413 5335 3590 5388 ethni-

1986 5441 2186 5495 cosque
2213 5423 2428 5494 posuit,
2478 5431 2538 5477 ut
2586 5422 2896 5478 conditione
2935 5438 3287 5491 personarum
3335 5423 3458 5478 illos
3496 5425 3587 5494 qui

1987 5517 2101 5571 hanc
2130 5518 2464 5571 imitarentur
2492 5515 2698 5585 pudore
2725 5514 2966 5569 afficeret
2994 5534 3006 5570 :
3037 5518 3106 5570 ita
3134 5515 3221 5570 hic
3251 5531 3464 5586 quoque
3493 5518 3589 5588 by-

1986 5609 2219 5676 pocritas
2243 5618 2525 5662 memorat.
2554 5606 2609 5661 2.
2639 5605 2766 5661 Cum
2789 5607 2933 5673 facis,
2966 5606 3156 5676 inquit.
3182 5608 3554 5678 elcemosynam
3572 5651 3586 5675 ,

1986 5698 2089 5753 noli
2123 5697 2238 5751 tuba
2265 5713 2443 5750 cauere
2472 5707 2590 5750 ante
2619 5707 2666 5750 te
2687 5739 2700 5760 ,
2749 5698 2877 5751 sicut
2921 5697 3200 5767 hypocrita:
3230 5699 3444 5766 faciunt.
3480 5700 3591 5756 Hoc

1986 5794 2107 5844 dicit
2137 5835 2150 5849 .
2183 5809 2285 5845 non
2318 5790 2458 5860 quod
2490 5791 2560 5843 illi
2604 5792 2756 5845 tubas
2786 5792 3073 5857 haberent,
3105 5791 3196 5847 sed
3241 5803 3294 5844 ut
3328 5805 3579 5862 magnam
