4124 6302
558 450 816 504 insaniam
835 444 1102 510 ostendat,
1126 442 1225 498 hac
1246 443 1556 512 metaphora
1582 441 1701 495 illos
1719 440 1923 494 deridet
1950 448 2004 491 et
2024 447 2134 492 tra-

553 542 734 602 ducit;
782 549 941 609 atque
963 536 1137 608 probe
1178 535 1485 611 hypocritas
1530 542 1702 588 vocat.
1737 532 1899 585 Larva
1939 532 2137 601 quippe

554 632 907 702 cleemosynm
952 638 1103 684 erat:
1135 641 1288 681 mens
1325 641 1451 681 vero
1480 624 1860 677 immanitatem
1899 621 2135 676 crudeli—

554 728 823 788 tatemque
867 718 1242 773 meditabatur.
1284 715 1399 771 Non
1443 715 1582 768 enim
1631 712 1682 767 id
1723 713 1950 783 agebrtttt
1995 712 2135 782 quod

557 808 827 877 proximos
855 810 1255 866 miserarentur.
1285 803 1379 859 sed
1402 814 1458 856 ut
1486 804 1582 873 ipsi
1611 802 1776 873 gloria
1797 802 2097 857 fruerentur
2118 818 2135 853 :

555 899 696 966 quod
739 909 992 953 extremm
1018 907 1135 951 erat
1159 896 1518 959 crudelitatis,
1547 894 1652 950 alio
1679 895 1817 949 lamc
1850 904 2134 963 pereunte,

558 987 813 1040 honorem
842 997 1056 1053 captare
1082 1026 1097 1041 .
1131 1001 1234 1038 non
1279 986 1394 1051 ejus
1433 986 1621 1053 inopia!
1656 986 1954 1039 consulere.
2003 983 2135 1037 Vera

557 1094 685 1148 ergo
712 1080 1049 1148 eleemosyna
1076 1093 1182 1130 non
1204 1087 1284 1132 cst
1316 1078 1489 1147 largiri
1519 1086 1742 1140 tantum,
1771 1077 1863 1130 sed
1897 1087 1952 1129 ut
1980 1091 2139 1144 opor-

561 1179 636 1222 tet
660 1168 808 1232 dare,
837 1178 888 1224 et
917 1169 1393 1239 propterﬂinOpiam
1420 1169 1568 1223 dare.

627 1263 681 1316 2.
728 1262 1009 1317 Ostentatio
1048 1280 1079 1315 a
1119 1262 1315 1317 Christo
1351 1262 1601 1332 prohibita
1628 1277 1647 1313 :
1688 1258 2004 1315 Humilitatis
2026 1263 2138 1330 fru-

556 1366 683 1409 ctus.
725 1353 880 1410 Vana:
906 1356 1085 1425 gloria
1111 1355 1369 1408 diluiuum.
1396 1385 1464 1397 -—
1492 1354 1777 1423 Postquam
1819 1353 1976 1423 igitur
2010 1356 2139 1407 satis

561 1450 680 1504 illos
710 1450 941 1505 traduxit
965 1461 1019 1504 et
1058 1451 1291 1514 notavit,
1322 1458 1378 1502 ut
1408 1431 1702 1503 auditorem
1736 1448 1934 1517 pudore
1965 1446 2141 1500 allice-

562 1550 675 1600 ret.
716 1542 825 1609 jam
866 1542 1082 1609 corrigit
1125 1550 1356 1596 mentem
1399 1540 1499 1593 hoc
1538 1540 1723 1592 morbo
1767 1538 2137 1592 laborantem:

561 1645 785 1700 eumque
817 1632 1135 1686 ostendisset
1170 1631 1440 1700 quomodo
1472 1646 1575 1683 non
1605 1630 1717 1682 ﬁeri
1747 1628 1989 1693 deberet,
2020 1645 2142 1682 rurs

561 1736 653 1775 sus
692 1724 959 1791 quomodo
1001 1724 1110 1776 lieri
1153 1723 1346 1777 debeat
1374 1720 1628 1775 ost~ndit.
1666 1720 1944 1785 Quomodo
1987 1719 2143 1788 igitur

568 1814 678 1866 fieri
705 1814 902 1867 debet?
931 1815 983 1869 5.
1016 1813 1220 1867 Nesciat
1245 1814 1449 1867 sinistra
1492 1825 1578 1866 tua
1621 1814 1741 1882 quid
1784 1813 1908 1882 facit
1939 1812 2144 1865 dextera

502 1960 515 1977 ,
564 1915 671 1955 tua.
702 1904 904 1958 Rursus
935 1904 1017 1958 hic
1049 1920 1154 1957 non
1175 1921 1371 1984 ptanus
1397 1904 1693 1958 subindicnt
1719 1922 1731 1962 ;
1765 1904 1857 1957 sed
1881 1904 2145 1973 hyperbo-

566 1996 665 2049 lice
696 1995 745 2048 id
780 1996 974 2063 posuit.
1004 1995 1138 2050 Nam
1173 1997 1215 2049 si
1248 1996 1362 2051 ﬁeri
1393 2004 1602 2065 posset,
1632 1996 1837 2065 inquit,
1870 2004 1925 2048 ut
1954 2005 2005 2048 tu
2034 1995 2146 2063 ipse

568 2086 839 2154 ignorares
860 2128 874 2146 ,
909 2084 1036 2139 illud
1063 2087 1223 2141 etiam
1250 2087 1543 2142 curandum
1571 2096 1731 2150 esset,
1761 2087 1919 2143 etiam
1949 2086 1993 2139 si
2022 2103 2145 2153 pos-

566 2186 647 2231 set
676 2178 787 2231 lierl
822 2179 962 2245 ipsas
990 2194 1177 2231 mantis
1199 2178 1559 2239 ministrantes
1584 2179 1749 2232 latere
1768 2176 2006 2233 deberet.
2031 2175 2143 2231 Non

570 2277 627 2320 ut
669 2268 882 2335 quidam
929 2267 1149 2329 dicunt,
1182 2267 1231 2321 id
1266 2256 1443 2335 pravis
1489 2266 1861 2322 occultandam
1897 2277 2147 2335 oportere

569 2358 866 2411 hominibus
891 2376 903 2410 :
936 2359 1141 2412 etmrtis
1166 2359 1307 2413 enim
1329 2358 1488 2426 jussit
1517 2358 1788 2411 abscondi.
1817 2357 2015 2412 Deinde
2056 2368 2160 2412 eo:

564 2450 670 2517 gita
709 2459 902 2518 quanta
949 2450 1018 2503 sit
1047 2464 1273 2503 merces.
1318 2449 1605 2518 Postquam
1650 2448 1791 2501 euim
1832 2447 2148 2517 supplicium

568 2542 830 2607 edixerat,
862 2542 1091 2597 ostendit
1113 2542 1235 2598 hinc
1260 2540 1651 2609 deeerpendum
1676 2541 1954 2604 honorem,
1982 2543 2152 2596 utriu-

567 2651 674 2704 qne
717 2650 810 2689 cos
837 2635 1113 2703 impellens
1152 2645 1205 2689 et
1238 2633 1301 2687 ad
1326 2634 1607 2688 sublimem
1634 2648 1795 2703 agens
1824 2633 2144 2687 doctrinam.

572 2728 734 2782 Docet
755 2727 951 2796 quippe
978 2735 1034 2780 nt
1058 2726 1226 2781 sciant
1251 2726 1446 2795 ubique
1471 2725 1635 2779 Deum
1660 2739 1779 2779 esse
1810 2734 2146 2793 praesentem,

570 2834 761 2887 resque
789 2827 1001 2873 nostras
1029 2834 1132 2871 non
1161 2831 1280 2871 esse
1310 2817 1588 2884 praesentis
1617 2816 1738 2871 vitm
1770 2817 2023 2870 limitibus
2047 2818 2151 2870 eir-

567 2908 939 2974 cumscriptas,
971 2910 1063 2960 sed
1093 2905 1379 2960 terribilius
1403 2905 1524 2959 hinc
1552 2919 1648 2959 nos
1667 2915 2009 2972 excepturum
2032 2919 2152 2959 esse

574 2998 826 3058 tribunal,
847 3008 898 3052 et
922 2997 1154 3051 rationes
1182 2995 1477 3051 reddendas
1507 2996 1618 3051 l'orc
1639 3008 1850 3049 actuum
1876 2996 2110 3049 omnium
2134 3012 2148 3057 ;

574 3087 798 3155 hincque
832 3086 909 3141 vel
932 3086 1163 3140 honores
1190 3086 1272 3138 vel
1286 3084 1567 3153 supplicia,
1598 3100 1662 3139 ac
1685 3099 1783 3139 nec
1807 3099 2025 3153 parvum
2053 3100 2153 3139 nec

571 3194 817 3248 magnum
844 3193 977 3246 opus
1010 3178 1175 3232 latere
1210 3191 1401 3246 posse,
1434 3177 1557 3231 licet
1598 3176 1839 3230 homines
1866 3176 2032 3230 latere
2066 3176 2116 3229 vi
2136 3206 2165 3231 φ

571 3272 776 3325 deatur.
817 3270 939 3323 Πειξο
986 3270 1183 3338 quippe
1210 3268 1385 3323 omnia
1432 3267 1786 3321 subindicavit
1822 3267 2043 3321 dicens:
2090 3268 2147 3322 4.

576 3359 731 3413 Pater
759 3370 905 3423 tuus,
932 3360 1018 3429 qui
1046 3359 1179 3412 videt
1207 3358 1260 3411 in
1287 3358 1578 3413 abscondito
1602 3398 1617 3421 ,
1650 3356 1824 3411 reddet
1850 3357 1937 3409 tibi
1964 3359 2019 3411 in
2044 3373 2154 3411 ma-

572 3453 792 3521 nifcslo:
821 3466 1067 3519 magnum
1094 3460 1149 3504 et
1175 3449 1486 3504 honorabile
1517 3448 1783 3503 theatrum
1824 3449 1921 3515 ipsi
1947 3448 2151 3502 consti-

574 3553 727 3597 tuens
751 3584 766 3606 ,
795 3543 879 3595 ubi
910 3542 959 3594 id
986 3540 1127 3610 quod
1152 3540 1477 3610 concupiscit
1497 3581 1510 3600 ,
1539 3540 1586 3593 ci
1609 3539 1819 3595 abunde
1862 3539 2149 3594 admodum

570 3633 797 3685 dabitur.
847 3632 980 3697 Quid
1032 3632 1148 3684 vis?
1194 3632 1427 3699 inquiet:
1474 3646 1652 3685 annon
1700 3633 1908 3700 aliquos
1953 3632 2151 3687 habere

569 3734 841 3792 gestarum
888 3723 1258 3791 Spectatores?
1285 3722 1425 3777 Ecce
1450 3722 1614 3776 habes
1641 3763 1655 3782 ,
1699 3738 1803 3775 non
1850 3724 2069 3795 angelos
2099 3732 2153 3778 et

570 3814 915 3881 archangelns
959 3823 1161 3867 tantum
1186 3854 1201 3875 ,
1243 3812 1335 3867 sed
1378 3822 1434 3867 et
1475 3814 1839 3870 universorum
1873 3813 2077 3869 Deum:
2104 3816 2149 3870 si

570 3906 728 3958 etiam
773 3904 1016 3959 homines
1066 3904 1259 3957 habere
1301 3913 1629 3971 spectatores
1670 3906 2037 3973 concupiscis,
2080 3921 2149 3961 ne

572 3995 671 4048 hoc
696 3994 908 4063 quidem
953 3994 1275 4049 desiderium
1312 3993 1482 4047 fructu
1523 4008 1746 4049 vacuum
1777 3995 1877 4049 erit
1905 4006 2148 4065 tempore

568 4098 904 4156 opportuno;
939 4088 1045 4140 imo
1076 4086 1123 4139 id
1155 4087 1244 4139 tibi
1273 4101 1394 4139 cum
1422 4086 1608 4151 majori
1636 4073 1852 4140 cumulo
1883 4087 2148 4154 prmstabi-

569 4189 673 4232 tur.
708 4178 856 4231 Nunc
893 4177 1034 4230 enim
1064 4177 1106 4228 si
1153 4187 1202 4229 te
1249 4175 1601 4227 ostentawris
1629 4219 1639 4235 ,
1671 4175 1807 4243 apud
1848 4176 2032 4230 decem
2062 4177 2146 4231 vel

568 4269 776 4337 viginti,
801 4268 881 4322 vel
913 4276 1123 4321 centum
1154 4265 1397 4318 homines
1426 4275 1628 4321 tantum
1660 4274 1930 4320 ostentare
1962 4276 2013 4321 te
2046 4281 2144 4335 po-

568 4359 730 4419 teris;
760 4358 840 4410 sin
872 4355 1087 4409 studeas
1118 4370 1255 4408 nunc
1284 4355 1467 4417 latere,
1488 4362 1611 4407 tunc
1643 4355 1829 4420 teipse
1855 4355 1993 4409 Deus
2018 4370 2147 4423 prte-

565 4449 781 4505 dicabit.
810 4456 920 4501 toto
949 4457 1208 4515 praesente
1235 4445 1380 4497 orbe.
1409 4444 1588 4513 Itaque
1629 4444 1671 4497 si
1707 4454 1981 4513 tantopere
2013 4446 2143 4500 velis

570 4538 811 4592 homines
840 4545 986 4606 gesta
1013 4546 1097 4589 tua
1124 4534 1325 4596 videre,
1354 4534 1620 4588 absconde
1642 4550 1781 4589 nunc
1808 4536 1915 4601 illa,
1942 4545 2139 4591 meum

567 4628 754 4695 majori
789 4629 989 4680 honore
1018 4635 1109 4678 tuo
1140 4625 1224 4677 illa
1254 4637 1440 4676 omnes
1470 4632 1595 4676 tunc
1622 4624 1854 4685 videant,
1886 4624 1991 4677 Deo
2028 4625 2138 4693 ipsa

567 4717 841 4774 inanifesut
876 4718 1148 4777 reddente,
1181 4717 1471 4769 extollente
1497 4754 1510 4774 .
1544 4724 1595 4769 et
1624 4716 1762 4783 apud
1792 4733 1978 4772 omnes
2006 4733 2140 4786 pra}-

563 4811 796 4865 dicanle.
825 4806 975 4863 Nunc
1006 4820 1181 4861 antem
1217 4815 1267 4859 te
1310 4808 1398 4873 qui
1437 4805 1667 4858 viderint
1693 4806 2049 4871 damnabunt,
2084 4820 2139 4863 ιιι

562 4917 712 4955 vanm
736 4900 918 4970 gloriae
944 4899 1190 4967 cupidum
1215 4914 1230 4955 ;
1253 4912 1371 4950 cum
1397 4908 1553 4965 porro
1578 4906 1628 4950 te
1654 4907 1963 4951 coronatum
1994 4898 2159 4952 vider

560 4991 713 5055 bunt,
743 5007 847 5044 non
871 4989 1028 5042 modo
1055 5002 1159 5041 non
1184 4987 1529 5049 damnabunt,
1560 4985 1653 5041 sed
1677 4988 1836 5041 etiam
1866 4989 2137 5041 mirabun-

562 5093 646 5138 tur
671 5097 879 5137 omnes.
910 5081 1044 5135 Cum
1074 5080 1250 5149 itaque
1279 5090 1333 5133 et
1362 5094 1568 5133 merces
1615 5090 1792 5147 parata
1822 5081 1884 5132 sit
1914 5122 1928 5139 ,
1961 5091 2013 5134 et
2038 5082 2133 5133 ad-

559 5174 823 5230 miratiuni
862 5174 1068 5227 futurus
1091 5172 1189 5235 sis,
1217 5171 1261 5223 si
1297 5171 1509 5239 paulum
1556 5172 1810 5240 temporis
1832 5183 2130 5239 exspectes,

557 5267 725 5336 cogita
748 5271 956 5334 quanta:
976 5262 1213 5317 stultitia:
1229 5271 1371 5317 esset
1391 5271 1672 5330 utrumque
1693 5263 1847 5315 situm
1866 5265 2130 5324 amittere,

554 5335 680 5409 dum
709 5370 759 5409 et
788 5372 815 5407 a
840 5355 951 5409 Deo
971 5335 1174 5409 merces
1196 5353 1412 5423 petitur,
1435 5361 1489 5406 et
1517 5354 1624 5407 Deo
1650 5353 1859 5407 vidente
1888 5354 2131 5407 homines

558 5454 846 5500 evocantur
883 5453 1153 5513 gestorum
1197 5442 1542 5513 spectatores.
1575 5443 1628 5496 Si
1656 5444 1795 5495 enim
1828 5437 1922 5496 nos
1948 5453 2131 5497 osten-

558 5546 672 5591 tnre
702 5534 966 5600 volumus,
1000 5535 1140 5589 Patri
1163 5545 1285 5589 autc
1311 5535 1485 5588 omnia
1517 5550 1635 5589 sese
1662 5536 1945 5590 ostendere
1974 5551 2135 5603 opor-

554 5636 629 5681 tet
655 5644 670 5689 ;
708 5627 938 5681 maxime
965 5640 1094 5681 vero
1122 5640 1241 5680 cum
1270 5634 1323 5680 et
1353 5626 1640 5681 coronandi
1682 5633 1737 5678 et
1765 5625 2012 5693 puniendi
2035 5624 2130 5678 do—

552 5717 731 5768 minus
756 5718 822 5771 sit
847 5715 1021 5771 l’atcr.
1041 5715 1197 5771 Certe
1223 5717 1426 5770 Cliillllai
1451 5718 1650 5771 nnllmn
1678 5716 1801 5770 hinc
1818 5722 2133 5786 sequeretur

1293 327 1352 386 ε.
1396 324 1673 383 ,ΙΟᾹΝΝΙΞ
1710 316 2209 378 ιὶιιιιιδοδτῡιιι.
2244 319 2563 376 AllClliEP.
2605 321 3143 379 CONSTANTINOP.

3727 328 3837 384 2'76

2250 440 2505 495 damnum
2525 481 2542 505 ,
2562 454 2670 493 non
2693 450 2966 510 oporteret
2987 443 3171 511 gloria:
3196 444 3446 513 cupidum
3474 487 3488 507 ,
3516 445 3620 500 hoc
3646 449 3841 502 relicto

2244 531 2453 585 theatro
2478 531 2753 586 hominum
2781 540 3035 601 expetere
3077 534 3365 588 theatrum.
3414 534 3545 602 Quis
3587 537 3733 592 enim
3765 540 3837 592 its

2242 622 2405 676 miser
2434 632 2597 685 esset,
2629 633 2685 676 ut
2712 638 2836 679 reue
2862 622 3148 678 festinante
3164 625 3230 678 ad
3253 634 3399 679 recte
3426 625 3687 679 laetorum
3717 626 3839 695 ejus
3901 624 3909 629 ’

2243 715 2604 783 speetaculum
2654 712 2929 779 accedere,
2962 712 3052 767 illo
3095 714 3301 778 relicto,
3334 730 3626 783 pauperum
3674 726 3838 785 atque

2244 804 2609 860 tuendicorum
2661 806 2759 860 sibi
2809 807 3171 875 spectaculum
3216 808 3515 862 statueret?
3555 807 3680 862 Ideo
3727 823 3837 862 non

2245 900 2405 954 modo
2433 901 2670 969 tmeripit
2700 909 2756 954 ut
2801 915 2897 954 uos
2928 916 3030 953 non
3058 909 3391 955 ostentemus
3410 942 3425 965 ,
3468 901 3565 955 sed
3589 901 3752 955 etiam
3783 912 3841 954 ut

2245 991 2412 1045 latere
2454 992 2783 1046 studeamns.
2821 992 2934 1045 Non
2966 994 3109 1046 enim
3140 993 3344 1062 :rqnale
3370 1003 3486 1059 est,
3528 1009 3635 1049 non
3657 1010 3722 1050 se
3744 1010 3837 1049 os-

2247 1084 2483 1139 tentandi
2511 1085 2742 1139 studium
2774 1085 2973 1140 habere
2996 1126 3012 1148 ,
3040 1096 3095 1139 et
3124 1086 3354 1141 latebras
3391 1103 3654 1155 quaerere.
3684 1089 3739 1142 5.
3775 1086 3841 1144 Et

2246 1191 2361 1227 cum
2394 1177 2551 1229 oratis
2574 1216 2589 1238 ,
2622 1177 2778 1229 nolite
2811 1176 2921 1241 ﬁeri
2967 1178 3096 1229 sicut
3122 1177 3400 1246 hypocrita
3422 1219 3437 1243 ,
3471 1180 3558 1247 qui
3588 1190 3767 1232 autaut
3788 1182 3840 1232 in

2246 1266 2519 1336 synagogis
2558 1276 2606 1319 et
2629 1268 2681 1319 in
2711 1268 2913 1337 angulis
2952 1269 3231 1335 platearum
3255 1278 3445 1325 stantes
3467 1287 3616 1325 orare
3636 1311 3653 1335 ,
3686 1283 3740 1323 ιιι
3768 1272 3842 1323 νὶ-

2248 1357 2461 1410 dcantur
2484 1356 2546 1409 ab
2572 1357 2876 1414 hominibus.
2900 1360 3058 1413 Amet:
3076 1360 3189 1413 dico
3210 1361 3368 1425 vobis,
3387 1372 3683 1429 receperunt
3711 1378 3842 1416 mer-

2246 1448 2416 1501 cedem
2444 1464 2608 1501 suum.
2642 1448 2695 1504 6.
2727 1447 2803 1502 Tu
2832 1460 2997 1503 autem
3038 1466 3152 1504 cum
3179 1453 3399 1507 oraveris
3417 1492 3432 1517 ,
3464 1454 3603 1506 intra
3628 1455 3683 1505 in
3709 1453 3844 1506 culti.

2248 1541 2419 1593 culum
2451 1551 2591 1595 tuum
2618 1582 2631 1604 ,
2664 1552 2712 1595 et
2737 1544 2913 1596 clauso
2943 1545 3094 1608 ostio,
3123 1560 3215 1597 ora
3237 1542 3446 1598 Patrem
3481 1556 3625 1598 tuum
3650 1548 3737 1613 qui
3768 1558 3841 1599 est

2249 1635 2300 1687 in
2326 1634 2640 1689 abscondito.
2684 1636 2913 1692 Rursum
2944 1638 3040 1692 hos
3071 1637 3376 1709 hypocritas
3405 1650 3556 1695 vocat
3582 1683 3598 1706 ,
3641 1651 3698 1694 et
3719 1641 3843 1711 jure

2249 1722 2464 1792 quidem
2493 1725 2651 1793 :quia
2680 1739 2800 1780 cum
2832 1742 2890 1781 se
2914 1728 3078 1781 Deum
3104 1743 3260 1784 orare
3290 1731 3564 1797 simulant,
3596 1732 3843 1788 homines

2251 1814 2705 1884 circumspiciunt,
2740 1832 2843 1873 non
2871 1820 3171 1887 supplicum
3200 1830 3348 1875 veste
3368 1821 3557 1886 induti,
3590 1822 3686 1876 sed
3714 1823 3846 1876 ridi~

2251 1906 2494 1960 culorum
2542 1909 2837 1964 hominum.
2880 1912 2979 1976 Qui
3024 1913 3168 1967 enim
3210 1912 3276 1967 ad
3321 1917 3735 1985 supplicandum
3786 1936 3847 1974 se

2252 2009 2516 2067 prteparat
2537 2041 2551 2063 ,
2580 2001 2829 2057 omnibus
2851 2003 3073 2069 relictis,
3108 2005 3252 2059 illum
3282 2006 3515 2062 intuetur
3542 2025 3731 2075 unum,
3754 2012 3847 2079 qni

2256 2101 2428 2159 potest
2454 2094 2714 2161 postulata
2746 2095 2894 2149 dare.
2925 2096 3077 2164 Quod
3106 2097 3150 2152 si
3184 2098 3276 2151 illo
3304 2099 3510 2163 relicto,
3544 2102 3845 2157 circumeas

2255 2196 2442 2237 errans
2467 2224 2481 2248 ,
2514 2193 2567 2237 et
2596 2184 2827 2253 undique
2875 2188 3309 2258 circumspiciens
3328 2230 3345 2251 ,
3389 2191 3566 2245 vacuis
3596 2193 3847 2246 manibus

2245 2275 2529 2331 abscedes.
2564 2277 2673 2330 Iloc
2697 2281 2841 2337 enim
2880 2289 2935 2334 tu
2972 2280 3205 2336 voluisti.
3234 2282 3356 2339 Ideo
3386 2296 3495 2336 non
3526 2282 3677 2349 dixit,
3709 2284 3842 2337 tales

2258 2364 2501 2423 homines
2536 2371 2832 2424 mercedem
2867 2388 2969 2427 non
3014 2387 3329 2443 accepturos
3364 2392 3521 2437 esse,
3546 2377 3643 2431 sed
3692 2393 3846 2433 rece-

2258 2468 2432 2537 pisse;
2458 2468 2507 2522 id
2528 2478 2613 2523 est
2635 2510 2651 2528 .
2680 2470 2938 2539 recipient
2961 2472 3174 2541 quidem
3198 2514 3210 2535 ,
3239 2474 3332 2528 sed
3360 2490 3392 2529 a
3415 2475 3607 2544 quibus
3632 2476 3846 2531 deside-

2258 2568 2395 2611 rant.
2436 2557 2552 2613 Non
2578 2561 2719 2615 enim
2756 2562 2854 2615 hoc
2892 2562 3031 2616 Heus
3071 2564 3300 2626 volebat,
3329 2565 3424 2621 sed
3449 2568 3698 2635 cupiebat
3735 2569 3845 2637 ipse

2255 2665 2407 2704 suam
2432 2653 2671 2720 prrshere
2700 2654 3021 2709 mercedem.
3057 2657 3132 2710 llli
3164 2673 3292 2712 vero
3319 2662 3622 2714 mercedem
3657 2662 3727 2713 ab
3753 2660 3848 2713 ho.

2258 2742 2491 2797 minibus
2521 2756 2828 2813 quaerentes
2851 2786 2866 2809 ,
2895 2764 3001 2800 non
3033 2748 3101 2801 ab
3128 2732 3233 2802 illo
3261 2760 3532 2804 merentur
3557 2753 3807 2820 accipere
3831 2796 3846 2815 .

2260 2844 2479 2904 propter
2508 2852 2665 2905 quem
2687 2838 2819 2891 nihil
2848 2837 3107 2895 fecerunt.
3126 2841 3205 2896 Tu
3232 2857 3357 2897 vero
3376 2844 3509 2899 mihi
3534 2845 3848 2900 consideres

2260 2929 2414 2983 velim
2445 2928 2535 2984 Dei
2579 2929 2958 3000 benignitatem
2980 2976 2995 2997 ,
3027 2940 3283 3002 quoniam
3307 2941 3372 2992 de
3399 2938 3590 3005 quibus
3620 2953 3649 2993 ει
3693 2940 3850 2995 nobis

2261 3029 2475 3088 rogatur
2500 3021 2655 3076 bonis
2679 3064 2694 3087 ,
2725 3024 3025 3078 mercedem
3053 3039 3111 3079 se
3140 3026 3386 3080 daturum
3430 3029 3729 3096 pollicetur.
3762 3030 3851 3083 νὶ-

2260 3119 2511 3177 tuperans
2557 3111 2715 3181 igitur
2753 3113 2911 3175 illos.
2955 3117 3043 3184 qui
3088 3132 3191 3169 non
3240 3126 3295 3169 ut
3338 3117 3491 3173 decet
3536 3118 3637 3173 hoc
3667 3119 3853 3175 ol‘licin

2258 3213 2499 3265 utuntur,
2528 3214 2640 3261 tum
2665 3222 2694 3259 a
2727 3206 2864 3275 loco,
2891 3218 3000 3262 tum
3032 3209 3099 3262 ab
3128 3209 3340 3276 all‘ectn,
3370 3227 3492 3267 cum
3520 3214 3855 3271 ostendisset

2257 3295 2377 3350 illos
2404 3297 2688 3351 admodum
2718 3299 2969 3355 ridiculos
2998 3316 3136 3359 esse.
3160 3304 3418 3373 optimum
3447 3307 3709 3363 orationis
3738 3324 3856 3363 mo-

2258 3386 2382 3441 dum
2425 3388 2661 3450 inducit,
2696 3401 2750 3444 ct
2793 3407 2978 3445 rursus
3026 3394 3329 3449 mercedem
3360 3396 3581 3461 tribuit,
3607 3397 3799 3454 dicens
3839 3420 3851 3452 :

2256 3478 2406 3533 Intra
2431 3483 2484 3534 in
2513 3483 2799 3536 cubiculum
2826 3496 2985 3537 tuum.

2327 3575 2379 3629 5.
2408 3575 2587 3641 Qualis
2608 3578 2889 3647 requiratur
2908 3579 2958 3630 in
2980 3580 3206 3631 oratione
3226 3579 3503 3635 humilitas.
3531 3582 3712 3637 Oratio
3733 3600 3853 3639 cunt

2256 3666 2527 3719 voluntatis
2557 3667 2723 3720 studio
2751 3668 3040 3720 cntittemla.
3078 3668 3344 3724 Prccantis
3372 3687 3473 3724 non
3502 3689 3601 3727 vox
3626 3675 3855 3743 requiri-

2258 3768 2357 3811 tur.
2386 3788 2454 3798 -—
2478 3758 2611 3825 Quid
2642 3760 2818 3828 igitur,
2854 3760 3043 3829 inquit,
3072 3763 3123 3815 in
3155 3762 3379 3819 ecclesia
3409 3779 3514 3818 non
3546 3766 3854 3822 orandum?

2252 3849 2392 3905 Sane
2416 3850 2627 3919 quidem
2669 3855 2926 3907 orandum
2948 3896 2960 3913 ,
2994 3854 3086 3908 sed
3118 3870 3238 3909 cum
3270 3857 3536 3912 voluntate
3567 3859 3675 3913 tali.
3712 3860 3851 3915 Nam

2255 3945 2394 3999 Deus
2418 3944 2610 4014 ubique
2633 3961 2753 3999 cum
2785 3946 2873 4010 sit,
2899 3958 3169 4016 gestorum
3196 3964 3414 4019 scepum
3440 3952 3680 4021 requirit.
3705 3953 3852 4008 Alio-

2252 4037 2377 4102 quin
2408 4037 2452 4089 si
2482 4037 2534 4089 in
2563 4036 2865 4092 cubiculum
2904 4039 3173 4106 ingressus
3202 4040 3275 4093 sis
3297 4081 3312 4103 ,
3340 4041 3665 4110 januamque
3691 4044 3850 4098 clau-

2251 4126 2346 4178 das
2368 4166 2383 4189 ,
2414 4126 2571 4193 ldque
2606 4128 2669 4179 ad
2700 4129 3107 4183 ostentationem
3152 4132 3343 4197 facias,
3377 4133 3505 4187 nihil
3538 4136 3628 4189 tibi
3661 4136 3851 4202 januis

2254 4230 2387 4284 opus
2416 4226 2518 4270 est.
2553 4216 2682 4271 Vide
2712 4219 2867 4288 igitur
2907 4230 2960 4273 et
2998 4221 3082 4274 hic
3119 4237 3277 4290 quam
3309 4234 3611 4278 accuratam
3642 4225 3845 4281 distin-

2250 4308 2481 4362 ctionem
2510 4309 2747 4379 posuerit
2771 4308 2973 4375 diei-ns,
3008 4309 3074 4365 Ut
3096 4323 3375 4382 appareant
3399 4314 3704 4371 hminibus.
3734 4316 3846 4372 ltu-

2248 4416 2355 4471 que
2399 4404 2605 4456 etiamsi
2642 4403 2833 4471 jannas
2872 4403 3162 4465 elauseris.
3210 4405 3260 4459 id
3306 4414 3356 4461 te
3398 4406 3510 4461 vult
3550 4419 3842 4479 antequam

2248 4493 2466 4549 claudas
2496 4504 2638 4550 recte
2666 4494 2839 4551 facere
2862 4536 2877 4559 ,
2907 4512 3100 4566 nempe
3126 4507 3182 4551 ut
3206 4499 3368 4554 etiam
3398 4502 3591 4556 utentis
3620 4514 3723 4557 tute
3750 4505 3842 4571 ja-

2251 4601 2383 4641 nuas
2410 4587 2641 4641 claudas.
2675 4587 2805 4641 Nam
2839 4604 2969 4641 vana
3010 4588 3175 4657 gloria
3219 4604 3432 4658 semper
3460 4607 3681 4647 vacuum
3712 4573 3842 4651 esse

2247 4678 2503 4745 optimum
2530 4689 2642 4743 est;
2674 4678 2903 4733 maxime
2931 4696 3059 4735 vero
3086 4682 3138 4734 in
3165 4682 3425 4736 oratione.
3456 4681 3513 4738 Si
3538 4688 3680 4739 enim
3711 4687 3841 4741 abs-

2246 4784 2349 4838 que
2387 4768 2488 4822 hoc
2527 4770 2651 4824 vitio
2691 4781 2869 4826 mente
2909 4786 3182 4835 erramus,
3213 4782 3267 4826 et
3295 4774 3719 4831 circnml'erimur
3743 4795 3759 4843 ;
3784 4781 3838 4834 si

2245 4876 2366 4914 cum
2396 4861 2494 4913 hoc
2524 4864 2707 4915 morbo
2739 4862 3116 4932 ingrediantur,
3144 4862 3482 4933 quandonam
3512 4882 3573 4921 ea
3600 4882 3720 4937 qua-
3742 4868 3832 4923 di-

2244 4953 2414 5005 cimus
2455 4952 2770 5009 audiemus?
2804 4955 2885 5010 siu
2934 4970 3029 5007 nos
3067 4956 3155 5024 qui
3195 4958 3554 5026 supplicamus
3584 4968 3638 5013 et
3665 4959 3834 5016 obse-

2243 5060 2454 5098 czamus
2475 5086 2489 5109 ,
2521 5063 2622 5099 non
2650 5048 2893 5101 audimus
2914 5090 2929 5112 ,
2956 5048 3221 5116 quomodo
3251 5050 3412 5102 Deum
3445 5060 3502 5104 ut
3524 5049 3707 5104 audiat
3735 5067 3829 5109 ro-

2241 5139 2463 5201 gamus?
2491 5141 2734 5192 Attamen
2766 5140 2977 5208 quidam
3018 5152 3138 5194 sunt
3170 5142 3260 5211 qui
3302 5152 3421 5211 post
3464 5153 3541 5197 tot
3576 5152 3831 5215 tantaque

2244 5242 2501 5298 ιιιςιεοεριιι
2533 5234 2600 5288 ita
2632 5236 2851 5301 turpiter
2870 5233 2922 5287 in
2946 5234 3186 5289 oratione
3212 5248 3269 5289 se
3295 5246 3506 5305 gerunt,
3534 5246 3591 5289 ut
3612 5239 3824 5297 etiamsi

2240 5334 2464 5386 corpore
2494 5322 2681 5377 occulti
2714 5323 2815 5376 sint
2839 5365 2855 5389 ,
2890 5339 3017 5377 voce
3055 5326 3301 5379 onmibus
3330 5340 3390 5380 se
3425 5326 3618 5381 faciant
3648 5331 3813 5381 mani-

2241 5408 2400 5481 festos
2420 5452 2433 5469 .
2462 5414 2757 5467 s.-urriliter
2785 5416 3075 5469 clamantes
3099 5457 3115 5481 ,
3144 5427 3196 5470 et
3227 5416 3408 5470 habitu
3439 5433 3672 5489 voceque
3698 5435 3827 5475 sese

2241 5500 2491 5554 ridiculos
2530 5505 2861 5560 exhibentes.
2899 5514 3093 5562 Annon
3134 5508 3280 5563 vides
3313 5510 3474 5565 etiam
3507 5511 3558 5563 in
3589 5514 3706 5566 toro
3728 5555 3742 5575 ,
3772 5511 3822 5569 si

2236 5599 2357 5666 quis
2386 5593 2451 5645 ita
2482 5609 2541 5648 se
2569 5606 2739 5664 gerat,
2769 5608 2820 5652 ct
2843 5614 2963 5653 cum
2990 5599 3221 5655 clamore
3245 5603 3525 5671 supplicet,
3550 5614 3825 5673 quomodo

2240 5693 2381 5745 dltun
2406 5703 2563 5747 etiam
2593 5708 2750 5762 quem
2791 5702 2939 5761 rogat
2967 5702 3212 5749 nmoveat
3237 5709 3249 5756 ;
3280 5694 3324 5748 si
3354 5704 3529 5750 autem
3557 5696 3738 5761 quiete
3768 5708 3823 5755 ct
