4110 6306
166 295 255 351 tm
1088 272 1091 277 ’
1308 288 1375 345 IN
1413 288 1823 347 uarro/sou
1865 289 2096 348 llOMll..
2140 292 2283 348 th.

160 426 275 464 eum
306 408 522 465 decenti
570 407 790 471 habitu,
823 414 936 461 tum
975 405 1207 460 maxime
1243 403 1479 461 inflectat
1512 420 1634 461 eum
1665 407 1755 476 qui

159 504 381 574 gratiam
412 499 665 556 conferre
700 497 916 568 potest?
942 496 1022 552 Ne
1061 497 1240 567 itaque
1269 495 1451 551 habitu
1478 499 1720 567 corporis
1744 540 1758 564 ,

159 611 332 667 neque
358 595 505 650 vocis
534 594 773 647 clamore
791 632 807 657 ,
840 590 933 647 sed
965 591 1255 646 voluntatis
1284 589 1462 645 studio
1491 591 1763 647 orationes

158 691 501 751 emittamus;
542 700 719 756 neque
764 699 886 740 cum
934 684 1164 754 strepitu
1204 692 1259 739 et
1303 684 1523 747 sonitu,
1569 684 1653 738 vel
1692 683 1759 736 ad

158 780 570 839 ostentationem
592 822 608 848 ,
642 794 711 835 ne
747 778 1023 849 proximos
1065 776 1219 833 nobis
1257 776 1589 846 expellamus
1611 817 1625 843 ,
1664 775 1758 829 sed

156 888 279 927 cum
324 871 587 928 modestia
626 870 809 933 omni,
839 868 1001 923 animi
1041 868 1393 934 contritione,
1425 877 1480 924 et
1508 868 1759 939 lacrymis

155 963 520 1019 interioribus.
549 960 656 1020 Sed
685 960 836 1017 doles
864 960 1079 1027 animo,
1115 974 1213 1014 nec
1244 966 1396 1028 potes
1424 973 1532 1013 non
1558 958 1758 1012 clama-

154 1057 251 1112 re?
293 1057 409 1113 luto
441 1057 674 1112 maxime
698 1055 927 1110 dolentis
957 1061 1039 1109 est
1067 1053 1146 1108 sic
1170 1067 1325 1108 orare
1344 1095 1359 1117 ,
1389 1062 1446 1107 et
1471 1052 1759 1107 obsecrare

153 1158 211 1204 ut
251 1149 389 1204 dixi.
434 1148 566 1203 Nam
606 1158 662 1204 et
701 1146 911 1217 Moyses
948 1144 1193 1210 dolebat,
1228 1144 1410 1214 sicque
1440 1142 1671 1224 prabat,
1703 1151 1760 1197 et

152 1240 474 1296 audiebatur
498 1257 511 1293 :
541 1238 769 1308 ideoque
796 1238 934 1293 dixit
975 1236 1049 1291 illi
1098 1236 1235 1291 Deus
1265 1252 1281 1287 -.
1311 1234 1447 1302 Quid
1473 1235 1665 1290 clamas
1689 1235 1757 1287 ad

152 1351 230 1387 tne
272 1332 470 1402 (Exod.
506 1332 595 1387 Η.
628 1328 765 1403 15)ἳ
806 1332 958 1386 Anna
986 1343 1199 1399 quoque
1232 1343 1467 1393 rursum,
1499 1342 1620 1382 cum
1650 1342 1754 1382 vox

152 1441 258 1480 non
292 1423 587 1489 audiretur,
619 1422 797 1479 omnia
823 1436 943 1491 qua:
966 1420 1135 1475 voluit
1162 1420 1485 1488 impetravit,
1513 1420 1633 1489 quia
1661 1434 1755 1473 cor

150 1515 267 1584 ejus
313 1514 577 1570 clamabat
620 1513 698 1587 (ι.
725 1511 850 1583 Reg.
883 1511 960 1583 1).
990 1511 1125 1567 Abel
1151 1525 1280 1565 vero
1309 1525 1414 1565 non
1440 1511 1604 1565 silens
1633 1525 1753 1564 mo-

150 1607 251 1669 do,
286 1605 384 1661 sed
426 1606 588 1660 etiam
628 1605 866 1660 moriens
911 1604 1260 1673 precabatur,
1292 1612 1346 1657 et
1389 1602 1607 1672 sanguis
1636 1600 1754 1671 ejus

150 1700 272 1754 tuba
302 1697 582 1754 clariorem
622 1697 901 1754 emittebat
936 1711 1144 1751 vocem.
1188 1695 1481 1767 lngemisce
1513 1696 1671 1765 igitur
1699 1705 1754 1752 et

151 1799 204 1845 tu
229 1790 483 1846 similiter
511 1799 568 1845 ut
597 1789 689 1845 ille
720 1799 937 1844 sanctus
966 1806 978 1839 :
1009 1787 1063 1843 id
1092 1803 1198 1843 non
1231 1787 1485 1858 impedio.
1518 1785 1714 1842 Scinde
1734 1830 1748 1855 ,

148 1892 207 1938 ut
230 1882 494 1954 propheta
527 1882 722 1952 jussit,
754 1896 847 1937 cor
878 1890 1027 1935 tuum
1051 1920 1067 1945 ,
1097 1888 1152 1934 et
1179 1894 1284 1934 non
1313 1879 1629 1934 vestimenta
1663 1888 1752 1933 tua

148 1974 316 2048 (Joel
342 1974 397 2030 2.
430 1976 498 2031 15
530 1976 569 2046 ).
602 1976 679 2030 De
718 1972 993 2043 profundis
1037 1972 1223 2027 invoca
1268 1971 1473 2037 Deum;
1515 1986 1639 2025 nam
1678 1970 1753 2024 ait

148 2067 235 2123 ille
257 2109 273 2133 ,
305 2065 388 2121 De
412 2064 682 2138 profundis
709 2063 924 2118 clamavi
948 2064 1017 2117 ad
1046 2073 1125 2129 te,
1160 2060 1377 2116 Domine
1405 2062 1425 2133 ζ
1444 2060 1591 2116 Paul.
1623 2059 1747 2116 129.

150 2160 202 2229 1)
234 2177 248 2213 :
277 2176 346 2215 ex
389 2159 577 2215 intimo
605 2159 785 2214 cordis
813 2157 889 2212 tui
921 2170 1111 2212 vocem
1154 2155 1362 2211 attrahe
1384 2197 1400 2221 ,
1433 2154 1519 2212 fac
1546 2155 1748 2210 oratio-

148 2265 266 2306 nem
299 2260 447 2305 tuam
478 2264 598 2306 esse
637 2249 972 2321 mysterium.
1011 2247 1127 2303 Non
1162 2246 1313 2302 vides
1343 2248 1394 2301 in
1424 2246 1559 2303 aulis
1589 2246 1750 2316 regiis

146 2345 435 2399 tumultum
459 2358 674 2399 omnem
700 2342 966 2398 eliminari
986 2382 1000 2407 ,
1034 2350 1086 2397 et
1114 2340 1340 2395 multum
1366 2339 1599 2409 undique
1626 2353 1747 2394 esse

144 2437 455 2494 silentium?
488 2438 555 2493 Et
595 2447 648 2492 tu
690 2436 866 2508 itaque
904 2434 1054 2505 quasi
1096 2437 1148 2488 ln
1194 2432 1395 2500 regiam
1443 2431 1749 2502 ingrediens

138 2545 246 2585 non
276 2540 571 2593 terrenam,
600 2529 692 2583 sed
721 2529 771 2582 in
800 2528 966 2581 multo
994 2526 1391 2591 terribiliorem,
1426 2539 1619 2594 nempe
1642 2540 1748 2579 cae-

145 2622 357 2685 lestem,
391 2634 639 2690 magnam
669 2619 863 2673 exhibe
894 2618 1231 2671 modestiam.
1265 2615 1396 2670 Nam
1425 2628 1479 2671 et
1503 2631 1625 2671 cum
1650 2631 1749 2669 an-

142 2711 275 2782 gelis
306 2711 540 2766 choreas
582 2712 730 2779 agis,
772 2718 824 2763 et
864 2708 1305 2778 archangelorum
1345 2724 1403 2763 es
1444 2709 1660 2772 socius,
1690 2715 1749 2763 et

143 2819 262 2859 cum
291 2803 578 2873 Seraphin:
606 2803 753 2857 canis
778 2802 818 2854 ¹.
848 2800 1050 2856 Omnes
1090 2816 1250 2870 porro
1290 2800 1377 2854 isti
1415 2810 1589 2855 cretus
1625 2813 1745 2854 ma-

142 2911 301 2965 gnum
330 2894 597 2950 exhibent
622 2894 866 2949 ordinem
889 2934 904 2959 ,
936 2907 1057 2947 cum
1089 2892 1313 2947 horrore
1344 2892 1513 2946 multo
1552 2893 1757 2963 illyﬂﬁ"

143 3006 259 3045 cum
292 2989 426 3044 illud
453 2988 624 3043 tnelos
652 2996 707 3041 et
733 3000 916 3040 sacros
948 2985 1176 3054 hymnos
1201 2992 1455 3038 canentes
1484 2984 1595 3053 regi
1627 2985 1744 3038 uni-

144 3094 421 3137 versorum
450 3078 583 3133 Deo.
615 3077 711 3132 llis
740 3079 917 3146 itaque
950 3083 1001 3130 te
1023 3076 1327 3129 admisceas
1356 3076 1407 3129 in
1439 3075 1705 3143 precando
1723 3118 1740 3144 ,

143 3173 535 3244 mysticumque
575 3169 810 3239 ipsorum
845 3177 1091 3222 ornatum
1128 3167 1357 3221 imitare.
1383 3166 1570 3236 Neque
1596 3167 1741 3222 enim

144 3264 450 3321 hominibus
479 3246 751 3333 precaris;
781 3260 874 3315 sed
907 3261 1017 3315 Deo
1046 3259 1241 3330 ubique
1272 3260 1520 3329 prmsenti
1540 3300 1555 3326 ,
1584 3270 1741 3314 ante-

143 3372 296 3427 quam
339 3370 534 3413 vocem
586 3355 843 3410 emittas'
886 3352 1161 3416 audienti,
1207 3353 1295 3422 qui
1352 3353 1499 3407 novit
1544 3368 1739 3407 arcana

145 3451 353 3506 mentis.
387 3443 444 3505 Si
474 3450 553 3505 sic
579 3464 671 3503 ora
685 3449 824 3502 veris
845 3489 858 3510 ,
886 3447 1109 3501 multam
1153 3446 1379 3516 recipies
1409 3447 1737 3502 mercedem.

146 3541 317 3607 Pater,
343 3540 539 3613 inquit,
570 3550 711 3605 tuus,
735 3542 822 3609 qui
855 3540 988 3593 videt
1019 3540 1072 3592 in
1105 3539 1419 3604 abscondito,
1450 3538 1623 3593 reddet
1652 3539 1741 3593 tibi

142 3636 195 3690 in
228 3636 519 3708 manifesto.
552 3633 667 3689 Non
698 3633 788 3696 ait,
828 3632 1055 3686 Donabit
1084 3631 1201 3694 tibi,
1235 3630 1350 3697 sed,
1386 3630 1601 3687 Reddet.
1633 3632 1739 3688 De-

144 3726 365 3783 bitorem
404 3742 466 3782 se
503 3726 704 3797 quippe
734 3724 825 3779 tibi
866 3724 1177 3791 consumit,
1206 3732 1365 3795 teque
1409 3741 1603 3794 magno
1643 3742 1740 3795 pro

145 3817 243 3875 hoc
266 3820 430 3875 etiam
460 3817 671 3873 honore
699 3816 936 3871 donavit.
975 3815 1107 3883 Quia
1136 3816 1276 3871 enim
1317 3818 1431 3887 ipse
1460 3818 1740 3873 invisibilis

142 3918 240 3977 est,
268 3908 389 3965 ideo
412 3908 524 3963 vult
552 3907 851 3963 orationem
876 3916 1019 3961 tuam
1044 3905 1347 3975 hujnsmodi
1370 3922 1508 3961 esse.
1539 3908 1741 3963 Deinde

145 4002 302 4059 verba
328 4002 446 4071 ipsa
472 3999 732 4055 orationis
772 3997 951 4055 refert.
989 3998 1041 4053 7.
1079 3998 1325 4063 Oranlcs,
1357 4000 1555 4069 inquit,
1586 4001 1741 4055 nolite

143 4094 356 4149 multum
381 4092 540 4164 loqui,
568 4091 698 4146 sicut
726 4090 911 4144 ethnici
938 4090 1151 4159 faciunt.
1179 4088 1314 4144 Nam
1343 4106 1464 4145 cum
1496 4090 1563 4144 de
1593 4090 1738 4145 elec-

143 4199 363 4256 mosyna
393 4182 743 4254 loquebatur,
775 4197 924 4237 vana:
962 4181 1147 4252 gloriae
1184 4189 1387 4251 pestem
1419 4191 1623 4235 tantum
1653 4197 1739 4235 se-

142 4278 337 4340 morit,
369 4275 611 4346 nihilque
639 4274 870 4343 amplius
896 4273 1091 4343 adjecit
1115 4316 1129 4336 ,
1160 4288 1333 4344 neque
1363 4274 1496 4329 dixit
1516 4317 1528 4338 ,
1562 4276 1735 4332 unde-

142 4384 260 4425 nam
286 4369 689 4438 eleemosynam
728 4365 906 4421 facere
945 4376 1212 4434 oporteret
1242 4383 1258 4431 ;
1291 4366 1437 4421 verbi
1478 4382 1637 4421 causa
1671 4384 1734 4422 ex

138 4461 292 4531 iustis
317 4459 614 4525 laboribus,
643 4473 748 4513 non
777 4474 839 4512 ex
879 4458 1084 4527 rapina,
1117 4459 1200 4513 vel
1228 4474 1291 4513 ex
1324 4458 1570 4512 avaritia.
1604 4458 1735 4515 illud

142 4568 367 4624 namque
388 4552 443 4607 in
464 4549 713 4607 confesso
736 4547 877 4621 apud
900 4564 1088 4604 omnes
1113 4559 1245 4602 erat.
1277 4548 1533 4619 Superius
1556 4564 1735 4603 atii-*m

141 4644 262 4701 illud
281 4646 393 4715 jam
422 4650 830 4714 expurgaverat,
858 4656 978 4695 cum
1000 4640 1301 4695 esurientes
1325 4641 1587 4708 justitiam
1612 4643 1739 4696 bea-

143 4746 221 4793 tos
247 4736 579 4807 praedicavit.
611 4734 764 4791 (litt?!~
796 4734 1093 4788 orationem
1119 4746 1249 4786 vero
1279 4730 1475 4802 aliquid
1508 4733 1737 4803 amplius

143 4826 353 4898 adjicit,
376 4825 771 4894 multiloquium
798 4838 921 4879 esse
948 4821 1217 4876 vitandum
1249 4840 1261 4873 :
1287 4838 1350 4876 ac
1378 4824 1735 4892 quemadmo-

142 4918 263 4973 dum
292 4917 366 4973 ibi
398 4916 728 4988 ltypocritas,
751 4916 820 4969 ita
846 4925 889 4967 et
920 4915 1006 4969 hic
1033 4912 1275 4968 ethnicos
1305 4914 1511 4982 irridet,
1541 4915 1736 4986 ubique

142 5024 204 5064 ex
251 5021 601 5079 personarum
650 5006 851 5060 vilitate
888 5005 1185 5060 auditorem
1230 5005 1433 5075 pudore
1469 5004 1732 5063 alliciens.

144 5102 270 5169 Quia
290 5103 436 5159 enim
463 5108 522 5155 ut
546 5100 836 5167 plurimum
866 5097 967 5151 hoc
994 5098 1231 5152 maxime
1264 5101 1470 5153 mordet
1491 5109 1542 5154 ct
1566 5100 1732 5169 angit,

142 5209 256 5250 cum
280 5194 402 5266 quis
464 5190 694 5261 abjectis
750 5190 1055 5245 hominibus
1080 5201 1438 5260 comparatur,
1465 5194 1589 5249 hinc
1615 5194 1735 5249 illos

142 5284 389 5352 abducit,
428 5284 821 5353 multiloquium
863 5283 950 5338 hic
986 5282 1185 5337 fntilem
1224 5284 1600 5354 loquacitatem
1637 5302 1735 5341 vo-

144 5393 298 5442 caus;
323 5386 381 5431 ut
405 5391 529 5431 cum
558 5390 666 5430 non
691 5384 1049 5429 consentanea
1073 5390 1103 5428 a
1128 5374 1236 5429 Deo
1264 5377 1512 5444 petimus,
1544 5392 1735 5447 nempe

146 5469 431 5537 potentiam
460 5477 516 5523 ct.
552 5468 799 5538 gloriam,
830 5466 1106 5520 victoriam
1138 5466 1206 5520 de
1237 5467 1485 5533 inimicis,
1520 5468 1736 5521 divitia-

148 5575 253 5613 rum
283 5558 560 5615 facultates
578 5598 594 5625 ,
621 5559 945 5628 domumque
973 5572 1034 5612 ea
1061 5573 1181 5627 quae
1211 5558 1340 5613 nihil
1372 5560 1525 5615 nobis
1552 5559 1734 5632 profu-

202 5718 220 5750 ¹
252 5717 366 5777 Alit,
386 5717 631 5770 canticum
654 5714 907 5781 Serapltim
927 5715 1092 5781 canis;
1120 5729 1217 5767 non
1239 5715 1389 5769 male.

205 5782 226 5812 ’
256 5782 473 5841 curiam,
498 5788 752 5844 antequam
772 5777 978 5845 precem
995 5777 1200 5831 emittas.

3372 305 3478 361 278

1878 415 1992 460 tura
2038 416 2181 461 sunt.
2232 406 2341 461 Scit
2389 409 2542 474 enim,
2588 410 2789 479 inquit,
2832 411 3011 483 quibus
3054 428 3181 483 apta
3227 418 3475 474 habeatis.

1939 499 1994 553 4.
2028 497 2092 553 In
2122 499 2352 555 oratione
2379 504 2824 569 perseverandum.
2860 504 2989 572 Qua:
3016 506 3079 561 sit
3105 508 3351 566 orationis
3377 512 3483 566 uti-

1870 588 2001 641 litas.
2046 590 2346 661 Adoptionis
2383 592 2568 647 divina:
2603 593 2819 664 fructus.
2858 626 2931 636 —
2974 596 3102 653 Post
3141 597 3258 655 lucc
3296 611 3475 658 autem

1870 679 2079 734 videtur
2124 682 2254 736 mihi
2302 684 2492 753 longas
2540 686 2814 742 orationes
2864 695 3081 753 vetare;
3130 690 3318 761 longas
3368 711 3475 751 non

1865 777 2110 839 tempore
2135 814 2147 835 ,
2181 772 2275 827 scd
2315 775 2653 834 multitudine
2696 789 2750 832 et
2792 780 3123 849 longitudine
3161 784 3474 841 verborum.

1865 862 2323 920 Perseverandum
2361 868 2506 923 enim
2535 880 2616 923 est
2645 869 2833 925 eadem
2868 872 2979 940 ipsa
3028 875 3259 942 petendo
3291 895 3303 931 :
3337 876 3478 931 Ora-

1863 957 2008 1023 tioni,
2039 957 2229 1029 inquit,
2252 960 2498 1015 instantes
2524 961 2702 1032 (Rom.
2734 963 2821 1017 12.
2857 964 2968 1036 12).
3003 967 3066 1021 Et
3093 968 3207 1039 ipse
3227 969 3476 1025 Christus

1863 1050 2113 1119 exemplo
2154 1051 2369 1118 viduae,
2411 1070 2530 1123 qua:
2580 1056 3064 1115 inmisericordem
3104 1070 3156 1116 et
3198 1064 3472 1131 crudelem

1863 1142 2159 1213 principem
2192 1144 2450 1201 orationis
2483 1146 2733 1201 instantia
2764 1148 2913 1204 flexit
2938 1149 3088 1219 (Luc.
3124 1152 3251 1224 l8);
3282 1169 3474 1210 exent-

1863 1235 2059 1304 ploque
2084 1236 2241 1292 amici
2274 1238 2420 1293 illius
2443 1240 2533 1309 qui
2560 1239 2877 1310 intempesta
2906 1252 3062 1298 nocte
3084 1245 3248 1311 venit,
3275 1256 3327 1301 et
3348 1245 3477 1301 dor-

1863 1327 2116 1382 mientem
2152 1344 2181 1381 a
2215 1328 2355 1383 lecto
2395 1330 2703 1393 suscitavit,
2738 1346 2845 1385 non
2876 1346 2944 1385 ex
2973 1334 3207 1387 amicitia
3231 1376 3246 1397 ,
3280 1334 3373 1390 sed
3405 1352 3473 1392 ex

1862 1420 2258 1487 perseverantia
2289 1418 2435 1489 (Luc.
2472 1422 2563 1491 il)
2590 1439 2604 1477 :
2630 1420 2761 1476 nihil
2786 1422 2931 1477 aliud
2961 1424 3280 1492 praescribit,
3308 1441 3471 1497 quam

1860 1523 2049 1565 omnes
2074 1510 2173 1579 ipsi
2202 1511 2510 1581 supplicare
2539 1512 2755 1568 assidue
2784 1524 3058 1583 oportere,
3088 1529 3194 1569 non
3225 1496 3473 1585 perfora-

1862 1600 2060 1655 tionem
2111 1601 2258 1657 mille
2303 1602 2548 1657 versibus
2594 1613 2969 1669 constantem,
3012 1605 3106 1660 scd
3156 1607 3473 1676 simpliciter

1859 1707 1975 1747 rem
2000 1692 2196 1750 efferre
2217 1694 2391 1765 jubet.
2423 1695 2553 1751 lllud
2584 1698 2727 1751 enim
2755 1697 3116 1753 subindicavit
3140 1699 3223 1754 his
3246 1702 3427 1756 verbis
3451 1718 3465 1754 :

1864 1784 2058 1839 Putant
2088 1787 2222 1840 enim
2259 1788 2397 1857 quod
2430 1789 2485 1842 in
2523 1787 2846 1859 multiloquio
2881 1806 2975 1844 suo
3016 1790 3378 1847 exaudiantur.
3412 1797 3468 1849 8.

1860 1875 1943 1931 Ne
1969 1879 2160 1934 similes
2186 1890 2341 1934 estote
2364 1882 2486 1937 illis.
2519 1881 2631 1937 Scit
2656 1884 2790 1937 enim
2821 1882 2981 1938 Pater
3007 1896 3166 1941 uester
3188 1886 3312 1957 quid
3333 1891 3471 1943 vobis

1857 1986 1986 2040 opus
2009 1972 2095 2037 sit,
2127 1983 2397 2042 antequam
2419 1974 2482 2028 ab
2508 1975 2597 2029 illo
2634 1976 2838 2053 petatis.
2872 1976 2939 2031 Et
2964 1977 3008 2030 si
3038 1979 3205 2045 novit,
3236 1980 3466 2050 inquies.

1856 2062 2047 2132 quibus
2074 2080 2209 2134 opus
2235 2064 2519 2133 habemus,
2547 2082 2646 2123 cur
2669 2077 2885 2138 oportet
2908 2083 3065 2123 orare
3084 2069 3107 2123 ?
3126 2070 3241 2125 Non
3267 2082 3322 2127 ut
3342 2087 3467 2128 eum

1856 2154 2051 2211 doceas
2074 2200 2088 2224 ,
2120 2158 2213 2213 sed
2245 2168 2303 2212 ut
2333 2160 2573 2215 inflectas
2598 2178 2613 2227 ;
2644 2170 2703 2215 ut
2731 2162 3140 2231 supplicationis
3166 2163 3467 2236 frequentia

1858 2244 1931 2300 illi
1968 2246 2241 2303 familiaris
2279 2250 2474 2305 evadas
2499 2292 2515 2315 ,
2547 2261 2606 2305 ut
2646 2252 2948 2307 humilieris
2973 2294 2989 2318 ,
3022 2262 3080 2307 ut
3121 2264 3466 2323 peccatorum

1856 2348 2067 2392 tuorum
2095 2340 2417 2396 recorderis.
2451 2342 2505 2396 9.
2538 2342 2625 2397 Sic
2656 2344 2810 2415 igitur
2839 2354 2999 2408 orate,
3033 2345 3108 2399 ait
3138 2365 3151 2399 :
3185 2346 3341 2403 Pater
3367 2366 3465 2403 tto-

1853 2441 1957 2484 ater
1974 2432 2061 2503 qui
2081 2447 2132 2485 es
2160 2433 2212 2486 in
2232 2433 2391 2498 ca'fis,
2424 2436 2768 2503 sattctiﬁcetur
2805 2453 2988 2491 nomen
3027 2448 3168 2492 tuum
3201 2438 3298 2509 (α).
3330 2439 3468 2496 Vide

1854 2524 2127 2598 quomodo
2153 2526 2333 2581 statim
2362 2526 2664 2581 auditorem
2692 2529 2863 2584 erexit
2888 2568 2903 2593 ,
2930 2540 2985 2585 et
3015 2546 3175 2585 omne
3218 2532 3467 2589 beneficii

1852 2631 2023 2685 genus
2045 2619 2096 2670 in
2122 2619 2399 2687 prommiis
2425 2620 2761 2673 memoravit.
2788 2619 2921 2675 Nam
2944 2622 3033 2690 qui
3058 2620 3269 2676 Patrem
3297 2622 3466 2680 Dcnut

1852 2707 2181 2776 appellavit,
2223 2718 2277 2761 ct
2317 2719 2658 2777 peccatorum
2696 2711 3070 2765 remissionem
3093 2754 3108 2776 ,
3137 2721 3192 2766 et
3218 2714 3465 2783 supplicii

1853 2799 2255 2870 abrogationent
2284 2840 2298 2864 ,
2328 2810 2384 2854 et
2419 2800 2679 2870 justitiam
2707 2843 2722 2867 ,
2757 2812 2812 2857 et
2853 2804 3335 2867 sanctificationem
3362 2847 3377 2869 ,
3410 2818 3467 2863 et

1851 2891 2302 2959 redemptionem,
2335 2902 2384 2945 et
2422 2892 2655 2946 filiorqu
2687 2892 3056 2963 adoptionem,
3090 2905 3144 2949 et
3185 2896 3462 2952 heredita-

1852 2994 1978 3047 tem,
2011 2994 2065 3038 et
2104 2983 2490 3039 fraternitatem
2520 3002 2642 3040 cum
2674 2986 2982 3056 Unigenito,
3014 2999 3064 3042 et
3097 2990 3330 3057 Spiritus
3360 2991 3465 3046 do-

1850 3091 1940 3141 na,
1971 3076 2070 3131 hac
2093 3092 2197 3131 una
2222 3076 2660 3133 denominatiune
2676 3080 2961 3136 confessus
2981 3090 3082 3135 est.
3111 3082 3293 3152 Neque
3314 3086 3463 3139 enim

1851 3168 2017 3223 Deum
2051 3167 2262 3221 Patrem
2292 3169 2412 3236 quis
2442 3169 2716 3237 appellare
2752 3182 2967 3238 p0test,
3000 3174 3099 3227 nisi
3134 3173 3249 3228 lucc
3278 3178 3462 3231 omnia

1848 3258 1989 3311 bona
2016 3266 2399 3327 consequutus.
2428 3258 2632 3326 Duplici
2661 3259 2823 3329 igitur
2850 3261 3010 3316 modo
3036 3278 3222 3317 eorum
3249 3265 3464 3321 animos

1848 3351 2042 3420 erigit;
2074 3360 2127 3405 et
2166 3367 2231 3405 cx
2270 3351 2528 3421 dignitate
2558 3350 2674 3422 t-jus
2708 3369 2868 3421 quem
2913 3355 3123 3411 Patrem
3152 3367 3375 3424 vocant,
3406 3370 3462 3414 ct

1848 3457 1913 3497 ex
1942 3442 2311 3514 magnitudine
2341 3458 2551 3504 eorum.
2584 3459 2701 3515 quae
2730 3460 3009 3515 accepere,
3051 3449 3456 3506 beneficiorum.

1846 3533 1981 3590 Cum
2004 3545 2184 3590 autem
2209 3535 2360 3602 dicit,
2386 3534 2451 3589 In
2477 3537 2635 3602 cwlit,
2662 3552 2767 3591 non
2798 3538 2867 3592 ibi
2897 3539 3066 3595 Deum
3098 3540 3201 3599 hoc
3227 3543 3460 3599 dicendo

1846 3625 2117 3681 concludit
2143 3668 2157 3692 ,
2189 3626 2282 3681 sed
2315 3637 2624 3697 precantem
2653 3628 2719 3682 de
2749 3640 2887 3684 terra
2918 3632 3133 3688 abducit
3157 3676 3170 3696 ,
3200 3646 3251 3689 et
3281 3634 3333 3689 in
3359 3651 3458 3691 ex-

1847 3719 2004 3771 celsis
2043 3718 2176 3773 locis
2214 3721 2568 3790 supernisque
2603 3720 2920 3777 habitaculis
2949 3723 3137 3796 affigit.
3172 3726 3337 3782 Docet
3363 3742 3462 3782 au-

1849 3820 1954 3864 tem
1976 3825 2315 3865 communem
2340 3828 2435 3881 pro
2460 3811 2711 3868 fratribus
2728 3814 3025 3871 orationem
3049 3820 3316 3875 emitti-re.
3336 3819 3457 3876 Non

1846 3903 1989 3955 enim
2018 3901 2143 3955 dicit
2169 3941 2184 3964 ,
2220 3902 2378 3955 Pater
2408 3919 2562 3958 meus
2582 3945 2595 3960 .
2626 3906 2715 3975 qui
2752 3922 2811 3961 es
2842 3908 2893 3960 in
2926 3908 3099 3972 czclis;
3130 3912 3224 3964 sed
3250 3953 3265 3973 ,
3302 3911 3460 3967 Pater

1847 4005 2036 4059 noster,
2063 4010 2159 4062 pro
2184 3996 2455 4049 communi
2484 4011 2711 4065 corpore
2738 4001 3159 4068 supplicationes
3180 4005 3455 4067 cntittens,

1848 4101 1949 4141 nec
1974 4102 2226 4155 umquam
2268 4089 2481 4158 propria
2511 4091 2792 4145 commoda
2825 4103 3109 4163 spectans,
3139 4098 3233 4152 sed
3262 4097 3459 4170 ubique

1847 4182 2097 4251 proximi.
2129 4181 2241 4237 lfoc
2266 4192 2444 4237 autem
2478 4186 2641 4239 verbo
2683 4186 2990 4242 inimicitias
3015 4188 3084 4244 de
3111 4191 3289 4245 medio
3320 4193 3460 4248 tollit

1846 4284 1900 4329 et
1923 4274 2283 4344 arrogantiam
2322 4275 2597 4343 reprimit,
2630 4275 2999 4349 invidiamque
3025 4281 3307 4349 eliminat;
3335 4299 3455 4341 nta-

1849 4377 1981 4420 trem
2006 4380 2135 4420 vero
2156 4366 2395 4420 omnium
2423 4366 2685 4423 bonorum
2709 4370 2991 4425 caritatem
3018 4373 3241 4443 inducit,
3268 4375 3458 4431 huma-

1846 4471 2145 4526 narumque
2186 4471 2366 4511 rerum
2410 4458 2828 4528 inmqualitatem
2859 4464 3111 4532 expellit,
3146 4478 3197 4519 et
3230 4468 3454 4525 multam

1846 4550 1987 4619 regis
2012 4564 2133 4601 cum
2166 4563 2399 4618 paupere
2439 4550 2660 4604 honoris
2685 4553 3046 4621 aequalitatem
3080 4557 3350 4626 ostendit;
3382 4561 3457 4615 si-

1845 4640 2060 4710 quidem
2110 4640 2161 4693 in
2215 4640 2463 4694 maximis
2517 4654 2570 4695 et
2616 4644 2840 4697 omnino
2888 4648 3211 4705 necessariis
3262 4664 3455 4709 omnes

1846 4732 2225 4786 communione
2262 4732 2437 4799 juncti
2471 4746 2675 4787 sumus.
2707 4734 2843 4799 Quid
2872 4736 3017 4791 enim
3051 4743 3359 4797 notummnti
3386 4758 3456 4801 ex

1845 4834 2059 4879 terrena
2086 4824 2404 4895 cognatione
2426 4866 2440 4888 ,
2473 4839 2595 4881 cum
2623 4826 2918 4882 secundum
2944 4843 3234 4899 supernam
3263 4850 3455 4892 omnes

1820 5008 1856 5053 -.
1908 4980 1998 5091 (ἐξ.
2015 4988 2125 5053 ῌιεο
2147 4981 2315 5039 verba,
2354 4986 2497 5054 Pater
2515 4986 2755 5054 pecten...
2784 4990 2939 5044 tuum,
2966 4986 3097 5039 tituli
3123 5002 3265 5041 more
3283 4993 3455 5054 jaceat

1847 5058 1893 5091 tn
1987 5042 2220 5091 tironibus
2242 5040 2533 5091 Commeltm
2570 5049 2625 5091 et
2650 5044 2848 5091 atorelli.
2875 5049 2989 5091 auia
3028 5047 3079 5091 in
3106 5054 3285 5091 latinia
3308 5055 3455 5091 ι’ήίιία

1847 5058 1893 5091 ιη

1987 5042 2220 5110 itionibus
2242 5040 2533 5110 Commelini
2550 5049 2625 5110 ,ει
2650 5044 2848 5110 atorelli,
2875 5040 2990 5110 quia
3028 5047 3079 5099 in
3106 5040 3456 5107 tatittis'liditis

1846 5104 2041 5174 humilia
2067 5104 2190 5174 haec,
2209 5104 2591 5174 quaequrzeeis
2620 5104 2954 5174 Manuscript'is
2974 5123 3073 5160 una
3100 5116 3235 5164 serie
3257 5104 3455 5174 ponitur

1845 5174 1947 5215 uta
1967 5165 2310 5240 Chrvsoswmo
2334 5165 2499 5240 habita
2522 5166 2629 5224 fuit,
2652 5168 2701 5240 in
2721 5169 2844 5240 duas
2857 5165 3010 5220 divisa
3033 5165 3313 5240 l'uit._l.ati'ui
3340 5165 3456 5240 por;

1844 5241 1917 5299 ro,
1944 5228 2236 5299 utmvidetur,
2268 5240 2367 5299 quo
2389 5229 2443 5299 in
2474 5241 2620 5299 unam
2648 5231 2930 5299 Orationem
2965 5237 3255 5286 Dominicam
3290 5228 3455 5290 1ιὸῐηί-

1845 5287 1957 5337 liam
1982 5287 2309 5361 Chrysostomi
2328 5288 2587 5361 haberent,
2608 5289 2732 5361 hanc
2748 5293 2811 5361 _in_
2825 5294 2949 5342 duas
2969 5307 3141 5361 partes
3158 5287 3452 5361 ἀκήδει-ὠὴ,

1844 5364 2051 5418 (piarum
2076 5356 2324 5418 postrema
2356 5352 2598 5401 Orationis
2629 5354 2888 5404 ﬂaminica:
2913 5352 3296 5418 explicationem
3320 5352 3453 5413 com;

1846 5411 2092 5481 plectitur,
2120 5417 2175 5458 et.
2197 5411 2321 5459 hanc
2346 5419 2642 5481 postremam
2668 5422 2858 5474 partem
2886 5411 3137 5467 ttomtliam
3162 5411 3453 5481 vigesimam

1844 5473 2226 5542 inscripserunt;
2245 5472 2515 5542 secundum
2538 5472 2688 5536 quem
2705 5472 3276 5542 numerum,oequeut'és
3292 5472 3454 5535 homlé

1845 5534 2017 5605 liarum
2035 5535 2225 5605 numeri
2244 5534 2611 5605 concjnnantur.
2631 5539 2717 5595 Qui
2734 5541 3059 5605 uumeriqula
3078 5534 3238 5605 opseri;
3260 5534 3455 5596 toribus

1844 5595 2166 5669 Cltrvsostomi
2187 5595 2289 5644 loca
2306 5595 2634 5647 offerentibus
2650 5593 2850 5669 semper
2864 5593 3067 5669 adhibiti
3093 5593 3453 5669 manumittitch

1846 5671 1996 5727 quam
2015 5658 2228 5727 deeimte
2248 5670 2387 5727 nonfc
2410 5672 2549 5708 suam
2582 5658 2770 5710 seriem
2796 5663 3121 5727 restituinuts,
3150 5658 3310 5727 posito
3327 5658 3453 5724 'vt-ro

1848 5718 2167 5792 gettuiuoque
2189 5718 2493 5791 singularum
2510 5735 2733 5792 numero,
2759 5732 2989 5792 veterem
3009 5718 3453 5792 illum'adjectmuav.

1850 5780 2067 5844 Exempli
2084 5780 2226 5831 causa
2253 5780 2538 5845 {rigesimm
2556 5780 2619 5832 al.
2645 5785 2871 5852 vigesima
2890 5786 3071 5851 prima.
