4110 6306
684 305 789 359 279

685 418 953 487 mujuncti
976 417 1163 484 simus,
1186 421 1238 469 et
1258 427 1417 467 nemo
1436 413 1555 482 plus
1576 412 1743 466 altero
1764 410 2031 481 quidpiam
2053 408 2263 475 habeat,

686 526 790 563 non
830 509 977 562 dives
1020 520 1251 579 paupere
1272 548 1286 571 ,
1318 520 1423 559 non
1466 504 1625 559 herus
1662 518 1850 568 servo,
1884 518 1991 558 non
2018 504 2271 573 princeps

683 599 930 662 subdito,
962 614 1067 652 non
1099 613 1191 653 res
1234 598 1435 662 milite,
1477 612 1580 649 non
1622 594 1969 666 philosophus
2004 595 2264 661 barbaro,

683 707 783 747 nec
828 688 1043 760 sapiens
1089 690 1290 745 idiota?
1328 688 1585 743 Omnibus
1614 687 1810 756 quippe
1845 700 2007 741 unam
2051 686 2267 759 largitus

679 794 764 839 est
791 784 1117 839 nobilitatem
1142 784 1180 845 ¹,
1213 797 1332 836 cum
1362 781 1599 834 omnium
1631 780 1873 834 similiter
1908 779 2065 834 Pater
2088 779 2266 835 vocari

681 874 929 943 dignatus
956 875 1044 928 sit.
1078 873 1361 941 Postquam
1404 872 1561 941 igitur
1601 870 1737 925 hanc
1777 869 2107 926 nobilitatem
2146 885 2264 925 me-

680 966 948 1031 moravit,
992 979 1196 1018 necnon
1246 978 1533 1030 supernum
1575 962 1812 1027 donum,
1864 962 2081 1017 honoris
2126 961 2266 1016 inter

677 1058 868 1113 fratres
895 1056 1204 1127 paritatem,
1233 1064 1393 1125 atque
1419 1055 1724 1119 caritatem,
1758 1064 2035 1124 postquam
2057 1068 2087 1108 a
2121 1061 2259 1109 terra
2290 1100 2301 1107 κ

676 1147 890 1201 abduxit
917 1156 970 1202 et
994 1147 1127 1201 caelo
1147 1144 1337 1213 al‘lixit,
1360 1146 1634 1199 videmnus
1654 1143 1777 1214 quid
1803 1143 2054 1215 deinceps
2073 1155 2261 1215 petere

674 1239 854 1308 jnbeat
885 1255 897 1291 :
932 1252 1052 1291 nam
1098 1238 1200 1293 hoc
1234 1253 1445 1308 quoque
1482 1236 1680 1292 dictum
1720 1237 1897 1292 omnis
1924 1237 2134 1293 virtutis
2157 1236 2258 1293 do-

674 1328 899 1382 ctrinam
922 1330 1157 1383 inserere
1178 1331 1336 1383 valet.
1352 1328 1483 1382 Nam
1505 1328 1595 1398 qui
1613 1328 1819 1383 Patrem
1838 1328 2045 1383 vocavit
2063 1328 2256 1396 Deum,

672 1429 726 1472 ct
764 1418 973 1473 Patrem
1004 1433 1338 1473 communem
1364 1460 1379 1483 ,
1414 1418 1536 1489 jure
1570 1418 1726 1474 talem
1766 1421 2016 1475 exhibeat
2052 1421 2213 1476 vitam
2238 1465 2252 1487 ,

674 1526 774 1578 qua
815 1511 913 1565 hac
954 1510 1270 1566 nobilitate'
1313 1512 1560 1580 indignus
1610 1525 1713 1566 non
1755 1512 2027 1575 videatur,
2067 1520 2124 1568 et
2163 1529 2258 1583 par

670 1601 812 1653 dono
847 1600 1080 1656 studium
1118 1611 1356 1672 przesmt.
1388 1602 1581 1656 Verum
1619 1601 1722 1657 hoc
1758 1616 1862 1657 non
1892 1611 1976 1658 sat
2012 1603 2087 1657 illi
2117 1601 2251 1671 fuit;

670 1692 762 1745 sed
792 1691 935 1747 aliud
966 1692 1111 1747 addit
1136 1694 1202 1747 ita
1227 1694 1449 1762 loquens
1475 1714 1487 1748 :
1513 1694 1867 1761 Sancti/iretur
1886 1711 2066 1749 nomen
2088 1704 2250 1750 tuum.

670 1783 833 1853 Digna
857 1785 1091 1855 precatio
1115 1785 1229 1854 ejus
1256 1787 1341 1856 qui
1374 1787 1536 1839 Deum
1566 1796 1717 1840 vocat
1738 1785 1946 1842 Patrem
1970 1787 2014 1853 ⁸,
2041 1796 2094 1843 ιιι
2120 1787 2251 1843 nihil

671 1886 813 1943 petat
844 1886 967 1931 ante
996 1876 1168 1931 Patris
1194 1878 1415 1946 gloriam
1443 1920 1456 1943 ,
1484 1879 1579 1933 sed
1622 1880 1797 1933 omnia
1831 1889 2113 1949 postponat
2137 1881 2253 1951 ejus

665 1968 930 2022 laudibus.
961 1968 1092 2024 illud
1119 1969 1282 2029 enim.
1313 1969 1692 2038 Sancti/iretur,
1723 1969 1823 2025 hoc
1848 1969 1946 2026 sibi
1980 1971 2110 2036 vult,
2138 1972 2253 2042 glu-

664 2059 922 2115 riﬁcetnr.
952 2058 1065 2115 Sibi
1099 2075 1326 2129 namque
1357 2062 1633 2130 prout-iam
1672 2059 1827 2116 habet
1867 2061 2091 2129 gloriam
2134 2064 2248 2131 ple-

663 2168 807 2217 nam,
833 2153 910 2206 sic
937 2167 1149 2220 semper
1176 2160 1496 2205 manentem.
1526 2150 1779 2205 Orantem
1805 2166 1932 2207 vero
1952 2153 2104 2221 jubet
2128 2168 2248 2222 pre-

660 2243 767 2297 cari
793 2283 808 2305 ,
841 2250 896 2295 ut
925 2258 1016 2311 per
1048 2243 1206 2296 vitam
1234 2252 1474 2297 noStram
1516 2243 1842 2311 gloriticetur
1875 2243 2054 2313 :quod
2085 2244 2245 2299 etiam

658 2350 817 2403 supra
845 2335 1056 2388 dicebat
1089 2352 1102 2388 :
1133 2333 1315 2389 Luc-eet
1347 2336 1436 2389 lux
1458 2345 1618 2389 vestra
1645 2351 1815 2388 coram
1845 2336 2158 2402 hominibus,
2192 2348 2246 2391 ut

655 2427 855 2478 rideant
880 2442 1032 2495 opera
1059 2429 1186 2479 bona
1213 2434 1394 2493 vestra,
1418 2436 1465 2479 et
1490 2426 1774 2497 gloriﬁcent
1803 2425 2009 2480 Patrem
2028 2439 2245 2482 vestrum

654 2516 741 2581 qui
764 2517 816 2569 in
846 2517 983 2570 rtrh's
1006 2526 1078 2569 est
1106 2516 1318 2584 (Matth.
1349 2516 1401 2571 5.
1436 2517 1520 2583 16)
1571 2514 1702 2568 Nam
1731 2515 2012 2587 Seraphini
2036 2518 2242 2587 gloriﬁ-

652 2618 834 2661 cantes
868 2607 1051 2672 Deum,
1082 2607 1161 2661 sic
1194 2606 1441 2663 dicebant
1470 2623 1482 2658 :
1513 2606 1754 2672 Sanctus,
1784 2616 2008 2673 sanctus,
2036 2618 2241 2664 sanctus

652 2697 800 2753 llsai.
833 2701 885 2751 ti.
917 2698 993 2766 ὃ).
1026 2698 1203 2768 Itaque
1235 2697 1383 2759 illud,
1415 2696 1796 2765 Sancti/iretur,
1830 2698 1878 2751 id
1903 2707 2004 2762 est,
2036 2698 2239 2767 glorill-

648 2797 815 2841 cetnr.
843 2787 1060 2857 Largire
1090 2787 1243 2841 nobis
1263 2828 1277 2853 ,
1310 2788 1510 2855 inquit.
1540 2798 1595 2841 ut
1624 2789 1694 2841 ita
1723 2802 1852 2856 pure
1882 2790 2151 2855 vivamus,
2180 2798 2239 2843 ut

648 2893 743 2947 per
768 2894 863 2931 nas
891 2887 943 2931 te
970 2891 1156 2932 omnes
1184 2876 1501 2946 gloriﬁcent.
1535 2878 1588 2931 Id
1616 2879 1754 2948 quod
1785 2894 1967 2933 rursus
1995 2878 2238 2948 philoso-

648 2966 784 3035 pltizc
809 2977 891 3021 est
916 2966 1184 3035 perl‘eettc,
1210 2968 1368 3022 vitam
1397 2969 1467 3023 ita
1494 2968 2013 3037 irreprehensibiletn
2041 2969 2096 3023 in
2123 2986 2239 3025 om-

646 3058 804 3110 nibus
828 3058 1083 3111 exhibere
1105 3098 1120 3120 ,
1156 3067 1213 3111 ut
1252 3058 1492 3113 videntes
1532 3059 1722 3128 singuli
1770 3060 1998 3115 Domino
2026 3076 2123 3131 pro
2153 3061 2237 3117 his

646 3148 854 3203 Iaudem
880 3148 1134 3205 referant.
1165 3148 1252 3204 10.
1278 3149 1522 3203 Adveniet
1545 3166 1754 3220 regnant
1781 3160 1941 3205 tamn.
1966 3152 2079 3207 Hoc
2101 3167 2233 3223 quo-

644 3257 746 3309 que
783 3242 919 3312 grati
952 3241 1210 3311 probique
1238 3240 1326 3293 lilii
1358 3242 1556 3296 dictum
1599 3252 1680 3298 est
1704 3283 1718 3307 ,
1751 3243 1841 3313 qui
1880 3258 1987 3298 non
2033 3245 2233 3301 haereat

643 3333 800 3387 rebus
826 3332 927 3386 sub
953 3341 1226 3401 aspectum
1250 3333 1581 3397 cadentibus,
1610 3348 1781 3402 neque
1809 3337 2087 3403 praesentia
2116 3352 2230 3391 ma.

641 3424 725 3493 gni
757 3423 1031 3493 quidpiam
1058 3437 1178 3477 esse
1209 3432 1385 3491 putet;
1415 3423 1509 3477 scd
1536 3422 1605 3477 ad
1638 3434 1840 3492 patrem
1868 3439 2081 3495 semper
2110 3436 2229 3481 ten-

639 3516 761 3577 dat,
794 3526 845 3569 et
884 3513 1056 3569 futura
1093 3523 1365 3584 exSpectet
1390 3556 1404 3579 ,
1435 3515 1575 3584 quod
1617 3530 1681 3569 ex
1724 3517 2049 3572 conscientia
2089 3518 2227 3574 bona

638 3604 829 3666 oritur,
862 3613 916 3658 et
940 3620 1007 3661 ex
1036 3604 1211 3659 anima
1238 3621 1266 3658 a
1300 3604 1525 3659 terrenis
1554 3605 1713 3659 rebus
1742 3609 2010 3675 expedita.

707 3697 758 3752 5.
784 3697 1062 3751 Adventum
1085 3698 1227 3767 regni
1248 3695 1345 3749 Dei
1364 3696 1613 3765 quomodo
1634 3695 1988 3750 desideraverit
2007 3696 2222 3755 Paulus.

648 3785 818 3841 Virtus
842 3804 940 3841 non
963 3803 1026 3841 ea:
1039 3787 1207 3841 studio
1230 3795 1399 3840 nostro
1416 3794 1631 3862 tantum,
1650 3786 1742 3839 sed
1758 3786 1906 3839 etiam
1925 3803 1988 3841 ex
2006 3804 2228 3858 superna
2278 3862 2281 3863 ν

635 3880 800 3949 gratia
826 3879 1023 3944 pendet.
1046 3908 1113 3917 —
1133 3877 1244 3931 IIoc
1268 3878 1407 3931 enim
1435 3877 1631 3931 Paulus
1659 3878 1881 3946 singulis
1910 3879 2097 3934 diebus
2125 3882 2222 3934 de-

634 3968 896 4021 siderabat
915 4008 929 4031 ,
972 3967 1195 4034 itlt'oqtte
1221 3965 1431 4022 dicebat
1462 3983 1474 4019 ε
1506 3964 1574 4019 Et
1605 3967 1703 4036 ipsi
1740 3968 1989 4034 primitias
2015 3971 2223 4037 spiritus

635 4065 866 4117 habentes
918 4064 1324 4130 t'nqenn'scimus,
1380 4062 1701 4129 adoptionem
1762 4062 1979 4127 ﬁliorum
2046 4081 2221 4134 01'ij-

634 4165 858 4215 cmntes,
908 4153 1297 4222 redemptionem
1345 4152 1571 4221 corporis
1614 4152 1772 4203 nostri
1819 4151 1993 4220 (Rom.
2022 4152 2076 4207 8.
2105 4152 2219 4221 2'5).

633 4248 729 4313 Qui
774 4247 915 4299 enim
948 4242 1051 4297 hoc
1078 4258 1260 4298 amare
1301 4255 1487 4312 captus
1525 4251 1637 4305 est.
1689 4257 1861 4313 neque
1902 4242 2059 4312 hujus
2100 4242 2222 4297 vita:

632 4335 786 4388 benis
814 4336 982 4389 iullari
1014 4342 1205 4405 potest,
1237 4349 1409 4403 neque
1437 4334 1596 4387 rebus
1626 4333 1866 4388 adversis
1894 4333 2051 4403 dejici
2082 4350 2096 4387 :
2126 4335 2222 4391 sed

632 4446 693 4481 ac
722 4429 764 4481 si
797 4428 848 4481 in
874 4428 1017 4481 culis
1043 4436 1364 4487 versaretur,
1389 4426 1456 4479 ab
1486 4434 1706 4494 utraque
1736 4424 1835 4479 hac
1862 4425 2222 4495 inaequalitate

635 4519 884 4570 itmnunis
910 4526 1012 4571 est.
1042 4514 1160 4568 Fiat
1181 4516 1410 4569 voluntas
1436 4525 1517 4568 tua
1548 4516 1675 4569 sicut
1702 4516 1756 4568 in
1782 4514 1907 4570 carlo
1924 4516 2042 4569 etin
2063 4525 2216 4571 terra.

568 4588 571 4591 I
640 4608 878 4661 Vidi-lin”
909 4608 1163 4677 Optimam
1192 4606 1422 4659 seriem?
1450 4605 1607 4659 .lnssit
1640 4606 1783 4661 enim
1814 4604 1988 4660 futura
2018 4621 2219 4662 concu-

633 4699 859 4767 piscere,
892 4707 943 4750 et
971 4696 1035 4750 ad
1064 4697 1200 4750 illam
1227 4696 1706 4765 peregrinationem
1736 4696 2020 4752 festinare:
2044 4697 2219 4754 donec

632 4802 809 4846 autem
843 4792 892 4844 id
922 4791 1155 4851 eveniat,
1187 4790 1271 4844 hic
1296 4790 1552 4859 degentes
1576 4802 1785 4853 curare,
1815 4798 1872 4841 ut
1900 4803 1995 4859 par
2017 4792 2215 4847 cretesti

634 4883 843 4936 vivendi
887 4894 1055 4950 genus
1080 4880 1444 4935 exhibeanms.
1479 4878 1610 4933 Nam
1635 4878 1824 4933 ett-lum
1853 4880 2066 4949 quidem
2086 4923 2101 4947 ,
2131 4882 2216 4936 in-

631 4974 765 5043 quit,
798 4981 848 5026 et
874 4970 1102 5025 ca-Iestia
1130 4972 1566 5039 concupiscamus
1594 4971 1949 5038 onortctzsed
1981 4980 2034 5027 et
2058 4982 2214 5028 ante-

631 5079 790 5134 quam
841 5064 891 5117 in
939 5062 1127 5117 cmlum
1172 5062 1560 5126 concedamus,
1605 5077 1669 5117 ex
1722 5073 1860 5117 terra
1901 5063 2087 5118 cmlum
2116 5079 2213 5118 nos

697 5217 713 5247 ί
751 5212 932 5278 borch,
958 5226 1101 5262 unum
1126 5212 1326 5278 largitus
1338 5218 1409 5263 est
1428 5213 1773 5278 cognationem;
1797 5215 1955 5265 minus
1970 5224 2124 5266 recte.

696 5280 716 5308 ¹
752 5276 934 5333 MoreL,
967 5276 1257 5336 cognatione.

698 5340 717 5368 ³
758 5354 781 5383 ι
798 5336 1129 5410 sanctificata
1153 5342 1542 5410 adsumuntur.»
1576 5336 1733 5401 Digna
1760 5338 2097 5410 precatio-ejus
2130 5338 2213 5399 qui

636 5408 789 5449 neunt
811 5397 1009 5447 invocet.
1035 5400 1109 5447 sic
1130 5410 1304 5447 omnes
1325 5398 1443 5463 Editi
1468 5408 1520 5447 et
1541 5397 1849 5462 matiuscripti
1874 5397 2073 5463 codices
2090 5397 2212 5463 pric-

634 5469 711 5510 ter
737 5472 849 5532 eunt
872 5473 969 5532 quo
985 5473 1104 5509 usus
1122 5467 1198 5532 est
1228 5461 1464 5532 Georgius
1475 5460 1840 5529 napeauntius,
1860 5462 1947 5532 qui
1970 5463 2038 5532 ita
2060 5460 2205 5522 legit:

629 5518 959 5583 Sanctiﬁeetnr
969 5533 1139 5571 nomen
1148 5527 1303 5583 tuum.
1322 5518 1680 5583 ln'gnaprorsus
1692 5533 1748 5571 eo
1756 5522 1840 5583 qui
1852 5518 2006 5571 Deum
2020 5518 2210 5572 Patrem

631 5580 887 5646 appellarit
917 5583 1086 5632 motio.
1111 5582 1290 5632 Placuit
1314 5580 1435 5644 ergo
1454 5580 1525 5631 illi
1555 5580 1703 5632 lectio
1718 5580 2017 5646 crteca_,qu:e
2041 5583 2205 5642 habet,

626 5644 707 5700 .131;
809 5658 871 5695 τὸν
900 5658 989 5696 Θεὸν
1008 5658 1150 5707 “nisi
1166 5656 1355 5702 meum,
1370 5657 1391 5704 ἡ
1407 5657 1489 5708 ὠχτί
1503 5683 1515 5703 ,
1544 5651 1595 5694 ct
1614 5653 1704 5701 cst,
1723 5644 1885 5707 procul
1910 5644 2072 5702 dubio,
2086 5659 2208 5708 pra:-

627 5710 764 5752 ltz‘t'un
800 5719 845 5752 '4.

627 5710 845 5755 τευ-ηυδε.

1412 296 1469 354 S.
1509 295 1784 354 JOANNIS
1820 293 2299 354 CIIRYSOSTOMI
2336 296 2655 355 ARCHIEP.
2688 299 3225 361 CONSTANTINOP.

3861 308 3948 363 9.80

2379 410 2555 467 tacere
2590 411 2773 481 jubet,
2819 422 2875 469 et
2901 414 2955 469 in
2988 424 3130 471 terra
3161 422 3439 472 versantes
3466 430 3532 471 ac
3558 419 3602 473 si
3634 419 3689 472 in
3716 418 3844 474 cado
3870 419 3952 474 ἀρε

2374 515 2624 571 geremus
2646 543 2663 571 ,
2712 503 2789 560 sic
2816 504 2995 560 omnia
3038 505 3217 562 facere
3255 516 3311 563 et
3351 507 3551 573 dicere,
3582 519 3747 580 atque
3774 509 3873 566 hac
3896 510 3952 567 de

2374 606 2533 648 causa
2560 594 2842 652 Dominum
2869 598 3074 668 precari
3101 610 3372 670 oportere.
3403 601 3544 659 Nihil
3572 604 3716 661 enim
3749 608 3956 677 impedit

2374 686 2680 754 quominus,
2710 689 2811 743 etsi
2857 689 2908 743 in
2953 699 3094 745 terra
3125 690 3462 759 habitemus,
3507 696 3573 751 ad
3612 711 3956 766 stupet-narum

2373 773 2629 831 virtutum
2657 777 2991 834 sedulitatem
3028 794 3093 835 ac
3128 780 3460 852 diligentiam
3488 785 3810 856 attingamus
3836 805 3849 840 :
3872 788 3961 842 sed

2373 879 2658 934 possumus
2681 866 2770 923 hic
2798 868 3099 926 habitantes
3121 915 3135 937 ,
3166 872 3317 943 quasi
3343 874 3453 942 jam
3481 876 3531 928 in
3561 877 3700 931 cmlo
3724 890 3958 933 essemus

2371 958 2549 1013 omnia
2568 959 2762 1017 facere.
2776 960 2927 1029 Quod
2945 964 3102 1034 igitur
3127 964 3279 1029 dicit,
3305 965 3609 1037 huiusmodi
3633 978 3719 1025 est
3733 989 3746 1025 :
3761 970 3956 1038 Quem-

2369 1048 2656 1107 admodum
2686 1052 2755 1107 ibi
2791 1055 2968 1109 omnia
2999 1049 3115 1110 sine
3158 1056 3542 1126 impedimento
3572 1060 3745 1126 ﬁunt,
3792 1076 3962 1132 neque

2368 1141 2543 1210 angeli
2589 1143 2749 1198 modo
2786 1145 3035 1211 audiunt,
3083 1145 3245 1202 modo
3264 1146 3414 1217 jussa
3453 1159 3839 1216 contemnunt,
3872 1152 3961 1207 sed

2370 1229 2423 1284 in
2453 1232 2701 1289 erunibus
2724 1233 2924 1291 ceduat
2946 1245 2999 1290 et
3022 1237 3416 1307 obsequuntur;
3448 1256 3571 1296 nam
3599 1243 3695 1310 ait,
3719 1242 3961 1301 Potentes

2364 1321 2560 1385 uirtute,
2584 1323 2824 1391 faciane:
2846 1327 3046 1383 verbum
3066 1328 3205 1383 illius
3220 1327 3393 1401 (Psal.
3416 1330 3535 1387 £03.
3554 1331 3648 1403 20)
3671 1335 3785 1389 :sic
3803 1336 3960 1392 etiam

2366 1413 2522 1477 nobis
2545 1414 2849 1471 hominibus
2868 1417 3063 1488 largire
3085 1428 3141 1473 ut
3163 1435 3270 1475 non
3297 1436 3361 1477 ex
3384 1421 3606 1478 dimidio
3628 1423 3959 1482 voluntatem

2365 1510 2508 1556 tuam
2538 1501 2828 1571 faciamus,
2870 1507 2963 1562 sed
3006 1509 3183 1563 omnia
3214 1517 3272 1565 ut
3294 1511 3375 1567 vis
3404 1510 3746 1582 impleamus.
3780 1515 3946 1571 Viden

2361 1592 2630 1661 quomodo
2655 1595 2902 1652 modeste
2930 1612 3089 1668 agere
3112 1598 3340 1668 doceat,
3387 1602 3679 1667 ostendens
3708 1606 3960 1661 virtutem

2363 1698 2468 1738 non
2494 1698 2560 1739 ex
2591 1695 2777 1741 nostro
2818 1688 2995 1743 studio
3025 1699 3227 1745 tantum
3248 1732 3263 1757 ,
3313 1689 3410 1747 sed
3440 1694 3602 1750 etiam
3629 1710 3699 1751 ex
3728 1711 3958 1768 superna

2361 1777 2528 1847 gratia
2560 1778 2831 1848 pendere?
2858 1780 3097 1852 Itemque
3133 1784 3297 1839 tutius
3325 1785 3473 1841 orbis
3497 1788 3921 1845 sollicitudinem
3946 1832 3958 1853 .

2360 1881 2458 1921 nos
2477 1870 2566 1938 qui
2592 1884 2809 1925 oramus
2831 1871 3070 1942 singulos
3095 1887 3285 1944 gerere
3310 1876 3570 1946 prmcipit.
3598 1876 3791 1949 Neque
3817 1881 3956 1935 enim

2357 1956 2523 2024 dixit,
2573 1959 2692 2015 Fiat
2735 1961 2979 2017 voluntas
3011 1974 3095 2042 tua
3140 1964 3195 2019 in
3224 1979 3339 2031 me,
3383 1974 3474 2022 aut
3500 1967 3552 2022 in
3586 1968 3780 2034 nobis;
3830 1970 3956 2035 sed,

2359 2048 2567 2120 Ubique
2599 2060 2861 2108 terrarum
2883 2094 2898 2117 ,
2928 2062 2985 2109 ιιι
3026 2070 3179 2109 error
3206 2056 3465 2112 avellatur
3493 2068 3547 2113 et
3589 2058 3793 2114 veritas
3820 2059 3954 2114 inse-

2356 2154 2537 2209 ratur,
2567 2146 2848 2215 omnisque
2877 2147 3109 2217 nequitia
3134 2147 3445 2203 eliminetur
3464 2190 3480 2217 ,
3512 2151 3683 2206 virtus
3712 2162 3957 2205 reverta-

2356 2241 2459 2298 tur,
2490 2243 2651 2305 atque
2678 2235 2730 2289 in
2754 2235 2839 2290 illa
2860 2235 3081 2291 colenda
3104 2236 3237 2291 nihil
3258 2236 3512 2308 deinceps
3529 2239 3743 2294 diﬂ'erat
3762 2240 3953 2295 cazlum

2352 2339 2381 2378 a
2414 2332 2574 2382 terra.
2613 2324 2746 2380 Nam
2789 2327 2834 2380 si
2879 2327 3006 2381 illttd
3046 2327 3167 2393 liat,
3214 2330 3411 2399 inquit,
3461 2329 3593 2385 nihil
3622 2345 3860 2400 snperna
3890 2333 3956 2386 ab

2356 2416 2698 2474 inferioribus
2726 2417 3138 2488 discrepabunt,
3186 2422 3395 2477 etiamsi
3443 2432 3629 2476 natura
3661 2423 3951 2485 differant.

2352 2525 2475 2563 cum
2520 2509 2723 2565 scilicet
2750 2511 2969 2579 angelos
2999 2511 3135 2567 alios
3166 2513 3321 2567 nobis
3352 2522 3492 2568 terra
3523 2514 3825 2571 exhibebit.
3862 2517 3950 2571 11.

2351 2597 2546 2652 Ρωιεηι
2575 2609 2803 2653 nostrum
2829 2600 3175 2670 quotidianum
3205 2604 3273 2655 da
3298 2604 3442 2658 nobis
3466 2604 3633 2659 hodie.
3663 2604 3809 2672 Quid
3835 2617 3949 2671 est,

2347 2686 2545 2743 Panem
2597 2692 2869 2744 ἐπιούσιονῖ
2910 2690 2966 2745 Id
3011 2701 3133 2756 est,
3177 2694 3567 2763 quotidianum.
3616 2696 3757 2765 Quia
3804 2699 3948 2752 enim

2344 2780 2551 2834 d.Xerat
2575 2822 2589 2848 ,
2620 2780 2742 2836 Fiat
2769 2784 2999 2838 uoluntas
3025 2793 3112 2838 tua
3131 2827 3147 2851 ,
3190 2787 3321 2840 sicut
3363 2788 3416 2840 in
3454 2790 3580 2843 casto
3609 2800 3655 2842 et
3686 2791 3740 2844 in
3772 2802 3910 2846 terra
3930 2810 3948 2847 :

2346 2870 2698 2941 hominesque
2727 2873 3102 2943 alloquebatur
3128 2891 3291 2932 carne
3321 2877 3535 2934 indutos
3558 2923 3575 2947 ,
3613 2891 3668 2937 et
3699 2886 3946 2940 necessi-

2346 2961 2437 3014 tati
2467 2969 2669 3015 natura:
2693 2963 2979 3032 subjectos,
3011 2966 3101 3035 qui
3129 2982 3236 3022 non
3269 2968 3478 3037 possint
3500 2971 3747 3028 eamdem
3781 2991 3947 3046 quam

2341 3051 3022 3120 angeliimpassibilitatem
3052 3054 3251 3111 habere
3272 3073 3284 3110 :
3308 3068 3567 3129 przccepta
3596 3061 3823 3132 quidem
3848 3081 3951 3121 nos

2339 3140 2562 3210 exsequi
2599 3141 2749 3210 jubet
2771 3184 2784 3208 ,
2826 3144 3051 3213 perinde
3074 3156 3237 3217 atque
3275 3162 3338 3203 ea
3364 3149 3589 3219 implent
3613 3161 3669 3207 et
3697 3153 3813 3221 illi;
3848 3156 3947 3213 sed

2338 3231 2632 3289 inﬁrmitati
2662 3248 2866 3291 natura:
2895 3236 3155 3309 deinceps
3200 3253 3321 3295 sese
3362 3244 3757 3301 accommodat.
3808 3247 3946 3304 Nam

2335 3326 2665 3397 diligentiam
2686 3370 2699 3393 ,
2746 3331 2943 3398 inquit,
2983 3331 3034 3385 in
3067 3331 3188 3387 vita:
3220 3332 3464 3389 instituto
3491 3348 3674 3404 parem
3704 3352 3943 3409 expeto,

2335 3415 2428 3471 scd
2465 3432 2568 3470 non
2608 3418 3124 3487 impassibilitatetn;
3171 3435 3344 3491 neque
3386 3422 3530 3479 enim
3576 3425 3627 3479 id
3674 3430 3951 3496 permittit

2336 3517 2539 3563 naturae
2585 3509 2861 3579 tyrannis:
2886 3523 3022 3581 opus
3057 3512 3199 3567 enim
3250 3512 3408 3569 habet
3441 3519 3756 3574 necessario
3792 3522 3945 3578 cibo.

2334 3597 2413 3652 'I‘u
2441 3613 2568 3653 vero
2599 3599 2727 3654 mihi
2744 3600 3067 3656 consideres
3105 3602 3269 3657 velim
3294 3644 3312 3671 ,
3353 3605 3513 3661 etiam
3546 3607 3599 3662 in
3628 3615 3946 3681 corporali-

2333 3690 2433 3744 bus
2464 3691 2746 3759 plurimum
2775 3692 3165 3760 spiritualitatis
3206 3695 3407 3752 inesse.
3439 3696 3625 3770 Neque
3652 3703 3807 3758 enim
3841 3720 3947 3774 pro

2333 3787 2593 3855 pecuniis,
2625 3801 2797 3856 neque
2827 3803 2923 3857 pro
2946 3788 3171 3855 deliciis,
3199 3805 3372 3860 neque
3395 3807 3493 3861 pro
3517 3795 3752 3851 vestium
3779 3811 3944 3853 sutu-

2330 3877 2527 3946 ptihus,
2576 3877 2657 3933 vel
2707 3892 2802 3948 pro
2844 3879 2951 3932 alio
2994 3880 3244 3950 qquiam
3286 3882 3482 3951 simili,
3532 3883 3627 3941 sed
3659 3900 3763 3956 pro
3796 3903 3943 3960 pane

2330 3978 2533 4049 tantum
2568 3970 2726 4039 jussit
2767 3971 3065 4026 orationem
3106 3973 3312 4037 emitti,
3354 3982 3410 4029 et
3454 3991 3550 4046 pro
3576 3992 3718 4047 pane
3743 3984 3941 4050 quoti-

2328 4060 2508 4123 tliano,
2542 4060 2612 4115 it‘a
2646 4073 2699 4116 ut
2729 4062 2797 4117 de
2824 4065 3061 4119 crastino
3094 4066 3306 4121 solliciti
3337 4084 3444 4124 non
3470 4072 3662 4129 simus.
3693 4074 3941 4148 Ideoque

2330 4150 2552 4213 addidit,
2585 4150 2778 4204 Panem
2800 4158 3054 4219 timebam,
3103 4157 3152 4211 id
3180 4166 3283 4224 est,
3315 4160 3708 4229 quotidianum.
3739 4166 3938 4237 Neque

2330 4238 2433 4293 huc
2462 4248 2745 4297 cunteutus
2770 4241 2871 4297 fuit
2900 4244 3064 4300 verbo
3086 4288 3101 4312 ,
3143 4247 3237 4303 sed
3266 4258 3321 4303 et
3360 4249 3501 4306 aliud
3543 4252 3799 4321 addidit,
3848 4256 3939 4311 Da

2328 4330 2469 4385 nobis
2492 4331 2659 4397 hodie,
2693 4333 2761 4387 ita
2790 4342 2845 4387 ut
2872 4348 2979 4389 non
3002 4336 3238 4393 ulterieri
3264 4336 3367 4394 diei
3394 4341 3644 4397 crastina:
3667 4358 3805 4399 cura
3834 4361 3939 4401 nos

2329 4430 2691 4491 torqueamus.
2716 4422 2884 4494 Cujus
2908 4427 3050 4481 enim
3095 4427 3200 4483 diei
3249 4431 3426 4485 nescis
3463 4447 3532 4487 an
3576 4434 3817 4505 spatium
3850 4438 3935 4492 vi-

2326 4528 2483 4567 surus
2508 4514 2613 4577 sis,
2651 4529 2746 4569 cur
2772 4514 3185 4572 sollicitudinem
3218 4518 3423 4576 habes?
3451 4520 3563 4576 [Ioc
3589 4522 3851 4593 pluribus
3878 4527 3935 4583 in

2324 4605 2670 4673 sequentibus
2713 4606 2952 4674 praecipit
2988 4607 3170 4662 dicens
3204 4627 3217 4662 :
3254 4608 3431 4665 Nolite
3473 4613 3674 4667 solliciti
3712 4630 3830 4671 esse
3877 4619 3935 4672 in

2325 4696 2600 4749 rrastimmt
2628 4695 2839 4762 (Matth.
2860 4700 2913 4753 ti.
2932 4698 3044 4769 54).
3070 4698 3189 4753 \‘ult
3214 4702 3355 4755 enim
3381 4718 3478 4758 nos
3504 4718 3717 4775 semper
3736 4710 3932 4763 accin-

2324 4796 2440 4841 ctus
2466 4793 2523 4839 et
2549 4786 2695 4857 quasi
2716 4789 2782 4842 ad
2809 4790 3046 4842 volatum
3072 4791 3351 4859 expeditos
3379 4808 3520 4857 esse,
3546 4804 3752 4851 tantum
3782 4813 3933 4853 con-

2323 4877 2580 4932 cedentes
2607 4888 2826 4944 natum,
2850 4890 3107 4948 quantum
3159 4884 3449 4938 necessitas
3478 4901 3506 4936 a
3538 4885 3692 4940 nobis
3726 4888 3932 4958 exigit.

2324 4966 2527 5021 Deinde
2553 4968 2674 5034 quia
2702 4970 2995 5039 contingit,
3041 4970 3201 5024 etiam
3233 4985 3354 5041 post
3384 4974 3651 5029 lavacrum
3684 4992 3939 5049 regene—

2323 5060 2562 5121 rationis,
2588 5070 2643 5113 ut
2669 5076 2952 5131 peccemus
2979 5079 2993 5116 :
3019 5064 3236 5118 multam
3266 5065 3351 5120 hic
3370 5082 3583 5138 quoque
3612 5069 3931 5140 benignita-

2322 5162 2426 5205 tem
2457 5151 2715 5205 exhibens
2738 5194 2754 5215 ,
2792 5153 2944 5222 jubet
2990 5170 3085 5223 pro
3130 5167 3466 5225 peccatorum
3497 5162 3826 5217 rennssioue
3858 5163 3931 5216 ad

2323 5241 2721 5295 tttiscricurdmtt
2756 5243 2921 5297 Deum
2952 5244 3229 5309 accedere,
3258 5256 3313 5301 ct
3340 5249 3418 5303 sie
3447 5248 3629 5304 dicere
3655 5271 3668 5305 :
3693 5249 3787 5304 η.
3821 5252 3930 5305 Di-

2320 5334 2457 5385 mitte
2497 5332 2636 5385 nobis
2661 5334 2824 5386 debita
2852 5345 3023 5388 nostra
3043 5375 3059 5401 ,
3089 5337 3217 5389 sicut
3248 5349 3293 5391 et
3321 5355 3413 5394 nos
3440 5340 3738 5396 dimittimus
3770 5343 3929 5397 (1(ὺί-

2320 5424 2507 5476 toribus
2530 5426 2729 5477 nostris.
2763 5425 3006 5481 Vidistin'
3034 5429 3415 5486 misericordia:
3440 5434 3753 5490 cumulum?
3787 5436 3933 5491 Post

2322 5522 2398 5566 tot
2423 5514 2628 5566 Sublata
2657 5516 2812 5579 mala,
2851 5526 2969 5585 pust
2999 5518 3317 5575 ineffabilem
3349 5522 3611 5579 donorum
3643 5527 3932 5597 magnitu-

2317 5604 2515 5669 dinem,
2542 5620 2749 5660 rursum
2779 5618 3059 5676 percantes
3088 5612 3241 5665 venia
3271 5612 3535 5683 dignatur.
3555 5618 3704 5683 Quod
3730 5631 3933 5673 autem

2326 5695 2438 5749 hu‘t‘
2465 5698 2634 5751 oratiu
2659 5696 2895 5756 ﬁdelibus
2922 5712 3210 5775 competat,
3241 5705 3385 5778 leges
3413 5706 3666 5765 Ecclesiae
3695 5710 3929 5775 docent,
