4110 6306
532 244 639 301 283

535 362 765 418 indidit?
793 361 987 418 Deinde
1006 404 1022 428 ,
1047 368 1106 416 ut
1128 360 1239 431 jam
1269 361 1413 425 dixi,
1448 370 1503 415 ut
1535 359 1781 416 ostendat
1811 374 1869 413 se
1900 358 2118 423 injuria-

536 471 651 509 rum
698 454 1122 511 recordationem
1148 452 1379 509 maxime
1403 453 1634 507 aversari
1664 460 1717 505 et
1742 450 1865 506 odio
1892 448 2087 503 habere
2108 490 2122 511 ,

527 547 770 615 itemque
815 544 938 599 huic
979 545 1279 615 oppositam
1324 542 1571 596 virtutem
1613 541 1843 595 maxime
1887 539 2123 593 omnium

537 646 809 705 acceptam
836 636 1034 692 habere
1057 677 1071 704 ,
1110 644 1230 707 post
1269 636 1564 691 orationem
1596 647 1777 688 rursus
1803 631 1903 686 hoc
1927 632 2125 685 bonum

540 742 671 797 opus
698 730 1049 794 memoravit,
1083 736 1134 782 et
1163 743 1190 780 a
1220 718 1491 796 preposito
1528 725 1805 795 supplicio,
1837 733 1889 789 et
1930 739 1957 777 a
1998 739 2128 778 cou-

537 818 723 873 stituto
754 819 970 887 praemio
997 816 1293 871 auditorem
1339 816 1593 870 inducens
1620 814 1684 869 ad
1725 814 2123 885 obsequendum

540 909 663 962 huic
689 917 971 979 pracepto.
1000 907 1131 962 Nam
1156 907 1231 962 ait
1259 926 1272 961 :
1305 907 1389 962 Μ.
1421 907 1482 962 Si
1505 907 1789 961 dimisert'tt's
1818 907 2120 968 hominibus.

537 1002 686 1055 etiam
719 999 875 1055 Pater
901 1011 1061 1055 vester
1083 1001 1293 1055 micatis
1320 1001 1533 1054 dimittet
1560 1001 1725 1064 vobis;
1758 1000 1843 1053 15.
1877 1001 1920 1053 si
1960 1010 2126 1053 autem

540 1108 639 1145 non
664 1092 990 1159 remiseritis,
1020 1108 1176 1162 neque
1200 1092 1307 1161 ipse
1344 1090 1477 1145 vobis
1508 1093 1741 1143 remittet.
1780 1089 1905 1144 ideo
1944 1103 2125 1143 rursus

539 1182 699 1236 ctclos
729 1192 781 1237 et
810 1181 1020 1236 Patrem
1051 1193 1457 1245 commemorat,
1491 1191 1545 1235 ut
1565 1199 1629 1235 ex
1663 1182 1764 1235 hoc
1789 1195 1999 1251 quoque
2024 1195 2120 1232 au-

536 1273 764 1328 ditorem
795 1272 997 1341 pudore
1022 1272 1239 1335 afficiet,
1273 1273 1318 1327 si
1351 1273 1480 1327 tanti
1515 1273 1683 1327 Patris
1716 1272 1852 1326 illius
1882 1286 2002 1325 cum
2033 1270 2120 1335 sit,

538 1366 683 1419 ferus
708 1363 931 1427 evadat,
961 1373 1014 1418 et
1039 1363 1104 1416 ad
1135 1364 1324 1419 ctelum
1363 1374 1599 1429 vocatus,
1645 1373 1913 1416 terrenum
1953 1374 2125 1415 saecu-

540 1455 815 1524 laremque
838 1469 1052 1509 sensum
1082 1454 1289 1508 habeat.
1320 1452 1432 1507 Non
1454 1455 1595 1508 enim
1619 1453 1785 1522 gratia
1814 1452 2007 1517 solum,
2033 1450 2123 1504 sed

540 1549 701 1603 etiam
727 1547 973 1617 operibus
1003 1545 1139 1599 filios
1165 1545 1256 1599 Dei
1279 1560 1396 1599 esse
1424 1554 1655 1613 oportet.
1687 1543 1830 1598 Nihil
1854 1550 2027 1597 autem
2052 1542 2129 1596 sic

542 1640 654 1695 Deo
683 1640 908 1695 similem
938 1639 1099 1694 eﬂicit
1131 1648 1183 1691 ut
1211 1638 1455 1708 malignis
1482 1648 1640 1707 atque
1670 1636 1981 1690 Ιςράεηῑὶϋιιε
2008 1649 2128 1690 esse

540 1730 885 1801 placabilem;
914 1727 1361 1798 quemadmodum
1389 1740 1441 1783 ct
1479 1737 1601 1783 ante
1626 1728 1841 1789 docuit,
1886 1740 2007 1780 cum
2048 1724 2122 1779 di-

541 1830 690 1876 ceret
734 1821 905 1889 ipsum
934 1820 1102 1874 Solem
1130 1836 1283 1873 suum
1314 1820 1439 1873 oriri
1471 1820 1644 1873 facere
1674 1834 1835 1887 super
1862 1817 2032 1871 malos
2076 1823 2132 1870 et

542 1910 732 1965 bonos.
762 1911 1047 1978 Propterea
1082 1926 1174 1977 per
1204 1910 1408 1980 singula
1440 1909 1598 1962 verba
1628 1921 1940 1963 communes
1977 1906 2129 1973 jubet

544 2004 720 2057 facere
746 2004 1045 2065 orationes,
1082 2000 1235 2055 Pater
1262 2013 1430 2055 noster
1460 2002 1664 2065 dicens,
1696 2012 1769 2062 et,
1807 1998 1925 2052 Fiat
1953 1997 2131 2050 colun-

543 2104 620 2149 tas
648 2105 756 2161 tua,
782 2094 908 2147 sicut
938 2096 987 2145 iu
1014 2094 1158 2157 maio,
1194 2104 1240 2145 ct
1268 2094 1318 2145 in
1346 2101 1513 2155 terra;
1541 2101 1612 2151 et,
1648 2089 1833 2143 Panem
1861 2088 1926 2140 da
1952 2085 2129 2148 nobis;

544 2195 598 2239 et
619 2226 633 2249 ,
662 2182 875 2237 Dimitte
903 2184 1042 2237 nobis
1070 2183 1235 2236 debita
1260 2194 1430 2237 nostra
1452 2197 1468 2244 ;
1499 2190 1552 2236 et
1573 2223 1585 2246 ,
1622 2180 1702 2233 Ne
1731 2196 1820 2232 nos
1848 2179 2059 2236 inducas
2080 2179 2133 2231 in

544 2274 906 2339 :eutatioucm;
942 2284 1031 2340 et,
1066 2273 1245 2328 Libera
1276 2291 1365 2327 nos
1398 2289 1416 2325 :
1445 2273 1631 2341 plurali
1665 2287 1761 2325 nos
1791 2286 2001 2339 semper
2030 2286 2131 2322 tm-

545 2383 697 2422 mcro
726 2369 798 2420 uti
822 2368 1017 2436 juhcns
1038 2409 1052 2431 ,
1084 2378 1139 2421 ut
1172 2381 1238 2422 ne
1269 2367 1547 2432 vestigium
1575 2365 1788 2434 quidem
1819 2366 1911 2417 ira:
1949 2363 2137 2417 adver-

547 2474 638 2513 sus
668 2460 965 2528 proximum
997 2458 1346 2512 retineamus.
1382 2456 1592 2523 Quanto
1624 2456 1800 2524 itaque
1828 2453 1969 2525 digni
2006 2470 2135 2523 sup-

548 2551 709 2619 plicio
741 2550 934 2603 fuerint
978 2549 1013 2602 ii
1056 2548 1144 2617 qui
1190 2557 1306 2617 post
1346 2546 1460 2599 haec
1485 2547 1662 2600 omnia
1710 2560 1814 2599 non
1854 2544 2010 2597 modo
2036 2545 2134 2612 ipsi

551 2658 655 2693 non
688 2639 993 2702 remittunt,
1022 2640 1116 2694 sed
1143 2640 1303 2695 etiam
1337 2639 1499 2694 Deum
1528 2638 1593 2690 ad
1634 2637 1920 2690 vindictam
1964 2636 2137 2688 inimi-

550 2746 732 2785 corum
764 2732 1043 2792 invocant,
1089 2740 1143 2785 et
1184 2730 1333 2799 quasi
1379 2744 1443 2783 ex
1482 2729 1746 2782 diametro
1789 2727 1924 2780 hanc
1967 2726 2135 2793 legem

554 2821 1034 2892 transgrediuntur,
1075 2829 1130 2876 et
1170 2821 1271 2875 hoc
1300 2834 1420 2875 cum
1453 2819 1540 2873 ille
1580 2819 1709 2872 nihil
1752 2831 1857 2871 non
1900 2814 2059 2870 faciat
2088 2825 2142 2870 et

551 2923 825 2978 operetur,
872 2922 927 2966 ut
971 2926 1040 2967 ne
1081 2912 1280 2966 mutuis
1323 2925 1421 2965 nos
1464 2910 1697 2965 dissidiis
1741 2908 2143 2978 disjungamus?

553 3006 685 3073 Quia
711 3005 852 3059 enim
873 3004 1019 3059 radix
1043 3003 1307 3057 bonorum
1329 3003 1565 3057 omnium
1590 3012 1674 3057 est
1696 3004 1909 3068 caritas,
1938 3015 1999 3055 ea
2025 3016 2144 3069 quae

555 3097 724 3165 ipsam
767 3094 1113 3166 pessumdant
1163 3094 1330 3158 tollit,
1376 3104 1429 3146 et
1474 3094 1706 3163 undique
1748 3108 1847 3149 nos
1891 3095 2143 3163 c0pulare

557 3187 755 3243 studet.
786 3188 972 3242 Nullus
998 3188 1140 3241 enim
1167 3195 1267 3250 est,
1297 3186 1476 3241 nullus
1496 3196 1663 3251 certe,
1694 3187 1806 3240 sive
1832 3195 2002 3256 pater,
2032 3186 2145 3239 sive

560 3292 753 3345 mater,
781 3281 892 3334 sive
920 3280 1124 3333 amicus
1143 3319 1157 3342 ,
1189 3278 1302 3332 sive
1327 3278 1501 3348 quivis
1527 3279 1664 3331 alius
1683 3319 1696 3341 ,
1726 3279 1814 3347 qui
1842 3292 1940 3333 nos
1968 3278 2039 3331 ita
2064 3277 2146 3332 di-

562 3372 772 3436 lexerit,
808 3380 862 3423 ut
884 3369 974 3439 qui
1000 3368 1123 3425 fecit
1146 3383 1245 3423 nos
1286 3370 1444 3423 Deus.
1473 3368 1708 3437 llludquc
1731 3369 1901 3438 palam
1926 3369 2145 3423 omnino

563 3471 647 3516 cst
671 3470 724 3515 et
750 3475 813 3515 ex
843 3460 1112 3515 beneticiis
1140 3475 1261 3530 qua:
1287 3458 1522 3529 quotidie
1550 3458 1797 3525 confert,
1828 3469 1883 3513 et
1912 3474 1978 3515 ex
2013 3476 2149 3530 pra:-

563 3552 733 3622 ccptis
760 3566 878 3621 qua:
898 3551 1189 3605 constituit.
1216 3550 1367 3617 Quod
1390 3549 1435 3605 si
1456 3564 1724 3605 (erumnas
1754 3550 1881 3604 mihi
1904 3550 2148 3620 objieias,

563 3644 608 3695 si
640 3643 850 3697 dolores
879 3654 1177 3713 ceteraque
1207 3640 1328 3695 vita:
1357 3642 1529 3707 mala;
1562 3642 1731 3711 cogita
1763 3642 1972 3710 quantis
2001 3641 2150 3697 illum

564 3732 802 3800 quotidie
842 3732 1109 3796 offendas,
1151 3746 1325 3801 neque
1366 3732 1501 3786 ultra
1544 3731 1853 3796 miraberis,
1901 3732 1946 3786 si
1990 3731 2149 3785 etiam

566 3823 720 3894 plura
753 3823 835 3877 his
865 3823 1003 3877 mala
1034 3832 1086 3877 te
1112 3822 1404 3887 invadant;
1433 3822 1526 3877 sed
1553 3808 1602 3876 ia
1634 3822 1773 3877 bono
1797 3822 1972 3892 aliquo
2012 3821 2153 3876 frua-

567 3915 675 3978 ris,
726 3923 850 3969 tunc
894 3928 1023 3969 sane
1065 3924 1277 3984 stupeas
1315 3928 1379 3969 ac
1408 3913 1637 3970 mireris.
1680 3913 1829 3970 Nunc
1873 3928 2032 3983 porro
2078 3914 2150 3969 ir—

568 4012 785 4062 ruentes
803 4006 1129 4071 ealamitates
1149 4005 1527 4075 conspicimus.
1551 4005 1779 4060 offensas
1796 4015 1995 4071 autem,
2008 4011 2155 4074 'quas

569 4099 805 4169 quotidie
830 4097 1176 4163 admittimus,
1206 4112 1311 4150 non
1339 4100 1391 4149 in
1420 4104 1652 4151 mentem
1683 4111 1934 4151 vocamus
1959 4114 1971 4148 :
2006 4097 2155 4150 ideo-

571 4205 676 4255 que
723 4189 935 4258 indigne
986 4188 1223 4242 ferimus.
1278 4186 1430 4255 Quod
1482 4185 1527 4240 si
1592 4186 1750 4241 unius
1790 4186 1895 4241 diei
1944 4196 2157 4256 peccata

574 4287 757 4334 nostra
787 4288 1030 4334 accurate
1057 4278 1468 4348 recogitaremus
1488 4319 1502 4341 ,
1534 4288 1658 4333 tunc
1682 4279 1825 4333 clare
1854 4292 2156 4348 nossemus,

575 4379 896 4441 quantorum
934 4372 1011 4425 rei
1043 4385 1281 4424 essemus
1323 4371 1606 4423 malorum.
1636 4371 1811 4440 Atque
1851 4379 1938 4434 ut,
1982 4372 2159 4427 missis

576 4462 695 4515 aliis
723 4476 842 4531 qua:
869 4463 1091 4531 quisque
1119 4471 1352 4515 vestrum
1384 4461 1643 4526 admittit,
1675 4461 1762 4515 illa
1795 4472 2009 4530 peccata
2039 4478 2160 4533 quae

577 4553 736 4608 hodie
760 4552 896 4607 facta
924 4561 1047 4607 sunt
1073 4566 1400 4619 recenseam,
1418 4552 1624 4608 etiamsi
1646 4568 1751 4606 non
1786 4553 1954 4609 norim
1980 4555 2031 4609 in
2055 4570 2161 4624 quo

578 4654 814 4700 vestrum
837 4645 1028 4715 singuli
1058 4645 1426 4714 peccaverint:
1453 4655 1687 4701 attamen
1716 4654 1857 4702 tanta
1897 4657 1978 4702 est
2022 4647 2163 4703 deli-

582 4749 791 4793 ctorum
832 4738 1006 4808 cepis,
1049 4746 1107 4792 ut
1145 4738 1191 4792 is
1219 4737 1401 4803 etiam,
1439 4737 1527 4807 qui
1553 4747 1802 4793 accurate
1839 4740 2011 4794 omnia
2056 4757 2160 4795 non

583 4830 731 4883 novit
754 4870 769 4894 ,
798 4827 962 4896 possit
992 4836 1169 4882 tamen
1198 4843 1263 4882 ex
1295 4828 1358 4882 iis
1387 4828 1551 4882 multa
1576 4844 1817 4899 carpere.
1867 4829 1994 4898 Quis
2036 4847 2163 4903 ergo

584 4928 823 4974 nostrum
852 4934 955 4971 non
987 4919 1164 4988 segnis
1192 4917 1288 4973 fuit
1316 4918 1369 4973 in
1407 4919 1651 4975 orando?
1689 4921 1808 4989 quis
1834 4934 1939 4975 non
1980 4922 2029 4977 in
2069 4938 2162 4975 su-

585 5010 822 5077 perbiam
864 5008 1085 5062 incidit?
1120 5009 1238 5078 quis
1279 5025 1384 5064 non
1432 5012 1483 5065 in
1522 5025 1712 5066 vanam
1756 5012 2019 5083 gloriam?
2046 5017 2164 5085 quis

584 5116 692 5154 non
723 5100 790 5154 de
819 5099 992 5153 fratris
1020 5100 1101 5153 sui
1132 5098 1267 5153 fama
1302 5102 1567 5168 detraxit,
1612 5118 1714 5158 nec
1741 5104 1935 5158 malam
1965 5119 2163 5162 concu-

587 5190 896 5259 piscentiam
944 5189 1189 5245 admisit?
1226 5190 1345 5259 quis
1390 5205 1493 5245 non
1538 5193 1819 5262 impudicis
1860 5196 2030 5251 oculis
2077 5213 2165 5252 re-

589 5280 801 5350 spexit?
828 5285 946 5350 quis
976 5296 1080 5335 non
1113 5282 1309 5336 inimici
1340 5297 1458 5337 cum
1488 5285 1647 5339 animi
1687 5296 1835 5341 motu
1860 5288 2167 5345 recordatus

586 5373 710 5427 est?
737 5374 855 5441 quis
884 5388 987 5428 non
1018 5388 1111 5428 cor
1139 5388 1295 5430 suum
1322 5384 1531 5433 tumore
1556 5379 1817 5450 replevit?
1845 5380 1997 5449 Quod
2038 5382 2083 5437 si
2114 5384 2166 5439 in

591 5463 811 5519 ecclesia
842 5479 961 5517 cum
990 5466 1190 5533 simus,
1218 5467 1471 5538 brevique
1507 5477 1746 5540 tempore
1789 5481 1866 5527 tot
1906 5474 2168 5530 malorum

588 5554 665 5609 rei
695 5554 817 5608 facti
848 5570 1061 5621 sumus,
1093 5560 1307 5628 quinam
1334 5559 1532 5615 erimus
1552 5599 1568 5626 ,
1601 5561 1723 5616 inde
1748 5563 1987 5634 egressi?
2024 5566 2068 5620 si
2114 5566 2166 5621 in

591 5657 745 5719 portu
780 5659 856 5707 tot
884 5647 1070 5703 ﬂuctus
1093 5689 1107 5716 ,
1146 5665 1267 5706 cum
1295 5652 1498 5722 egressi
1536 5654 1790 5711 fuerimus
1832 5657 1883 5712 in
1919 5658 2163 5730 euripum

1264 242 1319 298 S.
1361 240 1640 299 JOANNIS
1675 240 2145 298 CHRYSOSTOMI
2189 238 2501 299 ARCHIEP.
2543 242 3073 305 CONSTANTlNOP.

3729 249 3837 306 ‘23}

2239 359 2515 427 malorum,
2552 361 2601 413 in
2635 362 2805 416 forum
2834 363 2972 427 dico,
2996 372 3050 418 et
3080 363 3277 418 urbana
3309 364 3544 434 negotia,
3572 362 3837 418 domesti-

2233 466 2427 522 casque
2452 470 2628 519 curas,
2662 471 2724 507 an
2759 457 3050 523 poterimus
3077 458 3161 513 vel
3194 472 3292 511 nos
3322 456 3467 525 ipsos
3493 456 3833 525 agnoscere?

2232 545 2479 600 Attamen
2512 547 2576 600 ad
2610 555 2682 600 tut
2716 556 2964 616 tantaque
2986 548 3211 603 eluenda
3238 561 3453 617 peccata
3479 547 3836 618 compendio-

2231 652 2344 690 satu
2371 638 2522 691 nobis
2547 646 2600 692 et
2629 638 2831 693 facilem
2856 640 3009 694 nobis
3036 641 3172 694 Deus
3193 641 3332 695 viam
3359 640 3542 705 dedit,
3574 640 3835 709 omnique

2232 726 2413 781 labore
2452 742 2691 782 vacuam.
2726 729 2855 796 Quis
2894 730 3044 784 labor
3081 730 3259 794 enim,
3295 731 3542 800 iniuriam
3576 729 3833 784 inferenti

2231 819 2531 876 dimittere?
2562 820 2739 875 Labor
2766 822 2943 901 utique
2972 832 3054 878 est
3097 822 3150 878 in
3187 838 3294 877 non
3324 821 3651 878 remittendo
3674 864 3689 886 ,
3737 820 3832 875 sed

2230 912 2509 965 retinendo
2532 912 2892 977 inimicitiam;
2919 925 2975 968 ut
2995 929 3026 967 e
3048 914 3317 969 contrario
3339 914 3384 967 si
3406 916 3481 967 ira
3504 913 3827 983 deponatur,

2232 1001 2282 1055 id
2326 1018 2568 1072 magnam
2611 1003 2746 1071 parit
2788 1004 3265 1075 tranquillitatem,
3302 1018 3494 1075 resque
3536 1002 3832 1058 admodum

2230 1102 2311 1146 est
2338 1094 2532 1148 volenti
2564 1094 2751 1149 facilis.

2303 1185 2355 1241 8.
2405 1183 2611 1240 Precor-5
2642 1197 2814 1241 contra
2846 1189 3074 1243 inimicos
3102 1205 3255 1258 quam
3285 1190 3421 1242 mala
3447 1205 3626 1242 res.—
3644 1186 3832 1257 Neque

2231 1279 2372 1331 enim
2400 1294 2532 1347 opus
2564 1288 2646 1332 est
2674 1282 2839 1334 maria
2872 1278 3217 1334 transfretare
3242 1322 3256 1342 .
3289 1296 3462 1349 neque
3491 1280 3710 1349 longam
3736 1294 3833 1347 pe-

2233 1368 2645 1437 regrinationem
2678 1369 2951 1438 suscipere
2975 1410 2990 1433 ,
3030 1384 3209 1440 neque
3238 1370 3497 1424 montiqu
3534 1369 3662 1439 juga
3695 1383 3832 1422 con-

2233 1458 2521 1524 scendcre,
2557 1474 2730 1528 neque
2761 1461 3014 1529 pecunias
3044 1442 3353 1530 impendere
3374 1502 3389 1526 ,
3423 1475 3595 1529 neque
3634 1472 3834 1527 corpus

2232 1563 2523 1612 macerare,
2550 1551 2643 1604 sed
2670 1552 2807 1605 velle
2836 1561 3038 1605 tantum
3069 1552 3293 1616 sul’licit,
3323 1561 3376 1606 et
3401 1552 3579 1605 omnia
3614 1561 3833 1619 peccata

2233 1644 2531 1697 solvuntur.
2561 1643 2615 1699 Si
2649 1659 2776 1699 vero
2804 1660 2907 1697 non
2938 1645 3109 1698 solum
3143 1644 3257 1713 ipse
3296 1659 3404 1697 non
3429 1643 3706 1709 remittas,
3736 1641 3832 1696 sed

2233 1736 2392 1788 etiam
2426 1736 2588 1790 Deum
2614 1746 2797 1790 contra
2821 1736 2969 1789 illum
3000 1726 3260 1804 preceris,
3282 1749 3441 1804 quam
3465 1742 3649 1802 postea
3678 1748 3835 1803 spem

2243 1824 2439 1878 salutis
2462 1821 2703 1885 habebis,
2721 1835 2827 1889 quo
2850 1828 3091 1890 tempore
3130 1820 3240 1875 Deo
3266 1820 3547 1888 supplicas
3566 1820 3836 1888 illumque

2243 1913 2536 1985 propitiare.
2548 1912 2722 1979 cupis,
2737 1923 2865 1965 tunc
2882 1912 3059 1979 ipsum
3076 1926 3432 1980 exasperatis:
3459 1910 3720 1979 supplicis
3740 1911 3835 1964 ba-

2244 2005 2354 2057 hitu
2376 2004 2500 2057 ferae
2528 2018 2713 2057 vocem
2733 2004 3074 2065 cmittens,et
3102 2001 3203 2055 tela
3231 2002 3448 2069 maligni
3470 2000 3618 2054 illius
3638 2010 3830 2054 contra

2242 2098 2473 2165 teipsum
2493 2094 2804 2163 ejaculans?
2827 2093 2948 2148 Ideo
2967 2092 3167 2147 Paulus
3183 2109 3307 2147 ctttn
3327 2093 3393 2146 de
3406 2093 3658 2146 oratione
3677 2107 3833 2145 men-

2244 2191 2445 2244 tionem
2468 2189 2689 2253 faceret,
2706 2188 2838 2241 nihil
2863 2188 3034 2256 magis
3052 2185 3358 2254 requisivit,
3380 2200 3545 2253 quam
3567 2182 3707 2253 legis
3728 2183 3832 2236 hu.

2240 2285 2327 2353 jus
2340 2284 2769 2337 observationem
2794 2301 2803 2333 :
2828 2279 3076 2332 Levantes
3088 2319 3101 2341 ,
3124 2278 3315 2346 inquit,
3334 2292 3496 2344 puras
3513 2293 3701 2328 manus
3716 2276 3831 2328 sine

2243 2376 2323 2427 ira
2337 2382 2384 2427 et
2403 2372 2825 2439 disceptatione“
2844 2367 3205 2434 .Tim.‘2.8).Si
3222 2367 3365 2423 enim
3379 2382 3501 2421 cum
3522 2367 3833 2419 misericor-

2241 2462 2325 2515 dia
2355 2475 2489 2531 opus
2517 2459 2682 2515 habes
2702 2502 2716 2524 ,
2764 2474 2831 2512 ne
2876 2470 2999 2512 tunc
3030 2457 3242 2527 quidem
3274 2456 3406 2509 iram
3438 2454 3701 2518 remittis,
3744 2452 3842 2504 sed

2240 2551 2381 2604 illam
2414 2550 2670 2603 inemoria
2700 2550 2899 2603 retines
2923 2590 2937 2612 ,
2969 2550 3068 2602 etsi
3111 2547 3249 2600 scias
3290 2557 3338 2600 te
3381 2554 3564 2599 contra
3611 2544 3841 2610 teipsutu

2240 2640 2469 2709 gladium
2503 2641 2773 2710 impellere
2796 2682 2809 2706 ,
2853 2639 3066 2709 quando
3097 2639 3296 2707 poteris
3335 2650 3456 2691 esse
3495 2635 3841 2695 misericors.

2243 2746 2293 2787 et
2326 2733 2425 2787 hoc
2457 2734 2653 2786 malum
2698 2732 2948 2801 nequitiae
2990 2744 3255 2785 venenum
3286 2728 3570 2784 evomere?
3598 2725 3751 2793 Quod
3796 2726 3844 2778 si

2245 2824 2479 2878 nondum
2521 2824 2863 2879 absurditatis
2903 2823 3123 2891 hujusce
3163 2820 3582 2890 magnitudinem
3622 2817 3842 2881 videas,

2247 2914 2475 2980 idipsum
2508 2912 2645 2983 apud
2675 2912 2920 2967 homines
2950 2911 3147 2966 factum
3169 2912 3372 2980 cogita,
3400 2918 3454 2963 et
3484 2916 3611 2963 tunc
3637 2906 3845 2961 vidi-bis

2247 3004 2586 3059 centuntelia:
2610 3005 2716 3058 vim
2744 3019 3006 3071 magnam.
3030 3003 3085 3057 Si
3114 3003 3256 3057 enim
3288 3011 3337 3055 te
3366 2999 3640 3053 hominem
3670 2996 3847 3050 adiret

2247 3096 2506 3165 quispiam
2538 3096 2862 3165 supplicans,
2888 3105 2942 3148 ut
2962 3095 3078 3164 ejus
3104 3092 3429 3157 miserearis,
3457 3090 3651 3146 deinde
3671 3131 3686 3157 ,
3720 3104 3847 3142 cum

2250 3189 2395 3242 humi
2422 3196 2621 3241 stratus
2644 3187 2850 3256 jaceret
2870 3229 2882 3250 ,
2914 3186 3188 3239 inimicum
3213 3184 3450 3243 videret,
3475 3190 3531 3236 et
3558 3189 3610 3234 te
3635 3178 3848 3248 precari

2250 3282 2517 3345 desinens,
2554 3280 2697 3332 illum
2722 3288 3054 3346 percuteret,
3076 3293 3253 3331 annon
3276 3275 3399 3329 hinc
3428 3273 3686 3343 majorem
3711 3272 3849 3324 iram

2249 3369 2600 3440 conciperes?
2630 3368 2744 3423 lloc
2785 3369 2955 3439 cogita
3001 3378 3053 3422 et
3094 3368 3145 3420 in
3179 3366 3288 3420 Deo
3315 3363 3577 3419 accidere.
3612 3360 3749 3416 Nam
3793 3372 3851 3415 ιιι

2252 3477 2462 3532 quoqtte
2485 3460 2611 3515 dum
2640 3460 2749 3515 Deo
2777 3459 3043 3529 supplicas
3063 3500 3078 3525 ,
3110 3456 3493 3526 supplicatione
3519 3454 3732 3508 interim
3761 3468 3851 3505 re-

2257 3555 2377 3608 licta
2400 3593 2415 3617 ,
2449 3552 2721 3607 iuimicutu
2748 3549 2905 3605 dictis
2930 3548 3214 3609 verberas,
3248 3554 3301 3600 et
3342 3544 3433 3599 Dei
3473 3545 3620 3614 leges
3652 3551 3851 3597 contu-

2256 3642 2411 3697 melia
2438 3640 2604 3696 aﬂicis
2628 3682 2643 3708 ,
2672 3639 2797 3695 dum
2828 3639 2975 3693 illum
3020 3638 3110 3708 qui
3156 3637 3272 3706 lege
3304 3636 3573 3705 praecepit,
3609 3643 3665 3687 ut
3713 3634 3853 3688 iram

2254 3732 2512 3786 adversus
2540 3745 2634 3786 eos
2659 3731 2745 3800 qui
2791 3744 2889 3785 nos
2930 3722 3121 3797 injuria
3162 3726 3437 3782 atl'eceriut
3475 3724 3850 3794 deponauius,

2256 3825 2503 3889 invocas.
2536 3838 2797 3895 rogasque
2825 3832 2882 3877 ut
2909 3823 3190 3894 praeceptis
3227 3821 3340 3877 suis
3373 3819 3639 3875 contraria
3669 3819 3850 3873 iaciat.

2257 3916 2373 3972 Non
2400 3931 2527 3987 ergo
2557 3916 2650 3971 tibi
2679 3915 2746 3970 ad
2778 3915 3064 3969 vindictam
3096 3914 3224 3968 satis
3252 3924 3355 3978 est,
3384 3912 3527 3982 quod
3552 3913 3724 3980 legem
3757 3910 3852 3967 Dei

2260 4007 2669 4075 transgretliaris
2689 4048 2704 4071 ,
2736 4006 2829 4060 sed
2858 4015 2913 4059 et
2939 4005 3108 4073 ipsum
3138 4004 3238 4059 hoc
3272 4016 3330 4059 ut
3370 4001 3528 4060 faciat
3571 4003 3853 4073 precaris?

2261 4094 2524 4167 Numquid
2551 4111 2738 4151 eorum
2765 4110 2882 4165 quas
2912 4096 3161 4165 prmcepit
3190 4095 3385 4150 oblitus
3424 4095 3545 4149 est?
3590 4092 3853 4164 numquid

2262 4189 2403 4242 enim
2436 4186 2597 4242 homo
2624 4188 2822 4257 estqui
2856 4188 2969 4241 lucc
3005 4186 3178 4241 dixit?
3209 4186 3346 4242 Deus
3381 4194 3496 4254 est,
3537 4185 3628 4256 qui
3670 4187 3854 4241 omnia

2263 4279 2439 4344 novit,
2479 4287 2534 4333 et
2559 4279 2647 4349 qui
2687 4278 2801 4332 vult
2828 4279 2971 4349 leges
3000 4292 3125 4333 suas
3164 4287 3411 4334 accurate
3449 4279 3653 4333 servari
3684 4297 3699 4332 :
3734 4289 3855 4331 tan-

2268 4380 2484 4440 tumque
2506 4370 2661 4424 abest
2686 4378 2743 4423 ut
2769 4367 2929 4423 faciat
2954 4370 3040 4423 illa
3065 4384 3184 4439 quae
3213 4368 3452 4438 postulas
3470 4410 3487 4437 ,
3518 4380 3577 4424 ut
3605 4369 3770 4423 etiam
3804 4380 3858 4425 te

2265 4464 2355 4534 qui
2385 4464 2497 4519 haec
2522 4464 2655 4518 dicis
2681 4504 2695 4527 ,
2738 4472 2941 4517 tantum
2971 4462 3093 4531 quia
3131 4462 3267 4517 dicis
3294 4472 3595 4528 aversetur,
3623 4463 3858 4533 odioque

2269 4554 2475 4621 haheat,
2490 4563 2891 4623 extremamque
2910 4553 3005 4606 abs
3030 4561 3079 4606 te
3100 4568 3311 4621 pinnam
3336 4562 3560 4624 repetat.
3574 4551 3859 4621 Quomodo

2268 4649 2426 4719 igitur
2470 4650 2538 4703 ab
2580 4648 2669 4703 illo
2706 4648 2959 4717 consequi
2989 4646 3227 4715 postulas
3255 4661 3317 4702 ea
3355 4661 3475 4716 qua:
3502 4661 3715 4701 summo
3744 4656 3856 4701 stu-

2267 4739 2356 4795 dio
2378 4739 2545 4795 vitare
2570 4740 2683 4810 ipse
2704 4737 2983 4809 praecipit?
3006 4736 3111 4793 Sed
3136 4736 3351 4807 quidam
3380 4745 3504 4792 sunt
3530 4737 3620 4807 qui
3647 4736 3713 4791 ad
3743 4748 3857 4791 tan-

2269 4841 2374 4885 tam
2422 4832 2705 4885 amentiam
2756 4836 3165 4900 processerunt,
3212 4836 3271 4883 ut
3318 4844 3422 4882 non
3466 4827 3627 4884 modo
3669 4838 3855 4883 contra

2269 4921 2515 4977 inimicos
2543 4930 2844 4992 precentur,
2872 4920 2966 4975 sed
2991 4920 3153 4975 etiam
3182 4919 3302 4973 filiis
3332 4920 3567 4988 ipsorum
3595 4920 3737 4974 mala
3768 4922 3863 4975 im-

2268 5025 2573 5085 precentur,
2607 5022 2766 5082 atque
2794 5012 2954 5066 etiam
2982 5011 3026 5066 si
3054 5011 3238 5066 liceret
3265 5012 3501 5081 ipsoran
3528 5025 3719 5065 carnes
3757 5010 3857 5066 dc-

2268 5117 2484 5179 gustare
2509 5105 2738 5171 vellent,
2769 5106 2875 5158 imo
2904 5113 2959 5158 et
2986 5103 3286 5174 degustent.
3330 5102 3406 5158 Ne
3448 5102 3577 5156 mihi
3616 5103 3854 5165 dixeris,

2271 5209 2322 5253 te
2349 5198 2536 5252 dentes
2563 5211 2669 5250 non
2699 5195 2940 5250 iunxisse
2966 5194 3019 5249 in
3046 5210 3239 5263 corpus
3259 5194 3375 5264 ejus
3401 5194 3489 5262 qui
3523 5192 3660 5247 laesit
3689 5211 3703 5246 :
3734 5207 3858 5247 nam

2270 5290 2439 5346 multo
2464 5288 2715 5353 ferocius,
2744 5297 2999 5358 quantum
3029 5287 3081 5341 in
3111 5296 3161 5341 te
3192 5285 3323 5348 fuit,
3358 5286 3409 5340 in
3437 5285 3584 5339 illutn
3614 5284 3855 5342 s:eviisti.

2272 5397 2463 5453 rogans
2487 5380 2720 5451 desuper
2745 5382 2876 5435 iram
2908 5382 2958 5433 in
2991 5379 3137 5433 illum
3183 5379 3429 5446 immitti,
3473 5387 3528 5433 et
3569 5378 3857 5431 immortali

2274 5474 2408 5529 tradi
2451 5473 2743 5543 supplicio,
2789 5487 3016 5542 cumque
3080 5481 3189 5527 tcta
3227 5472 3389 5527 domo
3428 5471 3614 5526 everti.
3655 5470 3859 5538 Quibus

2277 5563 2388 5619 lucc
2414 5564 2678 5620 morsibus
2723 5564 2962 5635 graviora
3006 5576 3111 5618 non
3157 5562 3319 5617 sunt?
3360 5562 3553 5632 quibus
3590 5562 3710 5616 telis
3753 5577 3857 5616 non

2279 5656 2585 5714 acerbiora?
2628 5655 2745 5713 Non
2778 5657 2891 5713 haec
2920 5666 2972 5713 te
3000 5656 3178 5713 docuit
3204 5654 3485 5721 Christus;
3526 5670 3632 5709 non
3677 5653 3757 5710 sic
3800 5667 3857 5708 es
