4110 6306
433 338 537 398 εδδ

432 458 715 508 cruentare
753 451 933 523 jussit.
981 450 1113 506 Nam
1157 450 1465 522 hujusmodi
1506 451 1702 521 lingua:
1743 455 2035 506 cruentatis

435 542 671 598 humano
708 546 968 615 sanguine
1012 543 1194 600 buccis
1233 554 1360 599 sunt
1388 544 1708 601 deteriores.
1750 543 2033 612 Quomodo

435 636 594 710 igitur
623 636 843 693 fratrem
870 638 1254 708 amplecteris?
1280 636 1550 707 quomodo
1574 636 1894 692 sacrificium
1918 646 2033 692 tan-

433 727 563 797 ges?
581 726 853 799 quomodo
877 729 1189 799 sanguinem
1215 726 1541 781 dominicum
1570 726 1896 796 degustabis,
1922 735 2033 781 tam

434 817 607 872 dirum
636 818 818 873 animo
844 834 1106 876 venenqu
1135 818 1399 875 servans?
1436 819 1661 887 Quando
1689 818 1834 875 enim
1862 819 1994 874 dicis
2013 859 2029 883 ,

436 911 691 980 Discerpe
718 911 897 979 illum,
930 912 1049 983 ejus
1071 913 1287 967 domum
1319 921 1535 979 everte,
1562 913 1741 966 omnia
1771 910 1953 980 perde,
1979 919 2034 966 et

431 1004 593 1059 exitia
616 1004 762 1061 mille
787 1005 1102 1076 imprecaris
1120 1046 1136 1073 ,
1164 1003 1296 1059 nihil
1320 1004 1389 1060 ab
1412 1003 1678 1059 homicida
1703 1002 1908 1071 diﬂ'ers,
1933 1016 2033 1058 nec

429 1109 459 1148 a
489 1092 599 1149 fera
630 1097 889 1152 humanas
916 1110 1107 1151 carnes
1134 1105 1379 1151 rorante.

502 1186 557 1242 9.
588 1186 741 1242 Hunc
763 1188 938 1258 itaque
959 1187 1207 1242 morbum
1231 1187 1565 1258 deponamus
1589 1195 1748 1255 atque
1772 1184 2029 1252 furorem,

433 1286 488 1332 et
516 1276 982 1343 benevolentiam,
1030 1285 1088 1332 ut
1125 1277 1324 1348 jussit,
1368 1276 1718 1333 exhibeamus
1747 1291 1871 1345 erga
1913 1274 2031 1329 illos

433 1367 522 1438 qui
558 1383 656 1424 nos
686 1368 969 1436 laeserunt,
1015 1377 1074 1423 ut
1112 1368 1315 1424 similes
1346 1368 1513 1423 simus
1542 1367 1718 1422 Patris
1748 1366 1915 1422 nostri
1943 1366 2032 1435 qui

431 1458 486 1513 in
508 1458 656 1515 caelis
680 1468 784 1516 est.
818 1461 1156 1529 Deponemus
1184 1471 1363 1515 autem
1384 1501 1399 1526 ,
1432 1459 1476 1514 si
1522 1469 1738 1528 peccata
1769 1468 1948 1514 nostra
1978 1457 2031 1511 in

430 1551 744 1607 memoriam
775 1565 1127 1617 revocemus;
1170 1552 1214 1605 si
1245 1552 1447 1623 delicta
1467 1551 1649 1605 omnia
1681 1561 1863 1605 nostra
1905 1549 2030 1603 dilis

429 1653 617 1710 genter
644 1643 1048 1709 examinemus,
1075 1657 1195 1712 qua:
1225 1643 1396 1706 intus,
1421 1630 1547 1713 qua:
1593 1640 1721 1696 foris
1747 1683 1761 1705 ,
1811 1657 1930 1710 qua:
1978 1641 2029 1693 in

429 1732 565 1798 foro,
598 1749 718 1802 qua:
742 1734 800 1787 in
826 1733 1073 1788 ecclesia.
1103 1733 1233 1787 Nam
1269 1734 1313 1788 si
1356 1748 1461 1787 non
1506 1733 1664 1787 aliam
1696 1733 1765 1787 ob
1791 1746 2028 1792 causam,

430 1821 499 1877 ob
526 1823 903 1892 negligentiam
933 1833 1109 1877 tamen
1132 1865 1147 1891 ,
1179 1838 1338 1894 quam
1372 1823 1457 1877 hic
1487 1823 1823 1889 exhibemus,
1851 1832 2031 1877 extre-

431 1913 533 1967 mis
557 1911 703 1983 digni
733 1927 919 1968 sumus
946 1914 1140 1983 poenis.
1173 1912 1304 1967 Nam
1334 1913 1612 1984 prophetis
1639 1913 1992 1984 psallentibus
2012 1955 2028 1978 ,

428 2006 686 2075 apostolis
730 2005 967 2077 hymnos
1012 2005 1365 2071 canentibus,
1414 2006 1521 2061 Deo
1567 2006 1854 2075 loquente,
1902 2005 2031 2060 loris

429 2113 706 2166 vagamur,
739 2106 792 2153 et
822 2098 1161 2153 saecularium
1192 2114 1372 2153 rerum
1408 2097 1693 2152 tumultum
1732 2098 1784 2151 in
1824 2111 1923 2151 nos
1951 2097 2030 2150 in-

428 2189 706 2254 ducimus;
741 2205 914 2261 neque
942 2201 1145 2245 tantum
1174 2191 1447 2261 quietis‘et
1474 2190 1671 2245 silentii
1712 2189 2030 2245 adhibemus

428 2281 495 2335 ad
523 2281 616 2337 Dei
646 2283 790 2352 leges
813 2282 1108 2338 audiendas
1133 2325 1146 2349 ,
1179 2292 1438 2354 quantum
1472 2284 1523 2336 in
1567 2282 1792 2337 theatris
1822 2293 2031 2350 specta-

433 2380 579 2428 tores
625 2374 913 2441 adhibent,
961 2376 1089 2430 dum
1142 2375 1499 2445 imperatoria:
1546 2376 1714 2430 litera:
1761 2375 2026 2445 leguntur.

431 2463 542 2521 Illic
568 2467 709 2521 enim
738 2477 791 2522 et
817 2468 1065 2522 consules
1094 2478 1149 2523 et
1174 2466 1440 2538 prarfecti,
1483 2476 1534 2522 et
1578 2477 1795 2549 senatus
1835 2472 1889 2521 et
1927 2479 2029 2535 po-

434 2557 588 2625 putus
615 2564 758 2612 stant
785 2572 974 2613 omnes
1003 2573 1124 2612 cum
1153 2558 1332 2628 quiete
1358 2557 1538 2612 omnia
1565 2557 1872 2621 audientes;
1900 2564 1956 2610 et
1982 2555 2029 2611 si

430 2647 550 2717 quis
577 2647 716 2701 inter
741 2648 905 2701 altum
937 2647 1067 2702 illud
1098 2647 1370 2702 silentium
1403 2656 1623 2716 repente
1650 2647 1892 2701 insiliens
1920 2647 2029 2700 cla-

430 2737 689 2802 maverit,
739 2746 921 2806 utpote
950 2738 1038 2807 qui
1086 2736 1465 2807 Imperatorem
1511 2738 1703 2804 injuria
1748 2735 2024 2798 affecerit,

428 2839 695 2885 extremas
727 2830 824 2883 luit
864 2844 1049 2899 poenas
1082 2845 1096 2882 :
1127 2828 1212 2883 hic
1241 2845 1370 2883 vero
1404 2830 1531 2883 dum
1560 2828 1801 2883 caelestes
1831 2827 1934 2881 illa:
1962 2828 2020 2880 li-

430 2929 556 2976 tera!
586 2922 854 2995 leguntur,
884 2922 1089 2976 multus
1110 2922 1345 2991 undique
1375 2922 1546 2975 oritur
1580 2921 1867 2984 tumultus,
1905 2934 2027 2973 cmn

429 3015 475 3071 is
498 3020 586 3087 qui
616 3017 795 3071 literas
823 3014 991 3075 misit,
1037 3012 1195 3082 longe
1237 3012 1407 3081 major
1438 3011 1517 3064 ‘sit
1566 3010 1889 3079 lmperatorc
1914 3051 1928 3074 ,
1974 3017 2029 3064 et

430 3106 695 3163 theatrum
724 3106 1089 3163 honorabilius
1113 3125 1124 3159 :
1148 3122 1253 3160 non
1285 3104 1442 3159 modo
1471 3101 1614 3157 enim
1647 3102 1912 3168 homines,
1942 3102 2035 3158 sed

429 3211 483 3257 et
506 3201 678 3272 angeli
704 3201 949 3266 adstant;
977 3208 1030 3255 et
1054 3199 1289 3253 victori;e
1315 3198 1555 3267 praemia,
1585 3212 1704 3266 quae
1733 3196 1883 3249 hisce
1908 3196 2029 3251 lite-

429 3296 503 3350 ris
540 3296 871 3359 nuntiantur,
902 3294 1059 3363 longe
1090 3290 1549 3362 majora'tcrrenis
1578 3290 1683 3343 illis
1719 3289 2047 3359 triumphis.

429 3386 763 3456 Quapropter
791 3401 897 3462 no_n
932 3385 1177 3440 homines
1205 3384 1407 3438 tantum
1431 3424 1445 3447 ,
1478 3381 1570 3437 sed
1611 3391 1663 3436 et
1689 3381 1899 3451 angeli,
1944 3395 2030 3434 ar-

430 3479 703 3551 changeli,
749 3490 804 3535 ct
843 3479 1087 3536 emlestes
1128 3478 1348 3548 populi,
1383 3484 1437 3531 et
1465 3485 1729 3545 quotquot
1768 3476 1929 3529 etiam
1976 3475 2029 3529 in

432 3580 571 3625 terra
619 3580 777 3635 sunt,
827 3570 1047 3624 laudare
1088 3568 1344 3639 jnbentur
1390 3586 1403 3620 :
1452 3564 1773 3632 Benedicite,
1821 3564 2027 3633 inquit,

430 3659 679 3727 Domino,
723 3663 892 3714 omnia
920 3677 1073 3727 opera
1117 3661 1227 3730 ejus
1269 3657 1457 3729 (Psal.
1489 3657 1613 3712 102.
1644 3655 1767 3727 2‘2).
1814 3655 2031 3711 Etenim

434 3768 539 3805 non
568 3752 756 3822 exigua
779 3760 905 3805 sunt
926 3751 1015 3805 illa
1042 3766 1161 3820 quae
1191 3749 1335 3812 fecit,
1360 3747 1453 3803 sed
1478 3762 1691 3801 omnem
1721 3760 2028 3800 sermonem

430 3854 704 3913 superant,
733 3853 891 3913 atque
922 3852 1154 3899 mentem
1185 3842 1696 3912 intelligentiamque
1719 3840 2025 3894 humanam.

432 3935 499 3991 Et
528 3935 643 3989 haec
670 3934 907 4005 quotidie
935 3933 1226 4004 pra'dicant
1254 3933 1532 4003 propheta:
1553 3973 1566 3995 ,
1596 3932 1809 3987 diverse
1836 3931 2029 4001 singuli

431 4027 772 4098 splendidum
801 4027 931 4082 illttd
961 4038 1218 4097 tropzeum
1247 4027 1606 4082 celebrantes.
1636 4024 1768 4079 Nam
1798 4025 1885 4081 hic
1910 4025 1981 4079 ait
2013 4045 2025 4079 :

431 4118 717 4173 Ascendens
746 4118 796 4171 in
826 4123 985 4171 altum
1015 4118 1264 4186 captivam
1294 4114 1486 4170 duxisti
1529 4116 1866 4185 captivitatem
1886 4158 1901 4181 ,
1944 4131 2029 4169 ce-

434 4210 551 4279 pisti
582 4208 719 4263 dona
747 4210 800 4263 in
830 4210 1114 4263 hominibus
1142 4207 1332 4280 (Psal.
1363 4208 1451 4262 67.
1489 4206 1552 4262 l9
1579 4206 1595 4275 )
1622 4223 1636 4272 ;
1659 4214 1707 4260 et
1730 4246 1744 4272 ,
1784 4204 2031 4260 Dominus

434 4302 579 4369 fortis
601 4310 649 4355 et
676 4310 851 4370 potens
877 4301 930 4353 in
962 4300 1139 4369 praelia
1180 4298 1351 4369 (Psal.
1389 4300 1478 4353 9'5.
1505 4298 1583 4369 8).
1609 4298 1705 4353 llic
1729 4313 1854 4353 vero
1878 4297 2027 4364 dicit,

436 4391 499 4444 Et
528 4392 735 4463 fortium
771 4390 956 4443 dividet
983 4391 1146 4460 spolia
1174 4389 1341 4459 (Isai.
1376 4390 1465 4445 55.
1500 4388 1623 4460 12).
1663 4389 1741 4442 Ad
1766 4391 1867 4444 hoc
1887 4390 2029 4444 enim

433 4482 618 4548 venit,
650 4492 709 4537 ut
739 4482 1053 4552 praedicaret
1077 4483 1301 4551 captivis
1326 4481 1699 4537 remissionem
1724 4523 1737 4548 ,
1780 4491 1833 4535 et
1870 4476 2033 4535 caecis

435 4571 579 4627 risus
604 4573 1016 4636 restitutionem,
1043 4572 1185 4626 etde
1213 4573 1348 4626 victa
1374 4580 1545 4626 morte
1572 4571 1878 4641 triumphali
1901 4586 2032 4626 voce

430 4662 666 4732 jubilans
718 4662 933 4720 dicebat
965 4683 976 4717 :
1012 4662 1111 4717 (ibi
1136 4672 1241 4727 est,
1288 4678 1423 4715 mors
1443 4704 1458 4729 ,
1487 4664 1698 4717 victoria
1746 4662 1877 4716 tua?
1908 4662 2031 4730 ubi,

435 4753 650 4825 inferne,
682 4755 917 4809 stimulus
944 4764 1059 4809 tuus
1082 4755 1168 4826 (1.
1195 4753 1311 4809 Cor.
1342 4755 1429 4809 15‘.
1455 4756 1602 4824 55)?
1632 4755 1785 4809 Alius
1815 4769 2029 4809 rursum

436 4833 753 4913 profundam
793 4859 978 4914 pacem
1008 4845 1379 4916 evangelizans
1408 4845 1622 4900 dicebat
1654 4863 1665 4898 :
1698 4845 2032 4916 Confringent

437 4935 635 5005 gladios
664 4952 782 4990 suos
811 4936 863 4988 in
889 4944 1094 5001 aratra,
1126 4946 1172 4990 et
1202 4938 1404 4991 lanceas
1433 4952 1552 4991 suas
1579 4937 1631 4989 in
1662 4936 1819 5005 falces
1858 4934 1875 5004 (
1898 4934 2029 4989 Isai.

436 5029 490 5083 2.
521 5031 577 5082 ι.
619 5026 739 5083 Joel
788 5029 841 5084 3.
874 5026 995 5099 l0).
1027 5027 1093 5083 Et
1118 5028 1204 5083 hic
1229 5028 1445 5099 quidem
1473 5028 1770 5084 Jerusalem
1797 5029 1873 5082 sic
1900 5027 2034 5081 allo-

437 5120 615 5192 quitur
645 5136 658 5173 :
690 5118 890 5175 Laetare
918 5119 1152 5186 multum,
1188 5121 1297 5189 filia
1324 5121 1452 5177 Sion
1477 5164 1491 5188 ,
1514 5122 1633 5191 quia
1661 5137 1772 5176 ecce
1801 5136 1892 5174 rex
1920 5128 2033 5174 tuus

1532 338 1597 396 IN
1636 336 2042 397 MATTIUEUM
2083 335 2314 394 HOMIL.
2360 336 2477 392 XX.
2520 338 2589 394 al.
2638 335 2782 394 XXI.

3643 341 3747 399 286

2147 451 2278 503 venit
2308 450 2398 504 tibi
2426 458 2713 505 mansuetus
2733 491 2746 514 ,
2790 450 2970 505 sedens
3007 466 3159 522 super
3196 452 3514 524 subjugalem
3550 464 3598 507 et
3627 457 3748 524 pul-

2141 539 2249 593 lum
2279 539 2531 594 novellum
2560 539 2823 610 (Zacltar.
2856 541 2910 597 9.
2942 541 3034 611 9).
3087 543 3239 598 Alius
3282 559 3409 598 vero
3450 546 3745 601 secundum

2140 629 2258 699 ejus
2287 631 2578 685 adventum
2612 632 2866 700 prmdicat
2895 632 2979 687 his
3009 634 3185 689 verbis
3214 651 3227 709 ς
3270 633 3443 709 Veniet
3473 634 3745 701 Dentium.

2138 736 2285 788 quem
2327 737 2413 776 ras
2454 722 2715 791 (μιαν-ἔτει,
2761 733 2811 777 et
2851 724 2963 793 quis
3005 708 3268 779 sustinebit
3312 726 3445 779 diem
3486 727 3748 798 ingressus

2138 813 2249 882 ejus
2268 814 2295 866 .’
2323 812 2591 868 Exsultate
2616 815 2746 868 sicut
2776 816 2920 869 vituli
2949 833 2982 869 a
3006 817 3219 871 vinculis
3241 818 3459 873 absoluti
3484 818 3737 889 (Malaclt.

2138 903 2191 957 5.
2215 906 2263 960 1.
2284 904 2339 958 2.
2357 914 2403 960 et
2428 906 2481 961 4.
2501 906 2578 977 2).
2610 905 2677 960 Et
2696 906 2835 962 alter
2859 923 3043 964 rursus
3060 907 3127 963 de
3154 908 3237 962 bis
3258 908 3741 979 obstupescensdi-

2137 998 2293 1054 cebat
2322 1016 2335 1052 :
2369 997 2468 1067 Hic
2503 1008 2573 1053 est
2612 998 2754 1055 Deus
2779 1012 2945 1055 uoster
2962 1016 2982 1065 ;
3012 1018 3102 1055 nec
3129 1002 3447 1071 reputabitur
3473 1004 3604 1057 alter
3627 1013 3744 1056 cum

2137 1088 2229 1143 illo
2255 1088 2495 1161 (Βαττιεή
2528 1090 2581 1145 5.
2618 1088 2741 1161 56).
2772 1092 3021 1147 Attamen
3044 1107 3165 1147 cum
3193 1091 3308 1149 haec
3328 1103 3379 1147 et
3401 1092 3569 1148 multo
3591 1093 3744 1163 plura

2137 1182 2403 1249 dicantur,
2440 1199 2565 1239 cum
2595 1172 2701 1254 par'
2728 1193 2873 1239 esset
2912 1169 3169 1248 horrere,
3216 1193 3271 1240 et
3311 1195 3499 1254 putare
3547 1200 3647 1241 nos
3689 1186 3760 1241 iu‘

2140 1288 2278 1329 terra
2311 1290 2415 1330 non
2448 1290 2597 1340 esse;
2644 1276 2794 1345 quasi
2841 1276 2892 1329 in
2942 1276 3121 1330 medio
3166 1274 3283 1330 foro
3327 1276 3740 1342 tumultuamur,

2138 1368 2435 1435 turbamus,
2462 1368 2529 1423 de
2551 1369 2615 1424 iis
2637 1384 2757 1440 quae
2783 1368 2914 1423 nihil
2936 1368 3002 1423 ad
3028 1383 3127 1424 nos
3149 1379 3393 1439 spectant
3419 1370 3742 1440 garrientes,

2139 1469 2308 1515 totum
2342 1462 2661 1516 iusumimus
2691 1460 2934 1515 collecta:
2964 1470 3194 1529 tempus.
3230 1459 3364 1515 Cum
3397 1462 3575 1529 itaque
3604 1472 3660 1515 et
3690 1461 3741 1514 in

2138 1553 2343 1622 exiguis
2367 1561 2422 1608 et
2451 1553 2501 1607 in
2531 1554 2771 1623 magnis,
2804 1561 2860 1608 et
2896 1552 2947 1606 iu
2976 1552 3163 1607 auditu
3190 1562 3247 1607 et
3275 1554 3327 1607 in
3358 1561 3501 1614 actu,
3531 1562 3585 1607 et
3613 1551 3744 1607 foris

2137 1656 2190 1700 et
2236 1646 2370 1699 intra
2416 1645 2739 1709 ecclesiam,
2784 1644 2855 1699 ita
2895 1645 3062 1698 simus
3099 1642 3343 1710 desides,
3384 1651 3583 1712 praeter
3626 1642 3741 1696 ha'e

2137 1738 2315 1791 omnia
2346 1736 2506 1792 etiam
2536 1744 2723 1791 contra
2752 1735 2999 1790 inimicos
3044 1749 3327 1805 precemur
3356 1754 3367 1789 :
3403 1733 3546 1789 unde
3586 1747 3742 1811 Spem

2136 1832 2325 1887 salutis
2356 1830 2673 1886 habebimus
2699 1872 2712 1894 ,
2761 1845 2881 1885 cum
2916 1837 2993 1883 tot
3023 1828 3290 1898 tantisque
3318 1826 3551 1897 peccatis
3581 1826 3740 1881 addi-

2138 1934 2432 1979 Iumentum
2460 1923 2605 1978 aliud
2632 1922 3029 1992 gravissimum,
3059 1935 3155 1990 par
3182 1919 3467 1989 prioribus,
3494 1918 3731 1989 iniquam

2137 2030 2330 2084 nempe
2358 2014 2500 2068 illam
2529 2014 2826 2068 orationem
2854 2010 3211 2081 adjiciamus?
3248 2011 3331 2064 An
3365 2024 3494 2080 ergo
3534 2011 3737 2063 minin-

2135 2108 2261 2163 dum
2288 2151 2300 2173 ,
2344 2108 2390 2162 si
2416 2106 2542 2177 quid
2583 2106 2740 2161 nobis
2766 2105 2889 2161 mali
2919 2106 3340 2174 inexspectatum
3372 2102 3587 2169 accidit,
3615 2117 3739 2157 cum

2108 2194 2317 2256 contra
2350 2200 2650 2280 mirandum
2681 2210 2824 2255 esset
2852 2200 2897 2253 si
2937 2214 3043 2253 non
3082 2197 3377 2253 acciderit?
3417 2196 3550 2251 Illud
3593 2197 3740 2253 enim

2135 2308 2199 2346 ex
2228 2292 2610 2361 consequentia
2645 2305 2823 2345 rerum
2855 2298 2976 2355 est;
3010 2289 3112 2344 hoc
3137 2299 3315 2343 autem
3360 2298 3553 2358 pnctcr
3577 2291 3741 2345 ratio-

2135 2399 2256 2437 ncm
2272 2391 2337 2438 et
2360 2382 2816 2453 ex5pectationem
2841 2392 3003 2437 esset.
3023 2382 3231 2436 Etenim
3252 2394 3447 2451 pneter
3478 2384 3738 2440 rationem

2133 2485 2312 2541 esset,
2353 2475 2601 2529 inimicos
2630 2474 2730 2529 Dei
2763 2473 3017 2535 ell‘cctos,
3066 2474 3323 2546 illumque
3354 2477 3417 2530 ad
3454 2477 3584 2530 iram
3619 2493 3741 2545 pro-

2135 2578 2388 2629 vocantes
2408 2568 2524 2622 sole
2546 2566 2645 2622 frui
2663 2578 2717 2622 et
2740 2568 2936 2638 pluviis
2958 2567 3185 2637 aliisijuc
3199 2569 3469 2635 omnilms,
3496 2568 3742 2623 homines

2134 2660 2467 2714 immanitate
2514 2660 2655 2713 feras
2697 2670 3055 2728 superantes,
3101 2668 3155 2714 et
3198 2659 3334 2713 alios
3376 2668 3562 2714 contra
3604 2659 3740 2713 alios

2133 2762 2373 2817 sntutes,
2420 2766 2485 2806 ac
2515 2751 2741 2821 proximi
2776 2753 2854 2807 sui
2903 2766 3083 2805 morsu
3127 2751 3308 2805 laniati
3352 2750 3608 2819 sanguine
3639 2749 3739 2803 liu—

2131 2860 2290 2915 guant
2322 2852 2708 2905 crucutautes;
2744 2854 2863 2915 post
2892 2860 3133 2899 mcnsam
3180 2844 3320 2899 illam
3366 2844 3694 2913 spiritualcm
3722 2882 3736 2906 ,

2132 2944 2187 2991 et
2216 2945 2294 2992 tot
2337 2934 2598 2993 beneﬁcia
2623 2978 2637 3001 ,
2667 2938 3055 3005 innumeraque
3084 2945 3371 3005 prmeepta.
3410 2916 3533 2988 ΙἹωο
3563 2934 3741 3005 itaque

2136 3034 2461 3105 c0gitantes,
2504 3031 2655 3084 virus
2693 3044 3005 3085 cvomamus
3030 3072 3044 3095 ,
3092 3029 3363 3084 solvamus
3398 3029 3734 3093 inimicitias,

2135 3136 2186 3181 et
2214 3140 2420 3195 preces,
2450 3140 2569 3193 qu'e
2597 3134 2975 3179 consentaneae
3008 3121 3160 3176 nobis
3186 3122 3314 3188 sint,
3346 3120 3649 3187 fundamus,
3678 3137 3742 3177 ac

2136 3224 2253 3279 vice
2280 3223 2627 3279 dtemoniacae
2662 3218 2800 3273 illius
2830 3218 3057 3272 feritatis
3084 3216 3399 3286 angelorum
3432 3226 3743 3270 mansuetu-

2134 3316 2312 3371 dinem
2340 3328 2677 3370 assumamus
2707 3332 2719 3366 :
2752 3322 2811 3369 et
2843 3310 3289 3379 quantiscumque
3328 3308 3535 3378 injuriis
3574 3308 3743 3362 simus

2134 3408 2343 3478 allecti,
2392 3424 2512 3477 quae
2559 3409 2796 3477 ipsorum
2840 3413 2969 3463 sunt
3013 3412 3192 3457 nostra
3240 3414 3360 3458 esse
3404 3402 3739 3472 cogitantes,

2135 3495 2344 3556 necuOn
2388 3501 2692 3556 mercedem
2734 3498 2888 3554 nobis
2935 3512 3033 3567 pro
3080 3497 3182 3550 hoc
3212 3502 3425 3550 servato
3472 3501 3743 3564 praecepto

2135 3593 2459 3663 repositam,
2502 3592 2753 3647 sedemus
2785 3591 2951 3655 iram,
3004 3587 3195 3642 ﬂuctus
3239 3585 3597 3656 reprimamus
3622 3625 3637 3647 ,
3686 3592 3742 3637 ut

2137 3692 2457 3755 prmseutem
2500 3684 2665 3738 vitam
2707 3684 2825 3737 sine
2864 3680 3270 3751 perturbatione
3302 3677 3640 3739 emetiamur,
3689 3684 3744 3730 et

2136 3774 2263 3829 illuc
2287 3773 2631 3829 advenientes
2662 3773 2820 3827 talem
2849 3770 3193 3839 experiamur
3220 3767 3529 3830 Dominum,
3558 3767 3743 3838 quales

2137 3880 2235 3920 nos
2263 3879 2387 3937 erga
2418 3878 2709 3921 conservos
2737 3862 3014 3918 fuerimus.
3043 3859 3198 3928 Quod
3240 3860 3283 3914 si
3327 3874 3491 3930 grave
3518 3858 3648 3913 illud
3688 3871 3744 3914 ct

2137 3957 2380 4013 terribile
2409 3958 2498 4021 sit,
2524 3956 2643 4010 leve
2666 3954 2893 4024 idipsmn
2915 3964 2969 4009 et
2996 3949 3356 4006 desiderabile
3382 3949 3658 4015 faciamus,
3688 3959 3744 4005 et

2136 4050 2443 4121 splendidas
2482 4048 2691 4105 fiducia:
2716 4062 2845 4118 erga
2878 4046 3026 4101 illutn
3059 4054 3257 4100 nostra:
3299 4043 3492 4115 jauuas
3526 4043 3742 4113 aperia-

2136 4160 2291 4209 mus;
2337 4159 2400 4199 ac
2443 4143 2585 4214 quod
2632 4158 2738 4197 non
2774 4124 3047 4210 potuimus
3086 4138 3301 4209 assequi
3347 4136 3669 4194 abstinendo
3711 4153 3742 4192 a

2139 4236 2405 4308 peccatis,
2458 4236 2561 4290 hoc
2594 4248 2945 4303 assequamur
2986 4246 3081 4302 per
3130 4230 3599 4285 mansuetudinem
3641 4243 3743 4282 no-

2136 4340 2303 4388 stram
2332 4345 2457 4399 erga
2489 4344 2582 4384 eos
2612 4327 2701 4398 qui
2731 4328 2781 4381 in
2806 4339 2910 4380 nos
2940 4331 3330 4396 peccaverunt;
3381 4338 3553 4394 neque
3594 4323 3741 4377 enim

2134 4441 2297 4496 grave
2336 4422 2462 4479 illud
2501 4421 2586 4477 vel
2631 4420 2912 4475 molestum
2952 4428 3065 4483 est;
3115 4433 3179 4473 ac
3215 4418 3471 4472 beneﬁcia
3512 4414 3742 4471 inimicis

2136 4516 2335 4572 nostris
2362 4513 2724 4580 conlerentes,
2756 4512 2978 4566 multam
3019 4508 3175 4564 nobis
3201 4510 3550 4563 conciliemus
3578 4508 3740 4562 mise-

2137 4609 2443 4666 ricordiam.
2478 4608 2567 4663 Sic
2596 4608 2737 4661 enim
2781 4616 2835 4660 et
2881 4605 2932 4659 in
2964 4604 3213 4673 praesenti
3252 4603 3362 4658 vita
3392 4602 3460 4656 ab
3487 4601 3741 4657 omnibus

2136 4701 2453 4765 amabimur,
2503 4706 2557 4753 et
2600 4712 2709 4768 pra:
2751 4695 2963 4751 ctutcris
3006 4694 3257 4748 omnibus
3298 4694 3437 4748 Deus
3480 4692 3593 4764 ipse
3641 4709 3742 4748 nos

2136 4794 2339 4849 amabit
2365 4803 2421 4847 et
2448 4791 2730 4848 coronabit
2779 4809 2791 4843 :
2836 4803 3043 4860 nosque
3071 4787 3265 4842 futuris
3290 4788 3539 4843 omnibus
3583 4787 3741 4842 bonis

2136 4886 2444 4957 dignabitur
2492 4901 2504 4937 :
2557 4898 2676 4953 qua:
2722 4882 2924 4936 utinam
2970 4895 3160 4934 omnes
3208 4879 3421 4949 assequi
3472 4879 3755 4948 possimus.

2136 4980 2302 5052 gratia
2331 4988 2385 5034 et
2409 4975 2741 5047 benignitate
2770 4973 2980 5029 Domini
3010 4973 3178 5028 nostri
3216 4970 3341 5028 Jesu
3372 4972 3606 5037 Christi,
3670 4982 3755 5034 cui

2137 5073 2305 5145 gloria
2331 5083 2387 5127 et
2411 5069 2696 5141 imperium
2726 5067 2776 5121 in
2806 5066 3001 5122 saecula
3029 5065 3371 5121 smculorum.
3418 5069 3611 5121 Amen.

455 5239 3672 5266 ww

1622 5331 1973 5393 HOMILIA
2016 5329 2170 5391 XX.
2215 5329 2303 5391 al.
2349 5326 2531 5389 XXI.

438 5470 566 5527 Car.
598 5469 651 5526 6.
686 5486 736 5523 ν.
769 5470 854 5527 16.
893 5469 1021 5525 Cum
1061 5480 1227 5525 autem
1270 5470 1515 5541 jejunatis
1535 5511 1550 5536 ,
1583 5471 1739 5526 nolite
1769 5470 1875 5539 ﬁeri
1904 5472 2031 5526 sicut

509 5560 786 5633 hypocrita:
829 5562 1009 5615 tristes.
1060 5559 1412 5616 Exterminant
1448 5561 1581 5615 enim
1611 5561 1765 5631 facies
1790 5576 1909 5615 suas
1927 5601 1943 5627 ,
1978 5570 2032 5615 ut

506 5661 789 5725 appareant
817 5653 1098 5708 hominibus
1114 5654 1431 5725 jejunantes.

517 5745 564 5799 1.
621 5743 718 5799 Hie
762 5743 949 5801 acerbe
992 5758 1207 5815 gemere
1258 5753 1312 5800 et
1360 5743 1563 5815 ejulare
1617 5757 1714 5800 nos
1756 5743 2024 5801 convenit.

2140 5467 2257 5523 Non
2281 5466 2454 5522 solum
2476 5465 2620 5522 enim
2644 5464 2952 5538 hypocritas
2970 5466 3261 5534 imitamur,
3283 5466 3377 5523 sed
3396 5466 3557 5521 etiam
3584 5482 3740 5534 supe-

2140 5574 2325 5617 ramus
2346 5558 2486 5615 illos.
2513 5558 2648 5615 Novi
2676 5560 2838 5623 enim,
2873 5558 2996 5613 novi
3017 5566 3162 5614 certe
3192 5558 3418 5623 multos,
3452 5574 3558 5613 non
3583 5558 3742 5612 modo

2139 5652 2227 5723 qui
2251 5653 2501 5727 jejunaut
2523 5661 2577 5706 et
2606 5665 2725 5707 sese
2740 5660 3013 5709 ostentant
3032 5690 3047 5717 ,
3065 5648 3160 5707 sed
3183 5651 3341 5707 etiam
3367 5650 3459 5720 qui
3478 5664 3585 5705 non
3608 5648 3737 5719 jeju-

2137 5753 2335 5804 uantet
2358 5744 2711 5820 jejunantium
2738 5757 3024 5815 personam
3052 5757 3238 5815 presse
3265 5743 3460 5811 ferunt,
3492 5752 3733 5815 peccato;

3714 5968 3749 6007 μί’
