4110 6306
417 336 518 393 εδτ
812 408 817 413 ι

416 470 517 523 que
538 452 652 521 ipso
665 446 963 520 graviorem
980 440 1371 496 excusationem
1389 435 1633 490 ati‘erunt.
1654 431 1763 485 lloc
1780 425 2005 523 fil-Cill.ln‘

419 515 625 612 quiant,
650 515 717 594 ne
740 537 920 591 multis
943 531 1263 588 oﬂendiculo
1292 529 1414 582 sim.
1454 523 1589 592 Quid
1616 520 1787 576 dicis?
1818 515 2004 571 Divina

420 636 505 690 lex
532 641 615 687 est
644 646 760 700 qme
784 624 886 682 hoc
914 624 1169 697 prmciliit,
1214 630 1267 674 et
1295 628 1347 673 tu
1384 613 1757 672 otl‘emliculum
1795 620 2004 706 omento:

420 724 542 780 ras?
563 733 625 791 et
651 724 695 775 si
726 717 995 774 custodias
1022 715 1162 768 illam
1186 753 1201 777 ,
1232 708 1549 787 oll'endiculo
1569 719 1690 761 esse
1727 715 1880 773 putas
1906 741 1922 761 ,
1961 712 2005 751 sx

422 831 529 871 non
560 788 851 875 custodias,
890 806 1081 863 secus?
1107 804 1295 873 ecquid
1328 804 1398 857 sit
1458 801 1542 855 his
1616 796 1836 866 ineptiis
1905 788 2002 844 de-

422 909 587 963 terius
615 906 672 959 ’ἲ
703 908 890 958 Annon
914 899 1128 954 desines
1156 892 1448 966 hypocritis
1477 903 1595 944 esse
1625 887 1792 957 pejor,
1825 882 2002 952 dupli-

422 1010 645 1066 cemque
687 991 987 1063 hypocrisin
1028 1000 1317 1057 usurpare,
1343 998 1409 1037 ac
1457 990 1657 1035 tantum
1684 976 1797 1031 vitii
1846 989 2003 1029 cacu-

424 1103 545 1143 men
572 1082 911 1152 excogitare?
936 1095 1065 1134 num
1092 1079 1206 1132 sine
1230 1076 1430 1145 pudore
1452 1073 1575 1127 dicti
1608 1069 1763 1139 hujus
1784 1066 2003 1136 empha-

422 1183 522 1238 sim
550 1176 845 1250 percipies?
864 1176 979 1231 Non
1001 1174 1173 1229 solum
1201 1173 1363 1235 enim,
1394 1167 1582 1238 inquit,
1610 1164 1882 1227 simulant,
1909 1160 2004 1214 sed

425 1284 479 1326 ut
501 1271 620 1325 illos
649 1267 1012 1323 vehementius
1048 1272 1261 1334 pungat,
1307 1259 1656 1313 Externrinant
1692 1255 1824 1308 enim
1853 1251 2005 1323 {acies

425 1382 571 1426 anas,
604 1362 655 1416 id
696 1372 797 1425 est,
821 1364 1187 1423 Corrumpunt,
1222 1352 1464 1422 perdunt.
1494 1348 1551 1402 Si
1590 1357 1763 1401 autem
1796 1345 1895 1399 hoc
1922 1350 2007 1397 est

429 1457 578 1511 faciei
601 1453 999 1509 exterminatio,
1026 1449 1092 1501 ad
1120 1460 1310 1500 vanam
1350 1443 1571 1514 gloriam
1598 1454 1717 1494 sese
1747 1436 2003 1507 pallidum

427 1548 681 1605 exhibere
701 1586 717 1612 ,
762 1542 887 1614 quid
916 1538 1197 1595 dicendum
1226 1535 1291 1589 de
1321 1532 1654 1594 mulieribus,
1686 1544 1805 1598 qua:
1846 1526 2006 1580 facies

427 1656 549 1695 suas
578 1638 857 1708 pigmentis
886 1643 942 1688 rt
962 1633 1091 1685 fucis
1123 1637 1470 1696 corrumpunt
1495 1623 1561 1677 ad
1593 1621 1877 1691 perniciem
1902 1619 2005 1671 im.

428 1710 738 1800 pudicarum
761 1724 1050 1797 juvenem?
1082 1721 1160 1775 Illi
1202 1720 1343 1773 enim
1371 1717 1469 1771 sibi
1514 1715 1643 1785 ipsis
1673 1720 1873 1765 tantmn
1907 1726 2006 1763 no-

429 1832 594 1876 cent:
623 1820 704 1873 hae
736 1833 864 1871 vero
910 1824 965 1870 et
1013 1813 1113 1868 sibi
1157 1820 1212 1866 et
1240 1811 1301 1863 iis
1330 1808 1419 1879 qui
1470 1808 1611 1875 ipsas
1652 1803 2005 1872 conSpiciunt.

430 1914 763 1982 Quapropter
789 1919 842 1962 et
888 1908 1024 1959 hanc
1050 1915 1102 1958 et
1144 1904 1285 1957 illam
1332 1910 1533 1971 pestem
1563 1898 1784 1951 omnino
1829 1893 2009 1962 fugere

432 2021 527 2075 par
553 2012 653 2057 est.
681 2000 795 2055 Non
823 1999 992 2053 solum
1032 1994 1174 2050 enim
1212 1992 1372 2063 jussit
1416 2006 1520 2044 non
1549 2002 1666 2042 sese
1715 1994 2008 2048 ostentare,

431 2093 524 2149 sed
553 2094 711 2146 etiam
742 2091 789 2143 id
818 2088 1052 2150 studere,
1087 2095 1142 2140 ut
1170 2086 1367 2137 lateant
1398 2098 1410 2133 :
1454 2079 1593 2150 quod
1620 2087 1673 2134 et
1700 2078 1813 2146 ipse
1855 2085 2007 2129 antea

431 2183 648 2239 fecerat.
674 2182 746 2235 De
772 2180 1105 2248 eleemosyna
1134 2189 1309 2244 porro,
1353 2186 1457 2226 non
1485 2169 1795 2239 simpliciter
1820 2167 1886 2221 ita
1917 2181 2010 2235 po-

433 2276 532 2329 suit
558 2290 571 2338 ;
601 2271 695 2326 sed
730 2286 849 2323 cum
871 2269 1092 2322 dixisset
1120 2283 1131 2317 :
1163 2264 1417 2317 Attendite
1446 2277 1507 2314 ne
1535 2262 1899 2329 elecmosynam
1931 2260 2009 2327 {a-

430 2364 577 2417 ciatis
604 2379 771 2416 coram
794 2358 1076 2413 hominibus
1096 2398 1110 2421 ,
1139 2355 1367 2423 adjecit,
1405 2352 1469 2406 Ut
1499 2351 1765 2404 videamini
1808 2349 1869 2402 ab
1900 2349 1968 2400 eis
1990 2364 2011 2410 ,'

432 2457 502 2511 de
548 2455 751 2523 jejunio
788 2462 962 2506 autem
1011 2458 1067 2503 et
1114 2448 1354 2503 oratione
1386 2444 1514 2497 nihil
1542 2442 1716 2497 simile
1753 2440 2010 2496 decrevit.

432 2545 542 2600 Cur
574 2544 741 2598 illud?
770 2542 899 2609 Quia
933 2542 1267 2607 eleemosyna
1316 2536 1480 2588 latere
1526 2534 1725 2601 nequit,
1753 2531 2011 2599 jejunium

433 2649 605 2691 autem
627 2646 678 2689 et
699 2634 869 2687 oratio
896 2629 1148 2684 occultari
1182 2636 1373 2697 potest.
1406 2624 1553 2679 Sicut
1582 2625 1756 2690 itaque
1782 2636 1899 2674 cum
1927 2620 2009 2673 di-

434 2729 528 2786 xit.
563 2725 766 2778 Nesciut
787 2722 989 2775 sinistra
1032 2730 1117 2771 tua
1139 2718 1257 2788 quid
1279 2716 1402 2785 facit
1431 2718 1637 2767 dextera
1659 2722 1743 2765 tua
1765 2754 1779 2775 ,
1813 2726 1915 2765 non
1945 2711 2012 2763 de

434 2816 682 2871 manibus
708 2815 959 2881 loquutus
993 2821 1097 2876 est,
1146 2808 1239 2863 sed
1269 2807 1530 2876 Signiﬁcat
1558 2814 1805 2873 Oportere
1829 2816 2015 2854 omnes

432 2908 633 2972 celari;
662 2916 715 2963 et
744 2902 1039 2973 cumjussit
1071 2903 1120 2954 in
1150 2898 1450 2955 cubiculum
1493 2897 1715 2958 intrare,
1747 2908 1853 2947 non
1882 2891 2010 2945 illud

434 2999 727 3071 przesertim
770 2994 1013 3065 praecipit
1062 3000 1118 3046 ut
1147 2990 1215 3045 ibi
1265 3004 1580 3058 precemur,
1645 2986 1738 3040 sed
1787 2984 2011 3052 idipsum

432 3093 591 3147 etiam
621 3086 968 3144 subindicavit
1000 3102 1011 3135 :
1038 3084 1115 3138 sic
1141 3088 1195 3137 et
1240 3081 1340 3134 hoc
1378 3080 1492 3132 loco
1530 3092 1649 3131 cum
1685 3075 2011 3143 jejunantem

354 3190 385 3201 “‘
433 3197 555 3238 sese
579 3195 779 3252 ungere
795 3176 973 3248 jussit,
997 3189 1102 3229 non
1123 3172 1341 3227 omnino
1365 3168 1620 3239 pracipit,
1650 3176 1707 3221 ut
1736 3180 1832 3220 nos
1861 3166 2012 3218 iuun-

434 3286 638 3346 gamus,
676 3284 796 3325 nam
826 3280 1013 3323 omnes
1040 3265 1177 3319 hanc
1202 3260 1496 3331 transgredi
1519 3260 1687 3328 legent
1716 3256 2016 3325 deprchen—

436 3371 719 3431 deremnr;
750 3364 979 3418 maxime
1017 3361 1050 3414 ii
1097 3360 1147 3413 in
1178 3357 1361 3428 primis
1390 3355 1476 3425 qui
1516 3353 1773 3423 jejunium
1798 3363 2015 3406 scrvare

436 3460 683 3521 student,
712 3454 1089 3510 menaehornm
1123 3449 1330 3519 populi,
1361 3447 1449 3517 qui
1482 3456 1690 3499 montes
1731 3451 2009 3510 occupant.

436 3550 551 3607 Non
583 3551 756 3617 itaque
788 3546 888 3599 hoc
928 3542 1199 3612 praecipit;
1248 3553 1429 3594 verum
1471 3537 1589 3607 quia
1620 3534 1757 3603 apud
1809 3544 2015 3587 veteres

438 3657 556 3696 mos
584 3639 702 3702 fuit,
734 3644 791 3691 ut
814 3650 933 3691 sese
963 3641 1222 3704 ungerent
1250 3646 1369 3684 cum
1400 3629 1451 3683 in
1497 3626 1690 3697 gaudio
1734 3633 1789 3681 et
1836 3624 2014 3679 lmtitia

438 3741 797 3795 versarentur,
828 3726 971 3798 quod
1000 3726 1051 3779 in
1100 3722 1298 3778 Davide
1323 3730 1375 3777 et
1405 3723 1458 3775 in
1490 3720 1704 3775 Dauiele
1750 3718 1893 3773 clare
1937 3717 2018 3771 di-

439 3824 605 3878 scitur
629 3864 642 3888 ,
673 3833 869 3891 ungere
896 3831 954 3870 se
983 3823 1232 3885 Oportere
1261 3812 1417 3896 dixit,
1450 3826 1554 3865 non
1587 3820 1643 3865 ut
1669 3810 1768 3864 hoc
1797 3806 2015 3862 omnino

440 3913 716 3976 faciamus,
759 3909 852 3964 sed
886 3918 943 3961 ut
978 3922 1098 3960 cum
1142 3904 1285 3959 omni
1329 3902 1507 3956 studio
1553 3911 1713 3969 atque
1741 3898 2012 3967 diligentia

442 4006 543 4060 hoc
566 4005 761 4058 bonum
789 4015 1078 4055 servemus.
1106 4001 1273 4066 Atque
1301 4005 1357 4049 ut
1390 3994 1565 4049 discas
1596 4008 1708 4047 rem
1739 3993 1807 4047 ita
1836 4006 1894 4046 se
1921 3991 2016 4046 ha-

441 4096 567 4151 bere
597 4111 610 4146 :
646 4092 734 4147 ille
763 4091 874 4158 ipse
902 4090 990 4159 qui
1016 4089 1118 4145 hoc
1138 4087 1313 4140 verbis
1335 4094 1681 4155 perceperat,
1710 4093 1763 4138 et
1791 4084 1856 4137 de
1878 4081 2017 4135 facto

438 4194 764 4255 exsequutus
791 4190 905 4244 est;
946 4195 1066 4234 cum
1100 4194 1193 4248 per
1217 4177 1561 4247 quadraginta
1590 4175 1706 4231 dies
1735 4174 2014 4243 jejnnavit,

438 4273 727 4347 jejunando
749 4272 919 4334 latuit,
942 4286 1112 4341 neque
1136 4284 1257 4325 sese
1279 4270 1447 4331 unxit,
1474 4282 1646 4337 neque
1671 4282 1791 4322 sese
1816 4266 2014 4320 abluit:

438 4379 495 4424 et
542 4379 716 4421 tamen
759 4362 964 4419 etiamsi
999 4362 1097 4416 hoc
1140 4378 1241 4415 nou
1274 4361 1490 4425 fecerit,
1521 4360 1637 4413 sine
1681 4372 1815 4412 vana
1852 4358 2015 4429 gloria

442 4460 675 4514 mmime
701 4458 938 4511 onmium
981 4464 1148 4508 totum
1176 4451 1397 4521 perfecit
1426 4468 1439 4504 :
1467 4450 1606 4519 quod
1656 4450 1817 4503 etiam
1864 4450 2019 4504 nobis

445 4550 706 4619 praecipit,
733 4545 1025 4617 hypocritis
1052 4545 1103 4597 in
1136 4543 1367 4597 medium
1394 4541 1656 4608 adductis,
1685 4549 1739 4594 et
1764 4539 2023 4595 auditoria

445 4645 543 4698 Ims
585 4640 778 4709 duplici
826 4646 1092 4709 przecepto
1131 4638 1183 4691 in
1225 4635 1550 4690 contrarium
1602 4634 1875 4699 avocatis;
1915 4634 2018 4687 ali-

444 4732 571 4804 quid
600 4733 757 4787 etiam
786 4744 879 4799 per
908 4727 1035 4782 illud
1064 4741 1258 4781 nomen
1284 4766 1296 4789 ,
1331 4723 1724 4795 hypocritarum
1754 4723 2016 4786 videlicet,

446 4822 820 4879 subindicavit.
850 4819 1030 4888 Neque
1072 4816 1215 4872 enim
1246 4816 1417 4872 solum
1440 4814 1581 4885 quod
1610 4831 1695 4869 res
1724 4823 1865 4869 esset
1892 4814 2019 4869 ridi-

442 4918 581 4976 cula.
625 4928 793 4981 neque
836 4910 973 4980 quod
1017 4910 1268 4963 datnntttn
1298 4905 1521 4961 inferret
1562 4906 1879 4970 maximum,
1927 4903 2021 4958 sed

447 5008 609 5063 etiam
637 5004 776 5075 quod
805 4999 1109 5071 bujusmodi
1156 4999 1355 5053 fallacia
1388 5006 1728 5068 temporanea
1764 4996 2018 5051 exhibea-

449 5110 535 5155 tur
562 5146 577 5157 .
618 5114 646 5152 a
676 5112 834 5168 prava
883 5095 968 5149 illa
996 5092 1420 5162 concupiscentia
1462 5091 1695 5145 abducit.
1738 5089 2019 5161 Hypocrita

448 5192 589 5247 enim
614 5187 810 5243 tamdiu
841 5185 1033 5239 clarior
1060 5190 1320 5253 apparet,
1349 5180 1599 5251 quamdiu
1630 5179 1890 5234 theatrum
1939 5194 2024 5234 se-

448 5282 581 5337 derit
609 5299 622 5334 :
654 5280 759 5333 into
782 5292 907 5331 vero
930 5291 1100 5344 neque
1127 5283 1249 5328 tunc
1274 5271 1408 5339 apud
1425 5286 1633 5325 onmcs.
1657 5269 1859 5325 Norunt
1882 5271 2022 5325 enim

453 5372 663 5441 plurimi
690 5380 1044 5439 spectatorum
1068 5368 1155 5435 qui
1178 5380 1297 5420 cum
1320 5364 1426 5418 sint
1455 5365 1526 5418 illi
1554 5363 1727 5434 qualia
1749 5364 2020 5418 simulent.

452 5464 715 5518 Caeterum
742 5461 912 5515 soluto
943 5462 1169 5519 theatro,
1202 5450 1629 5510 manifestissime
1668 5456 1915 5509 omnibus
1940 5469 2026 5509 rc-

455 5560 713 5615 velantur.
747 5554 858 5610 lloe
885 5554 1039 5625 igitur
1064 5550 1249 5622 gloriae
1277 5549 1498 5618 cupidos
1530 5549 1633 5619 pali
1665 5549 2023 5605 necessarium

518 5719 533 5748 ⁸
568 5715 761 5773 Quidam
787 5721 911 5761 διες..
952 5718 1037 5766 Itfit'
1055 5714 1356 5767 ea'cmmione
1379 5713 1607 5765 rielt't'ttte.

1144 325 1201 381 S.
1240 322 1514 381 JOANMS
1551 314 2027 374 CIIRYSOSTUMI
2064 306 2387 367 AliClllEl’;
2418 308 2944 365 CONSTANTlNOP.

3590 316 3702 371 9.83

2114 438 2333 490 prorSIts
2359 436 2459 479 est.
2493 425 2603 480 luto
2647 425 2809 479 etiam
2841 425 3082 493 plurimis
3109 426 3397 495 palamcst,
3431 441 3537 481 non
3577 445 3703 485 esse

2112 518 2234 571 illos
2263 517 2311 571 id
2342 517 2481 587 quod
2525 532 2644 573 esse
2670 518 2949 583 videntur;
2984 519 3078 573 sed
3105 519 3251 574 larva
3281 521 3452 575 solum
3492 523 3695 593 obtegi.

2110 608 2275 661 Multo
2301 609 2465 678 magis
2498 618 2678 663 autem
2709 617 2887 676 postea
2915 611 3211 677 capientur,
3258 611 3472 679 quando
3517 616 3698 666 onitiia

2107 698 2251 753 nuda
2279 708 2332 753 et
2361 710 2539 769 aperta
2566 706 2743 753 erunt.
2774 699 3003 754 Aliunde
3026 710 3204 754 autem
3246 718 3455 756 rursum
3486 703 3606 758 illos
3631 706 3701 757 ab

2111 788 2400 859 hypocritis
2431 788 2665 855 abducit,
2695 804 2813 843 cum
2849 789 3083 845 ostendit
3132 806 3234 846 non
3263 794 3549 848 onerosum
3577 810 3702 850 esse

2112 889 2456 951 pra-ceptum.
2473 878 2656 950 Neque
2671 881 2811 934 enim
2828 880 3086 951 jejunium
3110 883 3368 949 extendit,
3389 900 3564 954 neque
3586 885 3703 939 lon-

2110 974 2227 1042 gius
2263 972 2373 1028 fieri
2416 972 2597 1043 jubet;
2634 971 2726 1026 sed
2773 988 2841 1027 ne
2870 974 2984 1044 ejus
3010 990 3206 1029 eoroua
3240 987 3420 1045 pereat
3477 978 3699 1032 insistit.

2112 1064 2297 1136 Itaque
2324 1065 2462 1135 quod
2491 1065 2661 1119 solum
2695 1080 2979 1120 onerosum
3005 1066 3237 1134 videtur,
3265 1078 3319 1121 et
3345 1068 3499 1124 nobis
3516 1079 3573 1124 et
3602 1071 3705 1142 hy-

2111 1158 2333 1229 pocritis
2377 1172 2659 1212 Commune
2710 1166 2830 1211 est:
2864 1173 2983 1212 nam
3030 1170 3083 1212 et
3128 1159 3201 1214 illi
3247 1160 3523 1229 jejunant;
3556 1162 3701 1230 quod

2109 1262 2287 1305 autem
2320 1263 2402 1305 est
2432 1251 2760 1307 levissimum
2806 1251 3039 1322 ipsisque
3084 1254 3380 1323 proprium,
3403 1269 3469 1308 ne
3495 1254 3705 1308 Scilicet

2109 1344 2415 1398 laborantes
2444 1358 2641 1398 corona
2683 1344 2972 1411 priventur,
3024 1344 3150 1396 illud
3180 1352 3297 1408 est,
3336 1345 3521 1415 inquit.
3558 1344 3699 1415 quod

2105 1435 2270 1505 jubeo
2302 1452 2314 1486 :
2349 1435 2618 1491 laboribus
2662 1435 2795 1489 nihil
2823 1434 3025 1489 addens
3047 1476 3062 1499 ,
3116 1436 3500 1505 ntercedesque
3551 1437 3703 1490 vobis

2109 1530 2367 1599 colligens
2387 1544 2509 1584 cum
2546 1530 2807 1584 tutissima
2838 1528 3071 1591 cautela,
3119 1542 3216 1583 nec
3259 1530 3443 1582 sinens
3483 1531 3699 1583 incoro-

2113 1631 2269 1675 natos
2297 1620 2468 1685 abire,
2498 1621 2635 1674 sicut
2658 1620 2732 1674 illi
2760 1620 2978 1685 abeunt,
3018 1620 3107 1690 qui
3137 1620 3325 1674 nolunt
3364 1634 3478 1683 eos,
3524 1621 3615 1690 qui
3648 1622 3700 1673 in

2112 1712 2405 1781 Olytnpicis
2434 1711 2573 1767 ludis
2602 1712 2899 1776 decertant,
2924 1711 3137 1777 imitari,
3165 1713 3277 1781 qui,
3310 1721 3456 1765 tanto
3483 1713 3698 1781 populo,

2115 1814 2191 1861 tot
2234 1804 2562 1873 principibus
2612 1804 2959 1867 sedentibus,
3010 1805 3096 1857 uni
3148 1804 3329 1857 volunt
3374 1803 3583 1871 {lacere
3612 1805 3700 1870 qui

2114 1910 2365 1949 coronam
2395 1896 2518 1963 ipsis
2552 1894 2765 1961 tribuat,
2797 1895 2920 1948 licet
2960 1894 3046 1949 ille
3085 1894 3239 1964 longe
3260 1895 3331 1948 sit
3364 1894 3615 1948 inferior:
3649 1906 3702 1948 tu

2114 2001 2239 2040 vero
2266 2002 2389 2040 cum
2412 1986 2544 2038 duas
2576 1985 2773 2040 habeas
2802 1986 3042 2039 victoriae
3075 1985 3176 2053 ipsi
3204 1986 3569 2040 monstranda:
3584 2000 3704 2039 cau-

2112 2092 2220 2139 sas,
2248 2089 2355 2131 tum
2390 2077 2532 2147 quod
2561 2078 2648 2131 ille
2679 2076 2895 2147 praemia
2927 2078 3231 2144 distribuat,
3258 2087 3366 2132 turn
3394 2078 3535 2148 quod
3574 2094 3705 2149 spe-

2113 2179 2319 2225 ctantes
2347 2185 2537 2224 ornues
2562 2170 2678 2223 sine
2719 2170 2825 2224 ulla
2856 2170 3261 2238 comparatione
3288 2180 3543 2239 superet,
3582 2171 3706 2224 aliis

2116 2270 2166 2315 te
2194 2270 2451 2326 ostentas,
2483 2261 2571 2329 qui
2594 2275 2696 2313 non
2722 2260 2880 2313 modo
2904 2260 3032 2314 nihil
3056 2261 3145 2315 tibi
3177 2260 3432 2331 prodesse
3460 2272 3701 2330 possunt,

2116 2353 2209 2406 sed
2241 2354 2330 2422 qui
2365 2362 2413 2406 te
2445 2352 2676 2407 maxime
2705 2352 2924 2407 la-dunt.
3478 2356 3487 2361 “

2185 2443 2240 2496 2.
2293 2442 2461 2498 Virtus
2504 2444 2779 2511 aliquando
2812 2460 2981 2497 coram
3007 2444 3291 2499 hominibus
3316 2444 3702 2516 glori/imbitur.

2116 2534 2303 2590 Contra
2330 2536 2619 2588 simulatam
2648 2536 2973 2589 virtutcm.—
2994 2538 3262 2600 Attamen,
3291 2537 3481 2605 inquit,
3513 2552 3579 2591 ue
3604 2535 3708 2590 hoc

2114 2643 2326 2698 quoque
2353 2627 2606 2697 impedio.
2634 2625 2765 2681 Nam
2793 2628 2836 2681 si
2885 2626 3190 2682 hominibus
3219 2636 3270 2683 te
3295 2628 3580 2683 ostendere
3612 2644 3706 2682 ve-

2119 2721 2203 2779 lis.
2234 2732 2517 2788 exspecta;
2562 2734 2683 2773 nam
2715 2720 2815 2773 hoc
2842 2736 2940 2789 ego
2968 2721 3059 2773 tibi
3089 2720 3444 2778 abundantius
3475 2731 3704 2790 pra-sta-

2117 2812 2206 2876 bo,
2238 2821 2292 2865 ct
2315 2828 2433 2864 cum
2464 2825 2654 2881 magno
2678 2812 2842 2866 lucro.
2868 2811 3016 2865 Nunc
3031 2812 3171 2866 enim
3197 2822 3247 2867 te
3275 2812 3377 2867 hoc
3402 2815 3469 2868 ab
3495 2830 3559 2868 ea
3588 2830 3708 2883 qua:

2117 2904 2256 2971 apud
2286 2918 2371 2958 me
2395 2911 2476 2956 est
2502 2901 2667 2972 gloria
2692 2901 2914 2967 divellit,
2948 2905 3084 2957 sicut
3108 2905 3158 2957 id
3200 2904 3476 2974 despicere
3517 2916 3569 2960 te
3596 2922 3710 2961 tne-

2118 3012 2239 3049 Clllll
2266 2996 2514 3064 copulat;
2567 3004 2693 3049 tunc
2734 3010 2862 3049 vero
2888 2996 3136 3050 omnibus
3165 2996 3357 3051 frueris
3385 3012 3505 3051 cum
3541 2996 3706 3051 liber-

2121 3100 2226 3143 tate
2256 3090 2421 3151 omni,
2459 3103 2558 3143 nec
2588 3103 2805 3156 parvum
2836 3098 2959 3141 ante
2986 3088 3210 3142 fructum
3258 3088 3344 3143 hic
3384 3099 3707 3160 excepturus

2116 3195 2193 3241 es,
2223 3180 2363 3250 quod
2391 3194 2581 3249 nempe
2604 3193 2815 3234 omnem
2835 3178 3117 3233 humanam
3139 3178 3362 3249 gloriam
3384 3180 3667 3236 conculees
3688 3223 3703 3247 ,

2117 3283 2172 3326 et
2200 3288 2226 3323 a
2261 3272 2408 3342 gravi
2432 3270 2519 3325 illa
2552 3270 2826 3325 hominum
2850 3272 3109 3325 servitute
3131 3271 3394 3337 libereris,
3424 3287 3566 3326 vera:-
3598 3274 3705 3326 vir-

2120 3364 2248 3418 tutis
2273 3365 2533 3420 exercitio
2558 3372 2838 3433 pratstans.
2876 3362 3024 3417 Nunc
3062 3372 3246 3419 contra
3285 3365 3330 3419 si
3358 3365 3449 3420 illo
3482 3365 3706 3419 affectus

2119 3457 2193 3511 sis
2225 3456 2416 3520 modo,
2448 3464 2503 3511 et
2539 3454 2585 3509 si
2616 3456 2667 3509 in
2693 3455 2906 3510 deserto
2944 3457 3049 3519 sis,
3083 3455 3227 3510 omni
3272 3470 3470 3511 vacuus
3514 3459 3708 3511 virtute

2119 3549 2228 3603 eris
2253 3590 2266 3610 ,
2298 3562 2404 3601 non
2452 3546 2655 3602 habens
2684 3557 3031 3617 spectatores.
3060 3545 3213 3613 Quod
3242 3556 3387 3601 certe
3413 3556 3495 3601 est
3525 3548 3703 3602 virtuti

2120 3652 2366 3707 magnam
2399 3636 2595 3691 inferre
2636 3635 3040 3700 contumeliam,
3063 3637 3105 3689 si
3136 3652 3242 3690 non
3266 3647 3481 3706 propter
3510 3637 3700 3707 ipsam,

2119 3732 2213 3785 sed
2241 3738 2461 3800 propter
2478 3729 2732 3794 funarios,
2750 3730 2989 3792 a-rarios,
3008 3728 3258 3799 aliudque
3285 3730 3493 3785 forense
3522 3733 3704 3801 vulgus

2121 3822 2266 3876 illam
2294 3820 2495 3885 adeas;
2528 3829 2587 3874 ut
2609 3830 2663 3874 et
2690 3819 2940 3889 improbi,
2973 3827 3028 3873 et
3056 3821 3144 3889 qui
3173 3820 3242 3875 ab
3281 3821 3365 3874 illa
3419 3821 3573 3892 longe
3618 3823 3702 3877 di.

2118 3922 2261 3969 stant
2287 3922 2338 3967 te
2364 3912 2716 3978 admirentur,
2738 3910 3086 3979 inimicosque
3112 3910 3227 3980 ejus
3249 3926 3408 3967 vocas
3432 3913 3497 3967 ad
3524 3924 3704 3968 osten-

2120 4007 2373 4061 tationem
2402 4012 2457 4060 et
2480 4003 2841 4074 spectaculum
2874 4020 2888 4055 :
2916 4017 2981 4057 ac
3004 4004 3047 4057 si
3075 4003 3195 4073 quis
3218 4004 3405 4073 pudice
3430 4019 3590 4074 agere
3610 4021 3702 4058 ve-

2121 4098 2200 4161 lit,
2233 4110 2335 4149 non
2392 4105 2609 4164 propter
2672 4095 2841 4162 ipsum
2895 4093 3161 4160 pudicitia:
3226 4092 3446 4158 bonum,
3506 4094 3600 4150 sed
3651 4104 3706 4150 ut

2124 4187 2330 4257 placeat
2353 4184 2652 4255 impudicis.
2680 4184 2744 4238 Et
2765 4195 2820 4237 tu
2840 4198 2966 4253 ergo
2993 4184 3239 4237 virtutem
3285 4198 3387 4238 non
3429 4184 3702 4255 ch-gisses,

2122 4278 2221 4333 nisi
2245 4278 2314 4332 ob
2335 4277 2540 4331 virtutis
2567 4276 2810 4330 inimicos
2834 4292 2847 4328 :
2874 4290 2995 4330 cum
3025 4284 3297 4344 oporteret
3324 4290 3441 4331 eam
3466 4278 3546 4332 vel
3584 4276 3706 4332 inde

2123 4371 2323 4434 mirari,
2355 4368 2493 4440 quod
2537 4368 2779 4422 inimicos
2808 4381 2935 4421 suos
2961 4366 3121 4421 etiam
3166 4366 3468 4423 laudatores
3493 4368 3705 4423 habeat.

2124 4461 2386 4516 Admirari
2414 4476 2541 4531 ergo
2572 4460 2716 4515 illam
2747 4468 2973 4529 oportet,
3010 4466 3066 4514 ut
3112 4475 3205 4529 par
3227 4471 3331 4526 cst,
3362 4477 3466 4515 non
3491 4474 3708 4532 propter

2124 4556 2280 4617 alios,
2303 4554 2393 4608 sed
2417 4562 2639 4627 propter
2668 4553 2836 4623 ipsam
2868 4570 2882 4607 :
2913 4550 3341 4623 quattquuidcm
3380 4568 3479 4608 nos
3520 4555 3706 4620 etiam,

2126 4649 2337 4720 quando
2354 4665 2458 4703 non
2482 4658 2697 4718 propter
2728 4663 2824 4702 nos
2849 4648 3015 4718 ipsos,
3047 4647 3139 4702 sed
3165 4656 3383 4717 propter
3405 4648 3540 4701 alios
3563 4664 3709 4702 ama—

2127 4758 2263 4804 mnr,
2290 4741 2663 4796 contumeliam
2696 4740 2747 4795 id
2770 4754 2889 4795 esse
2913 4750 3175 4808 putamus.
3201 4738 3313 4794 Hoc
3341 4739 3512 4808 ipsum
3531 4739 3709 4811 itaque

2126 4834 2194 4889 de
2219 4835 2411 4887 virtute
2436 4832 2593 4888 etiam
2615 4840 2835 4901 reputa;
2864 4845 3034 4901 neque
3065 4837 3281 4901 propter
3300 4830 3443 4911 alios
3472 4845 3592 4886 eam
3618 4847 3708 4886 sc-

2125 4938 2311 4995 quare,
2348 4937 2520 4993 neque
2548 4930 2767 4993 pmpter
2815 4920 3058 4976 homines
3100 4920 3209 4976 Deo
3233 4920 3545 4991 obsequar-is
3568 4962 3585 4986 ,
3614 4920 3708 4975 sed

2128 5026 2344 5087 propter
2373 5016 2535 5069 Deum
2586 5014 2914 5078 hominibus;
2944 5013 2989 5068 si
3036 5029 3161 5068 vero
3182 5014 3504 5069 contrarium
3525 5013 3707 5079 facias,

2127 5110 2249 5164 licet
2273 5109 2516 5163 virtutem
2564 5106 2712 5163 adire
2745 5106 2973 5162 videaris
2996 5150 3010 5172 ,
3040 5107 3257 5177 perinde
3284 5107 3431 5161 illum
3472 5107 3524 5159 in
3577 5106 3709 5161 iram

2127 5202 2427 5267 coacitasti,
2452 5215 2514 5256 ac
2541 5202 2584 5256 si
2613 5200 2733 5271 quis
2782 5199 2925 5254 illam
2976 5215 3079 5254 non
3108 5198 3277 5253 adiret
3313 5217 3324 5252 :
3358 5198 3709 5269 quemadmo—

2128 5295 2255 5351 dum
2284 5295 2425 5350 enim
2455 5294 2541 5348 ille
2562 5288 2626 5349 eo
2651 5291 2792 5362 quod
2818 5305 2922 5346 non
2950 5290 3165 5353 faceret,
3197 5289 3555 5360 inobsequens
3577 5289 3672 5343 fuit
3692 5330 3707 5357 ,

2129 5392 2207 5447 sic
2232 5399 2287 5444 et
2326 5398 2378 5443 tu
2408 5403 2473 5442 eo
2510 5386 2649 5457 quod
2682 5402 2785 5440 non
2814 5385 2915 5439 rite
2940 5382 3124 5438 facias.
3150 5382 3236 5439 19.
3262 5381 3436 5436 Nolite
3462 5382 3706 5435 tltcsauri-

2129 5499 2247 5538 καῖε
2281 5481 2414 5535 vobis
2441 5482 2699 5535 thesauros
2724 5479 2776 5532 in
2812 5487 2966 5531 terra.
2987 5477 3121 5545 Quia
3150 5477 3291 5531 enim
3336 5491 3486 5531 vana:
3529 5477 3711 5546 gforia:

2131 5573 2375 5629 morbum
2405 5570 2629 5641 expulit,
2659 5577 2958 5638 opportune
3000 5567 3108 5637 jam
3149 5566 3217 5622 de
3255 5566 3555 5621 divitiarum
3583 5580 3709 5619 con-

2135 5681 2331 5740 temptu
2353 5679 2654 5724 sermonem
2678 5662 2893 5719 inducit.
2910 5660 3050 5717 Nihil
3072 5662 3212 5717 enim
3236 5659 3305 5716 ita
3326 5660 3390 5715 ad
3408 5658 3708 5716 divitiarum
