4110 6306
355 280 459 341 Q89

354 411 601 453 amorem
632 395 903 459 concitat,
942 402 1001 449 ut
1037 395 1051 425 '
1084 393 1272 466 gloriae
1311 392 1609 462 cupiditas.
1637 387 1763 445 ideo
1787 402 1945 443 nam-

351 502 460 558 que
491 500 784 543 servorum
815 498 1045 557 greges,
1076 481 1459 539 cunuchorum
1485 479 1737 552 agmina,
1771 492 1946 550 equos

342 599 506 641 aureo
555 590 749 640 ornatu
796 580 1062 652 insignes,
1112 584 1397 650 argenteas
1445 586 1683 637 mensas,
1729 571 1941 639 aliaque

341 675 511 747 magis
534 670 758 729 ridenda
785 671 1090 742 excogitant
1110 668 1358 724 homines
1376 707 1391 730 ,
1418 680 1526 720 non
1559 673 1618 718 ut
1645 661 1943 719 necessita-

342 779 449 825 tem
471 764 745 835 expleant,
771 776 943 833 neque
961 771 1018 816 ut
1038 760 1307 830 voluptate
1329 756 1593 821 fruantur,
1623 753 1718 810 sed
1741 762 1799 809 ut
1820 754 1942 823 piu-

342 859 495 923 rimis
529 871 651 913 sese
691 863 984 912 ostentent.
1039 852 1297 922 Superius
1344 850 1503 920 igitur
1545 857 1750 903 tantum
1801 846 1944 901 dixit

341 948 745 1006 misericordem
772 961 893 1002 esse
921 953 1207 1017 oportere;
1233 943 1320 998 hic
1340 956 1469 997 vero
1497 940 1654 995 docet
1680 946 1939 1010 quantum

280 1054 287 1061 ‘
340 1042 584 1100 misereri
609 1049 855 1113 Oporteat
883 1038 966 1093 bis
991 1037 1170 1094 verbis
1191 1054 1204 1093 :
1226 1034 1402 1092 Nolite
1415 1033 1776 1089 thesaurizare.
1805 1030 1941 1101 Quia

339 1136 484 1193 enim
508 1150 616 1192 non
652 1136 726 1191 ita
750 1132 907 1189 facile
930 1139 1048 1187 erat
1085 1130 1237 1186 initio
1264 1116 1568 1185 divitiarum
1603 1135 1942 1195 contemptus

339 1228 636 1284 doctrinam
680 1224 938 1281 inducere
983 1230 1201 1294 propter
1240 1220 1348 1275 vim
1392 1218 1604 1284 morbi,
1657 1226 1940 1287 postquam

340 1319 597 1391 paulatim
621 1316 673 1373 id
703 1316 818 1371 vitii
849 1324 1155 1371 resecuerat
1184 1323 1239 1369 et
1266 1312 1335 1369 ad
1365 1313 1665 1367 libertatem
1695 1310 1941 1365 homines

341 1417 706 1473 revocaverat,
755 1405 807 1462 id
857 1407 909 1460 in
956 1415 1194 1462 mentem
1224 1403 1527 1459 auditorum
1560 1403 1834 1465 immittit,
1883 1410 1943 1455 ut

337 1500 446 1570 iam
483 1499 692 1555 facilius
720 1499 1002 1569 accipiant.
1052 1497 1340 1567 Propterea
1371 1496 1545 1566 primo
1590 1493 1762 1561 dixit,
1796 1492 1941 1547 Beati

340 1591 689 1646 misericordes
715 1588 928 1663 (Matth.
953 1589 1005 1645 5.
1031 1588 1085 1657 7)
1109 1604 1124 1653 ;
1173 1595 1356 1657 postea
1396 1594 1572 1641 autem
1594 1628 1610 1653 ,
1659 1584 1787 1641 Esto
1814 1600 1940 1639 con-

340 1682 558 1738 sentiens
576 1682 866 1737 adversario
881 1690 968 1734 tuo
996 1677 1158 1751 (Ibid.
1181 1696 1230 1733 υ.
1250 1678 1342 1735 25.
1372 1678 1489 1751 40);
1510 1677 1726 1743 deinde,
1747 1676 1806 1733 Si
1829 1677 1940 1749 quis

340 1774 551 1830 uoluerit
580 1783 742 1828 tecum
754 1772 961 1844 judicio
978 1770 1293 1837 contendere,
1318 1779 1366 1824 et
1394 1769 1619 1823 tunicam
1657 1780 1798 1822 tuam
1837 1768 1942 1822 tol-

342 1867 445 1922 lere
467 1906 481 1930 ,
514 1866 581 1919 da
607 1866 651 1920 ei
687 1873 735 1918 et
775 1863 1026 1935 pallium;
1056 1862 1141 1917 hic
1180 1876 1311 1917 vero
1356 1860 1464 1916 illis
1489 1860 1739 1916 omnibus
1770 1859 1942 1930 majus

339 1956 613 2028 quidpiam
660 1955 837 2011 elIert.
880 1954 991 2009 illic
1019 1955 1161 2009 enim
1192 1952 1365 2017 dixit,
1396 1952 1452 2009 Si
1494 1952 1644 2009 litem
1690 1951 1942 2007 intentari

340 2049 544 2118 videas,
574 2047 675 2105 hoc
702 2047 783 2104 lac
815 2068 830 2106 :
858 2048 1051 2105 melius
1075 2047 1218 2104 enim
1235 2056 1441 2104 estnon
1460 2048 1695 2102 retinere
1718 2055 1773 2103 et
1793 2060 1823 2100 a
1850 2046 1943 2102 lite

339 2142 594 2208 liberari,
623 2157 782 2213 quam
814 2141 1047 2198 retinere
1068 2150 1125 2198 et
1150 2140 1382 2211 litigare.
1416 2139 1514 2196 ilic
1540 2154 1668 2195 vero
1696 2153 1796 2195 nec
1844 2137 1941 2193 ad-

342 2236 665 2301 versarium,
707 2249 808 2290 nec
860 2234 950 2289 lite
1001 2232 1415 2289 contendentem
1468 2246 1711 2303 ponens,
1769 2245 1944 2301 neque

338 2328 504 2383 alium
521 2327 827 2398 quempiam
851 2325 1079 2381 similem
1107 2338 1435 2390 memorans,
1458 2323 1764 2377 divitiarum
1804 2336 1942 2377 con-

342 2427 606 2491 temptum
630 2417 909 2473 dumtaxat
933 2418 1108 2482 docet,
1140 2416 1430 2475 eatendens
1457 2430 1516 2471 se
1543 2425 1789 2470 nontam
1821 2429 1947 2483 pro-

340 2518 462 2579 pter
508 2526 604 2565 cos
656 2512 745 2580 qui
796 2524 865 2564 ex
919 2508 1145 2563 aliorum
1198 2507 1568 2564 misericordia
1612 2508 1940 2570 allevantur,

341 2616 504 2672 quam
534 2610 752 2671 prepter
791 2616 885 2656 eos
912 2600 1000 2670 qui
1038 2600 1354 2669 largiuntur,
1382 2597 1479 2653 has
1510 2599 1655 2668 leges
1683 2596 1861 2653 ferre:
1889 2606 1947 2651 ut

343 2690 557 2746 etiamsi
601 2705 761 2746 nemo
811 2690 1058 2760 iniuriam
1100 2689 1325 2753 inferat,
1371 2704 1531 2743 nemo
1561 2689 1628 2742 ad
1683 2688 1943 2758 judicium

342 2781 553 2845 trahat,
587 2796 706 2852 quae
751 2780 949 2836 adsunt
993 2780 1129 2835 bona
1177 2788 1620 2845 contemnamus,
1652 2779 1946 2849 egenisque

344 2872 638 2928 tradamus.
666 2872 848 2942 Neque
868 2871 956 2927 hic
982 2869 1455 2926 totum'conlcrtim
1479 2869 1676 2941 posuit,
1699 2870 1792 2924 sed
1817 2884 1945 2939 pau—

345 2967 494 3023 latim
528 2984 542 3019 :
573 2967 672 3024 etsi
718 2980 844 3020 vero
872 2965 925 3019 in
952 2964 1169 3020 deserto
1214 2963 1505 3019 certamina
1539 2962 1635 3016 has
1676 2962 1819 3017 circa
1861 2975 1947 3016 res

346 3073 469 3113 cum
497 3058 547 3111 vi
580 3072 769 3129 magna
792 3054 1147 3121 exhibuisset,
1171 3062 1407 3115 attamen
1440 3053 1492 3107 id
1524 3066 1630 3106 non
1649 3051 1823 3115 atl‘crt,
1854 3065 1948 3104 ne-

344 3164 451 3219 que
481 3149 535 3203 in
565 3149 801 3203 medium
827 3144 1044 3200 adducit
1076 3160 1089 3197 :
1121 3143 1356 3198 nondum
1401 3143 1543 3195 enim
1578 3150 1788 3210 tempus
1832 3151 1948 3193 erat

346 3241 465 3297 haec
490 3240 757 3305 revelare;
787 3240 882 3293 sed
922 3236 1198 3292 ratiocinia
1230 3232 1475 3305 qumdam
1507 3233 1726 3295 excutit,
1756 3246 1947 3287 consu-

346 3332 505 3389 lentis
531 3333 711 3402 potius
731 3344 888 3399 quam
918 3317 1453 3399 legislatoris‘munus
1468 3325 1678 3381 obiens.
1704 3324 1839 3378 Cum
1869 3322 1950 3375 di-

344 3418 676 3481 xisseteuim
698 3462 712 3487 ,
745 3420 919 3475 Nolite
947 3420 1294 3475 thesaurizare
1329 3419 1381 3471 in
1404 3412 1577 3485 terra,
1620 3416 1893 3484 subjunin
1932 3434 1944 3468 :

349 3514 451 3571 libi
482 3531 658 3586 mgo
695 3523 743 3568 et
770 3515 904 3569 tinea
929 3512 1221 3577 demolitur,
1255 3520 1301 3564 et
1336 3508 1422 3563 ubi
1453 3513 1594 3581 fures
1625 3506 1873 3575 e/Todiunt
1902 3517 1947 3561 et

350 3611 615 3678 furantur.
647 3604 802 3661 Nune
847 3602 1083 3658 ostendit
1109 3602 1306 3657 terreni
1358 3599 1595 3655 thesauri
1628 3615 1827 3654 noxam
1850 3640 1865 3664 ,
1896 3607 1951 3653 ct

347 3696 577 3752 celestis
606 3696 928 3761 utilitatem,
972 3703 1083 3747 tum
1111 3708 1139 3745 a
1174 3692 1325 3757 loco,
1368 3701 1477 3745 lllm
1554 3689 1623 3745 ab
1698 3688 1945 3744 adversi-

355 3785 579 3842 tatibus.
656 3784 847 3855 Neque
921 3784 1008 3839 hic
1048 3782 1268 3854 gradum
1296 3784 1458 3848 sistit,
1488 3781 1583 3837 sed
1612 3781 1756 3836 aliud
1790 3779 1948 3834 indu-

348 3876 423 3932 cit
460 3877 832 3942 ratiocinium;
875 3886 930 3931 et
959 3876 1174 3947 quidem
1209 3878 1380 3946 primo
1408 3877 1476 3929 ah
1502 3875 1641 3940 illis,
1688 3890 1808 3945 quae
1840 3889 1949 3928 ma-

349 3970 492 4023 xime
529 3967 742 4034 timent,
780 3967 1072 4022 cobortaus
1098 3968 1240 4021 illos.
1268 3965 1428 4034 Quid,
1458 3966 1648 4037 inquit,
1673 3964 1863 4019 times?
1885 3980 1952 4021 ne

349 4058 686 4113 insumantur
703 4059 945 4129 pecunia:
970 4059 1015 4113 si
1038 4057 1251 4114 dederis
1266 4043 1695 4130 eleemosynam?
1725 4058 1797 4112 Da
1822 4072 1953 4127 ergo

347 4151 785 4223 cleemosynam,
843 4163 897 4206 et
943 4160 1069 4206 tunc
1117 4166 1221 4206 non
1262 4150 1613 4206 absumuntur
1653 4169 1665 4203 :
1702 4149 1952 4219 quodque

352 4241 526 4312 majus
552 4250 655 4307 est,
682 4257 790 4296 non
818 4242 979 4297 modo
1001 4258 1105 4297 non
1136 4242 1508 4306 absumentur,
1544 4242 1638 4297 sed
1666 4243 1825 4296 etiam
1854 4243 1951 4297 ad-

350 4331 701 4389 ditamentum
744 4338 917 4403 majus
941 4335 1252 4402 accipient:
1297 4336 1498 4389 etenim
1542 4337 1678 4391 bona
1717 4336 1950 4389 caelestia

351 4422 691 4494 adjicientur.
729 4425 922 4481 Verum
956 4424 1005 4481 id
1032 4424 1209 4481 adhuc
1254 4441 1363 4480 non
1406 4425 1555 4490 dicit,
1587 4427 1681 4482 sed
1710 4426 1810 4482 sub
1837 4426 1954 4482 haec

352 4515 558 4583 adjicit.
1110 4528 1117 4537 "

428 4606 480 4660 5.
529 4604 730 4677 Duplici
760 4608 959 4662 ratione
989 4607 1218 4663 Christus
1239 4608 1306 4662 ad
1328 4590 1699 4681 electitosyunm
1721 4610 1949 4665 adducit.

356 4694 771 4767 Pecuniam
807 4698 1009 4769 diﬁcile
1036 4708 1319 4754 servantur.
1354 4698 1506 4764 Quod
1550 4701 1723 4755 oculus
1752 4702 1953 4770 corpori

356 4798 451 4853 est,
473 4786 529 4840 id
557 4788 732 4841 animo
759 4787 1267 4843 homini.—-luterim
1292 4804 1419 4844 vero
1443 4790 1492 4843 id
1521 4790 1663 4859 quod
1696 4791 1813 4845 illos
1837 4805 1952 4844 nta-

354 4881 501 4933 xime
525 4877 795 4933 cohortari
834 4888 1061 4949 poterat,
1094 4880 1147 4935 in
1198 4880 1433 4935 medium
1474 4881 1709 4946 adducit,
1759 4896 1955 4949 nempe

356 4968 669 5023 thesaurum
693 4968 951 5025 intactum
975 4970 1196 5034 servari,
1225 4982 1277 5025 et
1302 4974 1551 5042 utrinque
1572 4972 1953 5027 illos'attrahit.

354 5058 471 5113 Non
499 5060 641 5116 enim
665 5058 796 5115 dicit
818 5069 1046 5128 tantum,
1070 5060 1125 5116 Si
1156 5059 1555 5134 eleemosynain
1608 5065 1916 5135 erognveris
1937 5105 1951 5125 ,

356 5166 421 5203 ea
459 5160 722 5215 servatur,
779 5151 874 5207 sed
919 5153 1246 5207 contrarium
1295 5156 1695 5209 comminatur:
1735 5154 1818 5209 Si.
1850 5170 1955 5208 non

359 5244 594 5310 dederis,
628 5245 766 5314 perit
793 5246 909 5300 tibi.
957 5247 1019 5301 Et
1068 5245 1189 5301 vide
1230 5245 1548 5303 inell'ahilcnt
1597 5248 1953 5317 prudentiam.

359 5334 478 5392 Non
504 5336 642 5391 dixit
663 5378 676 5400 ,
707 5338 841 5392 Aliis
865 5337 955 5392 illa
985 5338 1225 5393 dimittes
1257 5356 1271 5392 :
1298 5339 1419 5408 quia
1448 5354 1593 5408 szepe
1621 5339 1751 5393 illud
1780 5339 1957 5393 homi-

363 5432 522 5487 nibus
548 5446 714 5485 suave
748 5442 859 5498 est;
891 5443 1125 5487 attamen
1154 5432 1273 5486 illos
1299 5431 1517 5487 aliunde
1562 5440 1746 5498 terret,
1775 5444 1953 5488 esten-

362 5522 497 5577 deus
526 5521 740 5577 divitias
774 5537 841 5576 ne
872 5522 1012 5577 illius
1038 5522 1254 5593 quidem
1275 5566 1287 5587 ,
1322 5523 1412 5593 qui
1476 5522 1745 5592 possidet,
1798 5538 1913 5578 esse
1943 5561 1955 5587 ,

367 5614 489 5669 licet
539 5615 685 5669 enim
733 5613 971 5669 homines
1014 5615 1079 5669 iis
1133 5629 1235 5670 non
1270 5623 1534 5682 noceant,
1568 5625 1726 5673 erunt
1782 5624 1958 5669 tamn

444 5739 461 5770 θ
488 5735 601 5784 Sav.
626 5731 750 5780 Ben.
774 5728 884 5778 add.
913 5740 1063 5779 come.
1124 5738 1125 5741 ‘

1284 275 1355 333 ΙΝ
1393 271 1815 333 ΜΑττιιΑίυΜ
1852 267 2087 327 HOMIL.
2134 269 2250 325 XX.
2294 272 2361 326 ai.
2409 270 2550 328 XXI.

3554 275 3661 330 suo

2051 387 2273 442 omnino
2299 389 2390 458 qui
2410 398 2658 456 noceant,
2689 390 2831 446 tinea
2862 390 3069 446 scilicet
3096 399 3148 446 et
3175 404 3375 461 aerugo.
3398 392 3663 461 Quamvis

2049 494 2194 535 enim
2217 482 2369 535 vitari
2394 481 2549 553 facile
2574 496 2735 554 posse
2785 484 3033 539 videatur
3061 484 3175 539 itare
3209 484 3494 554 pernicies,
3522 495 3663 541 atta-

2050 585 2173 626 men
2193 571 2623 642 iuexpugnabilis
2642 582 2745 638 est,
2774 589 2876 631 nec
2898 573 3144 645 impediri
3178 583 3373 645 potest;
3404 583 3462 630 et
3489 590 3663 647 quau-

2052 663 2248 717 tumvis
2273 664 2478 734 cogites
2504 679 2610 720 nou
2642 666 2847 736 poteris
2872 665 2977 721 hoc
2997 680 3187 722 arcere
3212 666 3490 721 damnum.
3519 667 3659 736 Quid

2049 752 2247 823 igitur?
2274 770 2535 812 aurumne
2564 772 2594 811 a
2624 757 2768 813 tinea
2798 758 3194 828 corrumpitur?
3221 756 3276 813 Si
3302 772 3409 813 non
3437 772 3467 812 a
3492 760 3660 826 tinea,

2050 862 2079 900 a
2111 846 2318 902 furibus
2338 859 2484 905 certe
2509 858 2836 921 asportatur.
2857 850 2995 920 Quid
3022 850 3197 921 ergo?
3224 866 3293 905 an
3319 865 3509 906 omnes
3534 866 3661 923 spo-

2049 939 2164 994 liati
2191 954 2221 994 a
2248 938 2454 996 furibus
2481 942 2645 998 sunt?
2669 942 2726 999 Si
2754 958 2862 997 non
2892 957 3105 1009 omnes,
3151 950 3207 995 at
3238 941 3475 1019 plurimi.
3506 941 3661 997 ideo-

2030 1044 2151 1101 que
2175 1029 2319 1087 aliud
2345 1030 2415 1087 de
2437 1048 2545 1107 quo
2566 1033 2676 1103 jam
2698 1033 2833 1104 dixi,
2859 1033 3064 1090 inducit
3086 1033 3429 1091 ratiocinium
3445 1033 3656 1092 dicens.

2046 1120 2139 1176 ΞΩ.
2177 1122 2277 1177 Ubi
2302 1124 2572 1180 thesaurus
2593 1126 2836 1193 hominis,
2855 1128 2925 1182 ibi
2953 1136 3001 1182 et
3015 1143 3103 1181 cor
3125 1127 3257 1198 ejus.
3278 1127 3501 1185 Etiamsi
3524 1127 3659 1185 nihil

2048 1211 2244 1269 horum
2275 1216 2507 1284 accidat,
2537 1218 2729 1288 inquit,
2752 1233 2857 1272 non
2882 1232 3070 1289 parum
3100 1219 3335 1290 accipies
3360 1233 3659 1276 nocumen-

2050 1307 2111 1373 ti,
2140 1308 2184 1362 si
2218 1310 2449 1364 terrenis
2480 1309 2675 1365 afﬁxus
2700 1313 2794 1375 sis,
2830 1322 2885 1365 et
2914 1326 2978 1366 ex
3002 1310 3172 1367 libero
3194 1326 3388 1368 servus
3413 1313 3658 1381 effectus,

2045 1398 2160 1452 etsi
2182 1412 2247 1452 ex
2271 1399 2578 1454 cmiestibus
2600 1399 2840 1467 excidas,
2860 1400 3099 1472 nihilque
3110 1415 3174 1456 ex
3192 1402 3514 1459 sublimibus
3536 1418 3661 1472 pos-

2046 1487 2123 1542 sis
2168 1490 2426 1561 cogitare,
2457 1492 2557 1547 sed
2606 1493 2867 1563 pecunias
2902 1507 3136 1565 semper,
3170 1509 3382 1559 usuras,
3427 1494 3658 1561 fmnora,

2048 1578 2222 1646 lucra,
2247 1583 2952 1653 cauponariasiliiberales:
2995 1601 3102 1656 quo
3141 1586 3267 1657 quid
3300 1587 3660 1645 miserabilius

2062 1687 2497 1748 fueritlEtenim
2531 1684 2681 1742 omni
2713 1696 2873 1740 servo
2895 1681 3151 1737 miserior
3183 1681 3290 1735 erit
3310 1679 3437 1734 talis
3470 1679 3659 1743 homo,

2059 1781 2349 1853 pessimam
2362 1778 2466 1834 sibi
2491 1775 2832 1850 tyrannidem
2847 1772 3191 1837 arcessens’,
3223 1771 3480 1841 quodque
3502 1766 3663 1824 fune-

2058 1874 2197 1928 stius
2221 1880 2325 1933 cst.
2355 1868 2594 1939 prodens
2628 1866 2869 1921 hominis
2894 1863 3234 1919 nobilitatem
3252 1871 3415 1932 atque
3435 1861 3661 1915 liberta-

2058 1973 2185 2017 tem.
2207 1959 2342 2015 Nam
2363 1968 2808 2029 quantacumque
2826 1955 2921 2010 tibi
2940 1953 3212 2016 dicantur,
3245 1951 3291 2007 si
3317 1964 3473 2005 mens
3491 1964 3658 2021 pecu—

2057 2052 2165 2110 niis
2191 2051 2346 2108 allisa
2369 2049 2553 2114 fuerit,
2572 2048 2710 2103 nihil
2729 2048 2824 2103 tibi
2848 2044 3196 2116 profuturum
3216 2042 3407 2097 audire
3422 2042 3657 2112 potet-is;

2054 2146 2151 2205 sed
2164 2143 2627 2216 quemadmodum
2648 2140 2804 2196 canis
2822 2140 2876 2193 iu
2901 2138 3117 2193 tumulo
3152 2137 3372 2206 ligatus,
3393 2133 3658 2203 pecunia-

2054 2254 2177 2296 rum
2197 2236 2485 2310 tyrannide
2502 2235 2722 2307 gravius
2743 2249 2906 2301 quam
2928 2240 3118 2287 catena
3144 2228 3401 2299 quapiam
3418 2224 3660 2280 constri-

2056 2340 2202 2396 ctus,
2224 2335 2413 2383 contra
2434 2325 2699 2379 adeuntes
2724 2333 2774 2377 te
2796 2336 2993 2377 omnes
3011 2318 3336 2381 oblatrabis,
3371 2316 3477 2369 hoc
3491 2330 3657 2368 unum

2053 2429 2316 2494 perpetuo
2334 2431 2474 2488 opus
2490 2428 2823 2485 exsequens,
2842 2420 2900 2466 ut
2916 2410 3164 2480 deposita
3182 2422 3476 2463 conserves
3497 2406 3656 2460 aliis:

2052 2528 2164 2582 quo
2182 2509 2310 2581 quid
2331 2522 2573 2578 unquam
2595 2505 2855 2559 miserius
2874 2501 3087 2557 luerit?
3112 2501 3367 2555 Attamen
3394 2498 3522 2568 quia
3554 2498 3658 2552 hoc

2053 2602 2341 2658 sublimius
2358 2608 2496 2664 erat,
2520 2612 2683 2667 quam
2711 2608 2771 2650 ut
2786 2604 2969 2665 posset
2985 2594 3300 2648 auditorum
3320 2606 3474 2644 utens
3491 2589 3660 2643 attin-

2050 2705 2198 2763 gere;
2219 2703 2394 2758 neque
2408 2678 3005 2766 inde'ortumdamnum
3025 2697 3055 2737 a
3072 2681 3260 2736 multis
3275 2678 3434 2735 facile
3451 2687 3662 2748 poterat

2055 2782 2307 2852 intelligi,
2348 2779 2757 2848 nequelucrum
2782 2793 2847 2831 ex
2876 2785 3197 2845 contemptu
3218 2782 3401 2827 ortum
3421 2770 3657 2842 percipi,

2051 2872 2149 2929 sed
2193 2870 2534 2940 philosophia
2558 2883 2697 2936 opus
2717 2875 2836 2922 erat
2862 2875 2921 2917 ut
2958 2864 3063 2918 hoc
3102 2871 3402 2932 utrua-que
3421 2859 3657 2930 perspii

2051 2967 2241 3029 posset
2263 2976 2275 3011 :
2298 2960 2401 3010 hoc
2416 2965 2538 3026 post
2558 2955 2647 3009 illa
2686 2954 3068 3009 maniiestiora
3086 2954 3270 3021 posuit
3301 2952 3493 3006 dicens
3518 2970 3530 3004 ;
3558 2949 3660 3003 Ubi

2049 3055 2128 3098 est
2158 3044 2440 3096 thesaurus
2455 3040 2707 3106 hominis,
2726 3037 2801 3092 ibi
2814 3047 2893 3092 est
2905 3048 2953 3093 et
2969 3054 3062 3091 cor
3072 3037 3207 3105 ejus.
3228 3037 3363 3090 illud
3378 3037 3543 3091 etiam
3559 3052 3659 3105 po-

2052 3154 2168 3199 stea
2196 3144 2393 3197 clarius
2422 3143 2587 3199 eliieit
2645 3157 2673 3194 a
2714 3142 3086 3212 spiritualihus
3115 3143 3182 3197 ad
3229 3145 3503 3199 sensibilia
3548 3159 3664 3199 ser-

2054 3251 2273 3292 nionem
2298 3234 2586 3290 traducens
2629 3234 2715 3289 his
2760 3234 2941 3291 verbis
2972 3234 3101 3291 :22.
3152 3234 3388 3292 Lucerna
3436 3240 3667 3309 corpsz

2055 3328 2130 3382 tui
2158 3337 2231 3381 est
2256 3328 2438 3381 oculus
2457 3337 2592 3381 tuus.
2622 3327 2776 3394 Quod
2803 3337 2982 3383 autem
3008 3329 3158 3395 dicit,
3193 3328 3502 3400 lmjusmodi
3532 3342 3617 3387 est
3646 3349 3663 3387 :

2054 3419 2134 3474 Ne
2162 3417 2406 3474 defodias
2456 3433 2646 3473 aurum
2675 3419 2728 3473 in
2778 3427 2944 3486 terra,
2992 3434 3092 3475 nec
3118 3420 3266 3491 quid;
3292 3422 3396 3477 iam
3446 3423 3661 3478 simile:

2054 3526 2179 3566 nam
2211 3506 2391 3579 tineae,
2410 3512 2632 3583 aerugini
2656 3521 2710 3565 et
2742 3510 2949 3566 furibus
2964 3492 3087 3567 \btec
3104 3528 3421 3585 congregas.
3443 3513 3665 3569 Etiamsi

2055 3618 2185 3658 vero
2217 3602 2333 3658 haec
2379 3602 2576 3658 damna
2606 3602 2897 3674 effugeris,
2953 3602 3005 3657 id
3051 3612 3232 3659 tamen
3278 3620 3385 3659 non
3417 3606 3663 3675 eiiugies,

2056 3696 2200 3767 quod
2223 3711 2320 3752 eor
2351 3705 2500 3750 tuum
2534 3698 2585 3750 in
2628 3697 2945 3752 servitutem
2980 3697 3275 3769 redigatur,
3333 3708 3389 3753 et
3439 3702 3668 3755 terrenis

2059 3788 2308 3860 inligatur
2336 3808 2348 3843 :
2378 3788 2479 3845 Ubi
2506 3791 2638 3844 enim
2672 3792 2823 3862 fuerit
2845 3792 3114 3845 thesaurus
3130 3803 3270 3858 tuus,
3296 3792 3367 3847 ibi
3392 3793 3486 3848 erit
3513 3804 3557 3846 et
3579 3811 3671 3848 cor

2059 3888 2221 3933 tuum.
2255 3879 2311 3934 Si
2340 3895 2501 3948 porro
2525 3881 2577 3934 in
2605 3880 2739 3935 crelo
2763 3880 3023 3949 deponas,
3056 3898 3164 3937 non
3200 3883 3344 3939 hunc
3369 3884 3531 3939 modo
3560 3887 3671 3939 fru-

2058 3982 2201 4026 ctum
2227 3973 2485 4042 percipis,
2516 3973 2658 4043 quod
2682 3974 2900 4043 praemia
2926 3991 3023 4044 pro
3041 3974 3127 4031 his
3152 3989 3335 4046 parata
3369 3993 3672 4049 consequa-

2060 4064 2155 4129 ris;
2179 4080 2365 4119 verum
2395 4064 2597 4131 ilicium
2622 4064 2928 4120 mercedem
2946 4067 3171 4137 accipis,
3204 4067 3347 4137 quod
3376 4070 3468 4124 illo
3495 4080 3671 4125 trans-

2060 4154 2201 4209 latus
2248 4156 2344 4217 sis,
2384 4155 2529 4227 quod
2576 4156 2816 4212 ca~lestia
2866 4158 3044 4229 sapias
3083 4168 3139 4213 et
3168 4157 3237 4214 dc
3266 4158 3671 4217 illis‘sollicitus

2060 4247 2136 4303 sis
2167 4269 2179 4304 :
2215 4248 2389 4317 palam
2426 4249 2566 4302 enim
2598 4258 2681 4303 est
2710 4258 2763 4303 te
2795 4246 2889 4302 illo
2917 4250 3158 4304 animum
3189 4252 3552 4319 transtulisse,
3578 4254 3667 4309 ubi

2060 4342 2372 4394 thesaurum
2390 4339 2708 4410 deposuile
2728 4339 2998 4396 Caeterum
3020 4341 3064 4398 si
3085 4344 3136 4397 in
3166 4353 3305 4399 terra
3329 4344 3669 4416 deposueris,

2060 4431 2328 4485 contraria
2358 4432 2683 4500 experieris.
2728 4431 2883 4500 Quod
2916 4433 2959 4487 si
2996 4433 3090 4488 tibi
3120 4434 3232 4504 jam
3263 4435 3404 4491 dicta
3440 4436 3672 4493 obseura

2060 4524 2196 4588 sint,
2221 4523 2345 4577 audi
2373 4526 2675 4594 sequentia.
2708 4522 2947 4579 Lucerna
2989 4529 3221 4596 corporis
3261 4530 3334 4583 tui
3377 4532 3668 4586 estocnlus.

2062 4616 2125 4673 Si
2152 4617 2310 4687 igitur
2338 4618 2516 4672 oculus
2537 4626 2657 4671 tuus
2689 4618 2908 4689 simplex
2933 4619 3109 4688 fuerit,
3138 4630 3299 4675 totum
3317 4638 3501 4693 corpus
3528 4634 3674 4677 iitum

2066 4708 2294 4762 lucidum
2319 4708 2446 4769 erit;
2478 4707 2569 4765 ΞΟ.
2599 4709 2644 4762 si
2674 4726 2788 4763 rero
2812 4712 2989 4766 oculus
3017 4724 3131 4766 tuus
3158 4715 3311 4784 fuerit
3335 4731 3566 4787 nequam,
3590 4729 3671 4769 to-

2063 4808 2169 4857 tum
2199 4817 2385 4872 corpus
2410 4813 2549 4855 tuum
2572 4804 2890 4856 tenebrosum
2914 4808 3027 4858 erit.
3060 4805 3121 4859 Si
3160 4823 3279 4876 ergo
3306 4808 3491 4867 lumen.
3538 4818 3670 4878 quas

2062 4893 2117 4947 in
2147 4902 2194 4947 te
2218 4901 2312 4959 est,
2342 4892 2559 4948 tenebrat
2575 4894 2694 4957 sint,
2724 4895 2851 4963 ipsa!
2872 4896 3087 4951 tenebra:
3132 4908 3339 4967 quanta:
3374 4902 3562 4955 erunt?
3591 4903 3672 4956 Διὶ

2064 4986 2233 5054 magis
2289 4986 2507 5038 sensilia
2556 5000 2863 5039 sermonem
2923 4987 3160 5042 deducit.
3213 4987 3347 5058 Quia
3403 4992 3549 5045 enim
3606 4991 3673 5048 de

2065 5083 2248 5131 mente
2288 5075 2397 5144 jam
2453 5077 2704 5145 loquutus
2751 5087 2897 5141 erat,
2940 5089 2997 5132 ut
3045 5079 3097 5132 in
3152 5081 3467 5135 servitutem
3514 5083 3669 5139 reda»

2064 5179 2151 5222 cta
2179 5177 2233 5222 et
2261 5168 2492 5235 captiva,
2526 5168 2575 5222 id
2622 5167 2763 5238 quod
2810 5184 2840 5224 a
2882 5172 3063 5225 multis
3110 5187 3215 5226 non
3255 5170 3412 5228 facile
3465 5184 3672 5243 potmat

2066 5259 2315 5328 intelligi,
2346 5260 2410 5314 ad
2482 5272 2702 5316 externa
2750 5269 2804 5315 et
2846 5264 3017 5318 oculis
3071 5265 3311 5333 subjecta
3364 5280 3674 5321 sermonem

2069 5353 2342 5417 transfert,
2373 5351 2510 5405 utab
2534 5352 2617 5407 his
2639 5354 2723 5406 illa
2744 5352 3043 5425 intelligere
3070 5366 3310 5427 possent.
3333 5355 3469 5413 Nam
3498 5360 3541 5412 si
3570 5374 3671 5412 nou

2075 5703 2117 5723 LA
2406 5662 2518 5723 quae
2540 5648 2589 5699 in
2612 5653 2749 5723 hunc
2778 5656 2941 5707 locum
2966 5657 3191 5722 disputat
3218 5659 3509 5714 Fridericus
3534 5666 3674 5720 Fiam

2072 5707 2123 5753 in
2150 5707 2566 5762 Adnotatieitibus
2592 5712 2715 5767 suis.
