4110 6306
541 346 610 401 Ξῖ)
621 346 640 398 I

541 458 703 522 nosti,
736 455 1056 530 iuquit,quid
1085 453 1153 510 sit
1166 450 1646 516 mentisdamnum,
1673 466 1702 503 a
1724 446 1999 519 corporeis
2021 446 2122 501 hoc

542 552 724 607 edisce
758 569 771 604 :
805 550 946 619 quod
977 548 1119 603 enim
1146 546 1336 601 oculus
1366 552 1451 600 est
1475 543 1708 613 corpori,
1739 541 1840 596 hoc
1864 555 2017 594 mens
2039 548 2124 594 est

540 643 753 696 animai.
789 638 1247 709 Quemadmodum
1288 637 1432 692 enim
1476 644 1762 704 numquam
1792 640 1945 701 optes
1988 646 2120 689 auro

539 733 736 796 ornari,
764 742 822 785 et
866 730 1053 786 sericis
1082 729 1226 784 indui
1266 728 1533 792 vestibus,
1560 724 1826 795 simulque
1856 722 2119 779 exemcari

536 823 732 884 oculis,
765 821 857 877 sed
889 821 1077 876 horum
1106 819 1523 876 incolumitatem
1568 816 1664 871 toti
1694 815 1996 886 huiusmodi
2024 830 2117 886 ap-

539 913 746 982 paratui
778 910 1201 980 anteponendam
1229 908 1547 963 existimes:
1582 921 1703 961 nam
1734 907 1780 963 si
1802 908 1972 961 visum
2002 920 2117 973 per-

534 1003 655 1068 dus,
673 1003 796 1057 nihil
818 994 906 1056 tibi
920 1002 1122 1071 reliqua
1139 1002 1242 1054 vita
1258 998 1475 1069 prodest
1503 999 1661 1071 (sicut
1674 998 1813 1052 enim
1836 998 2114 1053 exctrcatis

534 1097 719 1162 oculis,
737 1096 1055 1167 reliquorum
1082 1094 1191 1150 fere
1222 1092 1580 1148 membrorum
1600 1090 2109 1162 operatioabscedit,

532 1189 789 1243 exstincta
821 1188 941 1242 luce
970 1203 985 1240 :
1015 1186 1094 1241 sic
1124 1196 1373 1256 corrupta
1405 1184 1570 1240 semel
1612 1193 1789 1238 mente
1819 1182 2113 1237 innumeris

533 1283 637 1335 vita
666 1281 819 1335 malis
836 1278 1168 1350 replebitur):
1193 1277 1637 1350 quemadmodum
1662 1291 1792 1347 ergo
1813 1278 1864 1329 in
1885 1290 2112 1344 corpore

531 1372 635 1426 hoc
661 1385 932 1436 curamus,
957 1380 1013 1424 ut
1042 1370 1231 1425 oculus
1269 1371 1339 1425 sit
1382 1383 1575 1435 sanus,
1608 1367 1685 1422 sic
1708 1367 1776 1422 de
1807 1367 1998 1421 tuentis
2022 1380 2111 1419 sa-

530 1461 696 1517 nitate
735 1460 1047 1515 curandum.
1079 1460 1136 1516 Si
1181 1459 1318 1514 hanc
1353 1461 1681 1516 eicwcemus
1712 1471 1832 1526 quae
1863 1457 1984 1510 aliis
2022 1457 2107 1510 luo

527 1566 643 1606 cem
674 1552 977 1616 ministrare
1000 1548 1181 1615 debet,
1216 1551 1353 1604 unde
1375 1548 1484 1618 iam
1512 1549 1749 1618 aspicere
1777 1548 2107 1618 poterimus?

525 1644 674 1699 Sicut
697 1646 839 1699 enim
866 1644 953 1712 qui
982 1643 1183 1698 fontem
1212 1642 1382 1697 attiert
1402 1682 1419 1705 ,
1463 1640 1680 1695 ﬂuvium
1718 1644 1995 1696 exsiccat:
2027 1640 2107 1694 sic

529 1738 615 1808 qui
645 1748 874 1793 mentem
903 1737 1099 1802 obruit,
1132 1750 1319 1791 omnes
1345 1738 1461 1804 ejus
1488 1734 1539 1786 in
1572 1732 1670 1789 liae
1702 1735 1805 1788 vita
1830 1733 2102 1802 operatio-

524 1843 619 1883 nes
658 1829 979 1884 obscuravit.
1015 1828 1140 1883 Ideo
1182 1829 1274 1890 ait,
1327 1826 1387 1882 Si
1429 1829 1617 1889 lumen,
1649 1826 1783 1894 quod
1822 1826 1873 1879 in
1914 1837 1961 1878 te
2006 1832 2101 1891 est,

523 1919 737 1975 tenebris
779 1920 897 1985 sint,
942 1921 1067 1989 ipsa:
1096 1920 1312 1974 tenebrat
1334 1927 1539 1990 quanta:
1556 1919 1582 1971 .9
1608 1917 1738 1973 Nam
1760 1932 1880 1972 cum
1904 1917 2103 1989 guber-

521 2022 680 2065 nator
708 2011 1086 2081 stthmergitur,
1126 2018 1179 2063 et
1218 2009 1436 2064 lucerna
1480 1996 1855 2077 exstinguitur,
1901 2014 1958 2062 et
1992 2006 2100 2061 dux

521 2104 747 2171 capitur,
778 2118 895 2173 qua:
926 2116 1049 2173 spes
1077 2109 1257 2173 postea
1285 2100 1549 2155 subditis?

589 2195 633 2246 di
680 2190 1046 2264 Propugnatur
1070 2192 1355 2245 divitiarmn
1378 2191 1647 2261 cupiditas.
1681 2189 1792 2256 Quo
1826 2200 1974 2261 pacto
2012 2190 2096 2245 di-

516 2287 651 2339 vitia
694 2289 912 2355 fructum
950 2284 1168 2356 pariant.
1194 2313 1255 2327 --
1289 2284 1629 2353 Quapropter
1671 2282 1848 2337 missis
1889 2282 2095 2339 insidiis

518 2390 615 2445 per
668 2377 877 2432 divitias
913 2375 1148 2440 structis,
1188 2377 1400 2449 pugnis,
1437 2374 1621 2429 litibus
1658 2376 1793 2445 (lucc
1828 2374 1970 2428 enim
2008 2391 2094 2431 su-

517 2469 698 2535 perius
759 2466 1115 2521 subindicavrt
1158 2465 1345 2520 dicens
1390 2483 1405 2517 :
1458 2464 1641 2518 Tradat
1687 2477 1733 2518 te
1782 2464 2098 2519 adversarius

507 2557 698 2630 judtci,
726 2568 771 2611 et
788 2557 956 2628 judea:
979 2556 1206 2610 ministro
1228 2554 1440 2627 [Μσιιιι.
1472 2557 1526 2611 5.
1557 2554 1696 2627 95]),
1729 2556 1812 2609 bis
1849 2558 2097 2611 omnibus

512 2649 736 2704 εκ.νὶοη
762 2646 1034 2715 proferens
1052 2686 1068 2712 ,
1091 2648 1171 2703 sic
1192 2646 1405 2705 abducit
1429 2662 1459 2702 a
1482 2647 1619 2701 mala
1641 2648 2090 2716 concupiscentia.

513 2736 726 2793 Etenim
757 2738 915 2808 longe
950 2736 1190 2793 deterius
1223 2748 1304 2792 est
1341 2750 1573 2793 mentem
1606 2737 1728 2792 huic
1755 2739 1943 2793 morbo
1968 2740 2093 2795 sub.

509 2825 601 2895 jiei
625 2868 638 2890 ,
668 2843 826 2896 quam
850 2828 900 2880 in
925 2842 1141 2883 carcere
1160 2827 1353 2895 degere
1377 2844 1390 2879 :
1417 2836 1473 2883 et
1495 2829 1719 2883 alterum
1749 2829 1962 2898 quidem
1987 2846 2093 2885 non

505 2912 727 2985 'semper
758 2917 985 2982 accidit,
1018 2918 1243 2971 alterum
1288 2931 1415 2972 vero
1449 2927 1531 2971 est
1556 2931 1769 2987 semper
1792 2935 1911 2973 cum
1936 2934 2095 2987 pecu-

508 3005 719 3061 niarum
751 3008 1046 3075 cupiditate
1073 3007 1431 3077 cOnjuncturu.
1458 3008 1815 3075 Quamobrem
1849 3010 1947 3065 hoc
1974 3020 2092 3081 post

508 3097 639 3153 illud
686 3100 869 3169 ponit,
902 3107 1084 3168 utpote
1111 3100 1325 3171 gravius
1367 3109 1423 3154 et
1465 3100 1688 3155 omnino
1728 3101 2086 3170 subsequens.

507 3190 639 3247 Nam
683 3193 857 3255 Deus,
907 3191 1094 3262 inquit,
1139 3202 1369 3248 mentem
1412 3191 1565 3246 nobis
1595 3192 1817 3258 indidit,
1848 3202 1904 3247 ut
1936 3194 2086 3264 igno-

507 3287 733 3340 rantiam
762 3286 1119 3355 dissipemus,
1170 3293 1223 3339 et
1266 3301 1444 3339 rerum
1478 3284 1734 3353 judicium
1771 3296 1972 3340 rectum
2004 3295 2054 3341 te

510 3393 763 3445 acamas,
805 3387 966 3447 atque
994 3387 1178 3433 centra
1205 3378 1383 3432 omnia
1412 3379 1636 3433 molesta
1675 3362 1937 3449 noxiaque
1985 3379 2089 3434 hoc

506 3470 653 3535 quasi
681 3468 788 3523 telo
815 3478 867 3523 et
895 3469 1095 3523 lumine
1126 3476 1365 3531 utentes,
1400 3469 1451 3522 in
1483 3478 1596 3522 tuto
1626 3485 1954 3524 maneamus.
1976 3469 2085 3525 Nos

506 3574 633 3613 vero
653 3561 852 3613 donum
884 3560 984 3614 hoc
1014 3559 1289 3628 prodimus
1319 3559 1388 3615 ob
1415 3559 1658 3629 qnzrdam
1689 3576 2083 3630 supervacanea

504 3661 558 3704 et
592 3652 815 3706 inutilia.
858 3651 995 3718 Quid
1036 3651 1178 3705 enim
1210 3666 1343 3722 opus
1373 3652 1637 3706 militibus
1675 3667 1807 3707 auro
1844 3654 2081 3718 onustis,

504 3741 715 3810 quando
748 3742 852 3795 dux
878 3742 1121 3811 captivus
1146 3751 1229 3796 est
1254 3743 1312 3794 ‘1'
1338 3744 1481 3812 quod
1510 3743 1717 3798 lucrum
1752 3760 1818 3799 ex
1854 3746 2086 3800 ornatis-

504 3836 639 3888 sima
689 3835 805 3887 navi
830 3878 845 3900 ,
883 3834 1095 3904 quando
1127 3835 1451 3905 gubernator
1472 3834 1783 3892 submersus
1810 3837 1930 3891 est?
1956 3837 2081 3908 quid

504 3929 621 3996 plus
660 3925 856 3981 habeas
900 3941 1125 3996 corpore
1168 3936 1315 3982 recte
1354 3928 1676 3992 constituto,
1708 3930 1754 3983 si
1794 3930 1936 3985 oculi
1974 3932 2083 3986 sint

500 4020 804 4073 curuati?
844 4019 1304 4088 Quemadmodum
1359 4020 1519 4092 igitur
1561 4022 1824 4077 medicum
1848 4066 1864 4090 ,
1922 4040 2081 4095 quem

502 4109 638 4165 bene
680 4111 856 4166 valere
894 4120 1128 4181 oportet,
1172 4120 1229 4165 ut
1272 4111 1501 4166 aliorum
1546 4122 1701 4168 curet
1743 4114 1994 4180 morbos,
2036 4117 2083 4170 si

500 4206 621 4273 quis
651 4206 702 4258 in
727 4206 972 4258 morbum
993 4203 1261 4272 conjiciat,
1286 4212 1338 4259 et
1367 4204 1420 4258 in
1444 4212 1702 4274 argenteo
1723 4205 1864 4260 lecto
1887 4219 2081 4261 aureo-

501 4309 604 4363 que
633 4295 865 4350 thalamo
895 4294 1078 4364 jacere
1112 4294 1327 4363 jubeat,
1372 4308 1595 4364 prorsus
1639 4296 1881 4351 inutilem
1925 4298 2083 4367 aegris

501 4384 713 4440 reddit:
748 4386 825 4440 sic
870 4388 915 4441 si
968 4395 1248 4456 postquam
1292 4397 1526 4443 mentem
1570 4390 1911 4458 corruperis,
1962 4406 2083 4461 qua:

500 4477 662 4531 animi
704 4476 903 4531 morbis
944 4475 1146 4531 mederi
1185 4480 1386 4545 possit,
1418 4479 1667 4533 thesauro
1698 4479 1935 4536 assidere
1960 4496 2081 4537 eam

499 4569 769 4624 curaveris
796 4614 810 4634 ,
843 4582 948 4622 non
986 4569 1147 4625 modo
1172 4568 1298 4621 mhil
1330 4570 1467 4623 illam
1497 4571 1688 4639 iurasti
1715 4614 1728 4634 ,
1762 4575 1855 4628 sed
1884 4574 2081 4629 damno

500 4659 758 4725 admisti,
806 4668 861 4713 et
905 4660 998 4713 toti
1041 4660 1235 4713 anima:
1265 4670 1369 4713 [me
1396 4660 1645 4714 nocuisti.
1672 4662 1917 4720 Vidistin'
1946 4679 2083 4735 qun-

500 4749 659 4804 :nodo
690 4765 785 4818 per
807 4765 929 4819 quia
968 4750 1213 4805 houdncs
1238 4749 1303 4807 ad
1335 4752 1625 4821 nequitiam
1655 4755 1846 4825 ubique
1869 4756 2081 4828 cupidi-

501 4852 608 4895 ι..ιε
642 4840 906 4906 feruntur,
938 4857 1032 4909 per
1061 4840 1177 4896 iure
1208 4842 1439 4898 maxime
1468 4844 1537 4898 ab
1564 4844 1650 4900 ilia
1683 4846 1991 4913 abstrahat,
2025 4856 2081 4904 et

500 4936 563 4989 ad
597 4938 846 4987 virtutem
892 4934 1148 4988 reducat?
1192 4934 1327 5002 Cur,
1377 4936 1562 5006 inquit,
1598 4939 1848 5007 pecunias
1882 4955 2081 4995 concu-

500 5027 699 5097 piscis?
748 5042 926 5080 nonne
971 5034 1029 5080 ut
1076 5026 1344 5095 voluptate
1395 5027 1701 5099 deliciisque
1748 5030 1973 5087 fruaris?
2021 5031 2077 5086 id

495 5127 645 5174 certe
680 5117 770 5171 tibi
803 5132 906 5171 non
930 5117 1051 5171 inde
1083 5119 1392 5187 proveniet,
1432 5120 1525 5173 sed
1551 5122 1876 5176 contrarium
1907 5140 2076 5194 pror-

498 5226 610 5265 sus.
655 5209 1109 5277 Quemadmodum
1140 5210 1281 5263 enim
1320 5212 1489 5266 oculis
1527 5214 1725 5268 avulsis
1755 5215 1883 5269 nihil
1916 5231 2080 5271 suave

497 5316 657 5357 sensti
693 5302 1031 5369 l'Cl‘L‘lpilllllS,
1060 5301 1131 5355 ob
1158 5301 1459 5369 huiusmodi
1486 5303 1843 5359 calamitatem
1868 5323 1881 5358 :
1910 5307 2077 5362 multo

496 5392 668 5461 magis
693 5391 747 5444 in
775 5391 969 5446 mentis
994 5392 1273 5448 eversione
1303 5401 1357 5449 et
1384 5394 1620 5451 cecitate
1647 5396 1762 5452 lucc
1794 5397 2071 5467 patiemur.

496 5482 610 5550 Qua
652 5481 719 5536 de
760 5496 918 5537 causa
949 5483 1155 5539 deludis
1186 5487 1237 5539 in
1272 5490 1509 5542 terram?
1560 5498 1617 5543 ut
1653 5497 1768 5544 tuto
1794 5493 2077 5546 servetur?

505 5572 698 5627 Verum
742 5572 827 5626 hic
864 5575 1020 5629 etiam
1050 5579 1373 5630 contrarium
1418 5578 1654 5646 accidet,
1701 5582 1887 5651 inquit.
1931 5580 2077 5637 Sicut

566 5734 579 5764 ε
619 5732 730 5793 Alii.
754 5735 945 5798 quando
966 5734 1072 5787 dtur
1094 5738 1305 5802 captivus
1329 5739 1552 5791 trahitur.

1248 336 1303 395 S.
1343 333 1623 393 JOANNIS
1650 328 2126 391 CHRYSOSTOMI
2165 329 2485 387 AliCHlEP.
2528 332 3065 395 CONSTANTINOP.

3715 340 3825 400 ειη

2229 462 2371 501 enim
2420 461 2545 505 eum
2581 451 2673 520 qui
2720 460 2938 522 propter
2967 468 3156 508 νιιιιιιιη
3200 454 3425 526 gloriam
3470 458 3702 530 jejunat,
3730 460 3820 515 dat

2228 542 2621 613 eleemosynam
2642 584 2657 609 ,
2700 553 2755 599 et
2802 555 3072 614 precatur,
3096 548 3163 603 ab
3190 549 3255 604 iis
3283 549 3413 619 ipsis
3439 566 3559 620 qum
3584 553 3821 611 maxime

2224 635 2401 703 cupit,
2434 651 2465 689 a
2495 651 2628 691 vana
2667 638 2832 708 gloria
2879 641 3102 695 retraxit
3146 642 3295 710 (nam
3340 659 3457 711 cur,
3490 645 3700 715 inquit,
3747 660 3819 703 ita

2224 726 2494 793 precaris,
2522 737 2577 782 et
2596 728 2692 783 das
2718 731 3112 803 eleemosynam
3130 734 3155 786 ?
3182 748 3359 789 annon
3384 737 3507 806 quia
3536 735 3817 795 hominum

2222 816 2445 886 gloriam
2487 818 2703 889 diligis?
2748 822 2855 874 noli
2901 836 3028 892 ergo
3067 824 3145 879 sic
3178 838 3372 891 orare,
3416 837 3467 881 et
3510 820 3815 884 tuncillam

2220 909 2602 979 consequeris,
2644 912 2698 965 in
2742 911 2920 968 futuro
2964 930 3157 984 nempe
3192 915 3349 988 die):
3384 919 3462 974 sic
3488 930 3541 975 et
3570 923 3815 991 pcatnize

2220 1001 2489 1083 cupidum,
2523 1016 2617 1073 per
2640 1019 2702 1059 ea
2728 1005 2918 1075 quibus
2946 1009 3176 1063 maxime
3197 1010 3465 1078 studebat,
3498 1029 3594 1083 per
3617 1017 3813 1072 eadem

2219 1107 2272 1151 et
2304 1082 2465 1166 cepit.
2493 1097 2629 1163 Quid
2660 1096 2760 1160 vis,
2787 1096 2960 1163 inquit
2987 1115 3001 1150 :
3031 1106 3090 1151 ut
3117 1097 3358 1165 pecunia:
3388 1098 3481 1153 tibi
3501 1082 3812 1159 serventur

2219 1198 2271 1241 et
2306 1188 2581 1254 voluptate
2616 1186 2897 1242 fruaris‘?
2931 1185 3058 1243 Haec
3095 1188 3252 1242 ambo
3286 1189 3381 1244 tibi
3420 1191 3804 1259 copiosissime

2217 1280 2488 1347 prtebebo,
2520 1279 2565 1333 si
2598 1279 2707 1334 illic
2738 1279 2981 1348 deponas
3008 1295 3223 1345 aurum,
3258 1281 3346 1335 ubi
3373 1282 3598 1350 jubebo.
3627 1286 3810 1351 Aper-

2218 1367 2322 1423 tius
2351 1380 2532 1423 autem
2564 1369 2617 1423 itt
2650 1370 3003 1437 sequentibus
3032 1372 3288 1425 damnum
3319 1370 3447 1427 inde
3478 1374 3646 1429 menti
3679 1376 3803 1430 ills-

2214 1464 2325 1509 tum
2354 1457 2609 1524 ostendit,
2640 1470 2762 1511 cum
2791 1458 3072 1527 spinarum
3104 1460 3432 1515 mentionem
3466 1461 3623 1529 fecit;
3658 1464 3802 1519 inte-

2214 1547 2313 1600 rim
2339 1562 2467 1603 vero
2498 1549 2728 1619 idipsum
2763 1550 2850 1604 hic
2879 1565 2985 1605 nou
3014 1550 3379 1621 perfunctorie
3405 1554 3795 1622 subindieavit,

2211 1652 2333 1692 cum
2362 1640 2602 1695 ostendit
2627 1640 3040 1697 obteuebratnm
3070 1657 3192 1700 esse
3220 1659 3342 1699 eum
3374 1646 3467 1715 qui
3500 1647 3646 1700 circa
3677 1648 3796 1703 hac

2210 1728 2433 1784 fureret.
2471 1731 2549 1786 Ac
2585 1732 3039 1801 quemadmodum
3080 1733 3116 1788 ii
3156 1734 3244 1803 qui
3287 1735 3340 1790 in
3382 1736 3622 1792 tenebris
3665 1747 3795 1794 sunt

2211 1819 2342 1873 nihil
2368 1820 2511 1875 clare
2537 1822 2736 1888 vident,
2763 1823 2857 1877 sed
2884 1824 2929 1878 si
2958 1822 3143 1879 funem
3167 1825 3419 1891 viderint,
3448 1837 3643 1897 putant
3670 1843 3797 1883 esse

2204 1920 2541 1980 serpentem,
2568 1914 2614 1967 si
2648 1924 2857 1968 montes
2890 1924 2944 1968 et
2979 1914 3163 1982 valles,
3197 1931 3397 1987 pavore
3430 1920 3742 1975 moriuntur
3772 1940 3789 1978 :

2206 2004 2287 2059 sic
2312 2012 2366 2059 et
2396 2004 2485 2059 isti
2514 2016 2636 2073 qua
2661 2004 2967 2061 videntibus
2996 2006 3351 2063 formidabilia
3384 2025 3489 2064 non
3521 2024 3669 2076 sunt,
3698 2029 3792 2068 su-

2205 2103 2388 2165 specta
2418 2094 2616 2151 habent
2643 2112 2658 2150 :
2685 2110 2807 2149 nam
2838 2105 3207 2165 paupertatem
3238 2108 3514 2167 metuunt;
3543 2100 3656 2155 imo
3681 2118 3791 2157 non

2203 2192 2575 2254 paupertatem
2612 2193 2820 2239 tantum
2841 2224 2856 2249 ,
2889 2185 2985 2240 sed
3021 2184 3103 2240 vel
3137 2186 3255 2242 leve
3287 2190 3579 2258 quodpiam
3616 2191 3791 2245 detri-

2202 2262 2465 2331 mentum.
2496 2274 2704 2331 Etenim
2736 2275 2781 2331 si
2814 2275 3081 2331 modicum
3113 2276 3243 2346 quid
3273 2278 3581 2344 amiserint,
3614 2284 3790 2353 magis

2198 2367 2384 2437 lugent
2425 2383 2489 2423 ac
2532 2370 2845 2423 cruciantur
2881 2383 3044 2439 quam
3092 2371 3126 2425 ii
3173 2371 3262 2439 qui
3312 2374 3620 2429 necessario
3663 2377 3791 2429 cibo

2198 2469 2379 2529 egent.
2412 2458 2556 2514 Multi
2594 2469 2746 2515 certe
2777 2475 2843 2516 ex
2879 2460 3185 2529 huiusmodi
3220 2464 3500 2527 divitibus,
3535 2464 3641 2521 tale
3675 2481 3787 2521 non

2194 2548 2436 2605 ferentes
2462 2550 2838 2617 infortunium,
2863 2552 2927 2607 ad
2957 2552 3205 2621 laqueum
3234 2567 3613 2610 occurrerunt.
3637 2556 3788 2611 Con-

2197 2641 2428 2697 tumelias
2452 2654 2633 2697 autem
2659 2651 2713 2697 et
2741 2643 2937 2697 damna
2965 2644 3039 2698 ita
3068 2644 3173 2699 illis
3198 2644 3563 2703 intolerabilia
3590 2649 3788 2706 viden-

2199 2740 2305 2792 tur,
2340 2741 2398 2785 ut
2428 2746 2491 2787 ea
2527 2734 2593 2787 de
2625 2747 2790 2788 causa
2828 2734 2956 2788 item
2993 2734 3150 2790 multi
3182 2752 3250 2791 ex
3288 2738 3392 2797 hac
3425 2739 3535 2792 vita
3569 2740 3784 2809 abrepti

2199 2822 2416 2878 fuerint.
2442 2824 2521 2877 Ad
2544 2825 2723 2878 omnia
2745 2825 2944 2894 quippe
2970 2826 3159 2883 molles
3183 2827 3382 2881 divitia:
3404 2830 3781 2896 reddiderunt,

2199 2922 2559 2985 pratcrquam
2597 2918 2664 2970 sd
2705 2918 2914 2972 illarum
2952 2918 3333 2975 ministerium.
3369 2920 3602 2987 Quando
3633 2925 3783 2978 enim

2200 3004 2303 3059 illa:
2337 3005 2480 3075 ipsos
2517 3017 2574 3059 ut
2606 3007 2705 3061 sibi
2743 3011 2981 3063 serviant
3013 3011 3364 3080 compellunt,
3404 3024 3531 3067 tune
3567 3016 3639 3069 illi
3678 3033 3783 3071 au-

2195 3097 2379 3152 dacter
2415 3100 2652 3167 pericula
2696 3102 2885 3155 mortis
2923 3104 3153 3169 adeunt,
3194 3106 3450 3171 verbera,
3483 3110 3778 3178 opprobria

2192 3202 2463 3256 omneque
2495 3189 2802 3256 ignominia:
2834 3207 3023 3261 genus.
3054 3193 3206 3259 Quod
3234 3212 3368 3251 sane
3393 3210 3655 3253 extrctntc
3685 3217 3783 3271 ge-

2194 3293 2294 3332 nus
2340 3289 2421 3333 est
2452 3281 2712 3344 miserim,
2743 3283 2832 3336 ubi
2886 3284 3246 3356 philosophari
3290 3301 3589 3358 oporteret,
3639 3294 3781 3346 utui-

2190 3367 2425 3425 lissitnos
2459 3385 2606 3438 (sse;
2660 3373 2747 3426 ubi
2807 3386 2985 3429 autem
3020 3379 3136 3446 pios
3190 3387 3243 3431 et
3291 3384 3622 3438 verecundus
3654 3400 3780 3439 esse

2189 3477 2289 3531 par
2335 3474 2510 3529 esset,
2564 3465 2634 3519 ibi
2676 3465 3171 3534 impudentissimas
3206 3482 3262 3525 et
3319 3473 3643 3531 sanissimos
3679 3493 3779 3534 ex-

2191 3555 2385 3609 hiberi.
2424 3557 2632 3611 Etenim
2688 3561 2918 3627 idipsuut
2975 3562 3079 3615 illis
3130 3564 3423 3633 contingit,
3476 3578 3533 3621 ut
3576 3570 3621 3624 si
3650 3573 3777 3638 quis

2188 3658 2311 3718 post
2341 3650 2480 3704 bona
2513 3651 2821 3707 indecenter
2864 3655 3146 3725 absumpta
3196 3657 3335 3712 male
3377 3659 3636 3727 patiatur.
3681 3663 3778 3719 Ille

2188 3754 2441 3810 namque,
2494 3741 2732 3798 instante
2782 3755 3042 3815 tempore,
3067 3764 3175 3818 quo
3215 3755 3518 3807 necessaria
3561 3765 3643 3808 est
3675 3770 3777 3811 ex-

2185 3844 2381 3899 pensa,
2407 3848 2528 3888 cum
2571 3834 2704 3890 nihil
2753 3838 2922 3905 possit
2966 3840 3103 3894 ultra
3131 3842 3465 3912 impendere,
3517 3845 3777 3902 intolera-

2182 3918 2312 3975 bilia
2349 3922 2556 3991 patitur
2594 3925 2759 3989 mala,
2788 3940 2911 3981 cum
2949 3925 3061 3995 jam
3090 3932 3269 3985 omnia
3318 3934 3457 3989 male
3483 3935 3771 4007 absumpta

2186 4021 2404 4077 fuerint.

2259 4113 2312 4167 5.
2354 4112 2432 4166 Ac
2468 4116 2917 4184 quemadmodum
2951 4118 3003 4171 in
3033 4132 3191 4175 scena
3219 4118 3511 4178 ltiszrioncs
3542 4124 3594 4178 in
3622 4125 3782 4181 malis

2185 4204 2502 4274 quibusdam
2533 4209 2735 4263 artibus
2768 4211 3039 4276 instructi,
3088 4212 3140 4266 in
3182 4213 3266 4267 his
3309 4215 3473 4269 multa
3511 4219 3778 4288 stupenda

2186 4310 2241 4355 et
2269 4299 2565 4365 periculosa
2606 4303 2907 4366 sustinent,
2940 4306 2990 4356 in
3029 4303 3149 4358 aliis
3188 4321 3317 4362 vero
3348 4308 3566 4363 util=bus
3592 4325 3780 4367 neces-

2187 4392 2449 4462 sariisque
2484 4393 2645 4449 rebus
2686 4410 2905 4464 prorsus
2936 4394 3098 4466 inepti
3142 4410 3207 4451 ae
3250 4398 3458 4452 ridiculi
3504 4411 3630 4455 sunt
3656 4419 3668 4453 :
3696 4404 3782 4459 sic

2187 4495 2243 4541 et
2272 4486 2322 4540 hi
2349 4487 2418 4541 de
2444 4487 2639 4557 quibus
2679 4489 2904 4557 agimus.
2960 4488 3174 4543 Etenim
3223 4489 3513 4547 histriones
3561 4493 3636 4547 illi
3683 4498 3779 4565 qui

2190 4591 2282 4645 per
2320 4586 2528 4632 tensum
2579 4576 2758 4631 funem
2804 4579 3113 4645 ambulant,
3149 4590 3197 4634 et
3231 4590 3432 4636 tantam
3463 4583 3536 4637 ibi
3567 4584 3777 4643 fortitu-

2187 4666 2369 4724 dinem
2408 4667 2696 4723 eshibent:
2746 4676 2959 4739 quando
3007 4671 3278 4740 quidpiam
3334 4690 3397 4728 ex
3449 4679 3774 4734 necessariis

2187 4758 2347 4813 rebus
2376 4760 2651 4814 audaciam
2674 4762 2895 4831 requirit
2920 4776 2979 4814 ac
3005 4761 3368 4819 fortitudinem
3393 4781 3408 4819 :
3440 4780 3510 4823 ne
3534 4770 3773 4839 cogitare

2187 4850 2401 4919 quidem
2466 4850 2662 4920 aliquid
2719 4861 2957 4921 possunt.
3016 4852 3107 4907 Sic
3161 4852 3387 4919 divites,
3445 4859 3536 4926 qni
3589 4862 3773 4915 omnia

2186 4952 2401 5014 propter
2441 4944 2695 5015 pecunias
2744 4944 2971 5008 audent,
3019 4945 3084 5001 ad
3142 4947 3623 5018 philosophandum
3673 4969 3775 5009 nec

2184 5054 2472 5110 magnum,
2522 5053 2623 5095 nec
2671 5054 2885 5107 parvum
2935 5039 3203 5108 quidpiam
3250 5042 3354 5109 pati
3400 5055 3641 5108 possunt.
3700 5050 3774 5102 de

2184 5131 2324 5185 sicut
2349 5130 2424 5185 illi
2453 5131 2705 5185 lubricam
2738 5138 2792 5184 et
2819 5130 3202 5187 infructuesatn
3240 5149 3351 5188 rem
3392 5144 3622 5190 tractant
3646 5179 3659 5200 ,
3694 5140 3773 5192 sic

2184 5231 2238 5277 et
2268 5220 2320 5276 iii
2349 5223 2582 5293 pericula
2637 5224 2800 5278 nmlta
2852 5224 3077 5278 tolerant
3100 5234 3154 5279 et
3199 5227 3490 5295 pnrcipitia
3534 5228 3769 5293 adeunt,

2182 5329 2302 5385 quae
2327 5324 2505 5368 omnia
2537 5313 2709 5369 inutili
2733 5314 2835 5368 line
2855 5308 3202 5381 clauduntur;
3234 5332 3297 5371 ac
3318 5317 3513 5388 duplici
3543 5321 3775 5390 caligine

2185 5405 2546 5472 involvuntur,
2576 5417 2683 5459 tum
2717 5406 2856 5475 quod
2886 5422 3073 5461 eversa
3115 5418 3297 5463 mente
3332 5412 3592 5465 cxcmcati
3622 5412 3732 5467 sint
3754 5454 3772 5477 ,

2185 5498 2490 5569 tum.quod
2534 5512 2598 5554 ex
2650 5500 2822 5553 fallaci
2870 5499 3286 5554 sollicitudinum
3338 5501 3481 5558 mole
3534 5504 3772 5560 tenebris

2236 5664 2396 5738 ‘ulltec
2420 5665 2810 5738 omnibuseodd.
2838 5665 3125 5738 cqneinuut.
3157 5663 3320 5738 Yu'lgo
3348 5680 3360 5715 :
3552 5665 3655 5738 vis,

2173 5725 2294 5789 quit,
2317 5727 2545 5788 pecunias
2565 5725 2651 5777 tibi
2670 5729 2857 5779 scrvari
2869 5726 3058 5780 human
3076 5733 3125 5779 ut
3142 5725 3352 5789 deliciis,
3365 5725 3524 5795 gloria
3545 5735 3591 5780 et
3611 5725 3654 5781 ι·’.
3676 5731 3712 5794 ί,
3729 5728 3756 5779 3'
