4110 6306
239 408 344 469 293

241 526 554 581 obruantur.
595 523 930 592 Quapropter
967 531 1036 572 ne
1092 513 1368 586 respicere
1411 509 1628 580 quidem
1682 502 1840 558 facile

244 619 487 688 posSItttt.
520 613 652 671 Nam
689 612 779 681 qui
829 611 880 664 iu
925 605 1164 662 tenebris
1194 612 1279 659 est
1307 610 1512 656 tantum
1532 638 1548 665 ,
1577 595 1692 652 sole
1721 593 1841 648 illu-

243 719 492 770 cescente
513 748 528 774 ,
559 705 628 760 ab
656 706 720 758 iis
771 704 1062 766 liberatur;
1107 697 1199 770 qui
1243 709 1371 750 vero
1398 691 1573 748 oculis
1595 699 1840 744 excaeca-

247 817 330 859 tus
367 811 484 868 ρει,
535 805 710 872 neque
755 800 873 854 sole
918 797 1131 852 lucente
1169 791 1351 846 ridet:
1384 787 1438 843 id
1481 784 1624 855 quod
1653 791 1709 837 et
1728 778 1842 872 ipSi

247 895 540 966 patiuntur.
569 871 752 960 Neque
774 889 919 947 enim
945 885 1069 940 Sole
1094 881 1313 953 iustitia:
1342 881 1358 912 ¹
1385 876 1623 966 fulgente
1648 871 1844 966 ether-

245 961 394 1039 ta'nte
418 981 677 1046 audiunt,
713 979 912 1035 divitiis
947 975 1138 1031 oculos
1180 973 1416 1045 ipsorum
1445 961 1840 1022 claudentibus.

243 1079 591 1144 Quapropter
636 1070 907 1140 duplicem
959 1065 1227 1122 sustinent
1276 1060 1574 1117 caecitatem
1602 1071 1616 1108 :
1645 1054 1840 1117 aliam,

244 1180 308 1222 ex
342 1165 566 1233 seipsis,
608 1163 793 1224 aliam.
823 1157 967 1230 quod
997 1156 1252 1225 Magistro
1278 1166 1380 1207 suo
1407 1164 1512 1205 non
1540 1144 1838 1202 attendant.

245 1255 606 1311 Attendamus
653 1254 836 1321 itaque
885 1249 1172 1318 diligenter
1211 1243 1370 1299 dictis
1399 1242 1575 1304 illius,
1621 1247 1681 1291 ut
1719 1242 1844 1290 sero

245 1349 463 1403 tandem
507 1347 802 1402 videamus.
861 1342 928 1396 Et
979 1336 1252 1410 quomodo
1288 1331 1476 1390 ‘videre
1515 1325 1846 1414 possumus?

245 1440 302 1496 Si
330 1439 508 1493 discas
534 1436 806 1507 quomodo
855 1438 1155 1488 excmcatds
1203 1429 1299 1483 sis.
1349 1422 1632 1495 Quomodo
1687 1421 1848 1491 igitur

247 1542 549 1589 cruentus
578 1530 675 1584 es?
721 1529 761 1582 Α
816 1526 952 1580 mala
993 1519 1448 1591 concupiscentia.
1500 1515 1653 1571 Sicut
1698 1514 1843 1569 enim

249 1623 518 1690 malignus
560 1617 753 1673 lnuuor
781 1616 833 1670 lu
867 1613 1123 1684 pupillam
1159 1611 1300 1666 oculi
1347 1621 1534 1679 puram
1577 1603 1846 1668 inﬂuens,

249 1716 328 1768 sic
357 1713 706 1784 pecuniarum
752 1713 904 1763 amor
943 1706 1166 1761 densam
1210 1703 1407 1757 nubem
1449 1701 1502 1754 in
1549 1708 1731 1754 mente
1757 1689 1845 1750 tua

253 1805 403 1859 fecit.
442 1803 636 1856 Verum
672 1800 809 1853 hanc
835 1798 1034 1852 nubem
1062 1795 1328 1866 dissipare
1353 1801 1408 1847 et
1434 1792 1742 1861 dirumpere
1767 1788 1847 1842 fa-

251 1897 353 1950 rile
367 1904 472 1959 est,
491 1893 535 1947 si
555 1890 758 1948 Christi
785 1889 1045 1944 doctrinze
1071 1886 1280 1941 radium
1298 1884 1632 1953 excipiamus
1653 1897 1669 1946 ;
1689 1880 1736 1935 si
1754 1895 1845 1935 au-

251 1986 464 2040 diamus
491 1984 638 2037 illum
672 1991 978 2036 metientem
1011 1993 1076 2034 ac
1099 1978 1365 2033 dictéutem
1393 1993 1407 2030 :
1434 1973 1614 2030 Nolite
1643 1975 1850 2029 tltesatts

251 2077 417 2130 ήκω-ε
450 2076 588 2129 ιοοὸὶι
614 2075 878 2128 thesauros
903 2073 954 2125 iu
977 2081 1134 2125 terra.
1177 2069 1244 2124 Et
1266 2068 1396 2140 quid
1440 2068 1568 2122 tuihi
1609 2066 1852 2136 proderit

250 2160 550 2220 doctrinam
575 2162 784 2229 audire;
811 2178 935 2218 cum
980 2177 1010 2215 a
1047 2159 1340 2230 cupiditate
1387 2145 1670 2214 detinear?
1709 2158 1852 2214 Sane

251 2255 472 2329 quidem
516 2253 767 2324 frequens
813 2253 1078 2331 doctrina:
1120 2251 1333 2306 auditus
1361 2252 1707 2321 cupiditatem
1735 2249 1852 2305 di‘s-

253 2349 466 2403 solvere
487 2349 702 2416 poterit.
727 2345 878 2414 Quod
920 2346 964 2400 si
1011 2345 1260 2400 detentus
1301 2348 1648 2414 permaneas,
1675 2336 1852 2414 cogita

257 2439 374 2495 rem
405 2439 549 2494 illum
574 2455 682 2493 non
708 2443 830 2492 esse
866 2437 1101 2507 amplius
1131 2435 1497 2507 cupiditatem.
1535 2436 1666 2502 Qua:
1706 2434 1852 2490 enim

256 2531 525 2606 cupiditas
602 2525 908 2585 durissimzc
946 2520 1192 2584 servituti
1222 2525 1344 2603 esse
1374 2526 1680 2598 subjectum
1707 2568 1722 2589 ,
1769 2535 1854 2597 ty-

258 2622 468 2678 raunidi
497 2621 803 2690 subjicere,
836 2612 893 2674 et
938 2620 1173 2690 undique
1218 2619 1463 2688 alligari,
1516 2619 1568 2673 in
1614 2618 1853 2674 tenebris

258 2712 464 2769 Versari
489 2721 546 2766 et
577 2712 804 2766 tumultu
854 2712 1067 2780 plenum
1115 2724 1273 2775 esse,
1329 2710 1540 2765 labores
1587 2709 1727 2764 ferre
1769 2709 1853 2762 in-

259 2807 585 2868 fructuosos,
613 2803 736 2857 aliis
765 2802 1017 2872 pet-unius
1036 2815 1275 2864 servare,
1304 2816 1447 2870 saepe
1473 2810 1652 2856 autem
1679 2800 1857 2853 initoi-

259 2897 386 2953 bis?
415 2897 534 2964 Qua
573 2910 702 2964 ergo
748 2894 862 2948 lia'c
905 2893 1335 2963 concupiscentia
1366 2893 1524 2962 digna
1555 2892 1720 2946 sunt?
1750 2891 1859 2946 imo

261 3001 368 3058 qua
397 2998 502 3041 non
531 2984 651 3055 ruga
680 2992 736 3039 et
756 2997 917 3038 cursu
962 2993 1086 3037 sunt
1129 2981 1522 3053 relinquenda?
1571 2981 1701 3049 Qua:
1728 2996 1858 3035 con-

254 3082 595 3154 cupiscentia
625 3075 909 3133 thesauros
935 3077 1076 3132 inter
1101 3077 1247 3151 fures
1279 3074 1613 3131 recondere?
1638 3066 1691 3132 Si
1714 3075 1856 3130 cnim

260 3173 487 3227 omnino
549 3170 804 3241 pecunias
847 3167 1216 3239 concupiscis,
1271 3168 1389 3223 illas
1417 3173 1484 3223 eo
1511 3168 1740 3223 transfer
1771 3167 1858 3221 ubi

264 3272 494 3333 possunt
545 3270 672 3315 tutae
718 3269 773 3314 et
821 3258 1045 3328 integra:
1089 3255 1332 3313 manere.
1382 3249 1542 3313 Certe
1571 3273 1691 3328 quae
1720 3273 1862 3312 nunc

261 3339 396 3409 i’acis
424 3365 528 3406 non
559 3360 683 3405 sunt
706 3349 1139 3425 concttpisceutis
1188 3349 1472 3418 pecunias,
1501 3349 1595 3403 sed
1627 3349 1858 3403 εει-νεαρ

265 3439 374 3497 tem
399 3483 414 3506 ,
445 3441 640 3496 damna
663 3481 678 3502 .
727 3440 975 3502 mulctas,
1019 3438 1371 3508 doloretnque
1398 3442 1738 3509 perpetuum.
1781 3438 1860 3494 Tu

264 3529 417 3595 itero,
469 3535 514 3588 si
544 3533 662 3604 quis
692 3531 994 3610 tibi’homo
1040 3533 1213 3586 locum
1244 3534 1296 3586 in
1329 3535 1468 3586 terra
1502 3531 1861 3587 inviolabilem

267 3626 606 3691 ostenderet,
634 3624 844 3679 ctiamSi
871 3633 923 3678 te
948 3625 999 3677 in
1029 3622 1302 3678 desertum
1333 3621 1607 3690 educeret,
1640 3627 1862 3694 promit-

266 3713 391 3773 tens
443 3717 684 3786 pecuniis
730 3713 836 3770 tuis
883 3711 1229 3771 securitatem
1278 3714 1290 3771 ὲ
1345 3735 1449 3770 uou
1494 3720 1859 3785 cuttctareri'S;

267 3821 446 3879 neque
486 3814 800 3876 recusares,
848 3809 943 3864 sed
985 3811 1240 3878 pecunias
1287 3809 1356 3863 ibi
1399 3825 1521 3863 cum
1551 3809 1739 3881 titlucia
1768 3791 1864 3867 de-

268 3915 498 3972 poneres
525 3917 539 3953 :
565 3895 677 3954 Deo
704 3908 906 3962 autem,
939 3915 1041 3952 non
1067 3898 1281 3953 homine
1303 3899 1354 3952 id
1383 3899 1472 3954 tibi
1498 3901 1862 3969 promittente,

268 4008 373 4046 nec
403 3992 696 4054 desertum,
726 3990 818 4044 sed
849 3991 1042 4044 czelum
1074 4001 1436 4060 propoueute,
1479 3993 1745 4046 contraria
1776 4007 1866 4046 ac-

266 4082 408 4153 Cipis
436 4102 444 4132 :
471 4097 792 4150 quamquam
821 4072 1030 4135 etiamsi
1065 4081 1334 4135 tutissime
1353 4074 1570 4148 iaceant
1594 4081 1866 4148 repositm,

271 4186 332 4229 tu
360 4188 647 4244 numquam
676 4172 1036 4229 sollicitudine
1055 4171 1252 4228 vacuus
1275 4187 1395 4227 csse
1422 4175 1615 4243 possis.
1648 4167 1869 4228 Etiamsi

273 4275 423 4344 enim
452 4285 557 4322 nou
587 4270 802 4338 perdas,
839 4272 1137 4336 numquam
1162 4281 1190 4320 a
1208 4265 1577 4320 sollicitudine
1601 4267 1864 4336 perdendi

277 4343 614 4415 libet-aberis.
633 4359 933 4414 Illicautem
951 4358 1084 4412 nihil
1099 4357 1440 4427 prorsustale
1455 4358 1695 4426 patieris:
1711 4365 1798 4429 atq
1809 4374 1875 4413 ue

277 4455 426 4516 quod
449 4463 524 4501 ιιςι
545 4453 740 4516 maius,
762 4457 954 4503 aurum
989 4449 1568 4511 umtdefodiStautum,
1598 4450 1690 4503 sed
1713 4451 1882 4505 scmia

263 4534 396 4592 has.
415 4535 652 4605 ldipstuu
664 4539 810 4591 ειιςιιι
828 4550 979 4606 estet
997 4542 1287 4595 thesaurus
1303 4551 1355 4593 et
1369 4555 1578 4605 semen;
1596 4541 1707 4594 imo’
1725 4552 1859 4616 utro

261 4638 384 4692 que
414 4625 600 4691 tuajus.
640 4621 837 4676 Semen
874 4622 1071 4694 quippe
1119 4641 1226 4679 nou
1275 4626 1455 4680 manet
1495 4629 1734 4695 'semper,
1778 4629 1868 4684 ille

263 4728 408 4763 vero
441 4716 725 4766 thesaurus
775 4723 956 4768 manet
996 4713 1278 4785 perpetuo.
1321 4717 1552 4771 llursum
1586 4719 1868 4774 thesaurus

257 4789 365 4861 itic
398 4821 500 4857 nou
541 4807 825 4873 germinat,
870 4806 961 4862 ille
1001 4801 1132 4862 vero
1179 4799 1511 4865 immortales
1541 4812 1632 4865 tibi
1663 4792 1867 4866 fructus

262 4894 438 4967 parit.
469 4894 619 4963 Quod
653 4898 696 4949 si
732 4909 942 4968 tempus
989 4899 1118 4954 ntihi
1164 4883 1388 4969 obiicias
1412 4944 1427 4964 ,
1457 4913 1511 4956 et
1552 4903 1864 4959 dilationem

258 4988 518 5046 reditus:
555 5005 768 5058 possunt
800 5006 900 5060 ego
928 4991 1023 5046 tibi
1055 4991 1431 5050 demonstrare
1469 4992 1670 5066 quanta
1700 5000 1866 5054 etiam

337 5121 357 5158 ⁸
394 5123 522 5185 VM,
533 5124 758 5188 iustitia,
774 5127 920 5179 deest
943 5129 993 5179 iu
1015 5131 1322 5194 quibusdam.

273 5250 626 5264 ἡ

1280 395 1345 454 ΙΝ
1386 383 1799 450 ΒΙΑΊἽΊΙΕΠΜ
1860 381 2091 440 HOMIL.
2137 382 2254 440 XXI
2294 384 2364 439 al.
2409 380 2574 438 XXII.

3438 381 3544 438 ΞΜ

1949 500 2035 556 hic
2078 500 2351 571 accipias;
2382 509 2579 570 prartcr
2619 499 2734 551 tm-c
2771 507 2952 552 autem
2990 511 3057 552 ex
3095 495 3227 566 ipsis
3275 498 3551 553 saeculari-

1946 593 2047 648 bus
2074 603 2127 648 te
2155 593 2435 648 confutare
2460 592 2701 654 tentabo,
2735 601 2788 644 et
2816 575 3109 645 Ostendere
3133 598 3188 644 te
3213 589 3406 643 frustra
3436 575 3552 645 haec

1946 684 2202 753 objicere.

2019 777 2074 834 ϐ.
2116 774 2279 830 Multa
2307 776 2450 830 enim
2479 791 2530 829 ιιι
2561 773 2813 844 przrseuti
2838 773 2943 828 vita
2975 780 3155 844 paras,
3177 774 3376 844 quibus
3394 788 3552 828 num-

1948 884 2106 938 quam
2138 868 2361 934 frueris;
2389 857 2444 923 et
2468 870 2512 924 si
2544 868 2665 938 quis
2696 876 2746 923 te
2779 868 2879 923 hac
2903 867 2970 922 de
3005 882 3065 922 re
3089 875 3302 940 arguat,
3329 867 3470 922 lilios
3500 877 3554 922 et

1951 969 2174 1032 nepotes
2201 960 2502 1032 proferens,
2536 959 2906 1015 iddoeam'tibi
2933 958 3132 1015 videris
3160 953 3553 1027 superfluarum

1952 1053 2195 1108 laborum
2235 1052 2664 1107 consolationem
2707 1053 2995 1121 reperisse.
3020 1051 3155 1106 (.‘um
3196 1051 3340 1106 enim
3375 1054 3430 1107 in
3454 1065 3554 1106 cx-

1953 1157 2120 1202 tretua
2152 1153 2434 1201 s‘cuccwte
2462 1143 2773 1214 splendidas
2799 1144 3069 1200 construis
3101 1143 3268 1208 aedes,
3296 1159 3418 1213 qua:
3454 1159 3555 1198 au-

1952 1249 2166 1310 tequatn
2194 1238 2542 1308 perﬁciantur
2565 1252 2708 1306 saepe
2740 1228 2794 1291 tu
2823 1229 3064 1294 decedis.
3085 1229 3556 1303 elarlioresseris,

1953 1349 2074 1403 qua-
2118 1344 2237 1403 post
2277 1331 2476 1388 multos
2518 1346 2690 1384 annos
2721 1329 2950 1384 fructum
2979 1329 3220 1383 allatura:
3249 1339 3402 1395 sunt;
3434 1344 3556 1383 cum

1956 1428 2008 1481 iu
2058 1441 2188 1497 agro
2233 1424 2454 1481 arbores
2500 1424 2741 1494 plantas,
2788 1437 2908 1494 quae
2940 1431 3064 1494 post
3093 1422 3260 1498 multa
3289 1437 3555 1478 annorum

1953 1518 2219 1589 curricula
2261 1518 2495 1573 fructum
2528 1518 2734 1580 ferent;
2764 1532 2886 1570 cum
2914 1515 3114 1587 praedia
3151 1514 3287 1572 emis
3314 1527 3369 1571 et
3399 1517 3546 1573 here-

1954 1610 2173 1676 ditates,
2201 1622 2432 1680 quorum
2463 1607 2760 1662 dominium
2797 1605 2964 1661 untlto
2991 1616 3113 1677 post
3139 1616 3382 1677 tempore
3407 1608 3558 1660 babi-

1958 1713 2106 1757 turus
2151 1717 2233 1769 es;
2279 1702 2490 1771 aliaque
2542 1700 2706 1755 multa
2760 1710 2939 1769 partis,
2985 1706 3217 1770 quorum
3269 1715 3559 1770 numquam

1957 1793 2184 1849 frueris:
2211 1806 2279 1847 au
2326 1799 2422 1863 pro
2469 1801 2520 1846 te
2562 1792 2643 1846 vel
2675 1805 2774 1860 pro
2818 1790 3222 1854 sumessoribus
3266 1791 3380 1844 hinc
3405 1790 3562 1858 agis?

1955 1887 2239 1953 Quomodo
2269 1877 2429 1956 igitur
2455 1901 2562 1941 non
2591 1891 2850 1940 esti-eruat
2875 1877 3167 1940 dementia:
3196 1892 3302 1950 est,
3335 1885 3422 1937 hic
3453 1899 3560 1938 non

1956 1998 2098 2051 πει-θ
2120 1981 2262 2036 ferre
2290 1979 2549 2048 temporis
2570 1978 2904 2040 dilationem,
2933 1978 3034 2033 etsi
3063 1993 3159 2047 per
3180 1976 3327 2030 illam
3349 1973 3562 2030 dilatio-

1957 2090 2079 2130 nem
2101 2090 2130 2126 a
2157 2071 2406 2128 mercede
2434 2071 2673 2126 laborum
2697 2085 2797 2125 nos
2822 2068 3113 2140 privaudos
3134 2077 3561 2146 ess'eexspeete-

1957 2173 2109 2226 mus;
2142 2179 2263 2218 cum
2295 2164 2364 2219 de
2389 2163 2526 2218 c:rlo
2555 2173 2735 2217 autem
2771 2161 2966 2233 agitur,
2999 2159 3221 2231 propter
3247 2147 3561 2214 dilationem

1961 2265 2197 2326 torpere;
2227 2269 2350 2310 cum
2379 2264 2558 2310 tamen
2586 2255 2671 2309 illa
2703 2253 2891 2309 dilatio
2927 2252 3100 2323 majus
3127 2250 3220 2308 tibi
3249 2252 3455 2308 lucrum
3481 2252 3541 2306 af
3545 2283 3562 2295 -

1960 2346 2118 2414 ferat,
2150 2360 2251 2402 nec
2275 2345 2342 2401 ad
2370 2345 2509 2400 alios
2558 2353 2694 2399 bona
2743 2344 3096 2406 transmittat,
3141 2341 3238 2399 sed
3285 2343 3380 2399 tibi
3420 2342 3561 2397 dona

1961 2439 2221 2495 tradenda
2252 2437 2555 2494 custodiat?
2585 2437 2789 2492 Preter
2817 2435 2931 2490 haec
2957 2445 3140 2492 autem
3169 2451 3276 2492 non
3303 2436 3460 2506 longa
3482 2446 3565 2492 est

1962 2531 2066 2588 ista
2089 2531 2280 2586 dilatio
2304 2527 2410 2602 (α).
2440 2528 2574 2584 Nam
2605 2527 2672 2582 ad
2702 2529 2847 2584 fores
2873 2536 2960 2584 res
2989 2527 3119 2599 ipsa:
3147 2535 3307 2584 sunt:
3332 2542 3431 2583 uec
3455 2528 3566 2582 sci-

1962 2634 2086 2679 mus
2110 2638 2236 2678 num
2269 2622 2406 2678 forte
2428 2622 2481 2676 in
2510 2621 2609 2676 hac
2636 2621 2981 2692 generatione
2997 2621 3176 2675 omnia
3204 2631 3385 2676 nostra
3407 2619 3567 2676 linem

1965 2713 2207 2771 habitura
2235 2715 2364 2771 sint.
2410 2725 2466 2768 et
2504 2713 2622 2768 dies
2659 2698 2749 2767 ille
2774 2712 3086 2767 tremendus
3115 2713 3186 2767 sit
3212 2711 3566 2776 adr‘emurus,

1965 2807 2293 2862 horrendum
2325 2805 2479 2871 illud,
2505 2816 2559 2861 et
2587 2806 2785 2860 nullam
2817 2817 3168 2877 personarum
3196 2806 3567 2875 acceptionem

1966 2899 2170 2955 habens
2192 2898 2426 2953 tribunal
2447 2907 2793 2954 ostensurus.
2819 2897 2953 2952 Nam
2997 2893 3257 2969 pleraque
3281 2899 3434 2969 signa
3457 2897 3568 2969 jam

1966 2989 2200 3061 perfecta
2222 3000 2366 3054 sunt,
2393 3004 2456 3045 ac
2474 2988 2690 3045 demum
2708 2989 3046 3060 evangelium
3076 2981 3173 3060 per
3197 2992 3366 3046 totum
3383 2991 3572 3046 orbem

1968 3081 2314 3151 praedicatum
2338 3081 2463 3145 fuit,
2494 3096 2558 3136 ac
2584 3081 2745 3146 bella,
2776 3089 2934 3136 terrae
2956 3090 3139 3135 motus
3168 3091 3220 3137 et
3249 3080 3418 3137 fames
3441 3096 3570 3138 eve-

1967 3187 2184 3240 nerunt,
2210 3191 2313 3230 nec
2344 3183 2597 3245 maguum
2634 3174 2746 3242 jam
2777 3173 3122 3228 intervallum
3149 3183 3252 3229 est:
3283 3168 3390 3229 Sed
3421 3174 3571 3245 signa

1969 3282 2076 3322 non
2099 3266 2284 3321 vides?
2306 3265 2372 3320 Et
2393 3265 2498 3319 hoc
2529 3266 2703 3334 ipsimi
2733 3279 2985 3335 magnum
3013 3265 3226 3334 signum
3248 3273 3351 3320 est.
3388 3266 3572 3337 Neque

1967 3361 2112 3416 enim
2144 3360 2232 3432 qui
2266 3358 2379 3413 Noe
2408 3366 2649 3425 tempore
2670 3366 2824 3412 erant
2855 3358 3113 3425 prooemia
3137 3359 3409 3429 generalis
3434 3359 3575 3417 inte-

1969 3452 2104 3506 ritus
2134 3449 2412 3513 viderunt;
2444 3448 2536 3503 sed
2570 3447 2784 3503 interitu
2815 3446 3086 3515 ludentes,
3107 3447 3356 3515 edentes,
3377 3465 3576 3506 uxores

1971 3543 2250 3608 dutcutes;
2283 3547 2652 3608 Consuelaquc
2691 3539 2871 3594 omnia
2901 3549 3145 3608 agentes,
3178 3539 3258 3594 sic
3283 3556 3314 3594 ε
3343 3542 3573 3598 terribili

1973 3617 2062 3688 illa
2092 3635 2292 3689 ultione
2314 3629 2636 3700 deprehensi
2659 3639 2803 3685 sunt.
2828 3629 3194 3701 Similiterque
3217 3634 3268 3686 itt
3299 3631 3573 3701 Sodomis,

1971 3726 2176 3781 deliciis
2223 3740 2440 3793 operam
2483 3713 2698 3781 dantes.
2745 3721 2989 3791 nihilque
3016 3737 3203 3777 eorum
3241 3738 3362 3794 qua:
3391 3739 3574 3792 ρυδωῦ

1974 3816 2109 3870 facta
2137 3824 2263 3869 sunt
2290 3813 2647 3882 suspicantes,
2680 3811 2748 3867 ab
2778 3811 3035 3867 immissis
3065 3812 3377 3867 fulminibus
3419 3829 3571 3867 com-

1972 3907 2114 3962 bustl
2139 3915 2284 3962 sunt.
2315 3905 2449 3973 Qute
2478 3904 2660 3960 omnia
2697 3905 3022 3975 cogitantes,
3064 3905 3133 3960 ad
3183 3906 3572 3975 profectionem

1974 3986 2099 4054 hinc
2127 3995 2421 4067 parandam
2445 4009 2591 4052 nosc
2627 3996 3221 4067 invertimus..Etiamsi
3273 3998 3580 4052 communis

1978 4085 2066 4138 ille
2094 4079 2587 4137 eonsutnmatiouis
2619 4094 2725 4134 nou
2769 4079 2932 4135 instet
2959 4061 3106 4146 dies;
3148 4080 3283 4136 uuiu
3316 4083 3579 4154 cujusque

1978 4175 2099 4229 linis
2125 4174 2177 4228 in
2205 4172 2384 4243 januis
2405 4180 2506 4237 est,
2540 4174 2655 4227 sive
2676 4183 2840 4227 senex
2868 4173 2984 4226 sive
3003 4172 3222 4241 juvenis
3255 4173 3356 4238 sit;
3404 4191 3580 4248 neque

1977 4278 2103 4323 lttnc
2131 4268 2306 4321 oleum
2349 4281 2530 4322 emere
2559 4263 2761 4330 licebit,
2812 4281 2986 4335 neque
3013 4273 3258 4336 petentes
3291 4269 3582 4332 impetrare

1976 4359 2209 4420 veniam,
2238 4359 2338 4413 etsi
2372 4356 2640 4411 Abraham
2671 4366 2942 4424 precetur,
2985 4357 3084 4411 etsi
3131 4355 3264 4419 Noe.
3307 4359 3408 4413 etsi
3454 4357 3583 4419 Joh.

1975 4452 2074 4505 etsi
2110 4445 2314 4504 Daniel.
2367 4448 2547 4501 Donec
2595 4448 2756 4518 igitur
2805 4457 3018 4518 tempus
3046 4449 3326 4513 habemus,
3358 4451 3583 4505 multam

1978 4542 2132 4596 nobis
2161 4555 2408 4609 paremus
2438 4535 2707 4599 fiduciam.
2740 4538 2916 4592 oleum
2945 4527 3100 4592 nobis
3125 4533 3403 4609 copiosum
3432 4557 3586 4596 cout-

1978 4643 2247 4701 paretuus,
2278 4634 2456 4683 omnia
2494 4629 2880 4682 transferamus
2908 4629 2958 4682 iu
2983 4627 3196 4694 utrium,
3223 4640 3280 4684 ut
3308 4633 3357 4686 in
3373 4647 3583 4702 0ppnl'-

1979 4733 2106 4778 tuno
2131 4734 2395 4790 tempore,
2416 4733 2522 4788 quo
2540 4717 2773 4773 maxime
2801 4719 2882 4774 his
2901 4736 3144 4787 egemus,
3163 4724 3413 4778 omnibus
3441 4725 3586 4779 frua-

1979 4829 2117 4879 mur;
2146 4812 2315 4894 gratia
2348 4821 2400 4864 et
2433 4811 2763 4880 benignitate
2794 4812 3000 4865 Domini
3035 4813 3206 4868 nostri
3249 4813 3376 4869 Jesu
3417 4814 3580 4871 Chri-

1977 4905 2066 4970 sii,
2093 4907 2177 4962 cui
2209 4904 2380 4974 gloria
2406 4914 2460 4956 et
2487 4903 2770 4972 imperium
2801 4920 2942 4959 nunc
2967 4915 3021 4960 et
3051 4921 3289 4978 semper,
3317 4918 3372 4964 et
3400 4909 3453 4966 in
3477 4925 3581 4965 sat-

1976 4998 2094 5054 cula
2118 4989 2464 5052 smctilorum.
2494 4982 2688 5049 Amen.

2043 5136 2116 5197 (tt)
2149 5132 2426 5196 soSpicatur
2449 5125 2819 5195 Citt‘ys’ostomt'tS
2841 5117 2988 5181 linem
3011 5133 3176 5183 mundi
3200 5134 3485 5186 adventare.

3382 5264 3580 5276 —_

1465 5314 1810 5400 [tomus
1847 5338 2029 5400 χχι.
2067 5337 2152 5398 al.
2201 5325 2412 5396 xxn.

262 5467 410 5523 CAP.
449 5469 501 5525 6.
534 5486 585 5524 νε
618 5457 708 5526 ﬁt.
742 5457 908 5526 Nemo
953 5474 1111 5542 potest
1148 5471 1345 5531 duobus
1375 5463 1596 5532 dominis
1636 5482 1820 5534 servire
1852 5498 1870 5535 .'

258 5626 270 5633 .
346 5570 437 5612 aut
468 5561 601 5613 enim
627 5578 784 5615 miunt
817 5563 934 5617 odio
980 5564 1195 5631 habebit,
1225 5577 1272 5620 et
1295 5568 1509 5622 alterum
1539 5570 1742 5641 diliget;
1785 5583 1872 5626 aut

351 5667 512 5705 unum
541 5652 821 5712 sustinebit.
846 5666 891 5708 et
915 5657 1128 5710 alterum
1154 5667 1453 5712 contemnet.

354 5745 409 5799 1.
448 5743 653 5798 Strrt're
678 5747 905 5812 pecunia:
931 5748 1207 5801 maximum
1234 5749 1423 5802 malum
1439 5765 1458 5812 ;
1489 5767 1598 5803 eam
1627 5752 1876 5822 negligere

259 5837 566 5892 niaximum
599 5836 804 5892 baud-ut.
837 5838 1068 5894 Christus
1098 5841 1240 5894 utilia
1269 5849 1436 5911 parat,
1471 5842 1590 5897 dum
1622 5850 1876 5903 contraria

1980 5481 2130 5533 tollit.
2149 5507 2220 5518 —-
2243 5477 2402 5532 Vides
2429 5487 2487 5530 ut
2518 5476 2768 5544 paulatim
2797 5492 2825 5530 a
2855 5481 3207 5548 pra'sentihus
3238 5483 3398 5538 rebus
3419 5486 3590 5541 abdu-

1980 5580 2087 5630 cat,
2116 5585 2180 5624 ac
2209 5568 2452 5638 pluribus
2481 5567 2548 5622 de
2575 5578 2886 5638 contemptu
2929 5569 3234 5625 divitiarum
3278 5588 3587 5632 sermonem

1984 5665 2243 5726 instituat,
2292 5671 2348 5716 et
2393 5661 2729 5733 tyrannidem
2783 5663 3090 5732 cupiditatis
3129 5663 3590 5737 dejiciattNeque

1984 5755 2127 5809 enim
2156 5761 2443 5808 contentus
2475 5753 2557 5815 iis,
2590 5767 2709 5816 quae
2739 5755 2985 5822 superius
3007 5754 3162 5821 dixit,
3187 5757 3397 5812 etiamsi
3423 5760 3586 5814 multa

1986 5861 2039 5906 et
2076 5851 2331 5922 pneclara
2364 5848 2450 5902 illa
2482 5849 2606 5917 sint,
2636 5848 2738 5905 alia
2765 5847 2949 5919 adjicit
2978 5836 3129 5921 plura
3158 5858 3214 5908 et
3244 5853 3582 5908 terribiliora.
