4110 6306
213 362 317 424 ποτ

222 477 394 536 enimn
422 477 554 536 cibo
579 483 751 548 egeat,
776 471 1092 539 incorporea
1123 461 1265 516 enim
1287 467 1404 521 est;
1432 455 1528 512 sed
1546 449 1821 510 communi

225 567 476 642 loquendi
523 544 678 623 more
733 575 862 618 usus
905 567 1009 615 est.
1068 551 1290 610 Etiamsi
1345 549 1488 604 enim
1539 544 1662 600 cibo
1712 555 1820 596 non

227 636 400 736 egeat,
428 677 535 716 non
561 665 735 730 potest
761 653 814 709 in
843 663 1071 718 corpore
1097 656 1338 706 manere,
1381 637 1482 693 nisi
1516 636 1691 706 ipsum
1718 648 1824 686 nu-

231 728 441 815 tFiatnr.
474 728 761 821 Postquam
783 745 888 801 hoc
906 744 1061 804 dixit,
1092 753 1197 796 non
1224 732 1541 804 simpliciter
1567 728 1824 798 loquitur,

228 850 322 904 sed
351 846 438 900 hic
481 818 644 899 etiam
674 842 839 894 utitur
880 830 1208 893 ratiociniis;
1248 840 1474 898 quorum
1521 822 1624 877 alia
1660 835 1728 874 ex
1761 818 1826 871 iis

229 954 348 1008 qtae
371 933 512 1005 apud
544 948 641 987 nos
677 936 822 993 sunt,
849 926 956 982 alia
981 939 1047 979 ex
1074 920 1193 976 aliis
1219 915 1481 984 exemplis
1518 918 1824 967 sumuntur.

233 999 309 1085 iis
342 999 420 1082 iis.
441 1040 560 1096 qua:
585 1020 724 1093 apud
752 1034 854 1075 nos
881 1024 1006 1071 sunt
1043 1015 1123 1068 sic
1159 1011 1271 1065 ait:
1298 1006 1486 1062 Nonne
1515 1005 1688 1096 anima
1712 999 1828 1096 plus

230 1128 305 1174 est
342 1090 494 1187 quatit
528 1090 663 1180 esca,
693 1120 741 1166 ct
766 1105 1095 1178 corpusplss
1124 1116 1277 1173 quant
1303 1093 1693 1153 uestimentum?
1725 1090 1829 1160 Qui

233 1211 396 1281 igitur
425 1208 482 1262 id
498 1205 642 1276 quod
674 1203 856 1272 majus
872 1210 954 1255 est
979 1197 1149 1262 dedit,
1179 1191 1452 1264 quomodo
1479 1188 1623 1281 quod
1652 1187 1830 1281 minus

231 1276 320 1358 est
365 1317 472 1355 non
518 1295 709 1354 dabit?
746 1294 836 1364 qui
885 1304 1100 1346 carnem
1145 1302 1266 1356 qua:
1305 1284 1468 1337 alitur
1505 1276 1828 1342 edormavit,

230 1391 506 1466 quomodo
533 1389 634 1459 ipsi
672 1400 850 1443 escam
876 1399 982 1437 non
1018 1376 1312 1449 przehehit?
1337 1373 1462 1428 Ideo
1492 1386 1596 1424 non
1625 1367 1832 1437 simpli-

230 1459 374 1542 citer
412 1482 547 1537 dixit
577 1501 590 1536 :
616 1477 795 1533 Nolite
829 1473 1034 1528 solliciti
1062 1486 1187 1533 esse,
1215 1466 1340 1538 quid
1375 1459 1710 1523 manducetis,
1742 1464 1834 1510 aut

231 1594 334 1650 quo
371 1571 694 1633 induamini;
732 1569 827 1624 sed
870 1565 1048 1629 addit,
1077 1560 1316 1630 Corpori,
1345 1564 1418 1620 et,
1448 1553 1678 1650 Animtr
1709 1549 1833 1619 quia

235 1641 305 1723 es
325 1664 458 1735 ipsis
485 1671 601 1718 erat
623 1658 864 1728 exempla
891 1663 1224 1721 sumpturus,
1259 1661 1354 1717 per
1376 1641 1832 1712 comparationem

237 1733 560 1828 procedens.
587 1751 694 1808 Sed
721 1747 955 1804 animam
994 1741 1212 1812 quidem
1240 1736 1408 1795 semel
1432 1733 1601 1797 dedit,
1632 1740 1688 1786 et
1717 1743 1834 1782 ma-

239 1825 333 1901 net
349 1845 444 1900 illa
460 1851 518 1904 ut
532 1842 656 1898 data
671 1852 776 1906 eSt;
791 1851 1131 1909 corpusvero
1151 1843 1383 1905 augetur
1395 1831 1664 1904 quotidie.
1682 1825 1840 1896 Quod

241 1946 539 2006 utrumque
553 1943 612 1989 ut
628 1931 885 1996 ostendit,
903 1940 955 1984 et
970 1929 1118 1985 illius
1134 1926 1624 1989 immortalitatem,
1642 1919 1841 1991 huiusn-

237 2025 568 2096 quel'luxam
585 2032 836 2078 naturam
853 2013 1584 2086 declaravit,hmcsnbjungit
1598 2031 1611 2067 :
1623 2012 1692 2065 9.7
1707 2009 1839 2096 Quis

241 2092 405 2178 potest
429 2127 493 2165 ea:
516 2109 661 2164 vobis
689 2107 910 2178 adjicere
941 2114 1149 2162 statura:
1163 2098 1506 2154 sucecubitum
1533 2092 1734 2148 unum?
1764 2092 1842 2147 De

237 2206 420 2261 anima
447 2213 649 2268 tacens,
691 2216 811 2270 qua:
837 2199 1165 2252 incremento
1202 2208 1309 2247 non
1340 2196 1577 2261 caperet,
1619 2187 1688 2242 de
1723 2200 1844 2240 cor-

239 2311 377 2368 pore
405 2303 608 2349 tantum
632 2290 886 2346 disseruit
916 2306 929 2342 :
955 2303 1023 2343 ex
1061 2300 1168 2356 quo
1189 2283 1325 2340 .illttd
1355 2280 1611 2346 csteudit,
1651 2293 1845 2348 nempe

238 2401 352 2445 non
373 2383 496 2441 cibo
517 2381 646 2439 illud
663 2381 867 2451 auguri,
897 2378 992 2435 sed
1014 2377 1106 2432 Dei
1129 2373 1481 2446 providentia.
1502 2370 1656 2439 Quod
1681 2370 1844 2426 etiam

240 2494 344 2549 per
362 2477 462 2532 alia
490 2476 687 2532 Paulus
711 2475 1086 2529 demonstrans
1109 2469 1354 2524 diccbat:
1381 2465 1547 2538 Igitur
1575 2479 1734 2534 neque
1759 2463 1847 2533 qui

243 2571 466 2640 plantat,
513 2583 671 2638 neque
711 2565 810 2637 qui.
841 2564 995 2637 rigat,
1039 2572 1111 2616 est
1157 2559 1374 2630 aliquid,
1419 2557 1507 2611 scd
1544 2556 1630 2626 qui
1676 2555 1847 2608 incre-

243 2673 471 2724 mentum
499 2660 610 2725 dat,
636 2657 776 2713 Deus
803 2656 885 2727 (l.
920 2653 1040 2708 Cor.
1072 2653 1126 2707 3.
1151 2653 1227 2721 7).
1258 2648 1343 2704 Ah
1371 2649 1436 2703 iis
1459 2648 1620 2719 igitur
1645 2661 1764 2716 qua:
1795 2650 1853 2706 iu

243 2759 405 2816 nobis
428 2766 555 2816 sunt
575 2755 652 2811 ita
667 2752 981 2808 cohortatus
1005 2755 1127 2803 est:
1154 2744 1224 2800 ah
1247 2742 1379 2798 aliis.
1392 2754 1520 2796 vero
1546 2738 1846 2808 exemplis:

227 2849 340 2905 .26.
392 2847 614 2918 Aspicite
653 2842 882 2899 volatilia
923 2839 1072 2904 cteli,
1121 2834 1314 2906 inquit.
1345 2832 1423 2888 Ne
1452 2831 1573 2904 quis
1605 2830 1845 2895 diceret,

245 2942 380 2998 utile
428 2938 583 2994 nobis
620 2951 744 2992 esse
783 2934 830 2990 si
876 2930 1091 2988 solliciti
1124 2929 1314 2991 simus,
1346 2934 1402 2982 et
1434 2940 1463 2979 ν
1501 2922 1707 2992 majori.
1725 2932 1791 2977 et.
1816 2937 1848 2976 a

247 3031 445 3092 muniri
470 3029 618 3100 ipsos
642 3025 997 3089 dehortatur;
1026 3037 1055 3075 a
1097 3020 1289 3089 utajori
1321 3032 1536 3087 nempe,
1567 3015 1636 3070 ab
1668 3013 1848 3074 anima

245 3133 306 3180 et
347 3135 606 3191 corpore;
653 3134 685 3174 a
725 3115 942 3179 minori,
969 3115 1036 3169 ab
1064 3113 1272 3167 avibus.
1310 3111 1367 3164 Si
1411 3111 1556 3165 enim
1588 3109 1748 3163 etiam
1779 3107 1850 3164 de

249 3215 410 3285 longe
425 3210 772 3270 inferioribus
794 3217 992 3264 tantam
1010 3205 1148 3277 gerit
1171 3218 1378 3264 curam,
1402 3199 1674 3271 quomodo
1701 3199 1850 3254 vobis

251 3328 360 3368 non
389 3311 625 3382 idipsum
649 3304 955 3378 praestabit;
985 3301 1175 3371 inquit.
1205 3299 1272 3354 Et
1300 3297 1417 3352 hrec
1449 3295 1668 3366 quidem
1701 3294 1806 3347 illis
1831 3308 1848 3358 ;

250 3413 371 3460 erat
394 3404 594 3484 quippe
619 3400 774 3456 turba
809 3395 1028 3468 populi;
1063 3392 1280 3448 diabolo
1308 3399 1488 3444 autem
1514 3402 1620 3442 non
1647 3388 1726 3441 sic
1757 3400 1864 3460 re:

253 3495 489 3565 spondit,
519 3480 614 3549 sed
641 3489 946 3563 quomodo?
978 3485 1100 3541 Non
1129 3485 1182 3539 in
1212 3484 1322 3537 solo
1349 3498 1481 3551 pane
1519 3483 1648 3534 vivet
1675 3480 1848 3542 Immo,

251 3590 345 3642 sed
382 3587 434 3642 in
459 3586 599 3640 omni
630 3581 775 3654 verba
798 3579 939 3651 quod
964 3576 1190 3650 procedit
1217 3575 1280 3632 de
1310 3590 1399 3628 ore
1423 3572 1521 3629 Dei
1548 3569 1767 3645 (Matth.
1795 3573 1848 3628 4.

254 3681 333 3746 ι).
368 3678 464 3732 llic
489 3688 669 3732 autem
694 3673 928 3729 volatilia
950 3679 1232 3727 memorat.
1259 3667 1353 3724 sed
1380 3666 1542 3722 modo
1566 3665 1632 3721 ad
1659 3665 1854 3721 cohor-

255 3771 480 3827 tandum
511 3770 736 3838 optimo,
779 3765 869 3836 qui
909 3764 964 3817 in
1009 3761 1374 3817 admonitione
1419 3758 1708 3813 maximam
1747 3759 1853 3812 vim

259 3864 471 3916 habent.
503 3859 613 3916 Sed
639 3859 693 3913 in
722 3866 927 3912 tantum
956 3852 1276 3923 insipientia:
1315 3848 1530 3921 quidam
1573 3848 1722 3918 impii
1759 3863 1858 3903 ve-

259 3961 468 4016 nerant,
522 3958 581 4005 ut
618 3949 923 4018 exemplum
969 3942 1448 4015 reprehenderent.
1492 3939 1675 4009 Neque
1713 3939 1857 3995 enim

257 4043 516 4114 dimittit,
544 4039 872 4112 inquiebant,
896 4035 1122 4103 eumqui
1155 4033 1454 4087 voluntates
1478 4032 1757 4097 excitaret,
1790 4045 1857 4085 ex

261 4133 598 4191 naturalium
613 4146 791 4187 rerum
835 4126 1097 4198 ειυηὶριίε
1137 4124 1189 4180 id
1217 4140 1396 4196 agere,
1420 4123 1618 4194 quippe
1657 4137 1776 4193 quae
1806 4119 1858 4177 id

264 4229 497 4286 habeant
521 4241 589 4280 ex
614 4235 825 4279 natura.

337 4322 393 4375 ὖ.
431 4319 568 4387 Quid
599 4317 760 4387 igitur
784 4313 850 4370 ad
877 4313 992 4367 ha-c
1013 4310 1298 4366 dicamus?
1322 4309 1546 4365 Etiamsi
1588 4306 1638 4362 id
1667 4323 1732 4364 ex
1760 4322 1860 4362 na-

263 4425 384 4470 tura
407 4412 534 4468 insit
561 4411 690 4476 illis,
716 4422 877 4479 posse
907 4405 960 4460 id
984 4405 1146 4461 etiam
1177 4403 1333 4457 nobis
1373 4416 1439 4456 ex
1472 4399 1650 4455 studio
1674 4400 1863 4455 volun-

265 4507 393 4562 tatis
430 4503 708 4560 accedere.
762 4499 879 4554 Non
925 4498 1070 4553 enim
1120 4495 1274 4563 dixit,
1302 4493 1575 4563 Respicite
1621 4492 1862 4548 volatilia

265 4599 540 4670 quomodo
565 4595 766 4658 volent,
812 4591 956 4662 quod
989 4605 1096 4643 non
1130 4597 1308 4658 potest
1348 4587 1530 4654 homo,
1577 4585 1672 4640 sed
1718 4583 1862 4655 quod

264 4692 390 4748 sine
419 4686 778 4744 sollicitudine
800 4684 1049 4738 alantur:
1077 4677 1218 4750 quod
1259 4677 1413 4732 nobis
1454 4678 1615 4733 etiam
1644 4677 1789 4739 licet,
1819 4676 1864 4730 si

267 4783 540 4838 volumus.
569 4778 736 4849 quue
778 4771 1197 4844 comprobarunt
1233 4770 1269 4824 ii
1310 4769 1399 4839 qui
1429 4768 1480 4822 id
1507 4782 1673 4836 opere
1711 4768 1865 4822 exhi-

271 4879 527 4933 bueruut.
557 4871 893 4938 Quapropter
923 4877 1136 4919 summe
1161 4859 1484 4916 admiranda.
1517 4869 1601 4914 est
1629 4858 1864 4928 Legisla-

273 4965 410 5023 toris
436 4960 739 5032 prudentia,
769 4957 858 5026 qui
886 4971 1007 5011 cum
1037 4969 1110 5009 ex
1136 4951 1445 5006 hominibus
1472 4949 1713 5019 proferre
1746 4965 1868 5016 pos-

270 5065 359 5112 set
380 5051 706 5122 exemplum,
735 5055 791 5102 et
809 5047 861 5101 in
887 5044 1122 5099 medium
1151 5039 1419 5095 adducere
1449 5039 1678 5102 lleliam,
1723 5038 1869 5108 blny.

273 5165 418 5214 sem,
475 5145 762 5208 Joannem,
805 5139 1047 5206 aliosque
1087 5135 1294 5190 similes
1338 5131 1533 5201 quide
1586 5131 1708 5187 cibo
1762 5147 1870 5185 non

275 5238 493 5298 solliciti
524 5237 773 5297 fuerant;
814 5242 874 5288 ut
901 5230 1024 5285 illos
1069 5228 1239 5298 magis
1283 5226 1689 5296 perstringeret,
1732 5225 1870 5281 irra-

280 5329 555 5390 tionabilia
591 5325 842 5383 animalia
884 5322 1219 5379 memoravit.
1263 5319 1332 5375 Si.
1364 5320 1506 5374 enim
1539 5319 1714 5390 justus
1752 5320 1874 5374 illos

278 5428 583 5495 allegasset,
610 5419 792 5484 dicere
814 5414 1130 5488 potuissent.
1153 5411 1399 5468 Nondum
1427 5411 1492 5465 ad
1521 5410 1734 5465 illorum
1761 5411 1874 5465 vir-

286 5527 453 5574 tutem
482 5511 814 5584 pertigimns.
864 5507 1016 5565 Nunc
1062 5512 1241 5559 autem
1290 5518 1411 5557 cum
1457 5502 1579 5557 illus
1608 5503 1875 5569 tacuit,_et

283 5607 522 5664 volatilia
547 5605 662 5660 acii
688 5600 914 5665 induxit,
943 5610 1160 5652 omnem
1189 5595 1296 5649 illis
1335 5595 1670 5648 liccasionem
1701 5597 1876 5650 succi—

284 5704 382 5764 dit,
427 5699 608 5753 hacin
651 5711 710 5750 re
737 5703 972 5747 veterem
1018 5689 1189 5758 legem
1232 5685 1489 5740 imitatus.
1534 5685 1667 5740 Nam
1717 5686 1882 5742 Vetus

284 5792 694 5849 Testamentum
718 5779 786 5837 ad
815 5794 968 5851 apem
1009 5777 1192 5847 mittit,
1225 5776 1608 5845 adfundit-aut,
1653 5776 1718 5834 ad
1761 5789 1875 5836 tur-

1221 345 1287 402 lN
1325 333 1729 400 MATTIIJ‘ZUM
1771 330 1996 392 IIUMIL.
2039 327 2186 387 XXI.
2226 325 2298 384 al.
2339 323 2511 384 XXII.

1931 451 2130 510 tnrcm,
2161 441 2228 497 ad
2257 438 2626 496 hirundinem.
2665 435 2776 493 Nec
2806 448 3033 507 parvum
3080 431 3183 489 hoc
3214 440 3297 488 est
3335 433 3541 490 homini

1931 534 2154 594 honoris
2181 540 2580 606 argumentum,
2603 529 2824 603 quando
2847 543 2970 600 qua:
2995 527 3085 583 illa
3119 542 3187 583 ex
3226 533 3416 582 natura
3443 526 3542 580 ha-

1933 630 2082 696 bent,
2130 644 2229 683 nos
2271 639 2562 699 possumus
2599 639 2681 678 ex.
2696 620 2993 676 voluntatis
3022 617 3251 677 arbitrio
3278 618 3543 673 nancisci.

1933 722 1991 779 ε».
2017 723 2178 794 igitur
2198 720 2411 776 illorum
2437 733 2558 787 qna:
2587 722 2810 786 propter
2829 701 2929 769 nos
2956 721 3135 768 creata
3166 719 3313 777 sunt,
3340 720 3546 766 tantam

1935 815 2072 884 gerit
2103 811 2520 884 providentiam,
2547 816 2752 879 quanto
2783 805 2953 877 magis
2981 804 3261 859 nostrum?
3281 805 3330 859 si
3356 818 3551 860 secvn-

1934 922 2077 972 rum,
2105 915 2308 976 quanto
2332 904 2505 974 magis
2537 902 2792 956 berorum
2809 899 2834 951 7
2858 898 2984 954 Ideo
3003 897 3219 953 dicebat
3245 914 3258 950 :
3291 896 3553 968 Respicite

1936 997 2166 1052 volatilia
2193 1011 2212 1051 :
2237 1011 2339 1050 nec
2367 992 2594 1061 addidit,
2626 990 2770 1063 quod
2803 1005 2910 1045 nan
2936 997 3310 1058 cauponentur
3334 987 3417 1042 vel
3448 1003 3552 1043 ne-

1935 1088 2208 1161 gotiantur
2238 1104 2251 1141 :
2287 1088 2402 1141 haec
2442 1085 2641 1156 quippe
2678 1081 2972 1137 admodum
3021 1080 3307 1150 reprobata
3350 1089 3550 1146 erant;

1938 1183 2032 1238 sed
2067 1181 2210 1253 quod
2239 1197 2345 1235 non
2373 1188 2578 1245 serant,
2612 1193 2787 1246 neque
2815 1184 3038 1232 metant.
3069 1174 3207 1241 Quid
3240 1173 3442 1245 igitur?
3470 1162 3556 1228 iu-

1938 1275 2114 1344 quies,
2129 1288 2307 1327 annon
2330 1269 2619 1326 serendum
2641 1268 2743 1323 erit
2758 1266 2911 1321 lNon
2934 1265 3090 1330 dixit,
3107 1281 3355 1320 uouesse
3373 1255 3554 1320 scren-

1940 1369 2089 1428 dum,
2105 1366 2198 1421 sed
2219 1381 2325 1419 non
2343 1363 2629 1418 sollicitum
2644 1375 2765 1416 esse
2782 1368 3034 1429 Oportere
3053 1376 3066 1412 :
3083 1357 3424 1428 uequcdixit,
3445 1372 3552 1410 non

1942 1458 2294 1530 operandum,
2313 1456 2406 1512 sed
2423 1471 2529 1508 non
2545 1451 2952 1524 .pusillauimum
2967 1465 3110 1514 esse,
3129 1464 3304 1519 neque
3321 1463 3442 1503 sese
3455 1449 3557 1502 sol-

1944 1549 2311 1606 licitudinibus
2331 1562 2624 1603 macerare.
2640 1545 2774 1600 Nam
2789 1544 3042 1599 alimanta
3061 1557 3278 1597 sumere
3292 1541 3555 1612 przecipit,

1944 1643 2267 1711 scdabsque
2307 1638 2687 1696 sollicitudine.
2733 1636 2888 1691 Hunc
2915 1648 3078 1705 porro
3107 1648 3424 1688 sermonem
3444 1632 3558 1702 jam

1945 1737 2220 1808 prmmittit
2262 1733 2449 1794 David,
2482 1733 2562 1791 sic
2596 1728 2931 1800 :enigmatice
2975 1729 3250 1798 loquens:
3278 1727 3561 1796 Aperian

1945 1845 2153 1883 manum
2205 1837 2344 1880 tuam
2373 1867 2386 1886 ,
2444 1836 2487 1880 et
2532 1823 2714 1894 imples
2772 1837 2922 1877 omne
2971 1821 3167 1874 animal
3213 1818 3563 1874 benedictione

3430 317 3539 376 298

1951 1918 2124 1992 (Paul.
2164 1919 2286 1972 ιιι.
2325 1916 2454 1986 lli):
2487 1925 2543 1970 ct
2585 1928 2792 1976 rursus,
2847 1911 2950 1979 Qui
2989 1912 3077 1966 dat
3100 1911 3367 1982 jumentis-
3395 1926 3561 1965 escam

1946 2012 2198 2082 ipsorum,
2217 2019 2266 2063 et
2283 2008 2439 2080 pullis
2458 2024 2724 2062 corvorum
2742 2005 3092 2060 invocantibus
3103 2021 3218 2059 cum
3237 2003 3412 2076 (Psal.
3433 2002 3562 2058 “6.

1950 2104 2031 2176 9).
2077 2103 2143 2158 Et
2168 2103 2389 2172 quinam
2421 2111 2568 2167 sunt,
2614 2100 2845 2170 inquies,
2898 2098 2989 2168 qui
3033 2113 3141 2152 non
3189 2097 3404 2151 solliciti
3443 2097 3563 2151 lue-

1950 2197 2117 2253 runt?
2141 2195 2259 2251 Nou
2286 2195 2482 2250 audisti
2520 2203 2651 2264 quot
2678 2193 2821 2246 viros
2848 2190 3202 2262 protulerint?
3233 2203 3411 2243 annon
3437 2203 3563 2243 cum

1952 2290 2057 2344 illis
2077 2288 2187 2358 jam
2219 2286 2533 2343 matnoratis
2578 2283 2756 2338 vidisti
2802 2282 3062 2338 Jacobum
3109 2279 3311 2334 nudum
3354 2294 3420 2335 ex
3473 2293 3567 2348 pa-

1953 2391 2105 2437 terna
2133 2381 2298 2437 domo
2331 2377 2665 2450 proiectum?
2693 2391 2799 2430 non
2824 2374 3130 2430 audissem
3161 2382 3470 2442 precantem
3502 2387 3568 2428 ac

1952 2475 2221 2530 dicentem
2253 2491 2267 2525 :
2294 2471 2358 2528 Si
2384 2470 2581 2524 dederit
2608 2468 2733 2522 mihi
2762 2464 3218 2533 Deus.panent~.ad
3246 2465 3567 2518 manducan-

1953 2566 2096 2626 dum.
2143 2574 2192 2619 et
2232 2563 2582 2617 vestimentum
2625 2575 2726 2629 quo
2771 2558 2976 2627 operiar
3005 2555 3162 2625 (Gen.
3209 2554 3304 2610 28.
3347 2554 3480 2625 9.0)?
3513 2554 3570 2612 Id

1951 2655 2094 2725 quod
2127 2670 2234 2709 non
2263 2652 2507 2716 solliciti,
2549 2650 2646 2706 sed
2687 2666 2717 2705 a
2755 2651 2866 2704 Deo
2895 2658 3066 2703 totum
3092 2647 3389 2718 quaerentis
3427 2656 3568 2701 erat.

1955 2745 2072 2803 Hoc
2112 2753 2168 2801 et
2209 2742 2444 2815 apostoli
2501 2741 2727 2797 fortiter
2763 2749 3010 2811 egerunt.
3055 2738 3312 2793 omnibus
3367 2736 3574 2794 relictis

1930 2839 2101 2900 'nihil
2120 2836 2335 2894 solliciti
2370 2854 2386 2892 :
2415 2837 2494 2892 sic
2536 2835 2625 2897 illa
2655 2834 2905 2904 quinque.
2935 2830 3123 2896 millia,
3169 2829 3249 2886 sic
3275 2829 3376 2885 tria
3403 2827 3574 2886 millia

1957 2931 2236 2987 hominum
2265 2929 2363 3003 (α).
2393 2928 2450 2984 Si
2482 2941 2616 2982 vero
2637 2925 2721 2982 his
2744 2924 2964 2989 auditis,
2993 2930 3116 2978 non'
3131 2923 3370 2978 sustines
3391 2920 3593 2983 adhuc.

1959 3023 2074 3080 haec
2102 3023 2237 3078 dura
2259 3022 2471 3078 vincula
2501 3020 2734 3084 solvere,
2764 3018 2978 3088 cognita
3006 3017 3200 3075 saltem
3230 3029 3378 3074 cura
3405 3015 3572 3072 inuti-

1959 3115 2130 3179 litate,
2161 3113 2315 3168 solve
2354 3110 2776 3166 sollicitudinem
2810 3127 2824 3162 :
2855 3108 2948 3162 27.
2982 3107 3108 3172 Quis
3133 3107 3269 3160 enim
3307 3122 3373 3162 ac
3408 3105 3572 3175 vobis,

1960 3205 2150 3274 inquit,
2205 3204 2417 3257 sollicite
2450 3198 2684 3272 cogitans
2733 3207 2894 3268 potest
2940 3199 3165 3264 adiicere
3209 3199 3280 3252 ad
3321 3209 3578 3255 staturam

1957 3311 2104 3350 suam
2134 3292 2352 3347 cubitum
2377 3290 2575 3345 unum?
2601 3288 2738 3344 Vide
2763 3289 3036 3360 quomodo
3053 3304 3119 3344 ex
3143 3304 3210 3344 eo
3230 3290 3374 3360 quod
3397 3293 3577 3348 mani-

1961 3387 2194 3452 festum,
2256 3384 2309 3439 id
2362 3383 2505 3454 quod
2554 3382 2828 3438 occultum
2884 3390 3003 3437 erat
3045 3381 3254 3437 clarum
3308 3382 3575 3442 effecerit.

1961 3475 2425 3549 Quemadmodum
2469 3474 2613 3530 cnim
2654 3472 2890 3544 corpori,
2932 3473 3127 3544 inquit,
3181 3489 3251 3530 ne
3286 3474 3578 3534 minimum

1959 3569 2176 3640 quidem
2228 3575 2450 3621 statura:
2497 3564 2734 3636 adjicere
2773 3565 3015 3635 cogitans
3058 3566 3259 3635 poteris
3297 3567 3422 3623 :sic
3475 3584 3579 3626 nec

1962 3665 2213 3719 alimenta
2267 3675 2626 3732 congregare,
2689 3659 2906 3715 etiamsi
2953 3668 3005 3714 te
3059 3674 3224 3730 posse
3272 3661 3576 3720 existimes.

1962 3759 2100 3814 llinc
2143 3767 2323 3812 autem
2355 3755 2572 3826 planum
2619 3762 2722 3819 est,
2773 3767 2880 3808 non
2922 3766 3108 3808 curam
3167 3761 3430 3815 nostrain.
3478 3755 3581 3812 sed

1967 3851 2063 3905 Dei
2101 3848 2496 3920 providentiam
2529 3845 2583 3900 in
2612 3844 2678 3900 iis
2701 3845 2863 3900 etiam
2889 3858 3010 3914 qua:
3032 3858 3199 3914 opera
3239 3854 3422 3901 nostra
3461 3845 3581 3902 ﬁeri

1967 3954 2238 4012 putamus,
2266 3950 2436 3994 totum
2467 3937 2730 4010 perlicere
2761 3953 2773 3989 :
2807 3936 2876 3990 ita
2907 3945 2965 3991 ut
2990 3935 3039 3990 si
3061 3950 3163 3992 nos
3190 3935 3282 3991 ille
3308 3937 3582 4007 relinque-

1966 4041 2069 4096 ret,
2103 4046 2203 4086 nec
2230 4043 2381 4096 cura,
2416 4043 2516 4083 nec
2559 4027 2902 4093 sollicitudo,
2933 4041 3036 4082 nec
3059 4024 3236 4093 labor,
3285 4042 3388 4083 nec
3429 4026 3582 4084 aliud

1965 4124 2239 4196 quidpiam
2280 4121 2456 4178 simile
2487 4134 2865 4176 successurum
2897 4127 3063 4185 esset,
3104 4119 3200 4175 sed
3242 4121 3425 4176 omnia
3459 4135 3586 4193 pes-

1967 4230 2085 4271 sum
2117 4215 2348 4270 abirent.

2040 4307 2094 4361 4.
2137 4303 2408 4371 Prtecepta
2439 4301 2533 4388 Dei
2556 4301 2759 4372 impleri
2786 4309 3021 4372 possunt.
3044 4331 3116 4343 --
3148 4300 3232 4359 Ne
3257 4304 3437 4375 itaque
3477 4319 3586 4375 pu-

1971 4407 2148 4451 temus
2178 4405 2446 4465 praecepta
2476 4392 2684 4464 impleri
2724 4407 2830 4448 non
2863 4407 3057 4462 posse:
3083 4393 3236 4448 multi
3263 4395 3410 4450 enim
3440 4412 3586 4454 nunc

1971 4489 2134 4545 etiam
2164 4496 2312 4553 sunt,
2340 4486 2428 4555 qui
2457 4485 2547 4539 illa
2569 4493 2892 4555 sequuntur.
2924 4482 2984 4539 Si
3012 4493 3068 4541 tu
3095 4484 3197 4541 hoc
3232 4485 3473 4556 ignoras,
3496 4487 3584 4543 ni-

1975 4580 2045 4635 hil
2078 4579 2296 4642 mirum,
2342 4575 2612 4646 siquidem
2642 4574 2827 4631 Helias
2856 4589 2919 4637 se
2959 4574 3134 4631 solum
3175 4591 3302 4632 esse
3327 4578 3585 4647 putabat;

1970 4671 2065 4726 sed
2093 4669 2296 4725 audivit
2314 4685 2328 4720 :
2353 4666 2555 4738 Reliqui
2577 4667 2701 4721 mihi
2715 4676 2906 4738 septem
2921 4667 3088 4722 millia
3101 4669 3332 4723 virorum
3355 4671 3432 4736 (3.
3452 4669 3587 4744 Reg.

1977 4763 2063 4817 19.
2093 4761 2206 4834 18).
2253 4758 2408 4816 Unde
2437 4761 2655 4830 planum
2684 4769 2790 4824 est,
2820 4761 2982 4814 etiam
3014 4774 3158 4814 nunc
3181 4773 3305 4820 esse
3326 4762 3421 4830 qui
3450 4777 3587 4832 apo-

1972 4856 2218 4910 stolicam
2266 4851 2468 4909 ducant
2517 4850 2703 4918 vitam,
2754 4849 3211 4922 quemadmodum
3256 4861 3311 4911 et
3343 4863 3471 4908 tunc
3507 4861 3596 4913 ter

1976 4948 2123 5001 mille
2147 4955 2203 5002 et
2231 4946 2514 5017 quinquies
2541 4945 2688 5001 mille
2714 4943 2983 5000 homines.
3017 4943 3078 5001 Si
3105 4956 3295 5003 autem
3326 4962 3436 5003 non
3472 4962 3594 5005 cre-

1977 5039 2175 5105 diutus,
2220 5052 2326 5092 non
2376 5037 2502 5109 quia
2539 5036 2737 5096 desunt
2777 5036 2870 5107 qui
2915 5045 3068 5094 recte
3104 5037 3313 5104 vivant,
3341 5037 3436 5093 sed
3466 5039 3594 5109 quia

1982 5131 2140 5217 longe
2165 5131 2235 5185 ab
2264 5130 2372 5186 illis
2399 5131 2678 5198 absumus,
2710 5129 2781 5184 ita
2810 5128 2988 5186 allecti
3015 5144 3227 5185 sumus.
3257 5128 3410 5185 Sicut
3437 5129 3482 5186 is
3502 5129 3600 5201 qui

1980 5226 2161 5281 ebrius
2195 5234 2300 5288 est,
2344 5240 2453 5279 non
2493 5223 2651 5284 facile
2678 5222 2872 5279 credat
2915 5237 3039 5279 esse
3070 5221 3344 5279 hominem
3394 5224 3487 5294 qui
3529 5238 3600 5280 ne

1982 5335 2175 5392 aquam
2204 5319 2418 5391 quidem
2449 5318 2730 5390 degustet:
2761 5319 2976 5374 etiamsi
3003 5319 3107 5374 hoc
3136 5327 3324 5375 nostro
3352 5328 3602 5390 tempore

1985 5411 2138 5469 multi
2187 5410 2574 5466 monachorum
2617 5410 2874 5477 fecerint;
2923 5418 2979 5465 et
3019 5411 3263 5481 quicum
3301 5410 3602 5467 innumeris

1985 5505 2095 5559 cois
2126 5503 2459 5558 mulieribus.
2494 5519 2601 5557 non
2630 5501 2824 5559 credet
2865 5501 3024 5559 facile
3068 5516 3192 5560 esse
3235 5502 3604 5574 virginitatem

1992 5726 2002 5735 ⁸
2047 5663 2148 5735 (α).
2161 5661 2482 5735 illaquinque
2503 5660 2660 5735 millia
2678 5665 2732 5712 et
2753 5661 2850 5735 tria
2869 5661 3023 5735 millia
3422 5661 3606 5726 quibus

1991 5721 2364 5838 gilgrl‘tlmtit‘ur,
2392 5721 2728 5776 memorantur
2748 5724 2845 5776 sub
2876 5722 3071 5776 initium
3111 5721 3226 5776 libri
3257 5721 3470 5779 Acutum
3491 5737 3610 5788 apo-
