4110 6306
269 347 367 406 ωι

269 470 316 524 si
339 479 464 537 erga
488 463 679 521 istluec
702 470 760 518 et
786 459 853 517 ad
878 456 1080 516 nullius
1103 453 1361 512 momenti
1389 465 1542 506 usum
1584 450 1734 524 Deus.
1753 459 1870 502 tan-

270 569 380 616 tam
405 557 629 615 exhibet
649 552 1043 628 providentiam
1060 591 1078 618 ,
1108 544 1381 620 quomodo
1412 553 1465 600 te
1494 543 1728 614 negliget
1752 555 1870 595 om-

271 652 417 706 nium
462 649 700 709 maxime
728 644 1094 701 necessarium
1120 636 1322 695 animal
1339 636 1365 690 ἲ
1388 635 1568 704 Quare
1602 647 1735 703 ergo
1755 640 1866 685 tam

270 743 492 815 pulchra
522 739 645 793 iccit
670 737 758 793 illa
785 736 809 790 i
831 733 901 792 Ut
923 747 1078 790 suam
1100 729 1414 786 ostenderet
1438 725 1780 797 sapientiam,
1812 731 1868 778 et

270 840 378 902 vim
403 832 660 906 potentiae
685 845 799 885 suae
825 869 842 895 ,
869 842 976 899 quo
1002 825 1238 894 undique
1261 822 1380 892 ejus
1404 821 1627 891 gloriam
1656 816 1867 877 edisca-

268 943 411 987 mus.
439 924 625 995 Neque
652 922 797 978 enim
825 917 949 976 (Itali
994 923 1198 970 tantum
1234 922 1477 969 enarrem
1521 909 1740 995 gloriam
1768 907 1866 961 Dei

269 1023 290 1093 (
321 1018 469 1075 Psal.
502 1016 596 1072 l8.
623 1014 722 1087 2).
765 1011 861 1068 sed
915 1010 1080 1067 etiam
1125 1016 1266 1063 terra
1299 1026 1313 1062 :
1341 1003 1504 1074 idque
1557 1001 1864 1093 signiﬁcans

266 1109 432 1168 David
459 1107 707 1163 dicebat:
739 1102 970 1159 Laudato
999 1097 1297 1164 Dominmn,
1331 1095 1472 1167 ligna
1497 1092 1783 1162 fructifera,
1813 1100 1863 1145 et

263 1218 436 1265 omnes
459 1196 639 1270 cedri(
669 1194 817 1259 Psai.
845 1192 972 1249 “8.
1001 1191 1037 1247 9
1065 1191 1104 1260 ).
1133 1187 1253 1245 Alia
1275 1187 1418 1242 enim
1466 1199 1560 1255 per.
1588 1183 1817 1240 fructum
1841 1220 1858 1245 ,

263 1295 366 1352 alia
388 1309 485 1364 per
504 1285 948 1360 magnitudinem,
971 1282 1074 1338 alia
1095 1295 1193 1351 per
1221 1275 1671 1349 pulchritudinem
1697 1270 1861 1337 Crea-

264 1385 368 1440 tori
394 1380 606 1445 laudem
631 1377 903 1434 emittunt.
931 1373 1134 1440 Magna:
1167 1383 1384 1440 quoque
1422 1365 1554 1424 illud
1580 1364 1861 1434 sapientia:

261 1485 343 1538 est
368 1483 423 1529 et
453 1468 732 1543 potestatis
756 1469 988 1537 signum,
1019 1477 1141 1519 cum
1167 1462 1330 1516 etiam
1357 1474 1420 1514 ea
1449 1474 1570 1529 qua:
1600 1455 1858 1514 vilissima

262 1577 388 1627 sunt
416 1565 571 1638 (quid
597 1563 742 1619 enim
765 1561 923 1640 vilius
954 1557 1046 1612 illo
1063 1555 1206 1626 quod
1229 1553 1390 1609 hodie
1413 1565 1517 1617 est,
1550 1564 1672 1606 cras
1694 1547 1859 1602 mini-

263 1678 350 1722 me
373 1663 396 1716 2
421 1661 442 1733 )
471 1669 616 1716 tanta
638 1657 861 1712 decorat
905 1651 1318 1724 pulchritudine,
1370 1647 1428 1702 Si
1473 1647 1635 1718 igitur
1671 1643 1815 1699 lieno
1839 1681 1856 1707 ,

262 1752 404 1825 quod
433 1749 636 1805 nullius
671 1760 804 1802 usus
831 1752 918 1800 est
941 1784 958 1808 ,
1017 1741 1070 1796 id
1117 1739 1347 1804 dederit,
1379 1736 1528 1808 (quid
1556 1735 1703 1797 enim
1741 1733 1860 1803 pui-

261 1843 511 1899 rhritudo
531 1840 649 1911 ejus
675 1837 742 1893 ad
766 1836 901 1909 ignis
925 1833 1241 1890 alimentum
1261 1829 1476 1886 confert
1506 1829 1558 1897 ?)
1583 1825 1856 1898 quomodo

259 1936 382 2001 tibi,
399 1933 490 2005 qui
519 1946 656 2002 opus
684 1929 874 1994 habes,
899 1940 1004 1982 non
1025 1923 1218 1982 dabit?
1243 1923 1300 1979 Si
1326 1921 1472 1993 quod
1497 1920 1742 1980 omnium
1771 1920 1853 1974 vi-

256 2023 528 2083 lissimum
555 2030 638 2079 est
661 2018 999 2077 abundanter
1022 2014 1270 2077 ornavit,
1315 2022 1369 2068 et
1395 2011 1500 2066 hoc
1524 2024 1632 2068 non
1659 2009 1726 2064 ad
1749 2008 1853 2063 aii-

255 2132 419 2189 quem
459 2128 612 2172 usum
633 2154 649 2180 ,
675 2110 773 2181 sed
795 2110 862 2165 ad
889 2105 1340 2179 magniﬁcentiam
1370 2145 1385 2168 ,
1414 2102 1584 2156 multo
1610 2101 1779 2170 magis
1802 2109 1856 2156 te

257 2210 500 2279 omnium
527 2204 976 2279 pretiosissimum
1009 2199 1064 2260 iu
1089 2198 1155 2261 iis
1187 2237 1205 2266 ,
1235 2211 1353 2267 qum
1392 2194 1460 2256 ad
1501 2207 1659 2251 usum
1690 2190 1858 2262 perti-e

259 2313 413 2369 nent,
444 2299 752 2356 honorabit.

326 2396 385 2453 2.
417 2394 682 2466 Quoniam
714 2391 878 2462 igitur
911 2386 1132 2442 multam
1162 2381 1397 2439 ostendit
1429 2379 1526 2446 Dei
1563 2376 1856 2449 providen-

258 2490 411 2552 tiam,
438 2495 494 2542 et
518 2488 797 2554 increpare
841 2480 961 2534 illos
987 2485 1172 2548 postea
1202 2472 1490 2545 oportebat
1511 2511 1528 2537 ,
1557 2469 1646 2525 hic
1671 2476 1851 2526 tamen

255 2581 480 2636 lenitate
501 2578 669 2632 utitur
688 2617 705 2644 ,
737 2589 843 2630 non
871 2569 1301 2628 incredulitatem
1326 2608 1341 2632 ,
1372 2564 1467 2621 sed
1496 2564 1760 2620 modicam
1785 2560 1852 2616 ll-

251 2674 379 2732 dent
398 2671 502 2726 illis
531 2674 820 2740 imputans.
856 2667 918 2722 Si
941 2665 1076 2720 enim
1103 2663 1296 2733 [mnum
1319 2658 1431 2730 agri
1453 2700 1468 2722 ,
1496 2656 1685 2728 inquit,
1716 2654 1854 2713 Deus

249 2767 327 2824 sic
360 2765 524 2827 vestit,
565 2761 727 2816 multo
756 2760 915 2830 magis
965 2773 1075 2821 vos,
1119 2753 1331 2808 modica:
1377 2750 1517 2819 ﬁdei.
1542 2748 1704 2818 Atqui
1734 2746 1851 2802 haec

250 2857 430 2914 omnia
460 2859 574 2926 ipse
593 2861 863 2924 operatur;
884 2865 1007 2904 nam
1033 2846 1219 2902 Omnia
1245 2860 1334 2914 per
1355 2844 1524 2911 ipsum
1548 2845 1684 2912 facta
1708 2846 1848 2900 sunt,

249 2961 299 3016 et
325 2949 434 3002 sine
460 2949 571 3017 ipso
598 2949 790 3016 factum
811 2953 881 2997 est
902 2939 1031 2993 nihil
1051 2936 1236 3006 (Joau.
1266 2936 1317 2999 1.
1346 2935 1685 2999 5):attamen
1716 2927 1849 2983 nihil

249 3055 476 3113 usquam
499 3038 566 3093 de
579 3038 1053 3093 secommemorat.
1073 3026 1381 3084 Sumciebat
1395 3024 1538 3079 enim
1551 3019 1768 3113 interim
1781 3018 1850 3113 ad

249 3109 726 3188 demonstrandam
745 3123 1119 3183 auctoritatem
1149 3133 1299 3173 suam
1325 3158 1342 3181 ,
1371 3115 1513 3183 quod
1535 3112 1749 3166 diceret
1778 3109 1847 3163 ad

248 3222 463 3293 singula
499 3226 764 3290 pra-cepta
794 3233 807 3267 :
836 3211 1063 3267 Audistis
1099 3205 1219 3278 quia
1245 3206 1436 3259 dictum
1471 3210 1543 3257 est
1585 3198 1847 3293 antiquis:

250 3287 365 3387 ego'
383 3287 547 3367 autem
574 3311 690 3363 dico
716 3306 855 3361 nobis
899 3302 1116 3373 (Matth.
1154 3300 1209 3355 5.
1238 3298 1330 3352 2i.
1354 3295 1446 3350 2‘2.
1476 3295 1612 3362 sqq.)
1653 3291 1731 3346 Ne
1745 3287 1849 3387 ita,

247 3380 357 3476 qhe
381 3403 592 3459 mireris
610 3414 734 3460 cum
763 3398 815 3453 in
839 3394 1202 3462 sequentibus
1218 3407 1342 3453 sese
1363 3389 1725 3453 occultat,aut
1747 3380 1849 3476 hu-

253 3474 384 3552 mile
408 3499 681 3570 quidpiam
709 3496 777 3549 de
801 3506 862 3546 se
889 3489 1147 3558 loquitur.
1182 3482 1357 3542 Unum
1387 3480 1588 3550 quippe
1629 3474 1848 3532 interim

248 3594 496 3658 curabat,
530 3600 588 3645 ut
605 3595 859 3655 acceptus
884 3591 939 3637 et
957 3575 1245 3651 probabilis
1272 3575 1379 3630 illis
1403 3585 1585 3631 sermo
1602 3576 1770 3635 esset,
1785 3581 1850 3624 ac

253 3703 358 3758 per
384 3683 564 3741 omnia
590 3677 920 3740 ostenderet,
953 3689 1011 3728 se
1038 3688 1143 3726 non
1171 3683 1293 3725 esse
1317 3667 1426 3722 Deo
1455 3661 1846 3758 adversarium,

248 3750 350 3839 sed
388 3792 510 3839 cum
558 3775 718 3831 Patre
752 3766 1183 3826 consentientem
1228 3769 1284 3815 et
1321 3755 1669 3814 concordem.
1695 3750 1850 3819 Quod

250 3870 415 3924 etiam
467 3867 552 3923 hic
598 3865 742 3919 iacit.
774 3860 900 3915 Post
928 3865 1005 3912 tot
1031 3854 1176 3910 enim
1220 3862 1503 3906 sermones
1540 3845 1853 3916 frequenter

251 3963 406 4018 illum
434 3959 487 4015 in
510 3955 745 4013 medium
769 3948 1010 4012 adducit,
1038 3945 1308 4000 admirans
1335 3941 1452 4010 ejus
1477 3937 1796 4007 sapientiam
1827 3975 1845 4000 ,

254 4050 654 4124 providentiam
676 4049 728 4100 in
755 4041 1006 4108 omnibus
1031 4081 1046 4102 ,
1071 4038 1125 4092 in
1145 4032 1439 4103 majoribus
1466 4041 1521 4086 et
1549 4031 1600 4082 in
1625 4027 1850 4082 minori-

253 4121 380 4203 bus.
406 4143 539 4201 Nam
559 4155 682 4196 cum
703 4138 773 4194 de
797 4132 1134 4203 ierosoiyma
1163 4128 1400 4191 diceret,
1443 4121 1714 4178 civitatem
1740 4132 1856 4171 ma-

250 4237 346 4309 gni
369 4234 510 4306 regis
523 4235 691 4303 ipsam
720 4225 923 4285 vocavit
959 4242 974 4278 :
1004 4233 1204 4277 etcum
1229 4216 1421 4274 omium
1455 4224 1851 4309 commemora-

253 4299 344 4385 ret
367 4369 382 4393 ,
420 4299 614 4385 solium
662 4321 753 4376 Dei
780 4315 1072 4387 appellavit
1098 4331 1113 4365 :
1144 4317 1201 4367 et
1221 4323 1349 4364 cum
1377 4305 1446 4361 de
1473 4302 1657 4359 mundi
1683 4299 1857 4393 admi-

255 4391 423 4487 nistro
433 4419 576 4473 tione
597 4413 759 4468 verba
787 4411 1006 4470 faceret,
1033 4404 1133 4474 ipsi
1156 4416 1368 4456 rursum
1399 4396 1576 4451 omnia
1596 4391 1856 4448 adscribit

255 4511 446 4584 dicens
467 4526 482 4564 :
507 4507 609 4577 Qui
631 4504 788 4561 solem
806 4517 955 4562 suum
974 4497 1096 4552 oriri
1118 4495 1240 4566 facit
1259 4508 1410 4561 super
1430 4490 1592 4556 malos
1610 4498 1656 4584 et
1673 4486 1851 4584 bonos,

257 4581 304 4663 et
352 4608 481 4679 pluit
521 4620 673 4676 super
689 4602 862 4674 justas
884 4607 932 4652 et
969 4597 1188 4666 injustas
1215 4588 1234 4662 (
1267 4588 1406 4648 ibid.
1436 4603 1488 4640 ιι.
1519 4585 1588 4640 ιε
1620 4583 1662 4654 ).
1699 4581 1768 4636 Et
1797 4581 1853 4634 in

258 4700 504 4754 oratione
533 4697 612 4751 sic
633 4694 815 4752 dicere
851 4687 1036 4744 docuit
1065 4703 1077 4738 :
1115 4683 1249 4750 Quia
1272 4681 1382 4751 ejus
1419 4685 1493 4732 est
1521 4690 1732 4746 regnum
1760 4711 1776 4736 ,
1806 4680 1854 4724 et

259 4789 505 4863 potentia,
524 4795 572 4840 et
590 4784 776 4856 gloria.
796 4781 893 4837 Hic
908 4791 1119 4848 quoque
1139 4775 1210 4829 de
1228 4773 1370 4826 illius
1394 4766 1725 4863 providentia
1746 4762 1860 4863 dis~
1888 4768 1889 4771 “

259 4855 449 4937 serens
466 4918 482 4943 ,
505 4887 561 4932 et
583 4855 874 4930 ostendens
894 4872 1068 4940 ipsum
1087 4867 1168 4921 vel
1191 4866 1244 4919 in
1271 4863 1447 4933 parvis
1465 4861 1725 4929 optimum
1742 4855 1856 4922 opi-

261 4979 420 5039 ticem
441 4985 582 5035 esse,
598 4970 694 5034 ait,
721 4965 936 5022 Fanum
959 4963 1068 5033 agri
1092 4960 1253 5015 vestit.
1273 4961 1345 5012 Ac
1365 4970 1624 5024 nusquam
1648 4962 1855 5020 patrem

259 5080 421 5122 suum
434 5068 608 5123 vocat,
623 5059 716 5115 sed
731 5058 944 5113 illorum
963 5075 976 5110 :
1000 5064 1056 5107 ut
1071 5064 1126 5107 et
1141 5053 1244 5109 hoc
1270 5050 1477 5108 honore
1497 5053 1854 5125 permoveret,

258 5165 314 5211 et
358 5169 476 5212 cum
517 5161 724 5224 patrem
764 5163 918 5203 suum
961 5153 1143 5215 postea
1170 5143 1413 5208 diceret,
1463 5154 1567 5192 non
1613 5136 1858 5204 indigna-

258 5255 468 5302 rentur.
492 5243 550 5299 Si
578 5257 709 5298 vero
733 5239 802 5295 de
830 5237 1022 5294 vilibus
1042 5246 1094 5288 et
1116 5232 1431 5290 necessariis
1443 5229 1726 5287 sollicitum
1739 5242 1862 5280 esse

259 5353 374 5390 nott
399 5345 662 5404 oporteat,
677 5346 777 5403 qua
795 5327 1137 5385 excusatione
1152 5326 1293 5394 digni
1313 5332 1436 5384 sunt
1457 5323 1546 5390 qtti
1567 5320 1636 5374 de
1658 5317 1861 5387 magni-

261 5426 384 5486 ﬁcis
410 5442 593 5485 curam
629 5421 862 5480 habent?
889 5421 996 5474 imo
1021 5421 1193 5488 potius
1215 5431 1318 5485 qua
1348 5413 1691 5476 excusatione
1715 5409 1860 5479 digni

260 5532 412 5588 sunt,
442 5519 532 5592 qui
558 5531 664 5570 non
703 5513 994 5571 dormiunt.
1016 5519 1076 5565 ut
1094 5510 1267 5570 aliena
1306 5509 1443 5566 bona
1465 5508 1673 5577 rapiant
1707 5504 1730 5556 ?
1771 5503 1860 5558 51.

268 5611 440 5667 Nolite
454 5626 575 5680 ergo
599 5608 799 5663 solliciti
817 5623 944 5672 esse,
962 5605 1184 5658 dicentes
1207 5616 1223 5654 :
1245 5600 1383 5668 Quid
1410 5597 1824 5650 tttnitt‘lttcabiiltus
1843 5635 1857 5657 ,

252 5703 486 5770 autqutd
508 5702 754 5763 bibemus,
777 5711 861 5752 aut
883 5715 981 5766 quo
1003 5696 1322 5765 operiuntur?
1341 5693 1423 5748 5‘2.
1458 5690 1582 5745 Hu'c
1603 5691 1733 5743 enim
1754 5705 1862 5742 out-

249 5802 344 5852 m'a
363 5795 543 5850 mundi
563 5804 731 5856 qentcs
762 5791 1035 5861 inquirunt.
1061 5781 1520 5853 Vidcn‘quomodo
1541 5795 1730 5841 rursus
1746 5783 1863 5837 illos

1118 6000 1120 6002 τ
1178 5990 1220 6002 ’,υ

1259 334 1326 392 ιΝ
1363 331 1773 392 ΜᾹΤΤΙΙΙΕΙΠΙ
1816 331 2029 389 IIOMIL
2065 331 2237 389 XXII.
2280 333 2353 388 al.
2393 331 2589 390 XXIII.

3473 331 3584 392 502

1979 456 2034 504 et
2059 450 2229 519 magis
2254 447 2611 522 increpaverit
2635 493 2652 519 ,
2701 459 2758 506 et
2781 449 3135 510 deciaravcrit
3153 495 3172 522 ,
3202 469 3264 510 se
3281 455 3417 511 nihil
3437 472 3572 512 one-

1976 556 2158 595 rosum
2185 542 2266 595 vel
2291 544 2486 597 durum
2515 543 2843 613 pracepisse
2869 544 2897 597 τ
2918 544 3067 600 Sicut
3095 546 3258 617 igitur
3280 562 3402 602 cum
3430 547 3568 604 dico

1972 641 2093 697 ret,
2117 631 2181 689 Si
2215 634 2430 705 diligitis
2467 634 2735 706 diligentes
2785 651 2892 701 vos,
2924 637 3056 692 nihil
3099 655 3343 709 magnum
3366 640 3564 710 facitis,

1973 744 2094 781 nam
2121 737 2167 781 et
2184 729 2371 783 ethnici
2397 730 2492 784 hoc
2512 733 2710 802 faciunt
2735 730 2951 804 (Matth.
2980 733 3030 789 5.
3055 734 3148 790 «l6.
3176 735 3293 803 Π),
3312 735 3382 790 ab
3395 735 3574 793 ethni-

1969 833 2158 874 corum
2184 823 2704 877 commemoratione
2730 824 2878 889 ipsos
2906 823 2976 880 ad
3012 815 3241 881 meliora
3279 828 3574 886 excitavit:
3611 805 3613 812 ἵ

1968 911 2046 964 sic
2089 919 2146 965 et
2175 926 2318 970 nunc
2357 913 2478 967 illos
2523 914 2574 967 in
2626 914 2863 969 medium
2909 915 3168 985 adducit,
3203 920 3574 990 perstringens

1967 1017 2062 1057 eos
2083 1043 2097 1068 ,
2131 1013 2182 1062 et
2211 1004 2503 1059 ostendens
2526 1045 2541 1068 ,
2593 1019 2652 1059 se
2681 1008 3045 1062 necessarium
3073 1023 3105 1073 a
3132 1009 3288 1064 nobis
3331 1011 3574 1068 debitum

1965 1093 2200 1163 exigere.
2231 1094 2288 1149 Si
2309 1096 2452 1150 enim
2481 1096 2601 1166 plus
2625 1111 2786 1166 quam
2815 1098 3024 1154 scribas
3050 1109 3106 1153 et
3140 1099 3441 1166 Ριξξι-ἰατροῦ
3479 1118 3574 1159 ex-

1968 1187 2152 1242 hibere
2176 1197 2423 1257 oporteat
2451 1227 2468 1251 ,
2513 1203 2618 1259 qua
2652 1204 2810 1267 pretia
2854 1191 3000 1261 digni
3046 1191 3248 1248 erimus
3279 1235 3296 1258 ,
3324 1196 3414 1264 qui
3450 1169 3572 1258 non

1965 1280 2128 1334 modo
2159 1280 2282 1335 illos
2308 1296 2417 1334 non
2447 1295 2788 1350 superamus,
2819 1283 2912 1338 sed
2934 1293 2990 1338 et
3017 1284 3070 1338 in
3092 1285 3428 1341 ethnicorum
3454 1289 3575 1345 viii-

1965 1376 2078 1429 tate
2103 1386 2402 1436 manemus,
2426 1381 2483 1427 et
2509 1372 2721 1428 illorum
2737 1376 3229 1444 pusilimtimitatem
3259 1381 3574 1436 imitamur?

1962 1459 2071 1516 Nec
2105 1462 2238 1518 satis
2267 1463 2454 1519 habuit
2482 1465 2793 1536 increpasse
2817 1509 2834 1534 ,
2881 1467 2975 1523 sed
3003 1485 3127 1524 cum
3159 1472 3569 1541 perstrinxiss'ut

1963 1551 2104 1618 illos,
2122 1554 2410 1609 excitasset
2423 1569 2487 1610 ac
2517 1555 2721 1626 pudore
2749 1556 3018 1615 allecisset
3044 1574 3168 1616 cum
3199 1563 3562 1632 vehementia,

1962 1642 2181 1700 aliunde
2220 1645 2345 1701 illos
2373 1646 2687 1702 consolatur
2709 1648 2899 1704 dicens
2929 1667 2945 1706 :
2974 1650 3086 1710 Scit
3112 1653 3245 1711 enim
3293 1652 3450 1709 Pater
3477 1671 3564 1709 ue-

1960 1746 2064 1794 ster
2091 1739 2304 1796 calatis
2322 1781 2339 1807 ,
2365 1741 2488 1806 quia
2535 1743 2615 1796 his
2661 1741 2895 1797 omnibus
2921 1744 3178 1815 indigetis.
3230 1745 3345 1800 Non
3375 1747 3512 1801 dixit
3541 1792 3558 1811 ,

1960 1829 2075 1886 Scit
2095 1830 2258 1896 Deus,
2287 1831 2404 1896 sed,
2429 1831 2543 1888 Scit
2573 1830 2753 1899 Pater,
2786 1844 2841 1888 ut
2866 1833 2993 1888 illos
3016 1835 3084 1888 ad
3116 1837 3377 1904 majorem
3406 1854 3560 1908 spem

1959 1921 2151 1992 erigat.
2174 1922 2229 1977 Si
2251 1923 2396 1978 enim
2425 1934 2580 1993 pater
2603 1936 2688 1980 est
2716 1966 2733 1996 ,
2763 1935 2819 1981 et
2845 1935 2998 1996 pater
3026 1928 3151 1983 talis
3180 1971 3194 1994 ,
3230 1946 3334 1984 non
3366 1933 3567 2000 poterit

1959 2012 2245 2084 despicere
2275 2014 2414 2071 illius
2437 2016 2489 2070 in
2523 2018 2784 2072 extremis
2809 2019 2967 2074 malis
2992 2030 3274 2077 versantes
3303 2040 3316 2076 :
3349 2023 3568 2092 quando

1960 2118 2030 2161 ne
2072 2105 2319 2161 homines
2359 2107 2578 2178 quidem
2619 2117 2801 2179 patres
2842 2110 2947 2169 hoc
2975 2111 3271 2182 patiuntur.
3300 2114 3568 2186 Aiiudqns

1961 2197 2145 2267 postea
2173 2197 2380 2253 inducit
2410 2199 2773 2256 ratiocinium.
2803 2201 3083 2270 Quodnam
3114 2205 3244 2258 illttd
3275 2206 3298 2258 ?
3328 2205 3460 2272 Quia
3485 2208 3565 2264 his

1959 2288 2194 2344 omnibus
2231 2289 2490 2360 indigetis.
2525 2289 2638 2346 Hoc
2680 2300 2862 2347 autem
2894 2292 3010 2348 vult
3053 2293 3380 2364 signiﬁcare.
3422 2295 3565 2359 Num

1959 2379 2228 2450 superﬂua
2247 2389 2377 2436 sunt
2403 2380 2518 2435 lucc
2548 2421 2562 2445 ,
2598 2391 2655 2435 ut
2679 2381 2982 2452 despiciat?
3009 2384 3173 2454 Atqui
3195 2401 3262 2439 ne
3288 2387 3342 2440 in
3368 2401 3563 2457 supcr-

1959 2469 2081 2524 lluis
2109 2471 2323 2540 quidem
2352 2473 2617 2540 despexit,
2647 2484 2706 2526 ut
2737 2473 2790 2528 in
2814 2475 2992 2530 l'tnno:
3017 2491 3159 2532 nunc
3183 2485 3435 2534 autemet
3467 2496 3563 2535 ne-

1956 2563 2194 2618 cessaria
2225 2571 2372 2618 sunt.
2407 2563 2590 2634 itaque
2613 2565 2758 2635 quod
2791 2578 2944 2635 putas
2970 2581 3188 2622 causam
3212 2584 3335 2624 esse
3363 2569 3563 2624 sollicis

1959 2643 2181 2718 tudinis,
2208 2654 2258 2708 id
2281 2655 2402 2710 dico
2429 2655 2678 2711 idoneum
2705 2671 2826 2711 esse
2849 2658 2916 2711 ad
2944 2657 3264 2729 abigendam
3306 2660 3398 2714 tibi
3426 2660 3564 2717 hanc

1954 2745 2390 2802 sollicitudinem.
2419 2747 2571 2814 Quod
2592 2749 2636 2803 si
2663 2749 2832 2816 dicas,
2858 2747 2985 2805 Ideo
3012 2765 3100 2806 me
3127 2751 3414 2808 sollicitum
3441 2768 3564 2810 esse

1955 2847 2188 2906 oportet,
2218 2840 2340 2909 quia
2369 2841 2674 2895 necessaria
2699 2851 2826 2896 sunt
2848 2859 2862 2896 :
2886 2856 2988 2913 ego
3011 2852 3200 2912 contra
3231 2844 3559 2915 resiiondco:

1955 2926 2079 2983 ideo
2108 2944 2176 2982 ne
2202 2930 2466 2986 sollicitus
2492 2932 2589 2998 sis,
2617 2933 2742 3003 quia
2787 2934 3094 2989 necessaria
3124 2943 3272 2990 sunt.
3306 2934 3366 2991 Si
3411 2936 3559 2992 enim

1951 3020 2224 3089 superﬂua
2269 3033 2451 3078 essent
2469 3065 2485 3090 ,
2519 3039 2698 3095 neque
2721 3025 2802 3080 sic
2823 3025 3220 3109 desperandum
3250 3037 3396 3089 esset
3417 3071 3432 3094 ,
3461 3029 3558 3083 sed

1952 3110 2329 3168 conﬁdendum
2359 3129 2422 3169 ea
2455 3115 2549 3168 tibi
2575 3115 2906 3185 suppeditari
2937 3131 3096 3183 posse
3119 3136 3133 3169 ;
3157 3133 3280 3186 quia
3308 3134 3438 3172 vero
3470 3135 3562 3170 ne-

1933 3203 2186 3267 cessaria
2217 3214 2364 3268 sunt,
2389 3219 2496 3262 non
2539 3202 2680 3264 ultra
2701 3201 2979 3270 ambigere
3003 3211 3240 3271 oportet.
3258 3200 3396 3267 Quis
3417 3200 3567 3256 enim

1951 3303 2110 3366 pater
2124 3293 2363 3364 negligat
2385 3291 2480 3347 lilii
2540 3289 2657 3343 suis
2683 3289 2990 3343 necessaria
3015 3287 3255 3358 prs-bere
3281 3289 3305 3342 2
3329 3287 3563 3359 ideoque

1953 3383 2176 3436 omnino
2198 3383 2339 3436 Deus
2361 3382 2412 3437 id
2443 3379 2671 3437 daturus
2691 3389 2794 3436 est.
2820 3381 2955 3436 Nam
2986 3381 3099 3450 ipse
3121 3391 3327 3437 natum:
3347 3393 3564 3437 creator

1954 3488 2056 3535 eat.
2075 3485 2130 3529 et
2147 3474 2271 3544 quid
2300 3474 2401 3544 ipsi
2430 3473 2795 3530 necessarium
2817 3473 2890 3529 sit
2912 3483 3164 3529 accurate
3186 3475 3356 3529 novit.
3377 3473 3562 3546 Neque

1952 3567 2095 3620 enim
2122 3565 2306 3621 dicere
2335 3567 2511 3636 possis
2543 3607 2557 3632 ,
2587 3568 2766 3636 ipsum
2807 3565 3031 3635 quidem
3069 3580 3192 3626 esse
3219 3577 3424 3635 patrem
3457 3609 3471 3632 ,
3506 3577 3562 3622 et

1955 3657 2259 3716 necessaria
2305 3673 2428 3713 esse
2457 3673 2520 3713 ea
2565 3674 2687 3730 quae
2736 3657 3091 3729 requiruntur
3122 3700 3138 3724 ,
3178 3657 3271 3713 sed
3315 3658 3563 3729 ignorare

1955 3763 2078 3804 eum
2097 3749 2340 3820 nosipsis
2359 3764 2601 3821 egemus.
2624 3748 2757 3804 Nam
2787 3749 2877 3820 qui
2907 3758 3156 3804 naturam
3185 3750 3358 3819 ipsam
3387 3750 3560 3815 novit,

1957 3851 2011 3896 ct
2029 3852 2242 3898 creator
2267 3843 2384 3913 ejus
2412 3851 2516 3908 est,
2549 3842 2805 3913 illamque
2829 3841 2932 3897 hoc
2954 3842 3115 3896 modo
3139 3843 3386 3897 formavit
3414 3884 3431 3908 ,
3463 3858 3562 3898 ne-

1956 3935 2267 3988 cessitatem
2295 3934 2436 4003 ejus,
2465 3943 2526 3987 ut
2556 3935 2730 4003 palam
2754 3945 2862 3999 est,
2887 3934 3082 3989 melius
3110 3937 3262 3989 novit
3284 3949 3446 4004 quam
3477 3944 3556 3998 tn,

1957 4024 2048 4095 qui
2078 4024 2131 4078 in
2162 4025 2483 4079 necessitate
2503 4025 2828 4080 constitutus
2844 4039 2922 4080 es.
2944 4024 3079 4080 Nam
3107 4025 3205 4093 ipsi
3237 4024 3315 4080 sic
3344 4024 3562 4094 placuit,

1959 4124 2016 4169 nt
2060 4115 2111 4170 in
2152 4113 2462 4184 hujusmodi
2489 4117 2815 4172 necessitate
2839 4130 3009 4171 esses.
3037 4116 3153 4170 Non
3188 4132 3319 4186 ergo
3345 4126 3565 4170 contra-

1961 4212 2071 4265 rius
2095 4211 2199 4265 erit
2223 4211 2289 4266 iis
2316 4226 2438 4281 qua:
2472 4209 2682 4278 voluit,
2714 4210 2785 4264 ita
2816 4221 2876 4265 ut
2905 4217 2959 4266 te
2984 4211 3037 4264 in
3069 4213 3395 4266 necessitate
3427 4226 3565 4266 con-

1957 4304 2167 4364 stitnat,
2200 4311 2255 4356 et
2275 4317 2304 4355 a
2339 4302 2658 4360 necessariis
2681 4301 2875 4372 privet.

2032 4398 2089 4450 ὅ.
2141 4396 2384 4450 Anxietas
2409 4394 2540 4449 nihil
2565 4396 2791 4465 prodest.
2839 4393 3185 4449 Providentia:
3221 4392 3332 4455 Dei,
3361 4393 3567 4449 Christo

1961 4499 2207 4554 monente,
2251 4489 2532 4558 ﬁdendum.
2567 4486 2659 4541 Dei
2685 4488 2881 4542 auxilio
2907 4490 3038 4540 bona
3073 4487 3273 4554 agimus
3303 4487 3567 4539 omnis.“

1961 4579 2038 4636 Ne
2081 4581 2257 4650 itaque
2299 4578 2513 4634 solliciti
2544 4578 2743 4638 simus;
2774 4592 2949 4646 neque
2995 4578 3140 4632 enim
3173 4577 3300 4648 quid
3337 4577 3570 4645 amplius

1961 4688 2395 4744 consequemur,
2443 4687 2603 4742 quam
2656 4670 2798 4742 quod
2852 4685 2953 4725 nos
2988 4670 3133 4726 curis
3175 4670 3569 4723 distendamus.

1961 4767 2096 4823 Cum
2148 4768 2294 4822 enim
2349 4765 2503 4821 nobis
2543 4766 2657 4819 sive
2696 4763 2963 4830 sollicitis,
2996 4763 3110 4817 sive
3150 4777 3256 4817 non
3298 4763 3568 4824 sollicitis,

1963 4863 2072 4916 imo
2106 4861 2279 4930 potius
2311 4874 2414 4912 non
2447 4855 2690 4911 sollicitis
2711 4895 2729 4922 ,
2768 4856 2819 4909 id
2845 4862 3085 4924 praestet,
3131 4853 3258 4924 quid
3302 4853 3397 4908 tibi
3436 4870 3569 4908 am-

1966 4953 2104 5023 plius
2138 4967 2203 5005 ex
2239 4949 2599 5005 sollicitudine
2626 4946 2887 5008 manebit.
2911 4962 3070 5016 quam
3119 4946 3261 5014 quod
3312 4959 3497 5015 poenas
3539 4961 3569 4998 a

1966 5046 2137 5112 teipso
2156 5039 2455 5110 superﬂuas
2469 5037 2742 5107 exegeris?
2763 5037 2946 5107 Neque
2967 5037 3109 5091 enim
3137 5037 3255 5105 quis
3275 5035 3342 5090 ad
3366 5036 3570 5090 lautum

1963 5136 2266 5191 convivium
2311 5147 2663 5196 accessurus,
2712 5131 2780 5186 de
2821 5129 2956 5184 cibis
3005 5143 3260 5197 umquam
3301 5128 3568 5183 sollicitus

1965 5229 2087 5289 erit;
2117 5240 2292 5295 neque
2313 5225 2358 5279 is
2381 5225 2471 5295 qui
2503 5223 2568 5278 ad
2604 5225 2802 5278 iutttem
2834 5219 3062 5284 accedit,
3092 5221 3160 5274 de
3185 5229 3312 5289 potu
3341 5221 3444 5274 erit
3473 5237 3580 5274 an-

1966 5321 2107 5374 xius.
2139 5319 2215 5374 Ne
2247 5320 2424 5388 itaque
2462 5332 2581 5382 nos,
2609 5316 2804 5386 quibus
2832 5313 3132 5369 afﬂuentior
3185 5312 3339 5368 adest
3390 5327 3570 5368 rerum

1970 5414 2122 5481 capia
2145 5452 2160 5476 ,
2207 5427 2368 5480 quam
2397 5411 2448 5465 in
2479 5411 2626 5464 mille
2661 5408 2899 5463 fontibus
2937 5416 2990 5461 et
3017 5406 3284 5461 conviviis
3308 5447 3324 5470 ,
3378 5421 3574 5477 nempe

1981 5507 2075 5563 Dei
2107 5504 2641 5576 providentia,quas1
2670 5517 2938 5574 pauperes
2969 5501 3349 5571 pusillanimes
3371 5501 3570 5556 simus.

1974 5600 2112 5654 Cum
2145 5596 2476 5667 supradictis
2511 5597 2656 5649 enim
2680 5595 2827 5649 aliud
2876 5595 2930 5648 in
2954 5593 3168 5648 cunctis
3187 5592 3352 5646 rebus
3373 5591 3574 5646 {idendi

1971 5693 2353 5754 argumentum
2373 5685 2608 5754 suggerit
2621 5683 2832 5746 ,diccns
2849 5700 2862 5734 :
2881 5682 2970 5736 33.
2993 5680 3229 5746 Qutcrite
3244 5694 3461 5748 regnum
3477 5694 3576 5732 cte-

1969 5771 2164 5835 iornm,
2191 5785 2236 5828 ct
2255 5775 2553 5830 hmomnia
2573 5773 2892 5842 adjiciantur
2908 5769 3074 5826 subis.
3105 5769 3405 5842 Postquam
3423 5758 3576 5818 enim

2460 5997 2502 6007 ρο
