4110 6306
305 377 411 442 ωδ

301 508 479 555 tamen
499 507 628 550 cum
655 499 735 547 tot
764 489 1018 558 tantaque
1039 483 1182 540 dicta
1208 482 1336 547 sint,
1363 496 1467 538 nos
1491 481 1560 536 de
1579 479 1664 535 bis
1689 477 1901 533 solliciti

299 600 511 653 sumus,
541 580 777 640 cariestia
804 587 984 634 autem
1005 589 1112 632 non
1133 571 1529 639 curamusfsed
1555 563 1800 625 ordinem
1825 569 1908 621 in-

298 676 595 741 vertimus,
653 673 907 741 utrinque
948 676 1135 724 contra
1180 679 1339 734 supra
1392 663 1535 719 dicta
1587 669 1905 733 pugnantes.

300 769 581 840 Perpende
606 779 837 835 namque
875 779 891 817 :
932 759 1062 816 dicit
1089 759 1221 814 ille:
1269 756 1347 812 Ne
1372 754 1594 810 omnino
1624 752 1908 822 pwsentia

301 862 593 934 quzcratis;
625 872 730 912 nos
745 865 925 913 autem
955 851 1043 907 illa
1084 848 1303 905 assidue
1328 845 1640 918 qttterimus.
1672 843 1909 912 Qumrite

302 953 564 1018 ca-lestia,
606 948 809 1019 inquit;
853 960 953 1000 nos
992 950 1170 999 autent
1213 955 1281 996 ne
1312 953 1477 1009 parvo
1503 936 1718 1007 quidem
1760 935 1908 990 hora:

307 1045 464 1099 unius
488 1041 663 1112 spatio
689 1040 776 1093 illa
805 1036 1134 1107 qut-rimus;
1170 1031 1267 1087 sed
1295 1040 1548 1102 quantam
1585 1029 1656 1085 de
1685 1028 1911 1083 stecttla-

306 1135 466 1191 ribus
483 1131 892 1189 sollicitudinem
929 1125 1265 1190 exhibemus,
1298 1131 1499 1178 tantam
1532 1124 1584 1176 in
1616 1119 1905 1191 spirituali-

307 1230 409 1285 bus
448 1224 823 1297 negligentiam
852 1218 1209 1285 ostendimus,
1239 1217 1350 1291 imo
1391 1214 1560 1271 multo
1598 1214 1857 1284 majorem
1889 1231 1904 1267 :

307 1318 404 1375 sed
432 1325 540 1373 n‘on
569 1329 782 1384 semper
811 1313 926 1368 haec
954 1309 1110 1367 nobis
1152 1321 1410 1380 prospere
1436 1305 1766 1388 precedent;
1809 1319 1924 1359 net

307 1427 414 1480 qtte
439 1424 654 1478 semper
683 1409 753 1462 ita
785 1412 1010 1476 possunt
1035 1402 1277 1459 evenire.
1317 1400 1460 1455 Ecce
1487 1398 1676 1454 decem
1720 1397 1909 1454 diebus

309 1500 724 1564 contemnimus,
756 1511 882 1552 ecce
910 1492 1117 1565 viginti,
1147 1506 1274 1547 ecce
1301 1499 1536 1546 centum.
1577 1489 1772 1542 Annon
1816 1501 1911 1540 nc-

307 1610 464 1650 cesse
491 1607 712 1664 prorsus
740 1599 823 1646 est
850 1589 1021 1652 obire,
1065 1597 1119 1643 et
1149 1587 1201 1641 in
1225 1585 1513 1656 judicantis
1541 1597 1732 1638 manus
1771 1583 1911 1637 inci-

309 1685 478 1762 dere?
503 1683 609 1740 Sed
639 1681 821 1738 dilatio
844 1678 1264 1734 consolationem
1292 1673 1468 1730 all‘ert.
1498 1675 1562 1729 Et
1582 1689 1701 1744 quae
1725 1683 1914 1730 conso-

313 1776 463 1841 latio,
494 1789 616 1830 cum
647 1771 886 1843 quotidie
927 1775 1270 1839 «spectatur
1297 1766 1618 1838 supplicium
1651 1773 1708 1820 et
1745 1764 1912 1819 ultio?

303 1866 367 1924 Si
397 1867 530 1921 velis
558 1865 700 1920 enim
722 1878 787 1918 ex
810 1862 912 1917 hac
936 1859 1192 1915 dilatione
1219 1857 1644 1913 consolationem
1674 1855 1909 1926 aliquam

310 1958 576 2026 accipere,
607 1956 791 2023 accipe
832 1967 974 2017 eam,
1021 1965 1140 2022 qua:
1179 1949 1510 2019 pmoitentire
1556 1947 1764 2002 fructus
1807 1955 1910 2012 est,

307 2047 765 2104 emendationem.
796 2044 928 2099 Nam
972 2043 1017 2097 si
1059 2057 1126 2098 ex
1158 2056 1225 2096 eo
1255 2040 1395 2111 quod
1435 2039 1568 2096 ultio
1612 2038 1910 2100 dill‘eratur,

311 2140 544 2210 aliquam
591 2135 807 2206 prodire
855 2141 1012 2203 putas
1051 2132 1494 2197 consolationem,
1527 2130 1699 2185 multo
1741 2129 1913 2200 majus

313 2234 520 2288 lucrum
551 2238 635 2286 est
678 2245 784 2283 non
825 2228 1063 2282 incidere
1102 2225 1155 2280 in
1196 2224 1480 2280 ultionem.
1524 2222 1748 2279 Utamur
1785 2237 1915 2292 ergo

314 2325 416 2379 hac
443 2322 721 2387 dilatione,
767 2328 824 2374 ut
861 2318 1082 2374 omnino
1106 2317 1177 2372 ab
1207 2315 1608 2372 imminentibus
1638 2315 1811 2385 ptenis
1852 2313 1916 2368 lio

316 2418 588 2472 bereumr.
631 2412 708 2467 Ex
741 2412 806 2466 iis
831 2411 974 2466 enim
1013 2423 1134 2479 quas
1174 2416 1436 2478 praecepta
1481 2415 1604 2461 sunt
1647 2404 1781 2460 nihil
1829 2404 1914 2458 vel

313 2522 603 2563 onerosum
635 2506 718 2560 vel
746 2504 1032 2558 molestum
1063 2511 1175 2564 est;
1204 2498 1297 2555 sed
1329 2499 1506 2553 omnia
1539 2498 1609 2552 ita
1651 2496 1831 2566 pervia
1861 2504 1915 2550 et

314 2600 514 2664 facilia,
556 2606 614 2652 ut
639 2597 683 2650 si
715 2603 1014 2665 promptam
1050 2592 1224 2646 solum
1251 2589 1578 2644 voluntatem
1604 2587 1913 2652 aderamus,

315 2693 496 2747 omnia
542 2689 814 2743 valeamus
864 2682 1155 2754 perﬁcere,
1201 2680 1414 2737 etiamsi
1463 2679 1696 2735 millibus
1747 2680 1916 2733 simus

317 2780 554 2853 peccatis
577 2775 817 2833 obnoxii.
846 2774 1119 2829 Manasses
1145 2772 1289 2827 enim
1317 2768 1646 2826 exsecranda
1683 2769 1916 2825 facinora

313 2885 504 2937 ausus,
560 2868 651 2940 qui
704 2866 961 2921 adversus
1011 2871 1194 2918 sancta
1245 2876 1435 2916 manus
1482 2858 1817 2924 extenderat,
1863 2867 1921 2915 et

311 2961 744 3018 nbmniuationes
771 2958 823 3011 in
850 2956 1110 3026 templum
1142 2952 1444 3017 induxerat,
1469 2951 1816 3023 aedibusque
1837 2966 1919 3005 ur-

321 3053 442 3109 hem
473 3053 792 3121 repleverat,
841 3047 1113 3116 multaque
1152 3045 1257 3100 alia
1304 3044 1504 3099 iecerat
1548 3058 1668 3114 qua
1706 3042 1917 3099 veniam

319 3158 429 3204 non
459 3142 802 3201 merebantur
845 3139 920 3214 (ι.
963 3137 1095 3210 Reg.
1141 3133 1238 3208 2i)
1271 3157 1285 3193 :
1316 3145 1552 3191 attamen
1599 3143 1720 3206 post
1759 3137 1917 3191 talem

318 3247 632 3308 tantamque
683 3234 1056 3304 iniquitatem,
1109 3231 1289 3285 omnia
1341 3230 1429 3285 illa
1481 3230 1683 3284 scelera
1729 3226 1913 3284 abluit.

311 3327 602 3400 Quomodo
627 3335 679 3381 ct
699 3343 801 3394 qua
831 3321 1076 3378 ratione?
1104 3321 1205 3376 Per
1237 3320 1602 3390 paenitentiam
1628 3335 1692 3374 ac
1721 3321 1918 3375 bonum

317 3419 674 3492 propositum.

397 3512 450 3567 5.
478 3509 598 3565 Non
619 3517 690 3562 est
724 3517 978 3562 peccatum
996 3503 1131 3574 quod
1150 3502 1451 3573 pauitantia:
1468 3519 1570 3555 non
1590 3502 1758 3558 dedat.
1783 3500 1922 3556 Dens

320 3619 428 3657 ston
471 3601 650 3654 invitos
689 3597 870 3652 solvat.
901 3595 1168 3662 Quomodo
1204 3609 1351 3647 amre
1378 3594 1647 3647 debeamus
1678 3604 1731 3646 ιιι
1758 3609 1919 3648 exau-

324 3697 552 3754 dimuur.
582 3693 868 3748 .lsst'dttittts
891 3700 1132 3759 quantum
1162 3689 1366 3743 bonum.
1393 3717 1464 3727 -——
1491 3681 1605 3741 Non
1643 3695 1725 3741 est
1756 3685 1922 3749 enim,

323 3805 440 3844 non
466 3795 546 3840 est
569 3794 716 3840 certe
751 3790 1044 3851 peccatmn.
1080 3779 1223 3850 quod
1266 3795 1370 3833 non
1396 3777 1552 3832 cedat
1575 3778 1622 3830 vi
1662 3779 1926 3846 pmniten-

326 3877 452 3942 the;
482 3878 588 3931 imo
614 3876 790 3944 potius
816 3874 1000 3943 gratia:
1019 3871 1239 3926 Christi.
1271 3869 1402 3924 Nam
1432 3868 1475 3922 si
1506 3867 1666 3922 modo
1693 3883 1926 3923 conver-

327 3979 527 4033 tamur,
558 3968 645 4020 ille
677 3965 830 4020 nobis
865 3964 1018 4018 adest
1051 3962 1342 4031 opitulator
1376 3978 1388 4014 :
1419 3975 1483 4015 ac
1511 3961 1553 4014 si
1587 3960 1717 4014 velis
1755 3962 1930 4014 bonus

327 4071 474 4120 esse,
506 4073 664 4112 nemo
689 4055 940 4124 impedit;
974 4054 1081 4107 imo
1114 4054 1289 4121 potius
1329 4053 1527 4122 estqui
1557 4052 1818 4121 impedire
1838 4067 1930 4105 co-

334 4160 496 4208 ltetur
513 4149 777 4213 diabolus,
808 4161 980 4215 neque
1005 4152 1201 4215 potest,
1232 4153 1283 4197 te
1309 4144 1509 4213 Optima
1538 4141 1789 4212 eligente,
1818 4143 1926 4197 sic-

334 4258 446 4312 tpte
475 4243 639 4298 Deum
659 4240 723 4294 ad
748 4239 1098 4309 patrocinium
1124 4234 1444 4290 attrahente.
1474 4235 1566 4289 Sin
1591 4244 1646 4288 tu
1669 4235 1926 4301 nolueris,

336 4336 437 4392 sed
479 4333 750 4399 resilieris,
795 4330 1064 4401 quomodo
1106 4328 1199 4383 tibi
1253 4327 1702 4397 patrocinabitur?
1749 4327 1933 4397 Neque

336 4431 489 4483 enim
520 4427 566 4479 vi
596 4439 681 4480 aut
713 4424 1049 4487 necessitate,
1081 4419 1176 4474 scd
1207 4419 1458 4473 libentem
1486 4429 1537 4474 te
1565 4419 1676 4472 vult
1705 4418 1931 4474 salutem

339 4518 617 4589 consequi.
650 4515 780 4570 Nam
823 4514 868 4567 si
904 4523 957 4568 ιιι
983 4527 1197 4567 servum
1229 4511 1456 4565 haberes
1503 4519 1554 4564 te
1582 4509 1708 4564 odio
1737 4510 1937 4565 baben-

343 4623 455 4665 tcm
486 4620 539 4664 ct
575 4613 930 4669 aversantcm,
977 4617 1226 4672 smpequc
1271 4599 1608 4655 recedentem
1639 4615 1702 4654 ac
1733 4597 1938 4670 fugien-

343 4715 481 4764 tem,
512 4701 682 4755 nolles
725 4709 872 4754 certe
913 4696 1166 4761 retinere,
1197 4693 1299 4749 etsi
1329 4693 1445 4760 ejus
1476 4693 1773 4748 ministerio
1803 4708 1939 4762 epos

343 4795 576 4850 haberes
608 4811 620 4845 :
651 4791 816 4844 multo
860 4788 1026 4857 magis
1068 4786 1227 4845 Deus.
1260 4784 1347 4853 qui
1381 4798 1484 4837 non
1530 4783 1600 4838 ob
1639 4798 1792 4838 suam
1835 4784 1938 4836 ali-

343 4902 509 4956 quam
535 4883 928 4945 necessitatem,
953 4879 1045 4934 sed
1073 4878 1144 4932 ob
1163 4878 1386 4932 salutem
1419 4885 1562 4929 tuam
1587 4878 1762 4932 omnia
1793 4877 1936 4942 facit,

347 4977 518 5032 nollet
542 4987 593 5030 te
630 4976 678 5028 vi
723 4974 972 5027 retinere.
1001 4970 1132 5025 Cum
1162 4981 1346 5023 contra
1376 4968 1421 5020 si
1450 4973 1777 5021 voluntatem
1819 4979 1938 5022 tan-

347 5080 467 5124 tum
496 5067 768 5128 exhibeas,
799 5078 1085 5132 numquam
1115 5070 1164 5115 te
1187 5061 1276 5113 ille
1299 5060 1528 5123 deseret,
1555 5059 1944 5128 quantumlibet

346 5159 598 5213 diabolus
623 5157 902 5211 adversum
932 5154 1146 5207 nitatur.
1182 5151 1360 5220 itaque
1387 5166 1483 5204 nos
1506 5165 1664 5204 Conso
1691 5152 1943 5220 perniciei

349 5259 552 5307 nostra:
579 5255 782 5303 sumus.
813 5246 994 5314 Neque
1033 5243 1173 5298 enim
1215 5242 1280 5294 ad
1322 5242 1466 5294 illum
1495 5243 1818 5307 accedimus,
1853 5259 1943 5298 ne-

351 5357 463 5412 que
490 5341 758 5411 Supplices
788 5338 1015 5402 adimus,
1049 5351 1220 5404 neque
1266 5349 1512 5403 rogamus
1548 5342 1604 5387 ιιι
1636 5351 1731 5404 par
1757 5346 1900 5390 esset
1932 5356 1944 5392 :

358 5436 453 5495 sed
495 5433 704 5489 etiamsi
738 5429 1075 5490 accedamus,
1118 5428 1220 5480 hoc
1267 5425 1337 5479 ita
1386 5424 1608 5478 facimus
1647 5427 1797 5496 quasi
1839 5443 1944 5481 non

356 5525 717 5602 impetraturi,
761 5537 862 5577 nec
899 5537 1019 5576 cum
1053 5519 1156 5573 (ide
1202 5519 1539 5586 congruenti.
1588 5530 1760 5588 neque
1796 5521 1945 5588 quasi

351 5626 677 5694 exigentes;
723 5613 816 5668 sed
858 5613 1145 5668 oscitantes
1196 5624 1258 5664 ac
1301 5619 1572 5677 torpentes
1614 5611 1792 5663 omnia
1822 5610 1948 5664 faei-

356 5738 490 5778 ntos.
531 5714 691 5784 Atqui
726 5712 866 5778 Dens
902 5711 1012 5763 vult
1043 5723 1137 5763 nos
1163 5708 1310 5775 quasi
1339 5706 1615 5775 exigentes
1645 5704 1870 5776 precari,
1897 5712 1952 5758 et

348 5827 474 5874 ιιιιιι·
507 5817 712 5879 gratias
741 5802 831 5856 tibi
865 5815 1082 5870 magnas
1108 5798 1284 5852 habet.
1319 5797 1413 5850 llie
1440 5800 1638 5867 quippe
1669 5798 1816 5850 solus
1850 5795 1945 5849 dc-

1338 367 1403 425 IN
1443 361 1856 424 HATTHEUM
1899 359 2128 418 ιιωιιι.
2169 360 2338 420 XX“.
2377 364 2452 418 al.
2496 362 2686 420 XXIII.

3502 356 3610 416 ωε

2011 478 2170 546 bitor,
2199 480 2416 551 quando
2441 480 2722 552 exigimus,
2763 478 2962 559 gratias
2982 477 3166 548 habet,
3191 484 3250 534 et
3271 491 3333 532 ea
3355 491 3478 548 qua.»
3501 491 3610 533 non

2009 584 2198 628 mutuo
2218 573 2469 628 dedimus
2495 572 2692 628 reddit.
2727 571 2794 628 Et
2822 573 2870 626 si
2904 571 3062 628 valde
3103 561 3394 626 instantem
3416 568 3613 627 viderit

2009 679 2132 718 eum
2158 666 2249 733 qui
2281 665 2469 736 exigit,
2500 665 2663 721 etiam
2687 679 2773 730 ea,
2820 678 2943 735 qua:
2987 679 3094 726 non
3122 665 3334 733 accepit
3371 675 3403 716 ι
3433 659 3610 728 nobis,
3705 695 3712 702 -

2012 755 2288 816 solvit;-si
2318 768 2448 810 vero
2488 755 2729 826 segnius,
2772 754 2867 810 ille
2900 748 3083 810 (Μηκέτι
3107 789 3121 818 ,
3156 767 3263 808 non
3307 750 3452 823 quod
3481 751 3616 808 dare

2012 847 2167 913 nolit,
2211 847 2305 903 sed
2352 848 2476 918 quia
2524 849 2754 904 libenter
2788 847 2935 903 videt
2961 859 3064 903 nos
3106 846 3177 902 ab
3212 848 3331 919 ipso
3370 847 3612 919 exigere.

2010 939 2244 1010 ldentpto
2265 940 2357 994 tibi
2379 941 2682 1010 exemplum
2715 940 2895 995 attulit
2923 939 3083 996 amici
3109 939 3251 994 illius
3277 949 3436 995 noctu
3461 944 3618 994 lcet!-

2011 1033 2209 1098 dentis,
2252 1041 2309 1086 et
2355 1047 2547 1102 panem
2598 1033 2848 1103 petentis.
2899 1047 3108 1088 necnon
3151 1031 3348 1103 judieis
3387 1031 3478 1102 qui
3516 1039 3618 1087 nec

2017 1123 2184 1178 Deum
2219 1124 2459 1186 timebat,
2491 1138 2595 1180 nec
2639 1123 2889 1180 homines
2927 1124 3293 1180 revaebatur.
3336 1122 3523 1192 Neque
3560 1121 3615 1178 ιιι

2011 1217 2275 1286 exemplis
2307 1217 2564 1281 substitit,
2590 1215 2684 1272 sed
2714 1217 2765 1272 id
2796 1217 2911 1286 ipse
2936 1231 3154 1287 quoque
3176 1215 3432 1286 cperibus
3459 1212 3613 1268 etilli-

2014 1305 2148 1372 buit,
2181 1311 2397 1387 quando
2425 1306 2759 1367 Plimnissam
2790 1312 2934 1367 illam
2977 1311 3260 1367 mulierem
3292 1323 3487 1381 magno
3515 1307 3617 1363 ho-

2015 1412 2257 1458 noratam
2284 1402 2427 1458 dono
2452 1403 2677 1459 remisit.
2709 1403 2763 1458 in
2796 1400 2897 1458 hac
2920 1413 3051 1457 vero
3091 1401 3346 1467 ostendit,
3373 1416 3433 1456 se
3453 1402 3616 1455 etiam

2017 1497 2128 1562 illa,
2159 1512 2277 1566 qua:
2307 1511 2414 1550 non
2440 1508 2739 1565 congruere
2762 1495 3032 1556 videntur,-
3081 1496 3346 1548 instanter
3389 1491 3618 1562 petenti-

2017 1587 2116 1644 bus
2145 1590 2342 1662 largiri.
2375 1588 2496 1643 Non
2525 1600 2618 1653 est,
2651 1589 2860 1659 inquit,
2910 1591 3098 1643 bonum
3138 1585 3320 1643 tollere
3344 1592 3528 1656 panem
3553 1585 3619 1654 [l-

2015 1681 2222 1748 liorttm,
2253 1690 2301 1736 et
2325 1683 2576 1752 projicere
2598 1682 2806 1734 canibus
2839 1679 3066 1750 '(Mattlt.
3103 1680 3188 1735 l5.
3220 1679 3335 1746 26).
3367 1681 3618 1732 Attamen

2015 1773 2164 1828 dedit
2190 1774 2314 1841 quia
2346 1773 2433 1828 illa
2477 1772 2824 1828 vehementer
2865 1773 3099 1842 petebat.
3140 1771 3241 1826 Per
3278 1770 3494 1824 .lndacos
3517 1782 3618 1822 su-

2020 1873 2126 1920 tem
2165 1865 2515 1936 signiﬁcavit,
2563 1880 2622 1919 se
2650 1863 2934 1918 desidiosis
2980 1879 3046 1918 ne
3087 1863 3174 1918 illa
3201 1863 3418 1934 quidem
3461 1860 3616 1926 dare,

2016 1973 2137 2029 quae
2176 1958 2242 2012 ad
2285 1958 2428 2028 ipsos
2465 1959 2823 2028 pertinebant.
2873 1956 3056 2026 Itaque
3106 1956 3180 2011 illi
3228 1954 3359 2011 nihil
3390 1965 3620 2023 accepe-

2016 2056 2160 2113 runt.
2192 2049 2287 2105 sed
2324 2051 2486 2106 etiam
2512 2065 2607 2105 sua
2639 2049 3006 2120 perdiderunt.
3046 2048 3113 2103 Et
3152 2048 3204 2102 bi
3231 2046 3470 2118 quidem,
3493 2046 3618 2117 quia

2020 2155 2126 2196 non
2171 2141 2438 2210 petierunt
2468 2141 2512 2208 ί,
2556 2155 2625 2196 ne
2651 2156 2745 2196 sua
2786 2141 3001 2208 quidem
3040 2152 3340 2210 accepere:
3373 2139 3458 2194 illa
3491 2152 3622 2193 vero

2019 2232 2144 2302 quia
2175 2233 2522 2288 vehementer
2549 2233 2758 2297 institit,
2786 2232 2958 2288 aliena
2986 2231 3160 2303 potuit
3188 2231 3291 2286 sibi
3321 2230 3616 2297 vindicare,

2017 2334 2073 2380 et
2097 2338 2219 2396 qua:
2250 2325 2478 2380 liliorum
2499 2336 2653 2380 erant
2669 2327 2894 2379 mtellns
2911 2325 3137 2392 accepit.
3158 2322 3389 2378 Tantum
3418 2321 3618 2376 bonum

2019 2425 2103 2473 est
2127 2417 2432 2472 assiduitas.
2466 2416 2581 2472 Etsi
2621 2419 2765 2471 enim
2791 2417 2941 2471 cauis
2981 2415 3167 2479 literis,
3217 2415 3262 2469 si
3313 2412 3624 2485 frequenter

2021 2511 2208 2576 instes,
2252 2509 2363 2563 lilio
2393 2509 2565 2564 desidi
2608 2510 2956 2579 anteponeris
2985 2526 3000 2564 :
3031 2514 3151 2578 qtne
3180 2507 3325 2563 enim
3358 2520 3464 2562 non
3494 2518 3623 2577 prr-

2022 2600 2147 2657 l‘ecit
2196 2600 2453 2668 amicitia,
2504 2598 2558 2655 id
2605 2599 2832 2671 perfecit
2881 2598 3169 2655 assiduitas
3216 2597 3496 2670 precandi.
3547 2596 3625 2652 Ne

2020 2693 2170 2748 dicas
2204 2692 2384 2765 igitur,
2434 2690 2688 2748 Inimicus
2725 2691 2858 2747 mihi
2904 2690 3175 2758 estDeus,
3227 2705 3327 2745 nec
3374 2687 3626 2744 exaudiet

2023 2801 2130 2841 me.
2163 2785 2284 2843 Cito
2322 2785 2416 2841 tibi
2447 2783 2814 2856 respondebit,
2858 2784 2902 2840 si
2935 2784 3242 2856 i'reQuentcr
3277 2783 3424 2838 illum
3459 2782 3628 2836 inter-

2024 2877 2193 2948 pelles
2234 2884 2290 2933 et
2317 2891 2545 2949 urgeas;
2578 2876 2706 2932 etsi
2746 2890 2853 2932 non
2895 2875 2964 2931 ob
3007 2874 3318 2949 amicitiam,
3369 2883 3517 2929 certe
3557 2874 3629 2927 ob

2021 2945 2438 3027 assiduitatem:
2468 2986 2532 3026 ac
2561 2986 2736 3041 neque
2757 2969 3059 3038 inimicitia,
3091 2945 3271 3038 neque
3304 2965 3628 3035 importuni-

2025 3075 2128 3133 tas,
2158 3080 2333 3136 neque
2352 3062 2494 3119 aliud
2520 3064 2795 3134 quidpiam
2839 3062 3223 3134 impedimento
3249 3075 3374 3115 esse
3409 3056 3625 3129 poterit.

2021 3157 2102 3214 Ne
2129 3157 2302 3222 dicas,
2339 3156 2457 3211 Non
2502 3171 2620 3211 sum
2654 3155 2881 3226 dignus,
2930 3154 3051 3209 ideo
3090 3169 3196 3208 non
3236 3165 3426 3222 precor
3457 3167 3473 3210 :
3505 3165 3628 3204 naut

2027 3249 2148 3304 talis
2175 3257 2292 3304 erat
2313 3246 2748 3319 Syrophmnissa.
2790 3245 2868 3302 Ne
2896 3247 3066 3311 dicas,
3096 3245 3321 3300 Multum
3367 3239 3585 3315 peccavi
3608 3280 3629 3307 ,

2027 3356 2127 3396 nec
2158 3355 2374 3411 possum
2419 3341 2613 3394 iratum
2658 3353 2850 3409 rogare
2901 3357 2914 3391 :
2964 3352 3070 3392 non
3127 3336 3270 3393 euint
3313 3336 3629 3406 dignitatem

2029 3436 2171 3489 Deus
2207 3443 2432 3503 spectat,
2468 3433 2564 3489 sed
2601 3434 2954 3488 voluntatem.
2984 3431 3117 3486 Nam
3149 3431 3193 3485 si
3235 3429 3528 3501 principem
3568 3429 3633 3483 il-

2030 3527 2137 3580 lum
2162 3527 2252 3597 qui
2283 3539 2383 3581 nec
2411 3526 2577 3580 Deum
2604 3523 2846 3588 timebat,
2868 3537 2970 3578 nec
2991 3523 3235 3578 homines
3261 3521 3631 3585 reverebatnr.

2031 3619 2184 3673 vidua
2210 3616 2414 3672 inﬂexit
2434 3636 2446 3671 :
2467 3618 2634 3672 multo
2649 3617 2818 3687 magis
2834 3615 3034 3672 bonum
3048 3613 3150 3669 sibi
3168 3613 3401 3668 attrahet
3417 3614 3631 3668 assidua
3728 3671 3735 3675 _

2031 3712 2369 3784 supplicatio.
2394 3710 2471 3766 Ita
2501 3721 2562 3765 ut
2580 3709 2790 3766 etiamsi
2810 3723 2915 3763 non
2948 3706 3155 3763 amicus
3171 3705 3268 3774 sis,
3292 3707 3502 3762 etiamsi
3527 3720 3634 3760 non

2032 3805 2212 3862 debita
2231 3805 2435 3875 exigas,
2458 3802 2668 3858 etiamsi
2683 3809 2904 3872 paterna
2929 3799 3065 3853 bona
3087 3795 3469 3867 absumpseris,
3497 3797 3637 3850 mnl~

2035 3907 2196 3968 teque
2227 3907 2466 3966 tempore
2514 3895 2712 3949 absens
2761 3892 2944 3956 lueris,
2995 3891 3203 3946 etiamsi
3241 3885 3476 3960 degener
3519 3903 3638 3942 om-

2036 3992 2289 4058 niumque
2311 3998 2651 4059 postremus,
2687 3987 2897 4041 etiamsi
2937 3986 3133 4039 iratum
3163 3985 3638 4054 indignantemque

2035 4080 2325 4136 convenias
2351 4095 2366 4144 ;
2400 4079 2451 4130 in
2482 4077 2720 4130 animum
2761 4075 2982 4134 inducas
3009 4084 3210 4128 tantum
3242 4076 3447 4143 precari
3476 4083 3638 4145 atque

2037 4173 2103 4226 ad
2135 4173 2283 4225 illum
2311 4170 2507 4232 redire,
2547 4177 2602 4224 et
2627 4168 2806 4222 omnis
2847 4167 3103 4235 accipies.
3131 4179 3292 4236 atque
3323 4171 3455 4221 iram
3485 4168 3642 4222 dam-

2039 4264 2416 4332 nationemqne
2441 4262 2619 4314 statim
2645 4259 2970 4329 exstingues.
2993 4261 3150 4330 Atqui
3177 4275 3385 4327 precor,
3406 4259 3639 4330 inquies,

2039 4365 2094 4411 et
2126 4355 2256 4408 nihil
2287 4353 2526 4423 prolicio.
2558 4351 2665 4407 Sed
2712 4365 2817 4404 non
2866 4352 3101 4418 precaris
3141 4360 3198 4404 ut
3246 4351 3351 4414 illi,
3394 4361 3451 4404 ut
3478 4352 3640 4420 Syro.

2042 4447 2334 4518 phmn‘issa,
2367 4445 2510 4509 dico,
2545 4453 2599 4496 ιιι
2623 4445 2828 4497 amicus
2869 4443 3184 4512 intempesta
3212 4454 3366 4498 nocte
3395 4443 3640 4510 veniens,

2043 4551 2095 4595 ut
2131 4540 2284 4592 vidua
2326 4555 2443 4608 qu:e
2486 4537 2794 4608 frequenter
2829 4533 3062 4605 judiccm
3113 4537 3354 4606 urgebat,
3403 4549 3457 4591 ut
3502 4538 3644 4596 illius

2042 4633 2131 4702 qui
2168 4642 2383 4702 paterna
2415 4631 2549 4684 bona
2567 4628 2962 4696 absumpserat.
2986 4628 3121 4683 Nam
3136 4631 3179 4682 si
3206 4630 3282 4684 sic
3307 4644 3514 4693 orares,
3536 4631 3646 4684 cito

2045 4726 2381 4796 impetu-ares.
2415 4722 2625 4776 Etenim
2665 4721 2875 4776 etiamsi
2903 4721 3226 4775 contumelia
3271 4721 3493 4776 allectus
3525 4722 3595 4776 sit
3628 4737 3643 4786 ;

2045 4827 2098 4869 at
2128 4825 2276 4884 pater
2309 4823 2431 4867 est:
2464 4812 2672 4868 etiamsi
2715 4812 2883 4866 iratus
2917 4823 3020 4879 est,
3067 4820 3123 4865 at
3173 4813 3309 4867 lilios
3349 4823 3532 4869 amat:
3561 4824 3646 4867 at-

2047 4925 2151 4976 que
2196 4923 2360 4961 unum
2393 4915 2596 4960 tantum
2627 4907 2852 4975 quaerit,
2898 4922 3001 4959 non
3041 4905 3109 4960 de
3149 4906 3491 4964 contumeliis
3531 4921 3647 4974 ιω-

2050 4999 2398 5067 nas'exigcre,
2427 4997 2520 5052 sed
2541 5005 2592 5050 te
2607 5011 2928 5051 conversum
2959 5006 3011 5051 ct
3036 4999 3424 5067 supplicantem
3443 4998 3647 5052 videre.

2119 5093 2172 5143 6.
2214 5088 2448 5144 Charitas
2480 5087 2573 5143 Dei
2615 5104 2734 5158 ergo
2765 5104 2877 5142 nos.
2921 5088 3001 5140 Ad
3032 5088 3202 5157 ipsum
3225 5087 3518 5144 accedentes
3549 5090 3650 5142 im-

2052 5181 2254 5252 portuni
2285 5191 2557 5248 numquam
2577 5190 2713 5232 sunt.
2747 5209 2818 5218 —-
2844 5179 3052 5234 Utinam
3085 5194 3182 5234 nos
3214 5180 3285 5234 ita
3314 5181 3650 5246 ardori-mus,

2052 5285 2108 5329 ut
2135 5276 2340 5329 viscera
2367 5275 2453 5327 illa
2483 5273 2546 5326 ad
2577 5274 2917 5328 dilectionem
2947 5286 3071 5343 erga
3105 5288 3202 5325 nos
3230 5273 3651 5328 inﬂammantur.

2054 5366 2154 5422 30d
2179 5366 2314 5434 ignis
2335 5365 2423 5420 ille
2449 5367 2783 5417 occasionem
2807 5365 2981 5417 solum
3006 5363 3261 5432 requirit:
3283 5375 3337 5419 et
3361 5365 3404 5418 si
3433 5380 3652 5435 parvam

2054 5460 2128 5514 illi
2156 5459 2438 5513 scintillam
2475 5457 2713 5526 prmbeas
2733 5496 2749 5521 ,
2781 5457 3047 5526 ingentem
3093 5454 3475 5511 beneﬁciorum
3504 5453 3657 5511 flam-

2056 5568 2198 5606 mam
2226 5551 2494 5605 accendis.
2527 5544 2709 5617 Neque
2737 5549 2880 5602 enim
2913 5548 3052 5618 quod
3082 5548 3407 5603 contumelia
3435 5545 3657 5607 allectus

2055 5646 2146 5704 sit.
2184 5643 2489 5711 indignatur
2513 5680 2526 5704 ,
2559 5642 2650 5693 sed
2680 5641 2804 5708 quia
2849 5649 2901 5693 tu
2931 5641 3350 5694 ContumeliOstts
3395 5656 3454 5694 es
3480 5681 3496 5708 ,
3521 5650 3575 5695 et
3603 5651 3658 5696 ut

2126 5803 2140 5832 ³
2176 5796 2338 5859 savii,
2362 5797 2473 5861 quia
2496 5797 2788 5860 negligenter
2812 5796 3064 5858 petierunt.
