4110 6306
550 377 585 435 5
599 370 665 427 (Π

559 488 741 547 cilius
765 484 912 541 furta.
933 481 987 538 Si
1010 480 1149 537 enim
1171 490 1268 533 nos
1296 476 1417 530 mali
1438 488 1559 529 cum
1584 472 1773 534 simus,
1797 468 1838 523 si
1859 473 2141 522 contume-

563 577 685 634 liosi
711 578 815 632 sint
846 574 957 635 lilii,
986 586 1082 638 pro
1105 570 1211 624 illis
1241 566 1532 621 dolemus:
1561 569 1758 632 quanto
1785 556 1952 625 magis
1980 555 2141 616 Deus,

566 670 656 741 qui
690 669 876 737 injuria
906 663 1044 718 allici
1067 662 1269 731 nequit,
1300 673 1394 728 pro
1429 658 1599 723 teipso
1631 648 2019 707 'contumeliOso
2058 645 2144 698 in-

565 738 855 832 dignatur?
887 757 941 813 Si
973 771 1092 821 nos,
1122 755 1210 824 qui
1239 758 1422 806 natura
1452 747 1718 816 diligimus
1746 760 1759 795 :
1784 742 1949 795 multo
1978 738 2144 809 magis

570 830 679 919 ille,
713 851 793 922 qui
831 850 964 903 ultra
996 857 1234 901 naturam
1264 838 1454 909 diligit.
1480 838 1635 901 Nam,
1666 835 1777 889 Etsi
1802 830 2142 891 obliviscatur,

566 921 758 1013 inquit,
790 941 968 994 mulier
1011 938 1262 1006 infantum
1307 933 1435 986 uteri
1472 931 1569 992 sui,
1597 928 1686 983 sed
1712 943 1805 997 ego
1820 942 1940 978 stou
1964 921 2143 976 oblmi-

567 1051 681 1089 scar
702 1034 792 1094 tui,
826 1031 947 1083 dicit
968 1029 1213 1081 Dominus
1245 1024 1393 1095 (Isai.
1428 1023 1514 1078 49.
1549 1020 1661 1091 15).
1682 1019 2012 1075 Accedamns
2045 1014 2143 1083 igi-

572 1136 655 1178 tur
675 1123 739 1177 ad
770 1136 893 1175 cum
918 1130 969 1173 et
994 1121 1232 1174 dicamus
1259 1135 1270 1168 :
1303 1112 1472 1169 Etiam
1496 1154 1511 1177 ,
1540 1111 1793 1174 Domine;
1824 1124 1941 1161 nam
1971 1114 2016 1160 et
2060 1120 2143 1157 ca-

570 1217 676 1270 telli
709 1214 859 1267 edunt
883 1213 946 1265 de
973 1212 1144 1275 miris,
1176 1216 1289 1277 quur
1314 1215 1497 1260 cauuut
1523 1206 1585 1259 de
1615 1219 1787 1256 mensa
1830 1199 2147 1253 dominorum

566 1325 773 1363 suorum
802 1290 1008 1376 (Mattlt.
1035 1304 1121 1359 15.
1150 1301 1263 1372 27).
1294 1298 1621 1354 Aceedamus
1649 1296 1824 1362 itaque
1850 1298 2145 1359 opportune

570 1414 623 1457 et
646 1404 946 1469 importune
970 1416 985 1461 ;
1009 1398 1113 1449 itnu
1130 1408 1256 1448 vero
1282 1405 1566 1458 numquam
1585 1398 1865 1456 possumus
1892 1384 2149 1450 importu—

572 1509 641 1549 ne
692 1491 943 1547 accedere
977 1506 989 1541 :
1023 1493 1379 1555 importunum
1413 1481 1608 1550 quippe
1655 1486 1736 1530 est
1782 1490 1887 1529 non
1936 1472 2148 1527 a'Ssidue

571 1587 737 1640 adire.
781 1584 911 1638 Nam
951 1595 1111 1638 eum.
1138 1577 1227 1646 qui
1259 1575 1385 1629 dare
1426 1573 1622 1642 gestit,
1659 1576 2015 1637 Opportunum
2064 1571 2148 1617 est

570 1662 782 1745 semper
805 1688 1008 1743 rogare.
1041 1664 1495 1739 Quemadmodum
1526 1661 1668 1717 enim
1695 1660 1957 1727 respirare
1988 1670 2146 1710 num-

570 1784 730 1840 quam
764 1768 1122 1835 importunum
1152 1770 1235 1815 est
1254 1798 1270 1826 ,
1301 1757 1376 1813 sic
1404 1766 1458 1811 et
1488 1763 1667 1823 petere
1696 1764 1980 1826 numquam
2007 1789 2020 1812 ,
2052 1748 2147 1802 sed

572 1839 675 1916 non
704 1869 880 1930 petere
909 1865 986 1910 est
1026 1862 1407 1924 Importunum.
1453 1839 1663 1902 Etenim
1695 1844 1830 1898 sicut
1852 1844 1950 1897 hac
1974 1840 2147 1909 respi-

571 1954 777 2009 ratione
801 1964 934 2019 opus
956 1948 1211 2002 habemus
1232 1987 1245 2009 ,
1274 1945 1350 1997 sit:
1370 1951 1421 1997 et
1444 1941 1561 2007 ejus
1586 1938 1782 1991 auxilio
1809 1949 1827 1989 :
1858 1949 1920 1989 ac
1949 1933 1993 1987 Si
2018 1932 2151 1985 reli—

568 2055 708 2106 mus,
742 2042 890 2095 faeilc
922 2042 1091 2108 ipsum
1117 2035 1181 2089 ad
1204 2048 1302 2089 nos
1317 2027 1665 2086 attraltemus.
1696 2027 1757 2080 Et
1780 2025 1880 2097 hoc
1910 2023 2149 2078 indicans

572 2136 849 2207 propheta,
878 2131 1257 2197 declaransque
1289 2126 1454 2179 Deum
1481 2122 1545 2175 ad
1570 2118 1828 2175 beneﬁcia
1851 2112 2148 2185 prazstanda

572 2238 786 2293 semper
814 2231 1074 2292 paratum,
1109 2214 1316 2273 dicebat
1348 2233 1361 2268 :
1394 2212 1538 2269 Sicut
1581 2209 1864 2264 diluculum
1913 2215 2147 2278 paratum

570 2317 873 2370 inveniemus
912 2328 1027 2366 eum
1079 2308 1233 2378 (Osee
1261 2308 1313 2361 6.
1353 2306 1432 2373 5).
1475 2302 1693 2369 Quoties
1728 2300 1869 2354 enim
1914 2297 1979 2350 ad
2022 2294 2149 2351 eum

572 2404 952 2461 accesserimus
971 2444 984 2463 ,
1020 2404 1200 2454 nostra
1228 2404 1622 2465 exspectantem
1649 2388 1966 2445 videbimus.
1997 2384 2150 2454 Quod

571 2498 616 2551 si
647 2495 775 2549 nihil
792 2511 857 2548 ex
878 2494 993 2562 ejus
1013 2490 1207 2545 virtute
1227 2503 1324 2542 ceu
1346 2482 1465 2541 litus
1481 2478 1803 2539 seaturiente
1819 2478 2148 2541 hauriamus,

574 2598 751 2643 nostra
780 2588 932 2655 culpa
962 2592 1043 2639 est
1069 2582 1305 2637 omnino.
1336 2579 1449 2633 Hoc
1476 2579 1618 2633 enim
1650 2574 1865 2630 Judteos
1900 2572 2150 2626 incusans

571 2674 780 2732 dicebat
809 2693 820 2726 ε
852 2669 1204 2727 Misericordia
1241 2677 1409 2722 autem
1452 2682 1565 2719 mea
1600 2674 1654 2718 ut
1700 2662 1852 2717 nubes
1880 2660 2146 2726 matutina,

571 2768 617 2819 el
640 2766 765 2819 sicut
792 2780 873 2817 ros
892 2778 1037 2815 mane
1063 2760 1395 2829 βασανίσω
1428 2754 1587 2826 (Ibid.
1616 2768 1666 2808 υ.
1694 2753 1769 2823 4).
1796 2748 1951 2819 Quod
1967 2758 2146 2803 autem

1270 362 1327 419 S.
1366 358 1642 417 JOANNIS
1677 345 2149 411 CIIRYSOSTOMI
2189 343 2505 401 ARCIIIEP.
2547 324 3082 401 CONSTANTINOP.

3742 328 3848 384 πιεε

2251 460 2409 525 dicit,
2445 459 2747 531 hujusmodi
2785 468 2872 513 est
2898 474 2912 512 :
2938 458 3049 526 Ego
3096 434 3311 523 quidem
3364 464 3482 522 qua!
3527 462 3652 503 mea
3698 458 3849 502 erant

2250 554 2427 607 omnia
2457 552 2677 622 prmstiti
2700 569 2716 615 ;
2748 565 2843 603 vos
2871 565 2999 604 vero
3022 588 3036 609 ,
3064 544 3516 617 quemadmodum
3542 541 3626 597 sol
3654 541 3851 595 ardens

2251 651 2634 720 superveniens
2659 655 2713 701 et
2742 646 2937 700 nubent
2968 652 3023 699 et
3051 656 3230 697 rorem
3261 641 3480 708 dissipat
3507 648 3560 692 et
3587 634 3849 700 occultat,

2251 743 2331 797 sic
2359 743 2428 796 ob
2454 742 2672 797 multam
2701 738 2989 808 nequitiam
3017 732 3340 789 ineffabilem
3388 726 3686 798 reprtntitis
3718 725 3854 779 libe-

2252 834 2533 888 ralitatem.
2566 831 2620 885 ld
2645 830 2785 901 quod
2826 838 3000 883 tamen
3038 824 3384 896 providentia:
3407 824 3509 876 est.
3557 818 3695 874 Nam
3726 824 3853 870 cum

2253 926 2498 997 indignos
2522 924 2667 979 videt
2689 937 2788 977 nos
2810 922 2899 991 qui
2930 920 3084 975 bonis
3115 916 3433 977 aﬂiciamur,
3464 901 3726 969 beneﬁcia
3758 924 3854 963 re-

2255 1019 2408 1081 tinet,
2440 1030 2508 1069 ne
2562 1029 2661 1068 nos
2706 1012 2920 1068 desides
2958 1010 3174 1065 elliciat.
3205 1007 3265 1065 Si
3308 999 3484 1059 autein
3526 1003 3610 1057 vel
3659 1004 3853 1071 parum

2254 1107 2645 1173 convertamur,
2678 1115 2879 1161 tantum
2929 1103 3177 1157 videlicet
3218 1108 3475 1169 quantum
3519 1108 3654 1164 opus
3681 1100 3767 1147 est
3794 1101 3855 1144 ut

2254 1212 2754 1270 cognoscamus'nos
2774 1209 3043 1266 peccasse,
3070 1193 3186 1263 plus
3211 1205 3369 1260 quam
3401 1186 3573 1242 latntes
3599 1184 3849 1248 scaturit,

2258 1291 2376 1359 plus
2397 1304 2553 1359 quam
2580 1288 2795 1356 pelagus
2824 1284 3021 1339 difﬂuit
3049 1302 3061 1336 :
3093 1290 3149 1338 et
3173 1280 3373 1347 quanto
3399 1278 3599 1345 majora
3618 1287 3851 1341 accepe-

2256 1380 2349 1445 ris,
2382 1388 2529 1434 tanto
2556 1380 2724 1449 magis
2764 1376 2960 1447 gaudet
2989 1395 3002 1428 :
3036 1374 3266 1441 hincque
3294 1369 3360 1423 ad
3392 1368 3541 1437 plura
3579 1363 3756 1419 danda
3788 1362 3851 1416 so

2256 1479 2551 1549 comparat.
2573 1452 2707 1525 Nam
2742 1459 2959 1523 divitias
2994 1481 3117 1520 suas
3157 1466 3392 1517 nostram
3421 1468 3569 1530 putat
3605 1470 3728 1511 esse
3756 1461 3850 1507 sa-

2259 1566 2441 1625 lutem,
2489 1574 2543 1618 et
2583 1562 2749 1631 ipsam
2794 1560 2951 1613 dandi
2984 1558 3284 1627 petentibus
3328 1553 3626 1623 largitatem
3660 1547 3851 1618 :quod

2257 1655 2417 1710 etiam
2448 1654 2646 1710 Paulus
2675 1654 2752 1706 sic
2771 1650 3076 1705 declarabat
3105 1664 3117 1699 :
3154 1646 3305 1699 Dives
3330 1650 3382 1695 in
3398 1658 3590 1701 omnes.
3619 1650 3666 1693 ct
3694 1653 3854 1705 super

2259 1761 2429 1799 omnes
2455 1745 2541 1813 qui
2568 1743 2801 1795 invocant
2842 1742 2986 1793 illum
3038 1738 3213 1808 (Rom.
3244 1734 3332 1789 10.
3369 1732 3477 1800 l2).
3524 1731 3657 1785 Cum
3700 1727 3850 1787 enim

2259 1854 2363 1891 non
2394 1837 2645 1907 petimus,
2675 1845 2801 1886 tunc
2828 1830 3108 1891 irascitur;
3136 1841 3257 1881 cum
3288 1822 3394 1878 non
3444 1823 3693 1890 petimus,
3722 1830 3854 1871 tunc

2256 1936 2553 1983 aversatur.
2588 1924 2711 1979 ideo
2737 1938 2938 1992 pauper
2974 1920 3094 1984 fuit,
3126 1928 3182 1972 ut
3213 1932 3311 1972 nos
3339 1917 3539 1970 divites
3566 1926 3849 1975 essemus;

2260 2018 2378 2072 ideo
2409 2015 2494 2072 illa
2520 2017 2698 2071 omnia
2730 2013 2968 2084 pertulit,
3000 2022 3057 2066 ut
3082 2025 3179 2066 nos
3206 2008 3273 2063 ad
3300 2006 3583 2078 petendqu
3608 2011 3848 2058 vocaret;

2258 2107 2335 2164 Ne
2365 2109 2542 2175 itaque
2570 2087 2915 2174 deSpcremus
2937 2117 2953 2155 :
2978 2102 3071 2156 sed
3114 2102 3210 2154 bas
3235 2098 3545 2154 occasiones
3572 2105 3625 2148 et
3653 2095 3852 2147 bonam

2258 2213 2409 2268 spem
2446 2198 2699 2253 habentes
2723 2237 2739 2261 ,
2763 2194 2969 2250 etiamsi
3004 2207 3097 2262 per
3125 2192 3363 2261 singulos
3386 2184 3501 2243 dies
3530 2197 3851 2257 pereamus,

2260 2287 2577 2343 accedamus
2604 2292 2877 2357 rogantes,
2904 2285 3269 2345 obsecrantes;
3292 2287 3629 2348 peccatorum
3653 2273 3852 2328 remis-

2260 2382 2468 2436 sionem
2498 2388 2755 2449 petentes.
2786 2378 2875 2433 Sic
2900 2377 3042 2431 enim
3070 2383 3123 2429 et
3141 2374 3207 2427 ad
3234 2370 3559 2442 peccandum
3583 2366 3853 2421 tardiores

2261 2471 2584 2536 elﬁciemur,
2616 2482 2671 2526 et
2698 2468 2973 2525 diabolum
3022 2465 3385 2536 depellemus,
3426 2477 3490 2516 ac
3520 2460 3610 2515 Dei
3640 2458 3854 2513 miserio

2261 2562 2497 2616 mrdiam
2529 2560 2954 2632 provocabimus,
2977 2557 3259 2624 futuraque
3273 2565 3665 2621 consequemur
3687 2550 3850 2611 bona,

2260 2656 2429 2724 gratia
2454 2664 2508 2709 et
2535 2650 2859 2724 benignitate
2894 2649 3103 2705 Domini
3130 2645 3299 2701 nostri
3334 2643 3463 2699 .lesu
3491 2641 3691 2697 Christi
3713 2680 3729 2704 .
3760 2639 3853 2695 cui

2261 2740 2432 2815 gloria
2462 2757 2517 2804 et
2547 2746 2903 2818 imperiumin
2932 2744 3127 2800 mula
3157 2740 3498 2797 surculorum.
3526 2740 3721 2793 Amen.

574 2862 3391 2896 ____________________________.._—————————————

1680 2946 2027 3045 nouum
2067 2944 2311 3010 mnu.-
2354 2947 2441 3009 al.
2486 2947 2725 3009 XXIV.

717 3086 842 3139 (np.
884 3069 937 3137 ’1'.
976 3094 1026 3135 ν.
1061 3084 1108 3134 t.
1141 3074 1314 3133 Nolite
1329 3077 1581 3147 judicare,
1610 3092 1674 3128 ne
1695 3060 2009 3142 fudit-emitti.

645 3178 695 3231 1.
718 3178 742 3228 Ι
752 3178 888 3238 llius,
911 3172 1086 3227 Nolite
1112 3169 1367 3240 judicare,
1390 3166 1775 3234 explanatio.—-
1794 3162 1928 3229 Quid
1956 3152 2154 3231 igitur?

574 3278 677 3321 lion
714 3274 925 3335 oportet
962 3270 1242 3331 pet-cantes
1262 3259 1551 3310 accusare?
1574 3254 1703 3309 Nam
1731 3262 1785 3308 et
1809 3254 2004 3309 Paulus
2051 3251 2154 3305 hoc

576 3361 746 3427 ipsum
782 3356 903 3411 dicit
932 3372 946 3416 ;
974 3356 1080 3408 imo
1113 3362 1166 3407 et
1191 3351 1432 3405 Chri-tus
1464 3363 1555 3417 per
1580 3347 1821 3408 Paulam,
1841 3346 1925 3400 bis
1942 3344 2151 3398 verbis:

574 3449 673 3508 Tu.
688 3451 805 3517 quid
820 3449 1018 3517 (iudicas
1035 3451 1240 3516 fratrem
1263 3452 1399 3495 tuum
1416 3443 1441 3495 .’
1457 3451 1503 3495 et
1521 3440 1720 3511 lu,quid
1733 3440 1927 3510 spernis
1949 3439 2156 3505 fratrem

575 3551 716 3594 tuum
751 3538 922 3603 (Rom.
970 3537 1055 3589 {4.
1086 3534 1215 3600 10)?
1243 3533 1325 3591 Et,
1362 3532 1457 3597 Tu,
1480 3532 1591 3600 quis
1606 3548 1677 3597 es,
1706 3532 1791 3600 qui
1808 3529 2014 3599 judicas
2030 3529 2156 3582 alie-

574 3622 697 3684 num
729 3645 919 3682 servum
951 3625 1109 3697 (Ibid.
1135 3639 1179 3677 υ.
1210 3624 1305 3695 4)?
1329 3624 1392 3677 Et
1419 3623 1645 3676 iterum:
1681 3620 1857 3675 Nolite
1882 3629 1999 3673 ante
2036 3630 2158 3673 tem-

578 3737 669 3790 pus
703 3719 956 3787 judicare,
999 3716 1326 3785 quoadusque
1356 3715 1521 3767 veniat
1559 3713 1803 3765 Dominus
1848 3713 1927 3781 μ.
1954 3710 2071 3765 Cor.
2101 3710 2155 3764 4.

577 3804 653 3876 ες).
689 3810 793 3865 Cur
818 3818 995 3862 autem
1030 3807 1151 3860 alibi
1179 3807 1308 3858 dicit
1334 3823 1345 3853 :
1368 3808 1553 3873 Argue,
1581 3802 1801 3865 obsecra,
1824 3802 2029 3870 increpa
2062 3799 2155 3871 (Ξ.

577 3902 710 3956 Tim.
735 3901 787 3954 4,
810 3899 906 3969 ‘2)?
932 3906 985 3951 et
1004 3897 1147 3954 alibi.
1178 3894 1450 3948 Pcccanlcs
1474 3892 1642 3950 coritm
1664 3893 1893 3945 omnibus
1912 3893 2125 3962 argue“
2142 3928 2155 3943 .

581 3986 710 4045 Tim.
741 3990 794 4044 5.
826 3988 920 4057 ΞΟ)
944 3989 967 4041 ἳ
990 3997 1043 4041 ct
1072 3987 1317 4040 Christus
1343 3985 1507 4055 Petro,
1537 4002 1548 4037 :
1592 3982 1760 4047 Vade,
1793 3984 1989 4052 corripe
2012 3984 2159 4036 illum

576 4085 706 4137 inter
733 4091 777 4135 te
803 4092 849 4135 et
882 4081 1049 4150 ipsum
1078 4079 1239 4133 solum
1273 4078 1357 4130 :si
1404 4093 1504 4129 non
1536 4077 1771 4137 audierit,
1814 4076 1971 4130 alium
1999 4087 2159 4129 tecum

576 4174 818 4241 adjnnge;
836 4172 877 4223 si
900 4185 1010 4222 vero
1030 4184 1182 4238 neque
1193 4170 1263 4219 sic
1278 4164 1743 4226 cessm‘it,Ecclesitz
1759 4167 1932 4218 nuntia
1947 4166 2158 4237 (Matth.

580 4262 664 4317 i8.
684 4260 900 4329 iii-l7)?
920 4268 973 4313 et
990 4268 1093 4311 tam
1114 4257 1306 4309 multos
1321 4254 1596 4309 constituit
1608 4256 2069 4324 increpantesme'c
2085 4271 2165 4310 so-

582 4352 691 4408 lum
723 4353 1076 4419 increpantes,
1108 4348 1200 4401 sed
1229 4346 1385 4400 etiam
1416 4345 1735 4414 punientes?
1765 4346 1895 4400 Nam
1926 4362 2045 4400 eum
2075 4348 2165 4416 qui

590 4445 789 4500 nullum
824 4444 1013 4496 horum
1044 4439 1296 4503 audisset,
1319 4438 1479 4509 jussit
1505 4438 1685 4493 haberi
1716 4439 1865 4509 quasi
1892 4439 2164 4494 ethnicum

583 4546 637 4591 et
682 4534 1035 4605 publicanum.
1088 4530 1197 4586 Cur
1249 4539 1423 4585 autem
1469 4530 1573 4586 illis
1618 4531 1796 4586 claves
1822 4530 2165 4588 dedit?Nam

583 4630 625 4681 si
662 4624 947 4696 judicaturi
974 4637 1078 4676 non
1094 4630 1235 4688 sunt,
1256 4623 1452 4676 nullam
1477 4622 1749 4677 habebunt
1770 4625 2161 4691 auctoritatem,

588 4728 641 4771 cl
685 4718 876 4770 frustra
923 4714 1117 4783 ligandi
1167 4722 1325 4782 atque
1346 4711 1589 4767 solvendi
1612 4712 1979 4769 auctoritatem
2007 4725 2161 4769 acce-

590 4818 801 4878 perunt.
846 4806 912 4859 Et
950 4805 1218 4873 alioquin,
1252 4804 1296 4857 si
1329 4803 1432 4857 hoc
1459 4802 1717 4867 obtineat,
1748 4805 1922 4857 omnia
1953 4820 2164 4875 pessum

590 4902 759 4964 ilumt,
783 4910 835 4953 et
860 4900 911 4952 in
944 4897 1204 4961 ccclesiis,
1236 4906 1291 4950 et
1316 4895 1371 4950 iu
1395 4896 1716 4961 civitatibus,
1743 4907 1797 4950 ct
1818 4896 1869 4949 in
1896 4896 2165 4953 domibus.

589 4992 717 5046 Nam
773 4991 1016 5044 dominus
1061 5003 1273 5044 servum
1319 4997 1375 5044 et
1416 4989 1627 5043 domina
1678 4990 1921 5044 ancillam
1952 5033 1967 5054 ,
2019 5003 2169 5059 pater

592 5084 779 5146 lilium,
806 5082 1006 5135 amicus
1036 5081 1264 5134 amicum
1292 5079 1391 5135 nisi
1413 5078 1789 5149 iudicaverint,
1817 5080 2045 5149 nequitia
2074 5097 2171 5132 an-

587 5175 811 5244 gehitur.
840 5172 906 5225 Et
950 5171 1072 5240 quid
1118 5171 1257 5235 dico,
1287 5171 1490 5225 amicus
1535 5170 1805 5224 amicum?
1832 5168 2078 5225 Inimicos
2115 5155 2169 5224 isi

589 5284 693 5322 nun
722 5266 1039 5336 iudicemus,
1074 5279 1357 5333 numquam
1392 5264 1684 5332 poterimus
1722 5262 2025 5317 inimicitias
2057 5264 2169 5317 sol-

592 5373 737 5419 vere,
766 5357 860 5412 sed
888 5370 978 5409 sus
1018 5356 1189 5425 deque
1226 5355 1405 5410 onmia
1437 5356 1727 5410 vertentur.
1768 5353 1908 5420 Quid
1936 5366 2065 5423 ergo
2102 5354 2171 5407 sit

593 5448 693 5502 hoc
733 5446 871 5515 quod
911 5446 1104 5500 dicitur
1130 5445 1411 5515 diligenter
1440 5446 1779 5499 attendamus
1803 5486 1817 5509 ,
1847 5459 1913 5499 ue
1939 5442 2171 5499 remedia

590 5537 777 5592 salutis
797 5547 849 5591 et
866 5537 1007 5605 leges
1036 5537 1179 5607 pacis
1200 5545 1341 5604 putet
1369 5536 1627 5604 quispiam
1648 5550 1766 5591 esse
1787 5537 1929 5606 leges
1950 5534 2172 5589 subver-

593 5628 758 5682 sionis
783 5636 837 5681 ct
863 5626 1206 5681 confusionis.
1237 5625 1365 5680 Nam
1396 5626 1460 5679 iis
1488 5627 1576 5695 qui
1606 5626 1949 5695 intelligentia
1972 5622 2170 5689 valent,

587 5720 650 5777 in
680 5719 1021 5792 sequentibus
1052 5718 1280 5774 maxime
1300 5717 1520 5788 hujusce
1547 5718 1679 5789 legis
1708 5717 1956 5773 virtutem
1988 5724 2172 5771 omen-

2262 3067 2340 3121 dit
2364 3067 2551 3123 dicens
2579 3087 2592 3119 ε
2620 3068 2757 3136 Quid
2796 3066 2932 3123 vides
2973 3068 3220 3137 festucam
3255 3060 3310 3119 iii
3353 3048 3501 3118 oculo
3534 3060 3710 3133 fratris
3751 3060 3853 3125 tui,

2261 3161 2451 3231 trabem
2467 3170 2631 3213 autem
2652 3175 2764 3229 qua:
2783 3160 2923 3213 estin
2943 3157 3088 3211 oculo
3104 3166 3187 3209 tuo
3204 3171 3303 3208 non
3319 3155 3619 3227 consideras
3633 3152 3851 3221 (Matth.-

2262 3250 2313 3304 7.
2346 3249 2422 3321 5).
2460 3250 2609 3315 Quod
2655 3253 2697 3303 si
2728 3249 2907 3304 multis
2940 3248 3233 3303 tardiorum
3260 3247 3276 3277 ³
3305 3245 3508 3299 dictum
3532 3243 3711 3298 adhuc
3754 3243 3855 3295 obs

2259 3342 2467 3395 scurins
2482 3352 2600 3397 esse
2616 3340 2877 3401 videatur,
2900 3355 3055 3394 rema
3078 3336 3339 3409 principio
3366 3337 3578 3392 solvere
3611 3333 3851 3389 tentaho‘t

2265 3432 2359 3487 llic
2383 3443 2548 3496 certe,
2578 3440 2635 3486 ιιι
2656 3432 2783 3485 mihi
2810 3431 3024 3501 quidem
3050 3431 3290 3493 videtur,
3323 3444 3427 3483 non
3453 3429 3633 3483 Omnia
3663 3441 3858 3497 pecca-

2263 3533 2313 3577 ta
2335 3524 2488 3593 jubet
2517 3540 2624 3579 non
2646 3523 2886 3593 judicare
2904 3566 2920 3591 ,
2955 3538 3128 3593 neque
3157 3523 3375 3577 omnino
3404 3530 3545 3575 vetat
3566 3519 3693 3574 illud
3724 3530 3856 3589 age=

2264 3630 2344 3681 re,-
2377 3616 2470 3671 sed
2498 3616 2618 3669 illus
2643 3617 2859 3687 respicit
2890 3613 2983 3685 qui
3010 3614 3302 3669 innumeris
3331 3614 3506 3667 onusti
3532 3612 3695 3675 vitiis,
3732 3612 3855 3667 aliis

2262 3708 2333 3762 ob
2358 3709 2489 3762 levia
2525 3723 2748 3777 qumque
2772 3708 3045 3762 insultant.
3082 3707 3304 3762 Videtur
3322 3715 3498 3760 autem
3524 3704 3610 3759 hic
3636 3703 3854 3761 ludi-os

2263 3801 2618 3868 subindicare,
2647 3802 2880 3871 quicum
2908 3800 3085 3855 acerbi
3118 3808 3299 3855 essent
3327 3798 3394 3853 de
3418 3798 3579 3853 rebus
3615 3798 3855 3853 minimis

2262 3894 2566 3964 nulliusque
2592 3894 2844 3949 momenti
2877 3893 3104 3963 proximi
3136 3892 3219 3947 sui
3265 3901 3636 3955 accusatores,
3660 3900 3853 3960 magna

2262 3985 2336 4039 illi
2376 3985 2491 4040 sine
2525 3986 2635 4039 ullo
2660 4000 2820 4039 sensu
2848 3984 3070 4038 crimina
3096 3982 3449 4036 admittebant
3479 3998 3493 4034 :
3525 3980 3667 4050 quod
3688 3982 3853 4035 etiam

2264 4077 2316 4130 iu
2342 4078 2446 4131 line
2472 4077 2798 4145 exprobrans
2826 4076 2931 4128 illis
2960 4074 3172 4130 dicebat
3204 4093 3218 4129 :
3250 4073 3483 4144 Alligatis
3503 4088 3658 4127 onera
3677 4070 3858 4141 gravia

2267 4176 2311 4218 et
2333 4166 2673 4235 importabilia
2700 4182 2718 4219 :
2746 4176 2833 4219 vos
2854 4176 3026 4219 autem
3054 4176 3154 4219 non
3180 4167 3326 4220 vultis
3363 4181 3423 4219 ea
3461 4164 3620 4235 digito
3659 4172 3858 4217 utooerc

2269 4257 2481 4326 (Matth.
2505 4258 2596 4312 25.
2623 4260 2679 4328 4)
2705 4276 2719 4323 ;
2761 4268 2835 4323 et,
2858 4256 3135 4313 Decimatis
3163 4258 3419 4312 mentitam
3443 4268 3488 4311 et
3518 4256 3779 4322 anethum,
3807 4261 3859 4309 et

2268 4350 2599 4417 dereliquistis
2627 4366 2811 4418 eaque:
2831 4351 3064 4419 graviora
3088 4360 3205 4403 sunt
3232 4348 3376 4420 legis,
3391 4348 3676 4420 judicium,
3706 4347 3861 4400 arise-'-

2268 4443 2537 4495 ricordlam
2568 4454 2613 4495 et
2634 4436 2794 4510 ﬁdem
2820 4441 2977 4512 (Ibid.
3012 4459 3057 4495 υ.
3088 4432 3201 4511 23).
3225 4440 3437 4495 Juda-os
3462 4440 3623 4509 igitur
3647 4438 3860 4493 videtur

2272 4534 2322 4587 in
2353 4536 2529 4588 animo
2555 4534 2774 4599 habere,
2795 4534 2904 4604 jam
2933 4542 3059 4588 ante
3103 4532 3225 4586 illos
3253 4531 3552 4600 reprimens
3593 4531 3662 4585 ob
3702 4546 3763 4584 ea
3786 4528 3860 4585 de

2271 4627 2459 4697 quibus
2483 4624 2769 4698 discipulos
2798 4625 3096 4682 accusaturi
3122 4632 3292 4679 crant.
3316 4623 3428 4679 Etsi
3450 4623 3592 4677 enim
3616 4623 3693 4677 illi
3723 4622 3859 4677 nihil

2272 4721 2375 4775 tale
2396 4729 2782 4789 peccaverant,
2812 4713 3053 4789 quaedam
3082 4722 3263 4771 tamen
3294 4716 3421 4785 ipsis
3447 4725 3662 4786 peccata
3708 4717 3858 4770 vide-

2274 4815 2466 4869 bantur
2485 4830 2625 4880 esse,
2656 4824 2733 4881 ut,
2760 4811 3037 4869 sabbatum
3062 4826 3164 4866 nun
3193 4816 3482 4866 observare
3502 4850 3515 4869 .
3550 4808 3711 4864 illatis
3742 4812 3858 4863 ma-

2273 4907 2428 4961 nibus
2476 4906 2817 4973 manducare,
2849 4920 2968 4959 cum
3013 4904 3307 4975 publicanis
3337 4902 3684 4973 recumbere;
3713 4899 3857 4971 quod

2271 5005 2326 5050 et
2353 4995 2475 5049 alibi
2507 4998 2580 5049 ait
2606 5010 2619 5045 :
2654 4994 2962 5050 Excolantes
2991 4994 3227 5055 culicem,
3252 5004 3297 5047 et
3324 4992 3655 5065 deglutientes
3698 5004 3861 5046 caute-

2273 5088 2378 5140 lum
2405 5086 2566 5159 (Ibid.
2598 5105 2644 5142 υ.
2674 5087 2792 5157 24).
2819 5087 3079 5143 Caeterum
3107 5083 3446 5141 communem
3482 5084 3553 5141 de
3577 5084 3662 5139 his
3687 5083 3860 5153 legem

2272 5179 2566 5267 constituit.
2597 5176 2897 5267 Corinthiis
2921 5192 3049 5233 vero
3075 5177 3316 5232 scribens
3344 5174 3563 5241 Paulus,
3593 5190 3697 5229 non
3723 5174 3861 5227 sint-

2270 5256 2483 5346 pucth
2552 5268 2803 5343 prohibet
2873 5256 3161 5339 judicare,
3249 5266 3343 5323 sed
3413 5282 3509 5322 eos
3570 5267 3659 5337 qui
3713 5265 3857 5336 ipsis

2271 5380 2541 5438 pmerattt
2586 5364 2827 5431 iudicare
2862 5346 3027 5425 vetat,
3076 5374 3132 5415 et
3187 5359 3241 5413 itt
3287 5372 3454 5413 causa
3510 5372 3619 5411 non
3678 5362 3857 5411 mant-

2273 5455 2448 5520 lesta,
2511 5468 2609 5509 nec
2678 5452 2997 5521 simpliciter
3077 5460 3221 5505 vetat
3298 5460 3590 5520 peccantes
3662 5463 3855 5503 emen~

2272 5545 2422 5600 dare.
2473 5542 2658 5614 Neque
2703 5548 2833 5597 tunc
2897 5557 3090 5597 omnes
3136 5542 3254 5595 sine
3300 5540 3621 5594 discrimine
3676 5538 3857 5594 inore-3

2279 5633 2472 5703 pabat;
2501 5632 2595 5686 scd
2624 5630 2915 5699 discipulos
2953 5630 3039 5698 qui
3073 5629 3353 5697 magistros
3394 5636 3682 5696 arguerent
3710 5641 3869 5678 coer-

2346 5724 2365 5755 ¹
2399 5720 2527 5781 Vox,
2551 5718 2837 5779 lardiorum,
2862 5719 3003 5769 deest
3028 5720 3074 5768 in
3096 5714 3510 5781 quibusdamﬂﬂ.
