4110 6306
253 437 353 496 509

255 549 407 608 cebat
427 588 446 616 ,
485 559 588 603 nec
613 557 720 600 non
748 555 846 599 eos
868 539 959 612 qui
1004 537 1404 594 innumerorum
1431 532 1509 589 rei
1539 530 1802 586 malorum
1827 568 1843 588 .

258 639 503 698 innoxios
535 634 959 692 criminabantur
989 647 1002 685 :
1037 627 1089 684 id
1129 626 1272 699 quod
1295 625 1462 682 etiam
1491 623 1578 678 hic
1602 620 1848 678 Christus

255 729 642 796 subindicavit,
676 739 778 781 nec
825 721 986 778 modo
1013 718 1391 784 subindicavit,
1419 714 1517 774 sed
1535 711 1600 771 et
1623 713 1846 769 multum

252 823 480 879 iuctatsit
517 822 790 884 timorem,
819 813 1114 884 indixitque
1142 807 1463 881 supplicium
1508 803 1845 862 inevitabile.

255 915 308 970 2.
336 913 406 970 In
431 928 532 984 quo
558 910 692 966 enim
713 906 934 980 judicio,
961 904 1163 976 inquit.
1188 899 1562 975 judicaveritt's,
1584 895 1850 969 judicabi-

256 1018 338 1062 tur
360 1007 425 1060 de
448 1003 623 1076 nobis,
656 1000 772 1057 Non
798 999 940 1056 enim
972 997 1124 1053 illum
1164 994 1512 1058 condemnas,
1539 989 1726 1060 inquit,
1752 985 1850 1042 sed

257 1099 510 1168 teipsutn,
539 1102 594 1150 et
625 1088 1017 1147 formidandum
1039 1086 1135 1142 tibi
1164 1098 1324 1156 paras
1340 1080 1597 1146 tribunal,
1629 1091 1851 1133 accura-

256 1189 558 1256 tioremqne
626 1182 956 1238 reddendam
1030 1178 1320 1233 rationem.
1386 1168 1851 1242 Quemadmodum

256 1278 398 1335 enim
449 1278 504 1330 iu
556 1273 880 1330 remissione
927 1276 1294 1340 peccatorum,
1325 1261 1592 1338 principia
1638 1275 1667 1314 a
1695 1259 1853 1314 nobis

255 1375 532 1439 petuntur,
564 1367 642 1422 sic
661 1373 718 1420 ct
737 1365 787 1418 in
816 1361 920 1417 hoc
944 1358 1166 1430 judicio,
1197 1353 1558 1414 damnationis
1585 1363 1852 1407 mensurae

257 1472 530 1532 patiuntur
558 1475 587 1514 a
619 1457 794 1514 nobis.
845 1455 961 1511 Non
1006 1453 1149 1509 enim
1176 1449 1504 1521 exprobrare
1529 1451 1744 1516 oportet
1770 1441 1852 1496 vel

254 1553 540 1618 insultare,
563 1549 658 1606 sed
678 1549 973 1604 admonere
997 1562 1010 1598 :
1040 1559 1147 1600 non
1178 1541 1518 1604 maledicere,
1546 1536 1640 1593 sed
1667 1534 1851 1592 consi-

256 1647 387 1700 lium
435 1645 566 1700 dare
594 1661 608 1696 :
638 1657 739 1698 nec
775 1645 1093 1711 arroganter
1111 1636 1390 1705 insurgere
1413 1673 1430 1699 ,
1462 1629 1556 1686 sed
1577 1643 1702 1685 cum
1719 1627 1856 1682 dile-

255 1739 440 1793 ctione
492 1735 784 1805 corrigere.
831 1731 947 1787 Non
994 1729 1139 1785 enim
1186 1727 1359 1789 Illum,
1406 1723 1500 1780 sed
1533 1733 1585 1778 te
1609 1731 1854 1778 extremo

256 1828 437 1889 trades
465 1824 750 1896 supplicio,
777 1822 903 1878 dum
932 1836 1038 1876 non
1062 1819 1236 1890 parcis
1262 1817 1338 1873 illi
1359 1814 1578 1886 quando
1603 1810 1847 1884 oportuit

253 1919 324 1975 de
347 1920 492 1973 illius
517 1917 726 1971 delictis
749 1915 889 1969 ferre
909 1911 1250 1967 sententiam.

323 2011 382 2066 2.
411 2009 599 2064 Viden'
616 2005 884 2078 quomodo
914 2004 1029 2057 lucc
1056 2001 1162 2056 duo
1185 2006 1449 2071 prmcepta
1471 2005 1526 2052 et
1556 1995 1693 2051 levia
1721 1993 1848 2058 sint,

254 2116 308 2160 et
338 2117 656 2175 magnorum
703 2096 1122 2168 obsequentibus
1149 2108 1327 2149 causte
1374 2093 1657 2154 honorum,
1709 2097 1768 2142 ut
1799 2092 1856 2141 et

255 2196 525 2251 malorum
569 2207 676 2246 non
721 2186 1170 2244 attendentibus?
1209 2183 1342 2240 Nam
1383 2192 1438 2238 et
1479 2183 1567 2253 qui
1609 2179 1856 2251 proximo

255 2286 500 2351 dimittit,
527 2299 588 2340 se
617 2283 785 2352 magis
824 2295 983 2350 quam
1013 2279 1162 2333 illttm
1192 2277 1311 2330 sine
1334 2276 1444 2330 ullo
1470 2274 1653 2328 labore
1693 2270 1856 2326 reati-

257 2378 358 2433 bus
385 2376 618 2438 liberat;
651 2384 705 2428 et
733 2371 824 2443 qui
854 2369 1192 2439 indulgenter
1221 2375 1439 2436 peccata
1466 2365 1694 2419 aliorum
1728 2375 1857 2416 exa-

257 2474 430 2527 minat
459 2511 475 2533 ,
524 2481 772 2535 magnum
825 2464 924 2520 sibi
973 2463 1151 2519 veniae
1204 2461 1421 2517 {tenus‘
1454 2475 1518 2513 ex
1566 2457 1655 2513 tali
1693 2456 1857 2510 allato

256 2563 474 2617 calculo
501 2569 672 2629 parat.
704 2555 841 2625 Quid
873 2556 1052 2626 igitur,
1083 2555 1315 2623 inquies,
1344 2555 1391 2607 si
1420 2550 1710 2606 fornicatus
1739 2549 1854 2601 fue-

259 2657 328 2710 rit
352 2656 377 2708 ‘l
403 2669 511 2708 non
533 2652 706 2707 dicam
733 2648 926 2703 malam
947 2662 1062 2702 rem
1083 2661 1204 2713 esse
1231 2645 1654 2705 fornicationem,
1683 2654 1857 2710 neque

257 2746 549 2814 corripiam
596 2740 1013 2798 lascivientem?
1049 2739 1274 2809 Corripe
1321 2736 1558 2808 quidem,
1607 2734 1702 2789 sed
1750 2748 1856 2786 non

261 2850 317 2893 ut
365 2835 537 2891 hostis
581 2833 662 2888 vel
703 2831 953 2886 inimicus
1001 2830 1262 2885 ultionem
1307 2841 1626 2898 exposcens,
1675 2823 1770 2879 sed
1801 2833 1858 2878 ut

261 2929 504 2983 medicus
538 2921 779 2980 remedia
823 2934 1109 2992 apparens.
1158 2918 1344 2986 Neque
1391 2917 1532 2972 enim
1581 2916 1735 2981 dixit,
1780 2912 1860 2968 Ne

260 3019 519 3075 cohibens
567 3022 902 3086 peccantem,
953 3011 1070 3076 sed,
1122 3009 1200 3066 Ne
1242 3007 1453 3078 judices
1485 3024 1501 3064 :
1530 3008 1581 3062 id
1621 3017 1724 3070 est,
1781 3003 1860 3060 Ne

263 3113 491 3166 acerbus
511 3109 586 3163 sis
610 3107 796 3176 iudex.
824 3104 1076 3173 Alioquin
1105 3112 1282 3157 autem
1308 3117 1412 3157 non
1445 3100 1512 3156 de
1538 3099 1742 3170 magnis
1769 3113 1858 3152 re-

265 3204 364 3258 lms
388 3209 480 3256 aut
505 3199 811 3271 prohibitis,
842 3196 1050 3260 utdixi,
1081 3195 1174 3250 sed
1198 3195 1265 3249 de
1296 3195 1360 3248 iis
1388 3209 1507 3263 qua!
1539 3208 1644 3244 non
1677 3189 1863 3244 viden-

266 3307 354 3347 tur
374 3308 499 3347 esse
517 3291 767 3354 crimina,
798 3287 902 3342 hoc
927 3287 1130 3341 dictum
1161 3285 1277 3338 fuit.
1312 3283 1671 3352 Quamobrem
1709 3280 1860 3334 dice-

265 3387 355 3439 bat
383 3401 400 3440 :
427 3383 484 3438 '5.
508 3381 646 3449 Quid
659 3381 799 3435 uides
814 3383 1058 3448 festucam
1073 3377 1127 3430 in
1144 3378 1289 3430 oculo
1310 3377 1484 3444 fratris
1516 3376 1588 3427 tui
1607 3375 1634 3426 .9
1656 3374 1860 3427 Etenim

267 3474 421 3529 multi
471 3486 617 3528 nunc
660 3471 713 3526 id
757 3469 994 3534 faciunt,
1045 3469 1136 3537 qui
1182 3467 1228 3521 si
1266 3467 1496 3521 viderint
1541 3464 1863 3519 monachum

266 3562 541 3633 superﬂuo
596 3561 790 3616 vestitu
849 3559 1092 3614 indutum
1124 3597 1139 3622 ,
1189 3557 1360 3627 legem
1419 3556 1493 3612 illi
1541 3555 1864 3610 dominicam

265 3655 564 3725 objiciunt,
592 3653 719 3708 licet
743 3649 843 3720 ipsi
868 3649 1030 3705 millia
1060 3649 1361 3717 abripiant,
1411 3664 1476 3703 ac
1516 3647 1756 3713 qumidie
1785 3647 1868 3701 (li-

267 3747 427 3802 vitias
465 3743 854 3800 accumulent:
893 3751 948 3796 et
993 3741 1038 3796 si
1078 3739 1308 3795 viderint
1332 3740 1562 3809 largiore
1605 3739 1680 3793 uti
1709 3738 1863 3801 cibo,

266 3836 449 3893 acerbi
477 3835 680 3890 instant
704 3840 1064 3896 accusatores,
1099 3831 1224 3886 licet
1245 3831 1482 3899 quotidie
1508 3831 1604 3898 ipsi
1631 3828 1867 3897 crapula:

265 3936 322 3982 et
345 3924 595 3982 ebrietati
626 3923 754 3978 dent
773 3936 1011 3991 operam,
1041 3922 1350 3992 ignorantes
1382 3936 1442 3976 se
1476 3921 1708 3991 propriis
1728 3935 1866 3974 ouu-

267 4027 384 4071 stos
411 4014 668 4087 peccatis,
704 4012 962 4082 majorem
1002 4011 1125 4066 hinc
1151 4011 1250 4066 sibi
1276 4011 1449 4082 ignem
1484 4011 1736 4081 colligere
1761 4052 1775 4073 ,
1805 4026 1869 4066 ac

268 4124 393 4164 sese
419 4107 567 4163 omni
601 4106 947 4162 excusatione
972 4106 1202 4175 privare.
1235 4105 1385 4169 Quod
1427 4106 1568 4158 enim
1595 4115 1683 4159 tua
1713 4118 1872 4157 accu-

271 4214 388 4258 rate
416 4203 525 4258 sint
562 4199 915 4256 examinanda
934 4241 948 4262 ,
982 4208 1037 4254 tu
1063 4200 1212 4268 prius
1243 4197 1380 4252 hanc
1407 4197 1577 4263 legem
1608 4197 1828 4266 posuisti
1850 4237 1866 4256 .

268 4309 393 4347 cum
423 4293 495 4346 ita
512 4291 580 4346 de
599 4289 843 4361 proximo
865 4298 956 4344 tuo
969 4289 1235 4359 judica'sti.
1263 4287 1338 4343 Ne
1364 4289 1538 4357 itaque
1562 4287 1687 4341 illud
1708 4303 1870 4355 grave

269 4399 401 4440 esse
441 4383 757 4444 existimes,
800 4381 846 4435 si
894 4382 1030 4436 tales
1059 4389 1114 4435 et
1157 4383 1258 4449 iam:
1310 4395 1498 4449 utentis
1525 4379 1745 4435 ii.".l.l£i‘ii8
1773 4379 1868 4435 sis.

271 4477 327 4531 5.
367 4473 692 4545 Hypom‘ta,
739 4473 865 4544 εἰὶσε
914 4473 1076 4540 primo
1107 4472 1296 4525 trabem
1326 4488 1391 4526 ea:
1435 4471 1582 4525 oculo
1613 4479 1717 4523 tuo.
1775 4471 1870 4525 llic

273 4571 414 4623 iram
454 4568 569 4622 vult
611 4565 864 4622 exhibere
907 4565 1224 4635 plurinmm,
1273 4581 1430 4635 quam
1468 4566 1700 4632 concipit
1742 4582 1867 4636 erga

272 4661 396 4713 illos
435 4657 526 4726 qui
575 4657 667 4710 tali
712 4670 772 4710 se
809 4662 1002 4724 gerunt
1043 4655 1223 4708 modo.
1257 4655 1389 4709 Nam
1431 4659 1872 4726 quotiescumque

271 4751 390 4804 vult
426 4747 713 4801 ostendere
752 4761 998 4815 maguum
1045 4761 1163 4800 esse
1200 4754 1469 4812 peccatum
1493 4787 1508 4810 ,
1544 4745 1870 4813 multamque

273 4852 494 4907 uenam
521 4848 576 4891 et
603 4836 860 4890 ultionem
892 4837 988 4902 ipsi
1020 4845 1278 4904 paratam,
1311 4851 1340 4887 a
1371 4836 1612 4891 convicio
1639 4835 1868 4889 orditur.

272 4925 746 4999 Quemadmodum
783 4935 838 4978 et
861 4935 1045 4979 contra
1076 4925 1224 4980 illum
1250 4926 1339 4993 qui
1373 4937 1590 4979 centum
1620 4926 1873 4980 demtrios

271 5004 561 5088 exigebat,
597 5019 883 5086 indignans
927 5017 1137 5070 diccbat
1187 5033 1197 5069 :
1245 5016 1401 5070 Serve
1448 5033 1678 5085 nequam,
1728 5033 1875 5071 omne

273 5110 504 5163 debitum
522 5107 659 5161 illud
696 5107 866 5160 dimisi
907 5108 996 5161 tibi
1026 5107 1244 5176 (Matth.
1284 5110 1367 5161 l8.
1396 5107 1466 5162 52
1492 5109 1509 5177 )
1539 5128 1554 5162 :
1586 5110 1664 5163 sic
1692 5119 1746 5164 et
1773 5110 1870 5165 hoc

278 5208 404 5256 loco
451 5199 608 5266 dicit,
662 5197 961 5269 Hypocrita.
1010 5199 1124 5254 Non
1169 5201 1311 5255 enim
1356 5217 1537 5255 curam
1575 5205 1712 5270 :equi
1761 5204 1874 5258 lucc

277 5293 547 5348 sententia
596 5291 845 5354 exhibet,
895 5292 990 5347 sed
1039 5293 1521 5358 inbumanitatem;
1574 5306 1628 5350 et
1669 5297 1870 5352 larvam

277 5382 497 5452 quidem
529 5381 880 5437 humanitatis
905 5398 1015 5449 pne
1045 5397 1103 5438 se
1127 5382 1248 5448 fert,
1282 5400 1579 5440 cruentam
1615 5403 1740 5442 vero
1782 5405 1874 5444 ue-

278 5473 506 5542 qmtiam
545 5483 797 5534 exercet,
844 5473 970 5527 dum
1001 5473 1267 5543 superﬂua
1314 5477 1562 5544 proximo
1587 5479 1874 5548 opprobria

279 5571 443 5632 atque
481 5563 706 5617 crimina
753 5562 979 5631 affingit,
1026 5573 1081 5619 et
1130 5564 1304 5618 locum
1350 5566 1586 5636 magistri
1631 5569 1870 5637 invadit,

279 5656 369 5725 qui
435 5669 542 5709 non
587 5655 780 5724 dignus
839 5666 921 5711 est
965 5671 1085 5712 esse
1135 5657 1424 5726 discipulus
1465 5676 1480 5712 :
1522 5662 1871 5729 quamobrem

279 5747 616 5816 liypocritam
650 5748 798 5802 illum
820 5747 1048 5802 vocavit.
1079 5747 1208 5802 Nam
1231 5750 1318 5818 qui
1351 5752 1400 5804 in
1423 5751 1612 5806 alienis
1633 5750 1703 5808 ita
1733 5769 1874 5810 acer-

350 5859 364 5888 ⁸
404 5855 511 5914 Alii.
533 5871 756 5919 magnam
778 5856 872 5909 sibi
888 5858 1034 5910 reniti:
1057 5857 1372 5920 largitionem.

1212 419 1280 478 ΙΝ
1316 413 1722 476 ΜΔτῖἭιΕυΜ
1763 408 1994 470 ιιοδειι.
2036 406 2206 465 XXIII
2254 410 2328 464 al.
2370 407 2560 464 XXIV.

3460 409 3562 466 3l0

1961 525 2060 580 bus
2084 539 2162 591 es,
2207 533 2266 580 ut
2291 525 2455 580 etiam
2495 525 2684 595 exigua
2711 524 2928 588 videas,
2959 526 3231 594 quomodo
3274 526 3326 582 in
3356 527 3466 581 suis
3491 529 3563 582 ita

1957 617 2233 688 negligens
2258 615 2427 683 fuisti,
2462 627 2521 672 ut
2543 618 2706 674 etiam
2729 633 2920 690 magna
2941 629 3341 676 transcurreres
3366 620 3391 674 ?
3417 618 3566 691 Ejt’cc

1960 711 2179 778 primum
2225 708 2417 765 trabem
2447 710 2513 764 de
2539 711 2690 765 oculo
2716 719 2824 765 tuo;
2868 710 3056 767 νεάδην
3079 703 3224 781 quod
3268 726 3375 767 non
3417 719 3564 769 vetet

1952 801 2216 870 judicare,
2243 804 2340 857 sed
2365 801 2555 871 iubeat
2580 803 2812 872 primum
2844 803 3045 873 ejicere
3073 803 3280 859 trabem
3309 819 3376 859 ex
3403 802 3564 858 oculo

1957 902 2072 959 tuo,
2099 900 2155 949 et
2186 901 2313 949 tunc
2353 893 2582 948 aliorum
2606 903 2782 950 errata
2810 894 3102 965 corrigere.
3134 893 3267 949 Nam
3287 909 3390 951 sua
3415 895 3567 967 quis-

1957 999 2063 1054 que
2093 985 2265 1054 magis
2309 984 2458 1038 novit
2489 999 2649 1053 quam
2689 984 2866 1040 aliena
2887 1028 2903 1052 ,
2938 994 2996 1040 et
3039 983 3242 1056 majora
3273 985 3419 1040 videt
3443 985 3566 1055 plus

1957 1089 2116 1144 quam
2146 1075 2352 1129 minora
2375 1116 2388 1139 ,
2430 1091 2596 1146 seque
2639 1075 2811 1146 magis
2855 1086 3002 1131 amat
3031 1092 3192 1147 quam
3231 1077 3560 1148 proximum.

1959 1164 2143 1236 Itaque
2164 1166 2211 1222 si
2231 1181 2414 1222 curam
2437 1181 2633 1238 gerens
2659 1167 2711 1223 id
2743 1165 2899 1236 facis,
2928 1169 3002 1224 tui
3029 1184 3213 1224 curant
3236 1185 3361 1235 cere
3388 1173 3559 1240 prius,

1957 1259 2049 1313 ubi
2076 1269 2131 1314 et
2151 1259 2348 1314 clarius
2370 1267 2426 1314 et
2470 1259 2644 1330 majus
2669 1267 2755 1314 est
2783 1269 3085 1330 peccatum.
3116 1257 3270 1327 Quod
3293 1261 3338 1314 si
3369 1245 3562 1316 teniet-

1957 1354 2132 1424 ipsum
2171 1352 2473 1408 contemnis
2496 1395 2509 1416 ,
2542 1353 2719 1422 palam
2767 1339 2870 1409 est'
2906 1363 2961 1409 te
3003 1368 3109 1410 non
3141 1351 3263 1409 ideo
3289 1355 3360 1410 de
3397 1355 3565 1410 fratre

1959 1455 2048 1500 tuo
2071 1444 2317 1515 judicare
2335 1485 2350 1508 ,
2393 1445 2537 1516 quod
2562 1445 2679 1515 ejus
2708 1460 2893 1502 curam
2917 1461 3076 1516 geras
3097 1486 3113 1510 ,
3144 1446 3240 1501 sed
3265 1447 3408 1516 quod
3436 1445 3562 1501 odio

1961 1538 2161 1594 habeas
2201 1550 2256 1594 et
2291 1538 2572 1594 diifamare
2609 1539 2763 1594 velis.
2803 1538 2859 1594 Si
2889 1538 3056 1595 enim‘
3075 1549 3325 1610 oporteat
3353 1539 3424 1593 de
3469 1537 3561 1591 illo

1953 1630 2201 1700 iudicari.
2252 1628 2322 1684 ab
2366 1646 2433 1684 eo
2461 1629 2725 1700 judicium
2775 1629 3084 1700 ferendum.
3140 1633 3231 1700 qui
3281 1628 3413 1688 nihil
3457 1629 3563 1684 tale

1957 1723 2266 1789 commisit,
2309 1737 2414 1779 non
2461 1739 2492 1778 a
2540 1735 2611 1779 te.
2650 1723 2784 1790 Quia
2825 1724 2969 1779 enim
3010 1740 3202 1796 magna
3230 1733 3285 1778 et
3313 1723 3562 1780 sublimia

1958 1817 2140 1888 posuit
2163 1816 2514 1886 philosophia:
2554 1818 2802 1888 degmata
2820 1859 2834 1881 ,
2869 1833 2938 1872 ne
2963 1818 3084 1889 quis
3111 1817 3348 1882 diceret,
3377 1817 3430 1872 in
3458 1817 3562 1872 illis

1959 1923 2210 1964 sermone
2250 1907 2624 1979 philosophari
2657 1908 2816 1964 facile
2841 1925 2963 1964 esse
2983 1951 2998 1976 ,
3031 1919 3088 1963 ut
3124 1908 3353 1964 fidenter
3379 1919 3564 1964 osten-

1958 2002 2083 2068 dat,
2115 2016 2177 2058 se
2201 2001 2252 2055 in
2282 2017 2443 2072 supra
2470 2001 2736 2057 dictorum
2767 2001 2915 2057 nullo
2935 2003 3129 2058 rationi
3155 2001 3442 2058 reddenda-
3464 2000 3565 2056 ob-

1962 2095 2180 2148 noxium
2202 2108 2323 2149 esse
2347 2134 2363 2160 ,
2391 2093 2486 2148 sed
2508 2093 2688 2148 omnia
2714 2093 3011 2166 perfecisse
3046 2095 3220 2150 :hanc
3247 2093 3558 2164 parabolam

1959 2183 2118 2240 dixit.
2169 2183 2302 2241 Nam
2354 2185 2471 2253 ipse
2511 2199 2727 2256 quoque
2779 2196 2964 2257 postea
3004 2197 3121 2242 erat
3163 2185 3503 2256 judicaturus
3545 2204 3559 2238 :

1971 2278 2060 2332 Vw
2077 2279 2230 2344 vobis,
2247 2279 2428 2333 scriba
2442 2289 2489 2332 et
2513 2277 2768 2333 Phariswi
2787 2279 3068 2351 hypocrita:
3090 2278 3307 2351 (Matth.
3329 2279 3420 2334 23.
3441 2278 3561 2348 Η),

1962 2368 2132 2438 inquit
2161 2385 2176 2433 ;
2205 2378 2259 2422 at
2289 2369 2380 2423 ille
2407 2384 2513 2423 non
2535 2378 2654 2424 erat
2693 2347 2969 2441 illis,vquae
2995 2347 3228 2433 diccbai,
3256 2370 3560 2426 obnoxius:

1961 2473 2134 2526 neque
2162 2459 2304 2513 cnim
2332 2458 2593 2513 festucam
2621 2459 2872 2528 ejeccrat,
2915 2459 3090 2531 neque
3117 2460 3322 2516 trabem
3354 2461 3406 2514 itt
3435 2474 3565 2513 ocu-

1961 2550 2027 2605 lis
2061 2551 2293 2608 habebat
2326 2569 2342 2616 ;
2375 2551 2469 2606 sed
2502 2551 2552 2606 in
2583 2551 2668 2606 his
2694 2551 2946 2607 omnibus
2975 2552 3162 2608 insons
3187 2565 3234 2608 et
3268 2569 3456 2622 purus,
3485 2552 3564 2607 sic

1961 2646 2202 2699 omnium
2243 2633 2459 2714 peccata
2499 2644 2822 2716 corrigebat.
2853 2644 3039 2716 Neque
3064 2645 3206 2700 enim
3237 2645 3398 2699 debet
3424 2645 3469 2698 is
3495 2644 3567 2698 de

1960 2737 2170 2790 cmteris
2209 2734 2471 2804 judicare,
2495 2736 2585 2806 qui
2613 2736 2802 2791 iisdem
2833 2737 3003 2806 culpis
3033 2737 3148 2806 ipse
3173 2738 3243 2794 sit
3273 2738 3556 2792 obnoxius.

1968 2830 2034 2883 Et
2061 2828 2189 2898 quid
2218 2828 2452 2892 miraris,
2479 2829 2523 2883 si
2552 2829 2687 2883 hanc
2721 2829 2836 2899 ipse
2858 2829 3029 2898 legem
3060 2832 3318 2899 posuerit,
3351 2829 3567 2901 quando

1965 2923 2104 2974 latro
2134 2921 2186 2972 in
2214 2933 2376 2973 cruce
2424 2919 2595 2989 ipsam
2627 2922 2874 2990 agnovit,
2903 2935 3024 2975 cum
3057 2918 3214 2976 alteri
3249 2922 3442 2976 latroni
3475 2922 3563 2974 di-

1963 3021 2112 3066 ceret
2140 3029 2155 3066 :
2188 3010 2368 3079 Neque
2401 3021 2457 3064 tu
2483 3013 2628 3065 times
2671 3011 2832 3067 Deum
2865 3028 2884 3066 :
2909 3014 3047 3084 quod
3073 2992 3242 3067 nonin
3271 3013 3450 3067 eadem
3472 3014 3570 3066 da-

1968 3105 2223 3157 mnantione
2239 3120 2414 3157 sumus
2436 3101 2590 3175 (Luc.
2610 3103 2701 3157 ‘25.
2732 3104 2824 3171 40)
2856 3122 2869 3156 :
2898 3103 3099 3159 Christi
3129 3107 3409 3161 sementim
3431 3122 3568 3160 con-

1966 3211 2096 3249 sona
2127 3195 2358 3250 dicens?
2399 3196 2479 3250 'l‘u
2513 3211 2644 3250 vero
2685 3196 2890 3250 trabem
2931 3207 3076 3250 tuam
3119 3213 3224 3250 non
3268 3199 3428 3251 modo
3460 3214 3568 3252 non

1964 3289 2146 3359 ejieis,
2195 3288 2288 3342 sed
2333 3301 2400 3341 ne
2441 3287 2592 3341 vides
2633 3286 2850 3356 quidem
2881 3304 2895 3353 ;
2925 3287 3105 3342 fratris
3153 3304 3280 3343 vero
3312 3290 3568 3345 festucam
3667 3291 3673 3296 ’

1967 3395 2074 3432 non
2105 3380 2267 3433 modo
2295 3378 2477 3442 vides,
2508 3379 2601 3434 sed
2633 3379 2865 3449 judicas,
2911 3379 3162 3449 illamque
3193 3381 3388 3451 ejicere
3407 3395 3571 3435 cona-

1970 3472 2044 3522 ris
2075 3489 2086 3523 :
2117 3484 2178 3524 ac
2215 3470 2258 3524 si
2291 3471 2411 3541 quis
2441 3480 2532 3525 aut
2558 3471 2852 3542 Itydropisi,
2886 3479 2981 3526 aut
3004 3471 3110 3527 alio
3138 3473 3327 3527 morbo
3354 3473 3570 3528 incura-

1970 3560 2061 3614 bili
2084 3561 2375 3616 admodum
2417 3560 2667 3616 laborans
2687 3603 2702 3628 ,
2733 3562 2785 3617 id
2818 3563 3113 3633 neglig'eret
3134 3603 3149 3625 .
3195 3566 3574 3634 incusaretquc.

1969 3653 2128 3706 alium
2159 3654 2247 3722 qui
2281 3654 2453 3709 levem
2490 3656 2724 3726 aliquem
2770 3663 3035 3712 tumorem
3078 3672 3185 3711 non
3223 3669 3459 3714 curaret.
3514 3659 3570 3713 Si

1971 3761 2102 3802 vero
2138 3747 2338 3802 malmn
2379 3757 2463 3803 est
2491 3765 2584 3804 sua
2626 3758 2844 3819 peccata
2875 3765 2981 3803 non
3009 3750 3220 3814 videre,
3250 3750 3445 3821 duplex
3479 3751 3574 3804 tri.-

1972 3844 2204 3912 pleane
2226 3843 2423 3898 malum
2452 3853 2536 3896 est
2562 3843 2634 3898 de
2662 3843 2783 3898 aliis
2803 3843 3046 3912 judicare
3065 3857 3181 3907 eos,
3206 3845 3295 3914 qni
3319 3845 3434 3898 sine
3463 3845 3574 3898 ullo

1972 3933 2172 3989 doloris
2201 3949 2362 3989 sensu
2395 3937 2576 3990 trabes
2602 3937 2655 3990 in
2693 3935 2863 3990 oculis
2887 3935 3001 3990 suis
3023 3946 3257 4005 gesumt.
3288 3935 3574 3993 Peccatum

1972 4027 2170 4096 quippe
2191 4025 2340 4081 trabe
2363 4028 2579 4096 gravius
2606 4037 2708 4082 est.

2047 4122 2098 4175 5.
2141 4116 2373 4174 Christus
2402 4137 2503 4172 non
2528 4129 2657 4172 vetat
2689 4120 2821 4174 alios
2860 4137 3104 4192 arguere,
3135 4123 3224 4175 sed
3251 4124 3374 4192 quid
3402 4122 3576 4177 velut?

1977 4211 2295 4282 Explanatio
2344 4210 2504 4274 illius,
2532 4211 2706 4266 Nolite
2761 4211 2890 4268 dare
2941 4223 3125 4267 sancta
3174 4215 3432 4281 canibus,
3472 4229 3572 4269 etc.

1979 4305 2227 4374 Mysteria
2265 4319 2360 4356 cur
2385 4303 2568 4373 jrmuis
2603 4303 2794 4356 clausis
2819 4303 3210 4358 celebrarentur.
3245 4335 3311 4346 --
3334 4305 3446 4361 lloc
3473 4307 3574 4376 ἰείη

1979 4407 2062 4449 tu:
2090 4411 2185 4466 per
2211 4411 2271 4449 ea
2302 4410 2422 4463 qua:
2451 4393 2594 4460 dicta
2623 4404 2747 4449 sunt
2778 4397 3033 4466 prauaepit
3053 4437 3068 4460 ,
3109 4414 3306 4467 nempe
3332 4414 3454 4453 eum
3484 4401 3573 4467 qui

1977 4488 2246 4542 sexcentis
2278 4485 2422 4540 vitiis
2452 4486 2517 4539 sit
2547 4484 2833 4552 obuoxius,
2862 4488 3054 4542 aliena:
3083 4489 3255 4558 enim!
3279 4506 3384 4544 non
3417 4507 3576 4546 sevc-

1979 4597 2095 4636 rum
2125 4595 2246 4636 csse
2277 4579 2516 4649 judicent
2549 4590 2820 4647 oportere,
2854 4582 2896 4633 si
2932 4581 3164 4636 maxime
3190 4583 3419 4638 aliorum
3447 4600 3575 4652 pec-

1977 4683 2095 4729 cata
2120 4673 2376 4728 sintlevia
2413 4690 2426 4726 :
2461 4671 2731 4749 uon‘quod
2761 4681 2905 4727 vetet
2934 4691 3159 4744 arguere
3178 4684 3225 4729 et
3263 4677 3571 4736 emendare.

1977 4765 2070 4821 sed
2103 4764 2243 4833 quod
2278 4763 2555 4831 prohibeat
2583 4766 2796 4832 propria
2831 4765 2970 4818 mala
2994 4767 3285 4836 uegbgcre,
3312 4778 3364 4822 ct
3386 4767 3579 4822 alienis

1978 4860 2251 4916 insultare.
2281 4857 2492 4913 Etenim
2526 4859 2653 4911 illud
2687 4860 2739 4911 in
2776 4875 3025 4928 magnum
3052 4871 3296 4929 vergeret
3325 4863 3576 4932 nequitia!

1978 4959 2343 5021 augmentum,
2377 4949 2764 5019 duplicemque
2797 4951 3075 5005 inveheret
3122 4953 3400 5008 malitiam.
3443 4953 3575 5008 Nam

1979 5043 2066 5110 qui
2094 5044 2326 5110 peccatis
2347 5041 2478 5100 suis,
2509 5040 2608 5092 ctsi
2637 5041 2909 5109 gravibus,
2944 5042 3222 5112 neglectis,
3249 5044 3478 5100 aliorum
3502 5047 3579 5098 vi-

1982 5135 2051 5185 tia
2101 5147 2262 5201 parva
2314 5131 2558 5200 leviaque
2603 5133 2851 5186 acerbius
2901 5133 3169 5190 discutere
3218 5137 3492 5200 studeret,
3526 5141 3577 5194 iu

1979 5223 2246 5291 duplicent
2291 5222 2589 5276 incurreret
2619 5224 2792 5278 labem
2817 5241 2832 5287 ;
2861 5235 2910 5278 et
2935 5227 3076 5294 quod
3115 5229 3331 5298 propria
3360 5244 3576 5300 peccata

1981 5313 2276 5383 uegligeret
2323 5321 2801 5382 contemneretqne
2827 5358 2841 5376 ,
2874 5324 2929 5368 et
2957 5316 3100 5385 quod
3131 5319 3372 5374 omnium
3403 5321 3579 5375 alien-

1979 5409 2184 5458 sionem
2243 5403 2685 5474 iuimicitiamque
2736 5406 2788 5458 in
2839 5420 2898 5460 se
2947 5409 3272 5469 concitaret.
3319 5421 3482 5482 atque
3527 5415 3578 5471 in

1980 5504 2276 5548 extremam
2313 5492 2757 5549 iulmmanitatem
2789 5495 3166 5570 feritatemque
3185 5505 3427 5572 quotidie
3458 5523 3581 5575 pro-

1979 5583 2216 5638 cederet.
2266 5582 2360 5637 llis
2390 5585 2569 5652 itaque
2609 5587 2859 5640 omnibus
2887 5605 2984 5656 per
3014 5590 3151 5646 hanc
3183 5594 3462 5662 pulchram
3506 5598 3582 5652 le.

1978 5688 2100 5742 gem
2131 5674 2374 5737 sublatis,
2408 5674 2513 5728 hoc
2533 5676 2675 5730 aliud
2700 5678 2974 5748 subjungit
3004 5693 3325 5753 prtcccptum
3351 5703 3364 5738 :
3395 5688 3448 5742 6.
3477 5687 3578 5742 No-

1984 5773 2070 5820 lite
2109 5776 2285 5820 sancta
2315 5767 2440 5820 dare
2467 5769 2679 5822 canibus
2700 5811 2713 5832 ,
2754 5786 2914 5838 neque
2958 5775 3243 5844 proﬁciatis
3273 5784 3579 5850 margaritas

1980 5867 2170 5912 uestras
2193 5867 2310 5912 ante
2334 5873 2517 5929 porcos
2541 5859 2559 5926 (
2583 5857 2771 5915 Matth.
2812 5863 2892 5916 l0.
2928 5863 2997 5918 ‘27
3016 5865 3055 5936 ).
3081 5867 3239 5935 Atqui
3271 5873 3321 5925 in
3349 5887 3584 5942 sequen-
