4110 6306
555 445 654 501 3H

555 562 699 618 tibus
721 599 736 624 ,
767 555 972 628 inquies
998 594 1014 618 ,
1056 549 1333 624 pmipit,
1371 546 1438 602 Et
1462 545 1594 616 quod
1630 545 1684 598 in
1726 557 1853 597 aure
1891 537 2077 593 auditis
2101 577 2118 602 ,

555 651 828 721 pradicete
842 661 995 717 super
1019 651 1167 698 tecta.
1201 641 1396 696 Verum
1421 636 1523 692 hoc
1555 632 1716 705 priori
1752 646 1856 685 non
1888 637 1970 685 est
1993 642 2126 682 cou-

557 716 799 797 irarium.
847 716 1028 807 Neque
1065 734 1173 789 illic
1211 730 1462 788 omnibus
1499 726 1650 796 jubet
1691 721 2000 792 praedicare,
2031 716 2126 772 sed

557 835 622 892 iis
657 833 850 904 quibus
879 826 1274 900 praedicandum
1303 832 1416 888 est,
1458 835 1576 876 cum
1603 817 1792 874 fiducia
1837 813 1889 869 id
1928 811 2125 866 facere.

553 903 729 980 Canes
756 931 928 976 autem
958 920 1044 975 hic
1067 926 1220 973 vocat
1238 917 1326 986 qui
1355 915 1408 969 in
1438 912 1709 981 impietate
1736 906 1896 963 vitam
1927 903 2131 959 ducunt

556 1014 851 1075 incurahili,
878 1023 935 1067 et
967 1011 1018 1064 in
1046 1010 1236 1077 quibus
1265 1021 1389 1076 spes
1421 1004 1564 1059 nulla
1590 999 1900 1058 mutationis
1937 1001 1991 1052 lu
2025 1009 2132 1051 me-

555 1111 679 1163 lius.
727 1105 928 1159 Porcos
964 1116 1090 1154 vero
1120 1100 1238 1153 illos
1266 1097 1355 1166 qui
1386 1094 1597 1150 luxuria
1629 1091 1886 1158 perditam
1915 1102 2131 1157 semper

555 1198 717 1252 vitam
747 1204 930 1265 agunt,
960 1205 1095 1261 quos
1116 1203 1304 1243 omnes
1330 1182 1631 1255 hujusmodi
1654 1181 1893 1236 doctrina
1922 1178 2134 1234 dicebat

556 1288 820 1358 indignos.
855 1284 966 1338 lloc
993 1282 1135 1337 enim
1167 1281 1324 1335 etiam
1366 1277 1559 1333 Paulus
1591 1273 1852 1344 significat
1890 1271 1972 1326 bis
2009 1287 2133 1326 ver-

557 1379 638 1434 bis
667 1399 682 1433 :
719 1375 967 1431 Animalia
993 1383 1163 1427 autem
1207 1372 1355 1426 homo
1380 1386 1480 1422 non
1517 1367 1729 1437 percipit
1770 1382 1829 1419 ea
1864 1378 1977 1434 qua
2005 1362 2131 1430 Spi-

557 1471 686 1522 ritus
710 1477 872 1521 sunt:
905 1465 1119 1520 stultitia
1145 1463 1276 1515 enim
1308 1470 1381 1514 est
1404 1460 1484 1531 illi
1513 1459 1590 1528 (l.
1616 1458 1730 1511 Cor.
1759 1456 1815 1510 Ξ.
1849 1456 1961 1523 Η).
1994 1452 2131 1507 Alibi

556 1573 769 1628 quoque
809 1570 953 1623 srcpe
994 1554 1124 1607 dicit
1166 1552 1289 1605 vita:
1326 1550 1720 1617 corruptionem
1751 1547 1803 1599 in
1831 1559 1988 1598 causa
2015 1556 2135 1598 esse

558 1666 654 1703 cur
678 1647 987 1718 perfectiora
1007 1645 1250 1714 dogmata
1285 1656 1388 1696 non
1420 1639 1758 1708 recipiantur.
1792 1635 1966 1703 Quare
1989 1640 2135 1688 vetat

560 1745 688 1811 ipsis
727 1742 916 1810 januas
951 1737 1142 1807 aperiri
1178 1732 1477 1804 :siquidem
1515 1739 1787 1800 postquam
1821 1726 2135 1791 didicerint,

563 1834 850 1894 ferociores
902 1829 1153 1886 evadunt.
1201 1826 1326 1881 llaec
1379 1823 1592 1894 quidem
1639 1820 1817 1891 probis
1856 1834 1920 1874 ac
1957 1825 2137 1873 mente

564 1924 860 1980 valentibus
885 1921 1114 1978 revelata
1135 1962 1149 1984 ,
1181 1916 1482 1974 veneranda
1509 1915 1756 1970 videntur
1787 1930 1800 1965 :
1827 1909 2137 1966 socordibus

564 2031 690 2071 vero
719 2016 885 2086 magis
915 2015 1243 2070 honorantur
1275 2011 1530 2078 ignorata.
1570 2005 1637 2059 lis
1677 2004 1834 2074 igitur
1869 2001 1990 2071 quia
2033 2015 2137 2053 non

563 2116 786 2176 possunt
809 2121 877 2161 ex
917 2113 1103 2159 natura
1141 2103 1229 2156 illa
1261 2101 1521 2162 ediscere,
1551 2094 1904 2157 occultentur,
1948 2088 2138 2160 inquit,

566 2209 622 2256 ut
656 2201 840 2255 saltem
864 2213 931 2253 ex
958 2194 1255 2267 ignorantia
1285 2192 1370 2246 illa
1395 2197 1758 2246 revereantur.
1789 2185 1969 2253 Neque
1995 2181 2138 2237 enim

564 2306 756 2362 porcus
781 2290 924 2345 novit
965 2290 1090 2358 quid
1118 2291 1186 2342 sit
1225 2282 1528 2354 margarita.
1557 2281 1688 2347 Quia
1715 2278 1873 2348 igitur
1912 2290 2016 2329 non
2042 2289 2136 2327 no-

567 2384 660 2446 vit,
684 2397 752 2437 ne
770 2380 944 2436 videat
966 2378 1203 2448 quidem,
1234 2390 1301 2430 ne
1321 2372 1597 2429 conculcet
1620 2385 1683 2424 ea
1705 2384 1824 2439 qua:
1851 2381 1956 2421 non
1974 2363 2140 2419 novit.

565 2472 706 2526 Nihil
735 2471 876 2526 enim
904 2469 1104 2524 accedit
1131 2468 1193 2521 iis
1215 2465 1305 2536 qui
1341 2465 1411 2518 ita
1448 2474 1570 2518 sunt
1599 2458 1772 2516 affecti
1811 2458 1854 2511 si
1889 2457 2143 2519 audiant,

570 2565 671 2619 nisi
700 2563 874 2633 majus
915 2561 1190 2616 damnum.
1241 2558 1446 2612 Etenim
1483 2563 1665 2609 sancta
1694 2552 1763 2605 ab
1789 2550 1854 2604 iis
1881 2558 2146 2603 temeran-

569 2668 683 2720 tur,
721 2663 904 2723 utpote
943 2652 1033 2706 illa
1062 2648 1424 2721 ignorantibus
1455 2663 1466 2698 :
1497 2655 1550 2699 et
1581 2643 1679 2710 ipsi
1703 2642 1932 2696 ferocius
1960 2648 2144 2697 contra

571 2761 669 2801 nos
701 2747 981 2814 insurgunt
1005 2741 1213 2794 armati.
1247 2738 1357 2793 Hoc
1388 2738 1530 2792 enim
1563 2732 1824 2803 significat
1853 2731 1978 2784 illud
2014 2748 2028 2783 :
2064 2729 2148 2782 Ne

569 2837 859 2897 nonculcent
885 2852 989 2899 eas,
1015 2843 1065 2889 et
1087 2835 1314 2886 conversi
1341 2831 1634 2898 dirumpunt
1661 2842 1768 2881 vos.
1805 2825 1910 2880 Sed
1941 2825 2008 2877 ita
2037 2822 2149 2876 for-

573 2935 695 2986 titer
723 2931 929 2984 haerere
950 2927 1236 2988 debebant,
1260 2933 1313 2977 ut
1341 2923 1504 2976 semel
1530 2920 1717 2974 tradita
1750 2918 1941 2971 invicta
1963 2929 2150 2970 inane-

573 3031 714 3087 rent,
744 3035 843 3074 nec
863 3034 1046 3074 ansam
1074 3018 1176 3070 illis
1203 3023 1387 3070 contra
1416 3028 1512 3067 nos
1545 3010 1866 3082 praeberent.
1889 3008 2004 3062 Non
2027 3022 2155 3078 prae-

574 3112 699 3166 bent
717 3119 896 3163 autem
917 3107 1004 3161 illa
1024 3119 1230 3164 ansam,
1249 3103 1341 3157 sed
1365 3103 1416 3156 hi
1438 3103 1526 3172 qui
1551 3101 1694 3170 porci
1717 3110 1870 3153 sunt:
1893 3097 2153 3167 quemad-

577 3199 788 3254 modum
809 3197 1087 3266 margarita
1106 3192 1327 3263 pedibus
1342 3191 1560 3255 calcata,
1582 3204 1686 3243 non
1701 3187 1839 3258 quod
1853 3186 2152 3256 spernenda

577 3293 647 3346 sit
685 3289 1052 3349 conculcatur,
1084 3283 1177 3339 sed
1206 3284 1326 3353 quia
1374 3284 1426 3335 in
1459 3295 1646 3351 porcos
1677 3279 1878 3333 incidit.
1912 3281 1986 3332 Ac
2030 3276 2154 3347 pul-

576 3385 703 3440 (ιλιι-θ
727 3383 860 3437 dixit
887 3399 900 3435 :
923 3380 1160 3436 Conversi
1179 3378 1472 3446 dirumpunt
1498 3390 1601 3432 eos.
1628 3373 1937 3428 Modestiam
1959 3372 2156 3440 quippe

578 3476 864 3538 simulant,
917 3481 974 3526 ut
1019 3471 1268 3532 discant;
1316 3475 1594 3537 postquam
1643 3479 1770 3520 vero
1816 3461 2152 3525 didicerunt,

581 3571 669 3622 alii
724 3584 788 3622 ex
841 3567 961 3620 aliis
1009 3563 1180 3619 effecti
1237 3559 1462 3614 illudunt
1516 3557 1703 3620 nobis,
1768 3555 2052 3609 traducunt
2105 3560 2161 3606 et

585 3660 805 3717 irrident
850 3672 948 3712 nos
990 3656 1140 3727 quasi
1185 3651 1458 3721 deceptos.
1490 3649 1716 3717 Ideoque
1756 3645 1950 3700 Paulus
1980 3643 2162 3698 Timo-

584 3753 708 3806 theo
754 3747 964 3804 diccbat
1011 3763 1026 3799 :
1080 3745 1239 3810 Quem
1271 3755 1316 3797 et
1361 3751 1416 3794 tu
1463 3740 1674 3794 devita:
1721 3737 1870 3790 valde
1908 3736 2039 3788 enim
2079 3749 2162 3786 re—

581 3844 705 3895 stitit
756 3840 915 3894 verbis
970 3827 1152 3891 nostris
1201 3833 1314 3906 (2.
1371 3830 1507 3886 Tim.
1566 3831 1619 3883 ι.
1663 3824 1814 3899 l5);
1872 3839 2164 3891 rursusque

585 3934 729 3996 alibi,
762 3930 831 3986 Et
855 3931 944 3983 hos
969 3927 1132 3981 desita
1156 3925 1234 3992 (2.
1266 3921 1397 3975 Tim.
1434 3922 1486 3975 3.
1519 3920 1608 3988 5);
1637 3927 1711 3984 et,
1746 3916 2049 3970 "creticum
2071 3914 2164 3966 lio-

587 4029 771 4079 minem
800 4032 910 4094 post
937 4036 1092 4076 unam
1115 4029 1159 4072 et
1198 4018 1411 4070 alteram
1435 4012 1822 4066 admonitionem
1847 4007 2011 4062 devita
2032 4005 2161 4074 (Tit.

584 4117 640 4172 3.
672 4114 782 4185 {0).
813 4112 928 4168 Non
955 4111 1114 4182 igitur
1139 4108 1206 4163 ab
1233 4107 1338 4161 illis
1357 4112 1653 4166 armantur,
1685 4100 1778 4155 sed
1804 4113 1987 4153 eorum
2011 4111 2168 4150 occa-

589 4210 742 4264 sione
768 4205 913 4260 stulti
951 4201 1202 4265 evadunt,
1231 4199 1420 4265 majori
1445 4194 1743 4264 arrogantia
1778 4191 1986 4260 repleti.
2013 4189 2166 4242 lden-

589 4315 695 4371 que
716 4314 821 4353 non
842 4309 1027 4365 parum
1054 4292 1186 4346 lucri
1214 4288 1336 4342 inde
1357 4285 1580 4349 accedit,
1608 4285 1650 4335 si
1675 4283 1726 4336 in
1750 4295 1846 4335 sua
1873 4277 2169 4349 ignorantia

595 4398 887 4448 maneant:
933 4387 1012 4440 sic
1039 4383 1182 4439 enim
1227 4395 1332 4434 nou
1364 4380 1431 4431 ita
1465 4372 1775 4443 despicient.
1825 4370 1880 4425 Si
1924 4383 2050 4421 vero
2093 4366 2176 4420 di-

596 4491 767 4546 scant,
806 4480 1003 4549 duplex
1031 4473 1255 4542 emergit
1283 4470 1552 4524 damnum.
1602 4464 1680 4518 llli
1720 4461 1861 4516 enim
1893 4460 2016 4515 inde
2041 4459 2173 4512 nihil

598 4576 800 4629 fructus
827 4568 1147 4640 percipient;
1180 4566 1285 4619 imo
1311 4561 1476 4630 magis
1507 4556 1782 4618 Ledentur,
1809 4553 2007 4622 tibique
2030 4552 2175 4604 mille

601 4666 808 4735 negotia
851 4658 1205 4715 suscitabnnt.
1254 4652 1483 4706 Audiam
1521 4650 1557 4702 ii
1582 4648 1670 4717 qui
1699 4645 2037 4716 impudenter
2064 4657 2178 4696 om-

601 4759 756 4812 nibus
782 4769 841 4809 se
866 4752 1178 4812 admiscent,
1224 4755 1278 4800 et
1304 4739 1597 4796 veneranda
1631 4751 1854 4808 quaeque
1879 4730 2176 4804 spernenda

603 4850 850 4904 reddunt.
897 4843 1028 4900 Nam
1073 4837 1322 4912 mysteria
1363 4835 1481 4888 ideo
1509 4829 1687 4902 januis
1714 4828 1906 4881 clausis
1939 4824 2181 4879 celebra-

606 4955 743 5007 mus,
767 4947 820 4992 et
849 4952 954 4990 non
996 4931 1228 4986 initiatos
1265 4924 1554 4993 abigimus,
1596 4934 1701 4972 non
1736 4915 1874 4985 quod
1905 4914 2183 4968 inﬁrmita-

608 5041 713 5085 tem
740 5027 1020 5097 quamdam
1050 5023 1102 5076 in
1133 5021 1234 5074 illis
1263 5013 1748 5087 deprehendamus,
1773 5008 1865 5062 sed
1889 5008 2004 5076 quia
2031 5004 2182 5058 multi

611 5094 1026 5188 Enipei-fectiores
1072 5119 1216 5173 sum,
1248 5120 1403 5176 quam
1452 5112 1507 5156 ut
1559 5100 1688 5168 ipsis
1733 5097 1933 5166 poSsint
1971 5094 2180 5148 adesse.

612 5186 734 5264 ideo
771 5206 860 5260 ille
896 5203 1054 5257 multa
1097 5200 1150 5253 in
1193 5195 1454 5268 parabolis
1482 5191 1793 5261 loquebatur
1816 5187 2030 5248 JUdiIliS,
2062 5186 2184 5254 quia

615 5301 856 5355 videntes
881 5310 985 5350 non
1012 5292 1279 5347 videbant.
1304 5288 1634 5356 Quapropter
1659 5282 1853 5336 Paulus
1879 5277 2187 5345 scirejussit

614 5386 882 5458 quomodo
929 5357 1486 5449 oporteat‘unicuique
1528 5370 1876 5440 respondere.
1916 5368 1945 5420 7
2004 5365 2185 5429 Petite,

617 5490 660 5531 et
687 5478 887 5531 dabitur
916 5475 1080 5534 vobis;
1110 5473 1336 5542 quaerite,
1369 5477 1412 5523 et
1435 5462 1727 5524 invenietis;
1756 5459 1970 5528 pulsate,
2002 5466 2048 5510 et
2078 5473 2192 5526 ape-

620 5573 772 5623 rietur
792 5566 946 5621 vobis.
977 5565 1106 5632 Quia
1136 5563 1275 5618 enim
1298 5573 1483 5629 magna
1508 5564 1563 5610 et
1591 5550 1899 5608 admiranda
1923 5547 2189 5618 praecepit,

623 5659 868 5713 omnibus
902 5656 1062 5724 jussit
1089 5650 1366 5708 affectibus
1389 5661 1508 5704 esse
1559 5642 1882 5714 superiores,
1914 5637 1982 5693 ad
2023 5639 2194 5707 ipsum

623 5753 811 5807 celum
843 5747 1073 5810 adduxit,
1099 5758 1161 5800 ac
1187 5741 1401 5798 studere
1426 5735 1697 5808 praecepit,
1745 5746 1849 5786 non
1890 5738 1946 5784 ut
1994 5727 2194 5798 angelis

1255 433 1306 491 S.
1344 425 1622 488 JOANNIS
1657 417 2125 483 CllBYSOSTOMI
2163 412 2462 474 ARCHIEP
2520 400 3078 467 CONSTAN'I'INOP.

3691 388 3802 441 δη

2214 539 2268 584 et
2295 524 2663 595 archangelis,
2689 517 2783 575 sed
2811 517 2912 587 ipsi
2937 513 3182 568 omnium
3210 489 3440 562 Domino
3458 503 3500 567 ⁸,
3530 505 3797 595 quantum

2218 616 2331 672 ﬂeri
2367 586 2534 679 licet:
2558 609 2766 667 similes
2791 586 2982 661 simus.
3033 596 3342 667 Discipulos
3368 606 3496 646 vero
3532 603 3640 642 non
3696 586 3802 640 hoc

2219 710 2394 765 solum
2445 705 2726 776 perficere,
2757 697 2851 754 sed
2889 703 2944 749 et
2978 694 3116 747 alios
3157 687 3450 744 emendare
3480 681 3670 753 jussit,
3738 690 3806 730 ac

2217 800 2528 856 discernere
2563 795 2702 848 inter
2736 790 2909 845 malos
2937 783 2994 841 e't
3025 785 3220 845 bonos,
3250 779 3389 833 inter
3419 786 3585 830 canes
3613 779 3668 826 et
3691 783 3804 823 non

2220 904 2386 947 canes
2412 885 2606 956 (multa
2634 893 2817 938 autem
2841 877 3046 934 suntin
3080 871 3397 930 hominibus
3431 861 3697 928 occulta),
3738 875 3810 914 ne

2220 952 2462 1037 dicerent
2501 977 2616 1028 haec
2645 973 2780 1028 dura
2809 980 2862 1025 et
2883 963 3249 1023 intolerabilia
3275 974 3416 1014 esse.
3475 954 3610 1009 Nam
3638 952 3692 1004 iu
3719 964 3811 1004 se-

2223 1068 2516 1143 quentibus
2553 1065 2668 1119 bare
2708 1062 2904 1117 Petrus
2936 1057 3211 1128 loquitur:
3257 1051 3390 1116 Quis
3429 1055 3598 1118 potest
3630 1043 3812 1097 sulm

2225 1140 2379 1218 esse!
2424 1158 2489 1212 Et
2519 1173 2739 1212 rursus:
2791 1152 2853 1208 Si
2875 1153 2951 1205 ita
2979 1159 3058 1203 est
3080 1161 3245 1200 causa
3279 1140 3532 1200 hominis,
3584 1149 3689 1188 non
3719 1147 3816 1185 ex-

2225 1256 2366 1322 pedit
2396 1253 2587 1306 nubere
2618 1245 2839 1316 (Matth.
2868 1244 2952 1297 19.
2989 1239 3063 1294 25
3101 1237 3212 1306 10).

2308 1355 2363 1409 4.
2398 1352 2662 1421 Praecpta
2690 1348 2974 1420 evangeliea
3013 1344 3264 1418 precando
3301 1343 3522 1398 alienare
3563 1341 3824 1395 debemus.

2245 1443 2668 1498 Perseverandum
2693 1442 2746 1494 in
2774 1440 3019 1493 oratione.
3058 1466 3133 1477 —
3173 1434 3252 1497 Ne
3297 1434 3460 1503 igitur
3511 1429 3628 1485 haec
3658 1430 3819 1483 etiam

2241 1551 2381 1591 nunc
2408 1535 2620 1596 dicant,
2653 1547 2773 1586 cum
2818 1530 2925 1599 jam
2958 1529 3009 1582 in
3039 1524 3466 1597 praecedentibus
3505 1519 3829 1576 ostendisset

2243 1628 2328 1681 illa
2379 1641 2498 1680 esse
2541 1623 2750 1688 facilia,
2798 1618 3092 1676 ratiociniis
3132 1615 3496 1685 frequentibus
3544 1611 3831 1687 adductis,

2241 1733 2360 1788 qua:
2383 1715 2431 1770 id
2454 1714 2680 1769 suadere
2711 1721 2946 1780 possent,
2977 1710 3194 1764 demum
3229 1705 3490 1760 facilitatis
3517 1698 3832 1756 coronidem

2243 1807 2494 1876 apponit,
2521 1819 2627 1859 non
2669 1802 2871 1872 vulgari
2917 1800 3212 1866 excogitata
3255 1797 3305 1848 in
3336 1788 3606 1848 laboribus
3635 1803 3834 1844 conso-

2246 1901 2481 1962 latione,
2543 1910 2737 1966 nempe
2798 1892 3129 1946 assiduarum
3181 1901 3397 1956 precum
3443 1882 3662 1936 auxilio.
3715 1879 3835 1934 Non

2244 1992 2374 2045 satis
2413 1990 2558 2047 enim
2599 2002 2719 2040 esse
2761 1984 2922 2047 dicit,
2965 1982 3008 2035 si
3047 1980 3097 2034 id
3132 1977 3388 2048 perficere
3417 1989 3687 2036 curemus,
3739 1970 3834 2023 sed

2245 2096 2534 2152 supernum
2564 2095 2684 2134 esse
2710 2077 2962 2131 auxilium
2995 2069 3389 2141 implorandum
3421 2085 3433 2118 :
3467 2064 3608 2135 quod
3653 2063 3838 2130 utique

2249 2174 2423 2228 veniet
2449 2180 2504 2226 et
2529 2170 2699 2225 aderit
2727 2210 2740 2229 .
2785 2167 2945 2235 inque
2969 2161 3351 2218 certaminibus
3377 2171 3475 2212 nos
3499 2154 3743 2225 juvabit,
3783 2162 3838 2206 et

2247 2263 2424 2319 omnia
2467 2260 2635 2315 facilia
2672 2256 2877 2311 reddet.
2915 2255 3037 2306 Ideo
3062 2262 3242 2321 petere
3271 2248 3462 2316 jussit,
3498 2260 3564 2298 ac
3597 2259 3657 2298 se
3685 2243 3840 2295 datu-

2248 2370 2365 2420 rum
2391 2350 2699 2420 spopondit.
2727 2347 2925 2401 Verum
2971 2342 3240 2412 postulare
3283 2338 3442 2408 jussit
3490 2349 3595 2388 non
3622 2333 3797 2388 obiter
3819 2370 3840 2396 ,

2248 2443 2342 2499 sed
2372 2457 2494 2498 cum
2523 2440 2832 2494 assiduitate
2857 2447 2909 2489 et
2933 2433 3275 2490 contentione
3321 2442 3532 2496 magna.
3559 2424 3670 2478 Hoc
3695 2425 3844 2477 enim

2250 2533 2514 2605 signiﬁcat
2543 2529 2670 2585 illud
2691 2571 2706 2594 ,
2737 2527 2974 2593 Quazrite.
3003 2522 3134 2578 Nam
3164 2523 3249 2589 qui
3283 2519 3488 2588 quzerit,
3517 2515 3642 2568 aliis
3669 2513 3846 2565 omni-

2254 2602 2352 2681 bus
2389 2640 2452 2680 ex
2501 2631 2681 2677 mente
2727 2617 3046 2678 eliminatis,
3097 2613 3173 2668 rei
3228 2619 3429 2664 Lautum
3469 2605 3708 2674 quaesita!
3753 2602 3846 2655 dat

2253 2730 2490 2785 operam,
2520 2713 2826 2777 nullamque
2856 2703 3194 2777 praesentium
3227 2700 3385 2753 habet
3415 2695 3697 2750 rationem.
3730 2690 3846 2745 No-

2254 2814 2378 2861 ruut
2403 2813 2548 2860 certe
2575 2801 2702 2857 illud
2729 2806 2989 2870 quotquot
3018 2794 3101 2849 vel
3122 2806 3254 2846 auro
3274 2790 3356 2844 vel
3388 2788 3557 2843 servis
3593 2785 3807 2838 amissis
3827 2822 3842 2844 ,

2257 2899 2372 2953 hzcc
2399 2906 2581 2966 postea
2623 2901 2886 2963 quaerunt.
2920 2888 3050 2942 Illud
3081 2885 3276 2940 iudicat
3323 2897 3418 2950 per
3442 2893 3628 2934 vocem
3663 2876 3846 2939 illam,

2259 2989 2481 3055 Quwrite
2503 3004 2521 3052 ;
2545 3000 2665 3040 cum
2694 2999 2822 3036 vero
2850 2981 3001 3040 dicit,
3038 2977 3266 3034 Putsate.
3299 2973 3646 3028 vehementer
3675 2975 3733 3021 et
3759 2981 3848 3018 ar-

2258 3081 2404 3136 denti
2443 3080 2624 3133 animo
2667 3073 3028 3129 accedendum
3074 3083 3195 3123 esse
3237 3065 3520 3136 significat.
3549 3061 3626 3115 Ne
3670 3061 3852 3128 itaque

2259 3171 2540 3230 concidas,
2574 3169 2644 3222 mi
2687 3168 2847 3221 homo
2867 3205 2882 3230 ,
2913 3177 3089 3232 neque
3131 3159 3394 3213 minorem
3421 3156 3488 3210 de
3516 3155 3709 3208 virtute
3749 3168 3850 3204 rn-

2259 3279 2372 3315 ram
2399 3260 2686 3321 exhibeas,
2716 3272 2873 3327 quam
2905 3255 2970 3309 de
3020 3252 3276 3322 pecuniis.
3327 3248 3434 3302 llas
3470 3247 3666 3316 quippe
3704 3258 3854 3310 sit-pe

2261 3367 2505 3421 quaerens
2533 3365 2635 3404 non
2669 3346 2914 3402 invenisti
2941 3363 2954 3410 ;
2986 3353 3039 3400 et
3069 3353 3243 3398 tamen
3283 3355 3404 3395 cum
3443 3337 3606 3406 probe
3633 3336 3773 3390 scias
3800 3345 3858 3388 Ie

2261 3444 2399 3498 forte
2453 3457 2560 3496 non
2603 3441 2976 3497 inventurum,
3020 3447 3236 3488 omnem
3289 3430 3533 3498 exploras
3577 3423 3851 3496 qua-rendi

2264 3535 2478 3589 modum
2514 3550 2528 3586 :
2558 3532 2645 3584 hic
2670 3545 2796 3582 vero
2821 3526 3164 3594 sponsionem
3201 3521 3404 3575 habens
3429 3529 3482 3573 te
3510 3533 3728 3586 prorsus
3755 3528 3852 3568 ac-

2265 3634 2538 3692 cepturum
2567 3635 2717 3683 esse,
2741 3633 2808 3672 ne
2835 3617 3107 3670 minimam
3136 3611 3352 3681 quidem
3384 3608 3524 3663 illius
3547 3606 3707 3661 studii
3732 3620 3856 3673 par-

2267 3723 2374 3770 tem
2406 3712 2643 3767 exbibes.
2686 3709 2745 3762 Si
2779 3722 2906 3762 vero
2933 3720 3037 3759 non
3064 3703 3241 3757 statim
3266 3700 3495 3769 accipias
3516 3740 3531 3759 ,
3563 3712 3630 3750 ne
3657 3696 3859 3764 deepe—

2267 3823 2373 3861 res.
2406 3805 2529 3858 Ideo
2554 3805 2697 3858 enim
2730 3800 2902 3863 dixit,
2933 3797 3173 3858 Pulsate,
3200 3805 3261 3850 ut
3283 3791 3532 3848 ostendat
3554 3833 3571 3855 ,
3611 3790 3859 3857 quamvis

2269 3915 2373 3952 non
2401 3897 2578 3951 statim
2605 3894 2827 3964 aperiat,
2865 3889 3184 3944 manendum
3221 3898 3395 3941 tamen
3425 3898 3566 3940 esse.
3593 3882 3648 3938 Si
3679 3894 3858 3936 autem

2269 4005 2404 4045 meai
2457 4003 2559 4042 non
2607 3986 2797 4040 credas
2846 3981 3159 4052 sponsioni,
3215 3978 3404 4032 saltem
3451 3975 3575 4030 buic
3609 3975 3861 4042 exemplo

2269 4081 2448 4137 crede.
2472 4079 2526 4135 9.
2552 4078 2676 4142 Quis
2706 4092 2767 4129 ea:
2797 4074 2930 4128 vobis
2957 4082 3047 4133 est,
3083 4069 3273 4137 inquit,
3309 4075 3451 4138 pater
3471 4067 3515 4129 ‘,
3545 4065 3625 4118 cui
3651 4065 3698 4117 si
3721 4063 3862 4130 [ilin

2273 4181 2407 4240 petat
2431 4184 2629 4237 panem.
2651 4164 2893 4228 numquid
2919 4162 3141 4230 lapidem
3167 4159 3303 4210 dabit
3328 4172 3369 4208 et
3388 4156 3414 4209 .’
3434 4153 3584 4224 Apud
3613 4153 3863 4206 homines

2274 4260 2484 4331 quidem
2511 4259 2556 4312 si
2587 4257 2636 4310 id
2669 4257 2977 4324 frequenter
3002 4251 3162 4303 facias
3183 4289 3198 4309 .
3238 4246 3494 4309 molestus
3521 4254 3572 4298 et
3598 4256 3864 4297 onerosus

2278 4353 2475 4407 videris
2506 4370 2518 4405 :
2548 4348 2686 4418 apud
2718 4348 2881 4401 Deum
2908 4355 3103 4405 autem,
3133 4341 3176 4394 si
3208 4339 3308 4392 hoc
3338 4353 3442 4390 non
3473 4334 3659 4397 facias,
3693 4333 3866 4403 magis

2277 4443 2343 4496 ad
2392 4443 2521 4495 iram
2561 4451 2886 4492 commoves.
2938 4433 2994 4487 Si
3043 4440 3218 4483 autem
3243 4425 3474 4496 petendo
3500 4437 3818 4493 permaneas
3842 4461 3862 4488 ,

2279 4534 2482 4589 etiamsi
2535 4547 2636 4585 non
2687 4528 2866 4582 statim
2917 4522 3182 4591 accipias,
3231 4519 3458 4585 accipies
3489 4525 3689 4570 tamen.
3742 4513 3868 4569 Ideo

2281 4639 2508 4694 namque
2546 4623 2722 4677 clausa
2754 4629 2835 4673 est
2854 4619 3032 4687 janua,
3065 4622 3126 4666 ut
3176 4623 3227 4665 te
3265 4609 3333 4663 ad
3361 4606 3676 4679 pulsandum
3709 4605 3868 4659 indu-

2283 4728 2385 4771 cat.
2415 4715 2537 4769 Ideo
2564 4729 2668 4767 non
2708 4711 2886 4764 statim
2913 4704 3097 4760 annuit
3120 4744 3134 4766 ,
3174 4709 3229 4754 ut
3276 4709 3421 4768 petas
3453 4715 3467 4750 :
3501 4710 3657 4750 mane
3704 4695 3870 4764 igitur

2286 4807 2334 4860 id
2357 4821 2540 4874 agens,
2568 4811 2622 4856 et
2662 4799 2843 4870 procul
2896 4796 3059 4848 dubio
3089 4793 3333 4858 accipies.
3380 4787 3454 4842 Ne
3499 4787 3640 4840 enim
3668 4785 3820 4839 dicas
3848 4802 3866 4839 :

2286 4873 2421 4964 Quid
2454 4897 2628 4964 igitur.
2656 4893 2698 4947 si
2729 4900 2922 4958 petam.
2965 4893 3011 4936 at
3042 4898 3142 4935 non
3171 4878 3469 4947 accipiam?
3512 4892 3608 4944 per
3635 4873 3870 4943 parabo-

2288 4990 2391 5042 lani
2419 4993 2469 5039 te
2492 4986 2541 5039 iu
2564 4999 2657 5052 spe
2681 4979 2907 5034 tinum-it
2930 5016 2943 5037 ,
2975 4971 3264 5028 ratiociniis
3292 4983 3500 5023 rursum
3535 4981 3683 5027 usus,
3710 4973 3873 5033 atque

2291 5077 2534 5133 humanis
2558 5072 2816 5139 exemplis
2851 5079 2899 5120 te.
2931 5065 2994 5119 ad
3022 5063 3263 5117 fiduciam
3296 5076 3355 5114 ea
3383 5061 3433 5111 iii
3467 5074 3526 5111 re
3554 5053 3871 5109 sumendam

2292 5172 2569 5233 inducens,
2590 5167 2714 5220 dum
2740 5178 2832 5231 per
2851 5159 2965 5212 hac
2993 5154 3242 5210 ostendit.
3269 5167 3372 5204 non
3397 5149 3554 5202 modo
3582 5146 3873 5216 petendum

2291 5280 2430 5328 csse,
2485 5259 2580 5317 sed
2630 5269 2747 5326 qua:
2774 5249 2995 5323 petenda
3036 5249 3162 5301 sint.
3207 5244 3335 5311 Quis
3362 5243 3495 5294 enim
3523 5254 3586 5291 ea:
3617 5236 3754 5290 vobis
3798 5245 3875 5287 est

2295 5323 2455 5425 pater:
2478 5352 2558 5404 cui
2585 5352 2628 5403 si
2648 5323 2793 5416 flius
2823 5350 2957 5410 petat
2984 5352 3183 5407 partem,
3215 5329 3459 5401 numquid
3486 5327 3705 5397 lapidem
3732 5323 3878 5376 dabit

2294 5413 2372 5502 illi
2392 5447 2416 5500 ?
2435 5413 2614 5512 itaque
2645 5413 2814 5493 sinon
2842 5431 3037 5500 accipis
3057 5470 3072 5495 ,
3119 5427 3237 5479 ideo
3264 5437 3370 5477 non
3391 5418 3609 5490 accipis,
3638 5415 3760 5484 quia
3791 5413 3878 5467 la-

2297 5537 2471 5609 pidem
2494 5501 2651 5604 petis.
2672 5524 2890 5583 Etiamsi
2921 5521 3064 5577 enim
3096 5517 3234 5570 filius
3261 5515 3357 5578 sis,
3378 5510 3429 5565 id
3457 5524 3561 5564 non
3585 5505 3788 5563 sufﬁcit
3811 5501 3881 5562 ad

2366 5695 2382 5724 ι
2437 5688 2556 5748 Am,
2615 5681 2701 5733 sed
2777 5677 2870 5742 ipsi
2989 5670 3207 5723 pentina.
3242 5667 3344 5725 Alii,
3367 5664 3452 5715 sed
3476 5665 3761 5727 angelorum
3791 5675 3884 5710 uu-

2301 5765 2549 5870 mliwi'ox,
2568 5813 2721 5872 pater,
2748 5801 2888 5851 deest
2912 5800 2961 5846 in
2985 5793 3292 5860 quibusdam.
