4110 6306
206 389 311 445 313

203 504 572 577 accipiendum
607 522 620 558 :
645 505 752 558 into
774 499 898 556 illud
923 502 1091 570 ipsum
1115 500 1356 570 impedit,
1379 496 1664 568 quominus
1693 506 1784 548 ae-

204 596 408 665 cipias,
436 594 576 665 quod
595 635 608 660 ,
660 593 797 646 filius
823 608 942 645 cum
971 592 1047 645 sis
1072 633 1086 654 ,
1113 591 1199 644 illa
1231 599 1379 658 petas
1422 604 1543 656 qua:
1564 600 1670 639 non
1699 585 1790 638 tibi

206 686 512 754 expediant.
544 685 610 738 Et
655 693 706 737 tu
752 685 928 752 itaque
955 681 1082 736 nihil
1126 679 1452 734 mundanum
1479 688 1630 747 petas
1654 717 1670 738 ,
1695 673 1789 730 sed

203 777 501 845 spiritualia
530 775 705 827 omnia
733 783 821 836 ;et
849 783 996 828 certo
1022 771 1270 839 accipies.
1298 770 1506 824 Etenim
1533 766 1790 822 Salomon

205 867 325 934 quia
368 865 457 919 illa
496 865 644 933 petiit
674 879 790 934 qua:
819 873 999 933 petere
1019 861 1319 930 oportebat,
1350 859 1470 914 vide
1498 874 1656 928 quam
1687 859 1794 910 cito

202 957 487 1024 acceperit.
526 956 636 1008 Duo
667 954 825 1024 igitur
848 955 1136 1008 observare
1163 959 1376 1021 oportet
1406 960 1686 1009 orantem,
1738 961 1794 1001 ιιι

201 1058 256 1100 et
283 1046 629 1101 \ehementer
658 1055 819 1115 petat,
841 1055 896 1100 et
923 1059 984 1099 ea
1015 1053 1158 1113 petat
1187 1059 1306 1113 qua:
1332 1041 1432 1096 sibi
1459 1039 1749 1110 expediunt
1778 1031 1806 1090 ε’

201 1137 632 1206 quandoquidem
677 1145 729 1190 et
759 1151 882 1198 vos,
935 1137 1134 1204 inquit,
1181 1133 1386 1189 etiamsi
1422 1141 1600 1202 patres
1639 1131 1790 1194 sitis,

203 1229 346 1281 lilios
377 1238 586 1282 vestros
609 1236 786 1296 petere
808 1226 979 1278 sinitis
1005 1241 1018 1289 ;
1064 1237 1118 1278 et
1156 1224 1198 1278 si
1223 1223 1542 1277 damnosum
1568 1223 1636 1275 sit
1666 1221 1792 1279 illud

203 1317 350 1386 quod
381 1326 565 1386 petunt
585 1358 597 1380 ,
631 1317 870 1388 negatis;
902 1316 982 1370 sin
1011 1317 1139 1393 utile
1166 1315 1254 1381 sit,
1284 1315 1516 1368 ammitis
1551 1321 1605 1367 et
1634 1312 1790 1364 datis.

200 1408 281 1461 Tn
313 1409 469 1477 igitur
491 1408 602 1462 hare
626 1411 884 1478 cogitans,
909 1422 975 1460 ne
1008 1407 1235 1460 absistas
1252 1447 1266 1470 ,
1290 1405 1462 1460 donec
1484 1406 1790 1473 acceperis;

200 1515 268 1552 ne
298 1498 547 1560 recedas,
575 1499 746 1552 donec
790 1499 1059 1552 inveneris
1088 1515 1101 1562 ;
1156 1514 1223 1552 ne
1247 1498 1481 1552 studium
1515 1496 1755 1551 remittas
1776 1539 1789 1558 ,

197 1590 374 1642 donec
395 1589 666 1655 aperiatur
685 1589 866 1656 janua.
899 1587 954 1641 Si
977 1589 1117 1642 enim
1149 1587 1249 1640 hoc
1277 1589 1455 1642 animo
1478 1588 1788 1649 accesseris,

200 1681 507 1748 dixerisquc
528 1720 540 1741 ,
570 1678 679 1732 Nisi
709 1680 956 1747 recipiam
983 1720 996 1737 .
1042 1693 1145 1731 non
1177 1680 1310 1732 abeo
1334 1719 1346 1740 ,
1379 1693 1597 1746 prorsus
1649 1676 1792 1730 aeei-

200 1774 316 1840 pies
343 1812 358 1835 ,
391 1772 433 1823 si
484 1781 659 1824 tamen
693 1771 778 1824 illa
808 1781 990 1839 petas,
1035 1785 1151 1838 quze
1181 1780 1235 1823 et
1260 1769 1306 1822 ci
1337 1785 1366 1823 a
1402 1785 1508 1837 quo
1553 1769 1689 1836 petis
1742 1777 1793 1822 et

200 1864 292 1914 tibi
325 1861 540 1929 expedit
586 1874 642 1915 ut
671 1862 880 1916 dentur.
925 1862 1179 1926 Qua-nam
1208 1876 1367 1930 porro
1394 1872 1519 1914 Sunt
1546 1859 1706 1914 haec?
1736 1859 1790 1913 Si

197 1954 500 2021 spiritualia
535 1965 683 2022 petas
725 1954 934 2018 omnia;
976 1955 1018 2007 si
1048 1961 1326 2021 postquam
1369 1952 1600 2006 offensas
1630 1951 1791 2006 remi-

195 2047 340 2108 sisti,
380 2047 457 2099 sic
495 2046 718 2098 accedas
757 2045 1125 2099 remissionem
1158 2055 1378 2113 petens;
1412 2044 1454 2097 si
1482 2043 1687 2113 absque
1717 2043 1792 2096 ita

196 2149 253 2188 et
320 2134 793 2203 disceptationibus
847 2145 1058 2189 sanctas
1106 2149 1293 2188 manus
1339 2133 1645 2189 attollamus
1693 2134 1790 2202 (l.

198 2225 336 2277 Tim.
366 2225 419 2278 ‘3.
450 2225 540 2294 8).
586 2224 642 2279 Si
675 2226 752 2280 sic
782 2234 1023 2295 petamus
1045 2265 1059 2289 ,
1082 2224 1423 2292 accipiemus.
1480 2223 1633 2278 Nunc
1669 2238 1795 2278 vero

198 2328 384 2371 nostra
417 2317 601 2386 petitio
633 2318 806 2371 irrisio
844 2326 957 2382 est,
995 2318 1275 2386 potiusque
1315 2317 1584 2370 ebriorum
1619 2316 1791 2369 humi.

198 2427 353 2474 num,
381 2425 539 2479 quam
563 2409 883 2463 sobriorum.
924 2409 1061 2474 Quid
1094 2409 1282 2478 igitur,
1326 2409 1569 2477 inquies,
1611 2409 1654 2460 si
1683 2409 1793 2475 spi-

200 2503 415 2556 ritualia
446 2511 657 2570 petam,
701 2517 800 2556 nec
825 2501 1121 2570 accipiam?
1159 2500 1276 2554 Non
1303 2500 1540 2555 studiose
1581 2500 1796 2567 procul-

197 2596 364 2649 dubio
414 2596 723 2664 postulasti,
756 2595 837 2649 vel
889 2594 1114 2663 teipsum
1175 2593 1450 2662 indignum
1497 2592 1667 2647 fecisti
1705 2592 1795 2662 qui

198 2687 505 2755 acciperes,
554 2697 644 2741 aut
689 2689 846 2742 citius
885 2703 1042 2757 quam
1086 2700 1181 2755 par
1208 2696 1322 2740 erat
1357 2686 1683 2742 abscessisti.
1731 2686 1797 2738 Et

199 2795 324 2844 cur,
360 2779 565 2849 inquies
588 2819 602 2843 ,
638 2795 744 2833 non
773 2779 906 2832 dixit
949 2795 1067 2847 qua:
1101 2787 1347 2846 oporteat
1385 2777 1609 2845 petere?
1636 2777 1795 2831 Certe

200 2873 308 2941 iam
359 2872 535 2926 omnia
568 2871 713 2941 prius
739 2870 907 2933 dixit,
941 2878 994 2923 et
1024 2869 1256 2924 ostendit
1295 2883 1392 2937 pro
1420 2869 1612 2938 quibus
1639 2883 1794 2922 acce-

201 2965 333 3019 dere
355 2972 620 3033 oporteat.
646 2963 722 3017 Ne
742 2967 920 3032 itaque
939 2961 1107 3027 dicas,
1133 2961 1372 3027 Accessi,
1390 2969 1444 3014 et
1462 2975 1566 3014 non
1589 2962 1788 3029 accepi.

201 3057 318 3112 Non
359 3060 500 3113 enim
534 3074 629 3126 per
658 3057 823 3112 Deum
863 3058 1011 3110 stetit
1038 3055 1325 3125 quominus
1351 3055 1657 3123 acceperis,
1707 3055 1795 3123 qui

201 3151 337 3205 adeo
380 3151 589 3220 diligit,
640 3160 698 3203 ut
732 3158 910 3218 patres
967 3147 1068 3201 hac
1125 3148 1175 3200 in
1225 3164 1281 3202 re
1334 3156 1537 3202 tantum
1575 3147 1793 3212 vincat,

201 3249 458 3309 quantum
488 3245 622 3294 hanc
651 3239 938 3310 nequitiam
974 3238 1178 3291 bonitas
1210 3247 1444 3304 superat.
1474 3239 1558 3290 11.
1579 3237 1638 3290 Si
1665 3237 1795 3289 enim

202 3350 308 3393 vos,
339 3350 450 3385 cum
476 3332 584 3385 sitis
615 3331 756 3395 ntali,
790 3332 944 3383 nostis
971 3329 1101 3381 bona
1141 3329 1260 3380 data
1291 3328 1413 3380 dare
1439 3328 1560 3395 ﬁliis
1584 3329 1758 3380 vestris
1780 3369 1793 3391 ,

201 3435 388 3492 quanto
429 3424 588 3491 magis
614 3421 768 3475 Pater
805 3431 961 3474 vester
989 3419 1242 3473 ca'lestis?
1281 3418 1404 3472 11ωο
1434 3433 1594 3487 porro
1623 3417 1751 3471 dixit
1780 3460 1795 3484 ,

204 3535 310 3571 non
356 3518 661 3588 vituperans
711 3515 996 3568 humanam
1040 3520 1322 3574 naturam,
1355 3525 1453 3564 nec
1495 3525 1667 3580 genus
1704 3525 1797 3562 no-

203 3617 373 3660 strum
404 3607 599 3659 malum
631 3619 750 3659 esse
792 3605 1176 3675 pronuntians;
1223 3601 1395 3655 absit:
1427 3602 1519 3655 sed
1561 3615 1798 3654 amorem

205 3709 507 3767 paternum,
540 3698 584 3751 si
614 3713 733 3751 cum
764 3696 1000 3750 bonitate
1026 3695 1114 3749 Dei
1140 3703 1482 3762 comparetur
1501 3735 1514 3756 ,
1541 3693 1794 3746 malitiam

205 3791 481 3860 appellans
507 3810 518 3842 :
549 3799 693 3843 tanta
724 3788 925 3843 scilicet
955 3788 1092 3840 inest
1123 3786 1197 3840 illi
1227 3785 1542 3853 benignitas.

279 3886 331 3939 5.
379 3883 620 3937 V’idistiu’
674 3881 924 3934 invictum
975 3887 1388 3948 argumentum,
1440 3877 1580 3946 quod
1632 3880 1798 3946 possit

203 3979 368 4031 etiam
402 3976 776 4044 desperantem
823 3974 872 4026 in
923 3971 1115 4025 bonam
1161 3985 1310 4040 spem
1353 3971 1653 4024 revocare?
1702 3971 1797 4024 llic

205 4067 418 4138 quidem
473 4065 721 4134 exemplo
779 4072 983 4132 patrum
1035 4061 1324 4115 bonitatem
1377 4061 1467 4114 Dei
1517 4059 1791 4113 ostendit:

205 4161 450 4230 superius
497 4169 672 4213 autem
701 4173 765 4212 ex
794 4156 948 4212 donis
975 4170 1085 4208 suis
1115 4154 1437 4223 majoribus,
1471 4169 1534 4208 ex
1585 4154 1756 4206 anima
1781 4194 1794 4215 ,

203 4271 265 4307 ex
294 4268 558 4321 corpore;
591 4259 645 4305 et
684 4264 945 4318 nusquam
971 4257 1128 4316 caput
1177 4247 1438 4301 bonorum
1465 4246 1651 4311 affert,
1702 4261 1796 4300 nc-

201 4361 308 4413 que
361 4343 525 4413 ipsius
567 4343 854 4396 adventum
901 4340 1213 4394 inmedium
1248 4339 1462 4392 adducit
1493 4357 1506 4392 :
1538 4353 1659 4392 nam
1709 4338 1796 4407 qui

205 4436 372 4488 tilium
396 4431 748 4488 occidendum
786 4429 960 4493 dedit,
992 4429 1261 4499 quomodo
1291 4429 1445 4482 nobis
1472 4443 1576 4483 nun
1618 4430 1795 4481 omnia

202 4523 467 4578 donabit?
513 4523 636 4577 llaec
679 4536 809 4575 Vero
839 4521 1073 4574 nondum
1117 4531 1426 4575 evenerant.
1457 4519 1561 4574 Sed
1604 4520 1798 4575 Paulus

204 4615 334 4670 illud
359 4615 517 4669 affert
555 4613 639 4666 his
664 4613 843 4668 verbis
876 4629 888 4665 :
922 4611 1022 4676 Qui
1049 4612 1254 4680 praprio
1294 4612 1402 4677 filio
1425 4627 1523 4664 non
1553 4613 1793 4680 pepercit,

203 4706 456 4774 quomodo
478 4721 580 4758 non
597 4705 750 4758 etiam
778 4719 894 4756 cum
917 4719 975 4755 eo
1001 4703 1172 4756 omnia
1197 4703 1340 4756 nobis
1369 4703 1575 4756 donabit
1603 4703 1620 4775 (
1642 4703 1789 4757 liam.

203 4801 256 4853 8.
292 4796 432 4867 32)?
478 4797 595 4867 Ipse
625 4811 752 4851 vero
778 4796 1023 4852 Christus
1072 4810 1139 4849 ex
1184 4795 1430 4849 humanis
1459 4795 1632 4850 adlmc
1675 4812 1798 4852 cum

204 4892 316 4946 illis
359 4889 595 4944 disserit.
649 4887 851 4943 Deinde
876 4886 1164 4942 ostendens
1186 4925 1203 4948 ,
1232 4901 1330 4940 nec
1359 4887 1584 4941 orationi
1627 4887 1795 4941 fiden-

204 4981 331 5036 dum
361 4995 514 5046 esse,
539 4981 586 5034 si
609 4994 670 5034 ea
691 4995 813 5049 qua:
837 4979 890 5034 in
919 4979 1072 5034 nobis
1100 4987 1224 5034 sunt
1251 4978 1598 5048 negligamus,
1626 4996 1797 5050 neque

205 5073 250 5126 si
283 5072 370 5126 illa
415 5085 702 5134 curemus,
731 5077 929 5123 nostra:
973 5083 1115 5123 cura:
1159 5084 1221 5122 ac
1259 5068 1548 5139 diligentia:
1593 5079 1796 5124 tantum

209 5163 477 5218 ridendum
524 5177 645 5219 esse
665 5201 679 5226 ,
705 5161 799 5216 sed
829 5176 1118 5230 supernum
1146 5175 1267 5216 esse
1294 5161 1671 5228 requirendum
1699 5177 1797 5216 au-

206 5257 430 5317 xilium,
461 5264 517 5309 et
564 5261 745 5310 nostra
791 5252 946 5306 simul
996 5252 1264 5308 afferenda
1314 5267 1470 5316 esse,
1515 5254 1696 5308 ethoc
1745 5265 1798 5310 et

210 5348 335 5402 illud
381 5348 687 5418 frequenter
730 5348 970 5416 apponit.
1027 5346 1158 5400 Nam
1217 5357 1335 5416 post
1388 5347 1550 5401 multa
1596 5349 1795 5402 monita

210 5440 425 5494 modum
453 5438 638 5493 orandi
665 5438 865 5503 docuit,
897 5446 952 5501 et
980 5449 1258 5507 postquam
1286 5439 1336 5492 id
1361 5438 1650 5503 docuerat,
1681 5455 1798 5493 rur-

208 5544 300 5584 sus
342 5531 408 5583 ad
449 5529 712 5600 agendum
739 5528 1045 5584 cohortatus
1071 5539 1192 5591 est;
1235 5529 1429 5585 abhinc
1460 5531 1651 5586 iterum
1681 5548 1795 5585 mo-

211 5623 322 5676 nuit
349 5622 607 5675 orandum
637 5637 759 5676 esse
803 5620 1144 5690 frequenter,
1196 5637 1317 5675 cum
1365 5622 1539 5687 dixit,
1597 5622 1793 5687 Petite,

206 5713 432 5779 quierite,
470 5711 698 5782 pulsate;
730 5714 829 5766 sub
857 5712 971 5767 haec
1011 5727 1247 5779 rursum,
1278 5713 1487 5768 virtutis
1528 5715 1800 5772 sludiosos

205 5818 324 5860 esse
349 5815 633 5874 oportere;
679 5821 800 5859 nam
832 5805 904 5859 ait
930 5845 945 5874 ,
976 5803 1062 5860 12.
1098 5804 1281 5860 Omnia
1309 5823 1425 5876 ergo
1474 5822 1794 5879 qua’cumque

1118 383 1181 438 IN
1221 379 1627 439 MAT'I‘HALUM
1670 377 1901 434 IIOMIL.
1948 375 2135 431 XXIII.
2188 376 2256 430 al.
2304 373 2488 428 XXIV.
2776 385 2784 392 '
3403 375 3503 429 5H

1901 489 2052 544 vultis
2083 498 2136 544 ut
2167 489 2361 560 [ιιι-ἰωή
2407 489 2545 542 vobis
2593 489 2820 542 homines
2840 531 2853 556 ,
2886 498 2930 542 et
2975 503 3061 542 vos
3086 489 3235 556 {uc-ite
3263 487 3402 550 illis;
3454 491 3506 542 in

1903 582 2048 636 brevi
2077 581 2250 651 spatio
2280 590 2471 635 cuneta
2501 595 2780 636 resumens
2813 622 2827 645 ,
2880 580 3277 650 ostendensque
3296 619 3310 644 ,
3353 594 3504 633 com-

1905 673 2244 742 pendiosam,
2271 673 2516 737 facilem,
2555 671 2912 742 omnilmsque
2953 680 3138 724 notatn
3181 685 3303 726 esse
3339 670 3509 725 virtu-

1904 774 2031 819 tem.
2081 764 2266 834 Neque
2315 765 2632 834 simpliciter
2678 764 2845 828 dixit,
2888 765 3254 832 Qumcumque
3308 762 3503 824 vultis;

1902 857 2017 919 sed,
2050 857 2234 910 Omnia
2257 875 2375 928 ergo
2406 873 2735 927 quwcumque
2778 859 2945 911 vultis.
2989 856 3123 912 Nam
3155 855 3304 921 illud,
3339 855 3502 928 Ergo,

1905 964 2008 1000 non
2068 948 2184 1002 sine
2235 961 2396 1001 eausa
2436 948 2666 1017 adjecit,
2722 947 2816 1003 sed
2851 948 2953 1002 hoc
2991 947 3338 1003 subindiCans
3386 965 3399 1000 :
3451 949 3509 1002 Si

1903 1039 2088 1103 vultis,
2145 1041 2345 1108 inquit,
2371 1040 2577 1103 audiri,
2607 1056 2728 1094 eum
2760 1039 2902 1106 illis,
2944 1057 3065 1111 qua:
3103 1040 3246 1106 dixi,
3295 1051 3350 1096 et
3394 1041 3509 1095 ha‘c

1905 1128 2078 1183 facite.
2109 1128 2367 1196 Quanam
2411 1129 2543 1183 illa?
2575 1129 2918 1197 Quarcumque
2945 1130 3094 1184 vultis
3123 1140 3174 1182 ut
3202 1129 3396 1199 faciant
3421 1146 3508 1182 vo-

1902 1220 1975 1272 bis
2017 1219 2263 1274 homines.
2322 1219 2506 1275 Viden‘
2531 1221 2802 1291 quomodo
2831 1221 3163 1288 ostenderit,
3214 1236 3336 1276 cum
3386 1237 3509 1276 ora-

1904 1309 2049 1363 tione
2094 1310 2260 1364 etiam
2305 1310 2476 1380 probo
2504 1311 2626 1366 vitae
2671 1312 2915 1365 instituto
2962 1312 3116 1366 nobis
3163 1327 3299 1380 opus
3342 1312 3506 1368 esse?

1903 1400 2086 1472 Neque
2114 1402 2279 1468 dixit,
2334 1403 2698 1474 Quaecumque
2739 1404 2974 1460 volueris
3005 1404 3096 1458 tibi
3131 1418 3158 1456 a
3195 1405 3306 1460 Deo
3351 1405 3462 1460 lieri
3492 1448 3505 1468 ,

1907 1491 2020 1547 haec
2050 1494 2129 1546 iac
2180 1502 2234 1548 et
2282 1495 2566 1562 proximo:
2602 1510 2669 1549 ne
2707 1495 2950 1558 diceres,
2988 1497 3050 1550 Et
3095 1496 3368 1566 quomodo
3409 1496 3518 1551 hoe

1903 1581 2040 1635 effici
2071 1583 2283 1652 potest?
2316 1584 2402 1638 ille
2433 1583 2572 1638 Deus
2599 1595 2720 1649 est,
2752 1595 2804 1638 et
2834 1600 2934 1654 ego
2959 1585 3122 1640 homo
3147 1603 3161 1651 ;
3194 1586 3287 1640 sed
3308 1627 3322 1651 ,
3353 1586 3512 1653 Qum-

1903 1688 2132 1742 enmque
2184 1673 2418 1730 volueris
2468 1674 2561 1728 tibi
2621 1677 2734 1729 fieri
2778 1691 2805 1726 a
2868 1691 3171 1742 conservo,
3223 1676 3344 1731 luce
3368 1687 3421 1731 et
3454 1688 3508 1730 tu

1905 1766 2155 1833 proximo
2208 1775 2299 1820 tuo
2349 1767 2624 1822 exhibeas.
2681 1769 2818 1835 Quid
2863 1768 2961 1823 hac
3002 1785 3060 1824 re
3108 1770 3325 1824 levius?
3379 1770 3508 1838 quid

1899 1860 2136 1927 justius?
2167 1860 2366 1914 Deinde
2395 1870 2518 1914 ante
2545 1862 2762 1930 prmmia
2789 1861 2991 1929 grande
3015 1863 3340 1917 encomium.
3376 1861 3506 1915 Ilwc

1903 1959 1976 2002 est
2004 1951 2135 2003 enim
2165 1950 2247 2004 lex
2275 1992 2287 2014 ,
2318 1962 2363 2004 et
2401 1952 2680 2021 prop/reue.
2712 1951 2866 2006 Unde
2912 1953 3252 2007 manifestum
3302 1964 3386 2007 est
3424 1969 3511 2007 se-

1904 2041 2137 2096 cuudum
2195 2051 2436 2097 naturam
2486 2044 2643 2098 nobis
2695 2046 2871 2098 inesse
2918 2045 3207 2112 virtutem,
3236 2056 3290 2100 et
3335 2060 3433 2099 nos
3480 2061 3512 2098 ο

1906 2134 2060 2188 nobis
2088 2135 2217 2204 ipsis
2238 2135 2365 2205 quid
2396 2135 2466 2190 sit
2507 2135 2772 2206 agendum
2800 2137 2972 2201 scire,
3015 2153 3191 2208 neque
3239 2151 3398 2206 posse
3442 2138 3508 2192 ad

1906 2227 2219 2294 ignorantiae
2250 2227 2648 2280 excusationem
2692 2242 2941 2296 umquam
2968 2226 3280 2297 confugere.

1976 2317 2131 2369 Arcta
2160 2327 2229 2370 est
2257 2319 2336 2370 via
2363 2333 2476 2386 quw
2517 2319 2655 2371 ducit
2705 2320 2773 2370 ad
2815 2319 3006 2382 vitam;
3055 2320 3305 2387 quomodo
3344 2321 3514 2390 facilis

1906 2409 2101 2461 evadat.
2134 2439 2202 2446 —
2232 2409 2318 2462 15.
2363 2409 2560 2461 Intrate
2584 2425 2674 2478 per
2703 2421 2970 2480 angustam
3002 2420 3224 2476 portam,
3269 2412 3509 2478 quoniam

1906 2501 2010 2552 fatu
2037 2511 2107 2552 est
2140 2513 2286 2567 porta
2309 2541 2322 2563 ,
2353 2511 2400 2552 et
2422 2501 2647 2569 spatiosa
2687 2500 2765 2552 via
2793 2511 2884 2563 est,
2930 2516 3045 2567 qua:
3075 2501 3208 2552 ducit
3236 2501 3303 2554 ad
3342 2503 3515 2571 perdi-

1906 2592 2111 2650 tionem,
2146 2603 2192 2644 et
2239 2593 2387 2644 multi
2414 2601 2549 2655 sunt,
2581 2593 2665 2660 qui
2707 2591 3063 2661 ingrediuntur
3101 2608 3192 2659 per
3230 2608 3342 2644 cam
3373 2607 3391 2645 :
3423 2592 3508 2646 H.

1905 2695 1952 2738 ct
1980 2695 2121 2737 arcta
2137 2667 2222 2738 ’ρει
2252 2695 2399 2754 porta
2426 2725 2440 2745 ,
2473 2694 2520 2737 et
2562 2695 2772 2753 angusta
2803 2685 2903 2747 via,
2929 2699 3042 2752 quae
3070 2685 3207 2737 ducit
3246 2685 3312 2736 ad
3334 2684 3508 2748 vitam,

1906 2785 1951 2827 et
1976 2777 2124 2842 pauci
2152 2786 2291 2839 sunt,
2333 2777 2419 2842 qui
2447 2774 2705 2828 inveniunt
2753 2791 2885 2828 eam.
2927 2776 3085 2840 Atqui
3119 2781 3300 2842 postea
3333 2775 3462 2828 dicit
3499 2794 3508 2825 :

1903 2865 2100 2936 Iugum
2147 2884 2313 2919 meum
2353 2882 2505 2919 suave
2547 2877 2654 2931 est,
2685 2878 2732 2919 et
2771 2883 2899 2920 auus
2939 2884 3106 2920 meum
3133 2868 3241 2920 {eve
3277 2867 3508 2937 (Matth.

1911 2960 1996 3012 11.
2039 2960 2182 3027 30);
2233 2971 2394 3028 atque
2418 2961 2578 3013 etiam
2612 2960 2662 3012 in
2695 2960 2757 3013 iis
2780 3002 2795 3024 ,
2827 2975 2949 3029 qua:
2995 2960 3152 3028 paulo
3197 2972 3324 3015 ante
3365 2960 3506 3014 dicta

1906 3061 2071 3112 sunt,
2129 3051 2358 3120 idipsum
2402 3050 2760 3105 subindicavit
2813 3069 2824 3102 :
2873 3052 3145 3121 quomodo
3185 3061 3367 3107 autem
3426 3053 3514 3106 luo

1906 3151 2107 3198 arctam
2136 3143 2279 3196 illam
2304 3152 2695 3213 angustamque
2722 3143 2852 3198 dicit
2877 3148 3040 3200 esse?
3069 3147 3229 3201 Certe
3260 3148 3305 3200 si
3333 3156 3510 3202 atten-

1905 3233 2050 3289 deris
2073 3275 2085 3298 ,
2119 3235 2204 3289 hic
2232 3235 2395 3290 etiam
2425 3233 2663 3288 declarat
2703 3234 2846 3289 illam
2875 3235 3161 3290 admodum
3190 3251 3311 3290 esse
3338 3237 3512 3291 levem

1906 3339 1958 3380 et
1988 3325 2218 3379 facilem.
2249 3326 2316 3379 Et
2355 3328 2655 3394 quomodo,
2690 3327 2897 3396 inquies
2917 3369 2933 3392 ,
2966 3328 3055 3382 illa
3077 3369 3091 3392 ,
3136 3343 3255 3396 qua}
3284 3338 3431 3383 arcta
3461 3341 3515 3383 et

1906 3428 2150 3488 angusta,
2181 3418 2351 3472 facilis
2379 3418 2524 3474 erit?
2576 3419 2706 3487 Quia
2741 3421 2824 3474 via
2877 3429 2990 3482 est,
3043 3431 3095 3475 et
3139 3431 3326 3490 porta;
3376 3424 3514 3475 sicut

1906 3513 2068 3565 etiam
2095 3511 2182 3565 illa
2210 3512 2312 3565 alia
2339 3553 2353 3575 ,
2384 3513 2485 3565 etsi
2519 3512 2623 3566 lata
2651 3531 2704 3567 et
2735 3513 3007 3582 spatiosa,
3052 3514 3133 3567 via
3164 3523 3327 3568 estet
3374 3514 3508 3582 ipsa.

1908 3603 1962 3656 In
2002 3602 2084 3656 his
2114 3612 2292 3656 autem
2322 3603 2452 3656 nihil
2487 3613 2692 3668 manet,
2745 3604 2840 3658 sed
2889 3613 3169 3660 transeunt
3217 3605 3394 3659 omnia
3444 3607 3530 3659 ad-

1909 3695 2045 3750 hanc
2088 3696 2248 3751 vitam
2304 3695 2625 3763 pertinentia
2646 3736 2660 3761 ,
2709 3698 2824 3751 sive
2853 3697 3023 3750 tristia
3044 3738 3058 3759 ,
3091 3697 3203 3751 sive
3233 3711 3509 3765 proSpcra.

1906 3789 2014 3842 Nec
2055 3788 2178 3843 ideo
2209 3797 2416 3843 tantum
2461 3788 2630 3843 facilis
2664 3799 2748 3844 est
2773 3789 2975 3853 virtus;
3007 3789 3102 3844 sed
3132 3805 3162 3842 a
3209 3790 3315 3844 fine
3352 3790 3511 3843 etiam

1907 3881 2112 3935 facilior
2160 3881 2421 3936 redditur.
2460 3880 2644 3949 Neque
2684 3881 2827 3934 enim
2873 3889 3078 3934 tantum
3107 3882 3252 3950 quod
3301 3881 3531 3936 labores-

1906 3979 1962 4024 et
1988 3971 2212 4025 sudores
2261 3979 2554 4036 transeant,
2587 3971 2681 4028 sed
2707 3973 2868 4027 etiam
2899 3973 3040 4042 quod
3070 3972 3214 4027 bono
3246 3973 3372 4039 fine,
3407 3975 3514 4026 vita

1908 4077 2099 4128 nempe
2121 4102 2135 4126 ,
2168 4061 2541 4125 terminentur,
2575 4064 2628 4115 id
2653 4061 3079 4117 consolationem
3109 4063 3514 4120 decertantibus

1908 4167 2100 4220 parere
2129 4151 2311 4206 debet.
2343 4151 2523 4220 Itaque
2552 4161 2606 4206 et
2626 4154 2859 4208 brevitas
2880 4154 3125 4208 laborum
3155 4163 3210 4209 et
3239 4155 3518 4210 aeternitas

1905 4260 2250 4308 coronarum,
2285 4254 2340 4298 et
2365 4245 2505 4315 quod
2540 4252 2654 4301 huic
2675 4246 2783 4300 sint
2810 4246 2986 4316 priora
3013 4287 3027 4310 ,
3062 4248 3150 4301 illa
3181 4263 3307 4301 vero
3332 4261 3513 4317 postc-

1907 4336 2084 4400 riora;
2121 4336 2235 4390 haec
2261 4345 2408 4391 certe
2433 4337 2613 4391 omnia
2661 4338 2949 4392 maximam
2991 4339 3044 4392 in
3088 4339 3364 4393 laboribus
3388 4339 3517 4395 affe-

1908 4436 2027 4482 rant
2052 4428 2497 4483 consolationem.
2527 4435 2867 4499 Quapropter
2901 4429 3099 4485 Paulus
3125 4431 3298 4486 levem
3347 4431 3511 4485 tribu.

1871 4522 2163 4576 lationem
2231 4523 2484 4587 vocavit,
2542 4539 2648 4576 non
2697 4522 2770 4577 ob
2831 4532 3080 4577 naturam
3152 4523 3514 4579 accidentium

1907 4629 2086 4668 rerum
2109 4655 2124 4678 ,
2165 4612 2260 4668 sed
2293 4614 2362 4666 ob
2395 4623 2693 4682 promptam
2726 4615 3056 4670 voluntatem
3087 4616 3430 4678 certantium,
3461 4628 3512 4668 et

1905 4720 2055 4773 spem
2103 4703 2426 4759 futurorum.
2478 4703 2607 4760 Leve
2666 4706 3006 4759 tribulationis
3039 4749 3054 4772 ,
3108 4705 3314 4776 inquit,
3355 4724 3514 4774 supra

1903 4798 2133 4863 modum,
2185 4810 2430 4852 wternum
2457 4796 2634 4865 gloria:
2663 4799 2864 4866 pondus
2909 4809 3170 4866 operatur,
3215 4815 3315 4852 non
3343 4802 3512 4852 consi-

1905 4891 2200 4946 derantibus
2252 4889 2396 4944 nobis
2446 4905 2562 4958 qua:
2603 4891 2859 4956 videntur,
2889 4891 2979 4944 sed
3007 4907 3122 4960 qua
3154 4908 3252 4945 non
3280 4892 3512 4945 videntur

1906 4989 1922 5049 (
1949 4982 2004 5035 2.
2035 4982 2152 5037 Cor.
2184 4985 2241 5039 4.
2277 4984 2366 5037 17.
2396 4981 2520 5052 18).
2564 4981 2697 5038 Nam
2727 4982 2772 5037 si
2798 4982 2992 5038 fluctus
3015 4993 3070 5038 et
3097 4983 3506 5040 maria‘nautis.

1905 5092 1969 5130 ae
2019 5076 2197 5132 caedes
2235 5077 2568 5146 vulneraque
2615 5077 2904 5142 militibus,
2952 5075 3124 5131 hiems
3179 5085 3338 5145 atque
3390 5077 3509 5144 gelu

1905 5168 2173 5235 agricolis,
2207 5167 2579 5238 pugilibusque
2606 5166 2914 5236 frequentes
2950 5168 3151 5237 plagae,
3189 5168 3338 5222 leves
3371 5169 3499 5223 tole-

1907 5260 2211 5329 rabilesque
2245 5260 2494 5314 videntur
2515 5301 2530 5327 ,
2563 5259 2632 5315 ob
2664 5273 2814 5329 spem
2861 5259 3226 5328 praemiorum,
3259 5273 3379 5327 qua:
3426 5270 3509 5312 ta-

1907 5367 2028 5406 men
2079 5351 2218 5405 fluxa
2273 5352 2613 5421 perituraque
2667 5359 2832 5406 sunt:
2867 5350 3038 5405 multo
3085 5351 3255 5422 magis
3292 5351 3510 5420 quando

1905 5446 2094 5498 caelum
2123 5445 2276 5498 nobis
2297 5487 2312 5509 ,
2343 5444 2628 5499 ineffabilia
2660 5444 2835 5509 bona,
2861 5443 3188 5514 przemiaque
3232 5445 3480 5497 immorta

1907 5537 1974 5590 lia
2025 5545 2397 5606 proponuntur
2423 5578 2436 5599 ,
2485 5535 2687 5590 nullum
2717 5535 2837 5605 quis
2865 5535 3210 5604 praesentium
3241 5533 3515 5590 malorum-

1906 5641 2121 5681 sensum
2155 5626 2432 5696 percipiat.

1976 5719 2032 5774 6.
2073 5719 2223 5786 Quod
2254 5722 2296 5772 si
2335 5720 2423 5787 qui
2462 5720 2524 5772 iis
2552 5720 2711 5773 etiam
2755 5720 2964 5789 positis,
3008 5718 3146 5774 viam
3182 5718 3320 5772 illaut
3352 5715 3500 5772 labo-

1912 5812 2105 5867 riosam
2133 5826 2252 5867 esse
2281 5818 2489 5882 putant,
2520 5825 2589 5866 es
2616 5809 2828 5869 illorum
2871 5810 3083 5868 desidia
3100 5821 3306 5868 tantum
3334 5809 3502 5864 oritur
