4110 6306
625 421 728 474 315

625 530 742 585 hzec
761 526 1014 596 suspicio.
1046 524 1180 579 Vide
1200 524 1346 579 enim
1360 537 1521 592 quam
1543 522 1715 576 levem
1742 520 1888 576 illam
1915 518 2019 573 alio
2043 516 2206 572 modo

625 621 854 681 efliciat,
885 632 1004 673 cum
1025 615 1178 686 jubet
1223 629 1330 668 non
1369 612 1705 667 commisceri
1747 609 2000 671 canibus,
2038 619 2209 675 neque

628 711 805 780 porcis
831 725 890 764 se
916 707 1147 767 tradere,
1177 717 1228 759 ct
1255 719 1443 758 cavere
1468 717 1496 754 a
1528 699 2024 770 pseudoprophetis,
2052 697 2208 751 duin-

625 818 729 872 que
763 814 858 856 eos
893 800 1129 870 undique
1168 798 1424 852 Sollicitos
1453 793 1646 849 reddit.
1682 793 1796 848 [loc
1838 793 2011 860 ipsum
2057 803 2207 852 vero,

627 894 770 962 quod
802 894 943 946 illam
973 903 1175 946 arctam
1217 887 1471 958 appellat,
1500 886 1737 940 maxime
1761 884 1972 937 confert
1998 880 2062 935 ad
2091 896 2208 934 eam

628 986 838 1039 facilem
866 983 1206 1043 reddendam,
1238 979 1533 1032 admooens
1563 977 1698 1030 illos‘
1713 983 1769 1029 ut
1794 975 2031 1044 vigilem.
2062 972 2211 1026 Sicut

632 1079 774 1131 enim
805 1075 1015 1137 Paulus,
1045 1088 1166 1127 cum
1202 1071 1355 1132 dixit,
1390 1069 1510 1123 Non
1535 1079 1607 1122 est
1637 1068 1778 1122 nobis
1803 1066 2092 1120 colluctatio
2119 1063 2214 1117 ad-

632 1181 798 1218 versus
846 1164 1141 1232 sanguinem
1179 1171 1225 1214 et
1265 1175 1468 1213 carnem
1497 1158 1712 1227 (Ephes.
1760 1157 1812 1212 6.
1848 1155 1960 1224 12),
2016 1171 2120 1209 non
2154 1164 2211 1207 ut

633 1254 867 1322 dejiciat,
909 1252 1002 1305 sed
1036 1262 1091 1305 ut
1133 1253 1303 1320 erigat
1345 1251 1568 1303 militum
1601 1250 1831 1313 animos,
1862 1248 1910 1300 id
1943 1246 2071 1300 dicit
2100 1266 2112 1300 :
2138 1245 2216 1298 sic

635 1345 746 1412 ipse
788 1343 1039 1397 Dominus
1065 1351 1120 1395 ut
1149 1343 1381 1395 viatores
1419 1357 1448 1394 a
1492 1355 1682 1394 somno
1710 1342 1926 1403 excitet,
1970 1351 2212 1406 asperam

637 1435 764 1488 dicit
811 1434 945 1486 viain
977 1449 1188 1501 :ncque
1234 1434 1333 1486 lioc
1371 1432 1738 1486 tantummodo
1786 1431 1851 1484 ad
1894 1427 2214 1498 vigi’andum

636 1523 856 1590 inducit,
884 1524 976 1578 sed
1007 1524 1167 1578 etiam
1205 1540 1323 1575 cum
1355 1523 1554 1590 adjicit,
1588 1523 1781 1575 multos
1819 1535 1938 1576 esse
1968 1522 2057 1590 qui
2088 1536 2216 1589 Stip-

638 1616 878 1683 plantare
914 1615 1192 1679 studeant;
1222 1615 1467 1684 quodque
1497 1616 1708 1683 gravius
1750 1626 1854 1676 est,
1889 1632 1993 1668 non
2032 1625 2219 1683 aperte

641 1704 959 1772 irrumpunt,
1007 1705 1099 1759 sed
1141 1689 1261 1758 sese
1298 1705 1607 1758 occultant:
1642 1705 1943 1772 hujusmoili
1990 1720 2220 1772 namque

639 1803 720 1846 est
758 1795 1335 1865 pseudoproplietawin
1373 1811 1561 1864 genus.
1589 1795 1692 1849 Sed
1721 1812 1788 1850 ne
1820 1796 1944 1849 illud
1977 1796 2223 1850 conside-

641 1898 749 1946 res,
786 1885 972 1953 inquit,
1002 1885 1142 1954 quod
1168 1887 1236 1939 sit
1261 1901 1444 1954 aspera
1473 1896 1524 1938 et
1561 1896 1727 1949 arcta,
1757 1885 1850 1939 sed
1880 1902 1986 1955 quo
2013 1887 2223 1940 desinat

641 1975 946 2044 perpende;
976 1989 1144 2044 neque
1174 1975 1313 2044 quod
1343 1978 1605 2028 contraria
1647 1978 1728 2030 via
1771 1978 1839 2029 sit
1871 1978 1972 2029 lata
2012 1986 2066 2030 et
2104 1990 2224 2044 spa-

643 2065 800 2129 tiosa,
834 2064 926 2118 sed
968 2081 1124 2134 quem
1155 2066 1310 2119 ﬁnem
1346 2067 1554 2119 habeat.
1588 2067 1710 2120 H:ec
1739 2083 1898 2135 porro
1941 2068 2118 2121 omnia
2144 2066 2225 2119 di-

645 2154 733 2215 rit,
763 2163 819 2206 ut
850 2154 1000 2207 nobis
1027 2155 1256 2208 animum
1284 2156 1472 2224 erigat,
1501 2166 1556 2208 ut
1581 2167 1634 2209 et
1662 2157 1785 2211 alibi
1817 2158 2024 2210 dieebat
2055 2176 2066 2209 :
2105 2155 2224 2208 Vio-

646 2243 768 2295 lenti
812 2246 1014 2313 rapiunt
1044 2245 1173 2296 illud
1195 2243 1405 2315 (Matth.
1449 2247 1532 2299 il.
1569 2245 1676 2316 1‘2).
1722 2247 1850 2300 Nam
1880 2250 1969 2315 qui
2012 2246 2074 2299 ad
2118 2262 2224 2300 cer-

647 2344 822 2388 tamen
895 2337 1224 2406 iiigreditur,
1291 2338 1376 2392 ubi
1433 2339 1576 2391 clare
1644 2338 1787 2391 videt
1851 2338 2224 2406 agoiiotbetam

648 2426 998 2478 certaminum
1034 2427 1267 2480 laborem
1307 2428 1678 2490 admirantem,
1721 2431 1945 2482 alacrior
1978 2429 2226 2482 eflicitur.

653 2513 730 2567 Ne
760 2514 916 2582 igitur
953 2518 1189 2569 animum
1226 2519 1673 2585 dcspondeamus,
1714 2533 1831 2572 cuni
1873 2521 2034 2572 multa
2079 2519 2232 2573 nobis

649 2601 773 2655 hinc
799 2603 967 2657 tristia
1002 2606 1310 2660 acciderint.
1343 2610 1495 2659 Arcta
1525 2611 1665 2660 enim
1695 2620 1774 2662 est
1800 2610 1904 2672 via,
1936 2619 1989 2662 ct
2011 2620 2230 2678 angusta

650 2703 799 2762 porta
831 2711 845 2746 :
875 2705 928 2747 at
965 2712 1066 2747 non
1098 2697 1281 2766 civitas
1310 2697 1415 2749 illa.
1456 2696 1680 2767 Ideoque
1711 2715 1816 2751 non
1843 2698 1928 2753 hic
1966 2699 2229 2769 speranda

649 2783 800 2849 quies
825 2792 926 2844 est,
957 2801 1125 2852 neque
1159 2786 1261 2837 illis
1291 2787 1579 2840 nutandum
1611 2789 1807 2857 aliquid
1845 2791 2020 2845 inesse
2054 2793 2229 2845 triste.

649 2872 783 2925 Cum
812 2871 946 2926 dixit
973 2883 1061 2926 aut
1256 2878 1370 2929 ιιιιεὶ
1397 2887 1511 2929 sunt
1547 2880 1632 2946 qui
1660 2882 1914 2934 inueniunt
1941 2898 2074 2946 eam,
2108 2899 2230 2936 rur-

650 2977 744 3015 sus
787 2965 1073 3020 multorum
1121 2965 1206 3019 hic
1251 2967 1510 3034 ignaviain
1561 2969 1813 3037 declarat,
1862 2982 1916 3025 et
1963 2973 2234 3026 auditores

651 3053 904 3123 instituit,
930 3071 998 3112 ne
1024 3059 1309 3112 multorum
1333 3060 1490 3114 rebus
1523 3065 1792 3132 prosperis
1821 3065 2056 3117 animum
2085 3063 2236 3118 adbi-

651 3147 832 3210 beant,
855 3149 946 3202 sed
978 3164 1261 3216 paucorum
1290 3151 1579 3206 laboribus.
1609 3156 1824 3208 Plurimi
1855 3171 2104 3224 namque,
2135 3159 2230 3222 ait,

651 3252 759 3290 non
800 3238 959 3293 modo
998 3255 1095 3309 per
1137 3242 1278 3295 illam
1325 3242 1462 3295 viam
1515 3260 1617 3297 non
1664 3246 1938 3309 incedunt,
1989 3248 2082 3303 sed
2136 3265 2235 3303 nec

651 3328 797 3382 illam
841 3330 1044 3399 eligunt
1090 3333 1338 3401 quidem;
1383 3336 1524 3396 quod
1574 3346 1871 3391 extremum
1917 3339 2235 3408 insipientia:

653 3430 756 3474 est.
788 3421 980 3475 Verum
1022 3441 1126 3476 non
1156 3435 1237 3478 est
1265 3427 1584 3480 multitudini
1618 3430 2033 3488 attendendum:
2066 3448 2236 3501 neque

657 3509 782 3565 inde
820 3513 1015 3565 turbari
1047 3525 1276 3583 oportet,
1307 3520 1400 3571 sed
1444 3534 1640 3585 paucos
1670 3522 1784 3574 illos
1810 3523 2022 3587 imitari,
2052 3534 2106 3577 et
2136 3540 2234 3576 iiii-

657 3600 818 3671 dique
852 3618 969 3656 sese
1009 3605 1320 3673 colligentes
1358 3610 1436 3661 sic
1481 3625 1575 3678 per
1621 3628 1740 3664 cum
1787 3613 2056 3666 incedere.
2105 3615 2238 3669 Nam

657 3705 1008 3762 printerqnaui
1055 3698 1194 3765 quod
1245 3709 1465 3766 angusta
1518 3701 1602 3752 illa
1645 3713 1745 3764 est,
1789 3705 1936 3756 inulti
1979 3715 2102 3758 sunt
2151 3708 2239 3775 qui

659 3786 998 3853 supplantare
1041 3787 1292 3852 student,
1336 3805 1402 3843 ne
1445 3790 1535 3842 illo
1582 3793 1842 3857 intretur;
1893 3798 2239 3862 quamobrem

661 3875 1080 3944 subjunxitzlS.
1129 3878 1382 3931 Attendite
1433 3898 1465 3933 a
1509 3884 1651 3950 falsis
1700 3884 1974 3952 prophetis.
2037 3884 2242 3938 Venient

663 3966 796 4017 enim
834 3966 901 4017 atl
942 3981 1026 4020 vos
1065 3968 1115 4020 in
1156 3970 1454 4024 vestimentis
1499 3988 1664 4026 omum
1693 3990 1711 4026 .'
1735 3976 2033 4029 intrinsecus
2074 3987 2241 4029 autent

664 4071 780 4110 sunt
806 4058 912 4122 lupi
939 4076 1168 4128 rapaces.
1216 4061 1352 4114 Ecce
1381 4077 1501 4116 cum
1538 4066 1758 4118 canibus
1786 4076 1838 4120 et
1879 4067 2053 4135 porcis
2097 4067 2239 4120 aliud

665 4147 973 4202 insidiarum
1018 4167 1202 4217 genus,
1253 4153 1419 4206 multo
1451 4155 1793 4219 periculosius
1835 4158 1942 4210 illo.
1992 4159 2067 4211 llli
2100 4158 2239 4212 enim

666 4247 789 4290 sunt
829 4241 1115 4306 manifeSIi,
1148 4254 1201 4294 et
1232 4245 1402 4310 palam
1435 4243 1839 4312 aggrediuntur;
1887 4247 1941 4299 hi
1981 4264 2110 4302 vero
2149 4264 2243 4302 0c-

665 4329 817 4382 culti.
861 4330 983 4385 Ideo
1022 4330 1089 4384 ab
1134 4333 1237 4387 illis
1280 4334 1492 4402 quidem
1524 4335 1790 4389 abstinere
1827 4339 2005 4404 jussit,
2054 4340 2122 4390 ali
2166 4339 2248 4394 bis

671 4435 796 4472 vero
832 4420 1234 4491 diligentissime
1269 4439 1474 4486 cavere,
1503 4440 1566 4477 ac
1605 4427 1647 4477 si
1688 4427 1902 4480 difficile
1943 4429 2012 4482 sit
2051 4430 2117 4483 ad
2151 4432 2249 4498 pri-

671 4525 818 4564 mum
850 4511 966 4565 illos
996 4527 1340 4582 congressum
1365 4516 1641 4584 explorare
1667 4534 1678 4567 :
1715 4517 1939 4585 ideoque
1967 4519 2120 4583 dixit,
2151 4520 2246 4572 At-

671 4605 872 4668 tendi’tc,
901 4616 955 4657 ut
980 4605 1042 4658 ad
1063 4606 1178 4659 illos
1207 4606 1642 4661 interiioseendos
1669 4609 1911 4662 redderet
1944 4609 2248 4680 diligentio-

674 4709 779 4746 res.
811 4695 1007 4748 Deinde
1028 4712 1092 4748 ne
1117 4697 1412 4761 audientes,
1446 4699 1495 4751 in
1525 4708 1665 4750 arcta
1695 4710 1748 4751 et
1778 4710 1999 4768 angusta
2044 4703 2251 4757 multis-

672 4800 777 4853 que
821 4787 1082 4839 cnntraria
1133 4787 1213 4840 via
1275 4789 1623 4841 incedendum
1681 4804 1840 4852 esse,
1891 4806 1919 4843 a
1976 4798 2151 4860 porcis
2198 4805 2253 4848 et

675 4876 895 4929 canibus
925 4878 1237 4944 cavendum,
1276 4881 1594 4949 insuperque
1631 4896 1660 4933 a
1699 4881 1994 4950 maligniori
2032 4901 2247 4954 genere,

677 4981 869 5034 nempe
897 4967 1169 5034 luporum;
1195 4984 1259 5022 ne
1283 4970 1509 5022 tristium
1537 4987 1711 5024 rerum
1753 4972 2091 5028 multitudine
2118 4992 2250 5029 con-

675 5059 878 5122 cidant,
910 5058 961 5109 iii
993 5060 1313 5112 Contrarium
1345 5061 1524 5114 multis
1566 5064 1823 5117 iiiccssuri
1849 5066 2010 5128 viam,
2038 5079 2255 5135 praeter—

677 5164 849 5216 eaque
879 5149 961 5203 his
1002 5150 1066 5202 de
1104 5150 1263 5204 rebus
1290 5153 1500 5206 solliciti
1534 5155 1712 5216 futuri,
1743 5155 1986 5224 quredaiii
2018 5167 2254 5225 tempore

678 5250 885 5308 patrum
909 5255 1123 5292 suorum
1153 5252 1300 5310 gesta
1325 5245 1654 5310 memoravit,
1686 5245 2176 5316 pseudoprophetis
2203 5252 2254 5304 in

678 5333 910 5384 iiicdium
941 5331 1242 5394 adducens;
1274 5336 1444 5401 prisce
1480 5350 1705 5405 namque
1732 5339 1850 5390 talia
1896 5341 2252 5408 contigerunt.

679 5418 854 5474 Nolite
895 5437 1013 5490 ergo
1056 5423 1232 5475 teneri
1272 5423 1423 5491 (Luc.
1453 5424 1543 5478 21.
1590 5426 1666 5495 9),
1720 5429 1923 5497 inquit:
1953 5431 2081 5483 nihil
2115 5433 2254 5484 enim

681 5530 899 5579 novum,
956 5515 1088 5568 nihil
1137 5516 1430 5570 inauditum
1480 5520 1702 5572 accidet.
1752 5522 1970 5576 Veritati
2029 5540 2257 5592 namque

680 5606 938 5658 fallaciam
976 5623 1186 5677 semper
1215 5610 1484 5664 substituit
1511 5611 1774 5666 diabolus.
1809 5613 2254 5687 PseudOproplic-

683 5707 763 5747 tas
782 5707 954 5750 autem
979 5695 1062 5751 hic
1085 5715 1186 5753 non
1211 5699 1488 5756 ba-reticos
1517 5703 1643 5757 milii
1668 5705 2002 5760 subiodicare
2025 5708 2255 5773 videtur,

681 5785 772 5839 sed
827 5801 942 5853 eos,
989 5789 1076 5858 qui
1125 5805 1245 5844 cum
1288 5796 1521 5862 corrupti
1574 5797 1810 5850 moribus
1866 5807 1918 5850 et
1971 5799 2078 5852 vita
2124 5801 2251 5867 sint,

1370 412 1428 467 S.
1467 409 1742 466 JOANNIS
1775 403 2246 464 CllRYSOSTOMI
2287 402 2606 459 ARCIIIEP.
2645 397 3181 457 CONSTANTINOP.

3803 397 3908 453 318

2317 503 2527 566 virtutis
2549 511 2749 566 larvam
2770 505 3172 574 circumferunt,
3205 522 3340 580 quos
3363 509 3676 565 seductores
3710 525 3910 565 vocare

2317 601 2468 656 multi
2512 602 2705 656 solent.
2739 599 3096 667 Quamobrem
3137 600 3415 669 subjunin
3447 599 3655 664 dicetis,
3701 600 3789 653 16.
3829 598 3911 653 Ea:

2316 693 2562 765 fructibus
2600 709 2773 747 eorum
2799 692 3108 762 cognoscetis
3145 708 3249 745 eos.
3284 691 3414 745 Nam
3443 691 3585 760 apud
3627 690 3915 744 hereticos

2315 785 2529 855 quidem
2556 785 2773 838 honesta
2803 783 2902 836 vita
2927 797 3072 850 sirpe
3099 784 3357 852 reperitur
3380 799 3394 846 ;
3418 781 3555 851 apud
3583 781 3686 836 hos
3707 793 3918 843 autem,

2318 891 2453 945 quos
2495 874 2622 935 dixi,
2661 888 2970 940 numquam.
2997 871 3134 938 Quid
3164 874 3343 942 igitur,
3374 873 3604 942 inquies,
3637 872 3682 925 si
3727 885 3916 924 mores

2322 966 2520 1036 ﬁngant
2558 965 2846 1018 honestos?
2887 963 2992 1018 Sed
3030 965 3182 1017 facile
3211 963 3509 1031 capientur.
3535 963 3681 1017 Talis
3709 963 3922 1032 quippe

2321 1069 2403 1113 est
2445 1057 2600 1126 hujus
2629 1055 2727 1108 vi:e
2759 1065 2966 1120 natura,
3019 1071 3121 1125 qua
3169 1056 3418 1110 incedere
3459 1055 3616 1123 jussi,
3647 1054 3921 1109 laboriosa

2323 1167 2515 1220 nempe
2551 1161 2602 1204 et
2641 1151 2792 1203 dura.
2825 1150 3112 1220 llypocrita
3151 1163 3280 1203 vero
3304 1149 3538 1203 laborem
3571 1149 3714 1202 ferre
3757 1147 3922 1210 nolit,

2323 1243 2417 1296 sed
2458 1242 2707 1295 simulare
2737 1252 2942 1295 tantum
2970 1260 2982 1295 :
3009 1242 3237 1310 ideoque
3273 1239 3429 1294 facile
3466 1238 3916 1308 deprehenditur.

2325 1333 2454 1400 Quia
2478 1335 2618 1388 enim
2642 1333 2792 1397 dixit,
2823 1332 2986 1386 Pauci
3004 1343 3120 1386 sunt
3143 1331 3230 1401 qui
3254 1332 3508 1383 inveniunt
3528 1345 3661 1394 eam,
3687 1330 3925 1384 secernit

2325 1438 2417 1475 eos
2446 1424 2512 1475 ab
2543 1422 2664 1486 illis,
2690 1422 2777 1489 qui
2814 1437 2935 1474 eum
2963 1436 3066 1474 non
3091 1420 3408 1482 invenerint,
3439 1419 3705 1473 invenisse
3741 1427 3924 1471 tamen

2325 1528 2382 1565 se
2411 1513 2682 1576 simulant,
2708 1513 2900 1580 jnbens
2924 1529 3028 1564 non
3059 1513 3124 1564 ad
3154 1513 3297 1576 illos,
3332 1513 3418 1580 qui
3452 1513 3652 1563 larvam
3679 1511 3919 1564 circurn-

2327 1601 2523 1667 ferunt,
2553 1603 2842 1669 respicere,
2877 1601 2971 1656 sed
2998 1601 3066 1654 ad
3109 1602 3229 1654 illos
3257 1602 3346 1670 qui
3385 1616 3511 1655 vere
3550 1610 3606 1654 et
3643 1615 3709 1654 ex
3737 1600 3928 1653 animo

2329 1695 2380 1748 iu
2412 1696 2500 1749 illa
2543 1694 2816 1748 incedunt.
2856 1695 2923 1748 lit
2962 1709 3061 1762 qua
3087 1693 3155 1746 de
3182 1707 3361 1756 causa,
3400 1692 3630 1759 inquies,
3663 1707 3767 1744 non
3798 1691 3928 1743 illos

2330 1797 2484 1840 tiotos
2514 1787 2656 1848 fecit,
2682 1786 2774 1839 sed
2801 1800 2900 1838 nos
2934 1787 2984 1838 iii
3008 1785 3320 1855 explorandi
3349 1800 3530 1838 curam
3557 1783 3826 1850 conjecit?
3858 1781 3928 1837 Ut

2331 1877 2628 1945 vigilemus,
2663 1885 2718 1930 et
2756 1877 2969 1930 solliciti
3008 1892 3222 1945 semper
3262 1876 3449 1939 simus,
3491 1875 3617 1929 dum
3665 1890 3927 1929 cavemus

2330 1980 2435 2019 non
2466 1965 2625 2019 modo
2649 1965 2715 2018 ab
2743 1965 2973 2018 inimicis
3001 1965 3105 2018 illis
3133 1966 3221 2035 qui
3251 1965 3422 2033 palam
3465 1965 3600 2018 tales
3637 1977 3762 2020 sunt
3785 2007 3800 2027 ,
3829 1963 3930 2018 sed

2329 2057 2398 2109 ab
2441 2057 2504 2110 iis
2553 2057 2713 2111 etiam
2755 2057 2842 2126 qui
2896 2071 3016 2112 sese
3064 2057 3372 2110 occultant:
3401 2071 3535 2126 quos
3580 2055 3934 2111 subindicans

2334 2148 2525 2201 Paulus
2551 2148 2762 2202 dicebat.
2792 2168 2805 2202 ;
2835 2146 2899 2202 Et
2925 2165 3013 2218 per
3034 2147 3206 2201 dulces
3232 2164 3484 2201 sermones
3502 2147 3744 2200 seducunt
3771 2149 3936 2199 corda

2333 2241 2669 2293 innocrntium
2701 2241 2874 2309 (liam.
2907 2242 2992 2294 t6.
3026 2241 3137 2309 i8).
3164 2239 3240 2293 Ne
3270 2241 3447 2308 itaque
3477 2240 3771 2302 turbentur,
3804 2255 3932 2293 cum

2336 2333 2528 2385 multos
2575 2332 2938 2400 hujuscemodi
2982 2333 3145 2386 etiam
3189 2345 3331 2385 nunc
3376 2332 3642 2384 videmus.
3697 2329 3828 2384 Nam
3880 2341 3935 2382 et

2339 2421 2465 2475 illtid
2494 2438 2652 2491 supra
2681 2422 2921 2476 Christus
2953 2423 3216 2491 prtudixit.

2410 2513 2462 2566 7.
2508 2513 2570 2564 Et
2616 2512 2882 2582 perpende
2925 2513 3042 2581 ejus
3086 2511 3567 2567 tiiansuetudincni.
3619 2510 3734 2565 Non
3780 2512 3927 2565 enim

2339 2602 2469 2654 dixit
2493 2643 2507 2663 ,
2539 2602 2726 2658 Punite
2757 2605 2870 2657 illos
2895 2646 2910 2668 ,
2943 2605 3058 2667 sed,
3087 2603 3281 2658 Cavete
3309 2619 3375 2658 ne
3398 2603 3464 2657 ab
3491 2603 3595 2656 illis
3626 2602 3894 2656 laedamini
3918 2643 3936 2665 ,

2339 2707 2406 2744 ne
2437 2691 2627 2744 incauti
2676 2693 2724 2744 in
2774 2692 2891 2745 illos
2939 2694 3203 2748 incidatis.
3248 2695 3488 2756 Deinde,
3525 2709 3589 2747 ne
3636 2694 3784 2747 dicas
3828 2708 3938 2747 non

2341 2797 2496 2850 posse
2547 2781 2844 2851 liujusuiodi
2887 2783 3133 2838 homines
3175 2785 3464 2837 internosci
3499 2826 3512 2844 .
3543 2785 3610 2837 ab
3655 2783 3937 2838 hominum

2340 2875 2588 2942 exemplo
2618 2891 2800 2929 rursus
2831 2876 3162 2929 ratiocinium
3183 2876 3396 2930 adhibet
3426 2877 3608 2929 dicens
3633 2895 3646 2930 :
3669 2875 3940 2945 Numquid

2341 2966 2583 3035 colligunt
2616 2966 2677 3017 de
2703 2958 2863 3033 spinis
2902 2982 3022 3018 uvas
3046 3008 3062 3031 ,
3089 2975 3174 3018 aut
3208 2967 3270 3018 de
3297 2967 3492 3018 tribulis
3526 2968 3655 3034 ﬁcus
3677 2967 3703 3018 .’
3734 2969 3820 3022 17.
3851 2967 3945 3022 Sic

2344 3057 2504 3126 omnis
2529 3056 2680 3109 arbor
2704 3059 2866 3118 bona,
2893 3057 3049 3110 bonos
3077 3061 3271 3125 fructus
3299 3059 3458 3126 facit;
3487 3059 3620 3110 mula
3650 3069 3821 3110 autem
3850 3076 3944 3109 or-

2343 3148 2432 3198 bor
2475 3149 2670 3214 fructus
2723 3149 2882 3200 malos
2930 3148 3073 3216 facit.
3114 3148 3199 3200 18.
3247 3147 3367 3200 Non
3414 3159 3574 3217 potest
3617 3150 3771 3201 arbor
3809 3152 3946 3202 bona

2344 3241 2536 3305 {ructas
2565 3237 2724 3289 malos
2745 3242 2911 3306 facere
2929 3277 2944 3301 ,
2969 3254 3060 3290 nec
3087 3238 3238 3290 arbor
3267 3240 3404 3291 mala
3440 3239 3632 3306 fructus
3665 3239 3823 3294 bonos
3853 3247 3937 3307 fu-

2344 3345 2473 3380 cere.
2507 3328 2658 3394 Quod
2700 3338 2875 3381 autem
2906 3328 3034 3382 dicit
3063 3328 3366 3383 huiusmodi
3411 3340 3493 3382 est
3517 3349 3528 3382 :
3554 3330 3693 3383 Nihil
3744 3331 3947 3385 habent

2348 3419 2473 3470 inite
2492 3421 2570 3470 vel
2601 3419 2789 3482 dulce;
2820 3420 3010 3487 pellem
3042 3419 3212 3472 solum
3242 3419 3357 3472 ovis
3381 3432 3611 3488 gi-suint,
3645 3422 3766 3474 idi-o
3788 3422 3946 3474 facile

2350 3512 2797 3563 internoscuntur.
2825 3510 2889 3563 Et
2921 3525 2989 3563 ne
3018 3512 3098 3564 vel
3129 3512 3402 3562 minimum
3433 3512 3666 3577 dubites,
3697 3514 3952 3565 naturali-

2351 3601 2448 3651 bus
2485 3601 2888 3653 necessitatibus
2924 3611 3196 3668 comparat
3239 3616 3301 3654 ea
3334 3617 3452 3668 qua:
3494 3602 3649 3654 aliter
3679 3606 3790 3654 licri
3840 3619 3946 3654 non

2351 3701 2590 3759 possunt.
2623 3691 2774 3756 Quod
2803 3692 2958 3744 etiam
2999 3692 3191 3745 Paulus
3225 3692 3435 3745 dicebat
3461 3709 3472 3743 :
3499 3693 3768 3755 Sapientia
3812 3697 3951 3746 enim

2350 3783 2517 3833 carnis
2539 3822 2554 3844 ,
2588 3798 2722 3834 mors
2746 3792 2818 3834 est
2842 3797 2859 3834 :
2882 3782 2979 3852 lcgi
3015 3785 3145 3835 enim
3189 3782 3283 3837 Dei
3325 3801 3425 3837 non
3465 3784 3729 3852 subjicitur
3749 3801 3767 3838 .'
3790 3802 3953 3854 neque

2350 3876 2481 3926 enim
2509 3885 2664 3941 potest
2689 3875 2866 3942 (Rom.
2900 3875 2953 3929 8.
2986 3879 3032 3931 6.
3068 3877 3141 3947 7).
3167 3878 3318 3944 Quod
3345 3888 3521 3933 autem
3555 3879 3678 3933 illud
3707 3883 3952 3934 scciinrlo

2353 3978 2532 4038 ponat,
2570 3985 2672 4022 non
2700 3978 2783 4022 est
2810 3969 3076 4036 superﬂua
3111 3971 3356 4039 repetitio
3383 3973 3693 4026 verborum.
3726 3973 3802 4028 Ne
3829 3976 3953 4043 quis

2351 4060 2491 4112 enim
2521 4059 2742 4121 diceret,
2769 4060 2945 4114 Arbor
2973 4063 3109 4113 inata
3141 4062 3344 4115 fructus
3372 4065 3584 4132 quidem
3616 4066 3717 4117 fert
3744 4070 3914 4117 malos
3933 4108 3948 4126 ,

2353 4149 2447 4202 sed
2475 4151 2574 4202 fert
2604 4150 2763 4203 etiam
2796 4150 2966 4202 bonos
2987 4166 3001 4213 ;
3026 4159 3080 4201 et
3109 4165 3228 4202 cum
3267 4153 3504 4220 duplices
3530 4153 3699 4214 ferat.
3729 4155 3953 4208 difﬁcile

2355 4250 2438 4292 est
2469 4241 2588 4293 illos
2617 4242 3016 4295 internoscere:
3042 4245 3110 4295 At
3130 4256 3214 4296 res
3235 4285 3247 4306 ,
3275 4243 3446 4314 inquit
3471 4287 3487 4310 ,
3521 4262 3623 4297 non
3659 4247 3729 4297 ita
3759 4260 3816 4298 se
3852 4246 3950 4297 lia-

2359 4329 2445 4382 bet
2470 4346 2483 4383 :
2508 4329 2677 4382 malos
2722 4340 2925 4383 tantum
2969 4330 3155 4395 affert,
3181 4333 3348 4386 bonos
3391 4350 3714 4402 numquam;
3751 4345 3808 4388 ut
3838 4346 3892 4388 et
3922 4353 3956 4390 e

2357 4420 2642 4472 contrario.
2673 4419 2806 4486 Quid
2836 4421 3028 4488 igitur?
3053 4423 3245 4476 Annon
3287 4435 3367 4478 est
3395 4426 3475 4478 vir
3505 4426 3695 4487 bonus,
3724 4428 3816 4495 qui
3842 4444 3957 4478 ina-

2363 4514 2442 4564 lus
2466 4512 2755 4568 efﬁciatur?
2773 4517 2849 4570 Ac
2866 4517 3095 4570 vicissim
3123 4518 3406 4574 dicendum
3434 4537 3464 4575 e
3485 4522 3754 4576 cuntrario
3781 4540 3793 4574 :
3817 4528 3958 4576 uitii-

2363 4609 2428 4660 tis
2461 4607 2757 4676 hujusmodi
2789 4610 3050 4677 exemplis
3079 4611 3292 4679 plenum
3320 4622 3404 4666 est
3443 4613 3716 4666 hominum
3758 4631 3950 4683 genus.

2361 4698 2462 4752 Sed
2489 4699 2727 4753 Christus
2748 4716 2852 4753 non
2883 4699 3006 4753 illud
3036 4701 3182 4763 dicit,
3209 4716 3401 4770 nempe
3429 4718 3532 4756 non
3565 4718 3721 4771 posse
3750 4705 3954 4756 malum

2362 4790 2630 4842 hominem
2663 4793 2873 4852 mutari,
2905 4807 3076 4860 neque
3099 4793 3292 4844 licitum
3323 4793 3547 4848 cadere:
3574 4811 3754 4848 verum
3779 4795 3955 4850 donec

2363 4881 2413 4934 in
2447 4891 2676 4950 nequitia
2719 4894 3060 4950 perseverat,
3096 4883 3292 4937 bonum
3334 4901 3438 4939 non
3469 4886 3656 4941 afferet
3692 4888 3951 4942 fructum.

2364 4973 2550 5026 Mutari
2579 4974 2717 5027 enim
2753 4985 2964 5043 potest,
2992 4987 3045 5029 et
3075 4991 3137 5028 ex
3178 4977 3420 5045 improbo
3449 4978 3620 5032 bonus
3648 4979 3820 5043 cliti;
3857 4981 3954 5034 sed

2364 5065 2414 5116 in
2465 5066 2694 5133 nequitia
2741 5083 2999 5132 manens,
3058 5067 3284 5121 fructum
3337 5084 3441 5122 non
3493 5071 3678 5124 afferet
3726 5073 3952 5126 bonum.

2363 5158 2642 5222 Quomodo
2663 5173 2788 5227 ergo
2820 5159 2981 5212 David
3004 5203 3016 5221 .
3047 5161 3218 5214 boiuis
3240 5178 3360 5214 eum
3391 5174 3550 5227 esset,
3580 5164 3803 5218 fructum
3837 5183 3953 5219 nia-

2366 5252 2472 5303 luin
2515 5251 2671 5303 tulit?
2702 5250 2812 5303 Non
2847 5268 3067 5306 manens
3105 5253 3275 5307 bonus
3301 5297 3315 5319 ,
3351 5255 3440 5308 sed
3492 5266 3722 5311 mutatus
3748 5275 3760 5310 :
3786 5259 3877 5327 qui
3909 5262 3952 5313 si

2366 5357 2625 5411 perpetuo
2651 5343 2931 5398 mansisset
2959 5345 3128 5413 qualis
3150 5355 3267 5399 erat
3287 5387 3300 5410 ,
3326 5363 3611 5416 numquam
3648 5351 3805 5403 talem
3835 5351 3952 5404 fru-

2365 5444 2504 5486 ctum
2540 5435 2765 5488 tulisset.
2790 5434 2917 5489 Nam
2948 5437 2990 5488 si
3023 5437 3301 5490 illVll'lUllS
3329 5438 3495 5506 gradu
3516 5442 3820 5505 mansisset,
3841 5460 3948 5495 tiott

2366 5541 2525 5579 ausus
2555 5537 2696 5581 esset
2728 5526 2844 5579 talia
2879 5538 3205 5596 perpetrare.
3240 5529 3365 5583 Hice
3404 5539 3580 5583 autem
3623 5533 3864 5596 dicebat,
3900 5544 3954 5588 ut

2369 5628 2566 5672 lt‘lllCl‘C
2598 5619 2996 5688 obloquentium
3029 5631 3084 5674 et
3125 5621 3520 5676 criminantium
3564 5639 3660 5678 ora
3694 5624 3949 5681 frenaret.

2366 5711 2496 5775 Quia
2536 5711 2676 5762 enim
2722 5711 2927 5778 plurimi
2962 5710 3129 5765 bonos
3164 5727 3232 5765 ex
3265 5713 3522 5781 improbis
3561 5716 3868 5780 aestimant,
3898 5731 3951 5773 ut

2368 5801 2470 5855 illis
2497 5817 2707 5857 omnem
2740 5805 3134 5860 excusationem
3160 5805 3442 5873 adimeret,
3470 5807 3574 5862 hoc
3595 5808 3749 5863 dixit.
3773 5809 3954 5881 Neque
