4110 6306
216 294 316 349 317

206 412 351 462 enim
397 405 576 460 dicere
618 402 824 475 possis,
851 401 1258 458 Circumventus
1287 413 1407 451 sum
1434 406 1594 465 atque
1634 394 1795 451 dccc-

209 506 331 565 titus
356 515 371 551 :
398 510 519 549 nam
547 501 847 549 accuratam
874 491 968 547 tibi
994 488 1117 545 dedi
1142 505 1208 543 ex
1235 487 1487 557 operibus
1514 485 1753 540 notitiam
1779 528 1794 550 ,

204 589 398 657 iubens
425 602 520 658 per
545 587 689 655 ipsos
706 592 857 637 actus
872 580 1185 653 procedere,
1205 594 1379 653 neque
1396 576 1573 632 omnia
1597 586 1797 631 temere

210 679 442 732 turbare.
472 674 673 729 Deinde
696 676 819 743 quia
846 688 950 728 non
975 684 1068 726 eos
1090 670 1270 725 ulcisci
1288 669 1463 738 jussit,
1488 668 1582 723 sed
1608 683 1797 723 cavere

203 769 277 823 ab
296 769 397 821 illis
415 775 469 819 ut
485 780 580 821 eos
594 767 682 835 qui
699 765 766 818 ab
785 764 889 818 illis
911 749 1234 817 laederentur
1260 762 1583 824 consoletur,
1608 761 1796 815 simul-

204 876 312 928 que
333 867 387 912 ut
407 857 661 930 laedentes
688 856 955 910 deterreat
973 864 1028 907 et
1046 853 1096 905 in
1116 852 1335 907 meliora
1352 859 1648 909 convertat.
1678 866 1794 920 pic-

207 967 330 1004 nam
348 950 487 1004 abse
506 949 633 1018 ipsis
654 946 988 1016 iulligendam
1011 945 1194 999 statuit
1219 953 1275 999 et
1300 932 1547 1009 firmavit,
1579 943 1793 997 dicens:

206 1044 294 1098 I9.
318 1043 492 1095 Omnis
508 1040 675 1105 arbor,
687 1055 799 1110 qua:
811 1055 910 1092 non
923 1038 1045 1109 facit
1061 1041 1279 1108 fructum
1296 1038 1503 1100 bonum,
1517 1036 1793 1099 excidatur,

202 1144 252 1185 rt
294 1135 348 1186 in
386 1134 551 1203 ignem
578 1134 815 1185 mittetur.
846 1130 1047 1184 Deinde
1074 1143 1377 1182 sermonem
1407 1126 1793 1197 aliquantulum

206 1234 529 1292 temperans.
552 1222 725 1277 intulit
742 1239 756 1275 :
772 1220 861 1276 20.
882 1219 909 1273 Ι
915 1221 1050 1291 gitur
1078 1235 1140 1272 ea:
1156 1219 1404 1289 fructibus
1424 1235 1590 1271 eorum
1607 1235 1795 1288 cogna-

200 1315 352 1368 sretis
371 1331 473 1367 eos.
491 1312 569 1369 Ne
583 1320 758 1367 autem
776 1310 1242 1365 comminatiouem
1269 1310 1499 1364 maxime
1524 1309 1796 1363 videretur

205 1403 479 1467 inducere,
500 1402 646 1471 quasi
671 1418 762 1471 per
775 1400 1190 1455 admonitionem
1207 1410 1260 1454 et
1284 1400 1565 1453 consilium
1590 1401 1797 1455 videtur

205 1493 416 1549 illorum
447 1495 678 1548 anituum
708 1508 946 1547 movere.
976 1491 1072 1546 IIic
1098 1507 1225 1546 vero
1253 1493 1381 1545 ιηιιιί
1410 1490 1623 1546 Judazos
1660 1493 1794 1547 sub-

202 1585 442 1640 indicare
472 1585 696 1647 videtur,
734 1583 824 1653 qtti
858 1584 989 1637 tales
1022 1582 1361 1650 proferebant
1397 1583 1619 1637 fruetus.
1646 1581 1797 1637 Ideo—

199 1690 309 1744 que
334 1673 550 1729 Joannis
574 1673 711 1732 dicta
744 1673 1077 1735 memoravit,
1104 1688 1197 1741 per
1224 1672 1410 1727 eadem
1440 1672 1548 1741 ipsa
1582 1675 1793 1727 nomina

200 1765 519 1835 supplicium
552 1764 656 1819 illis
680 1763 1007 1818 describens.
1036 1763 1169 1816 Nam
1200 1771 1251 1815 et
1281 1763 1370 1816 ille
1407 1762 1522 1817 haec
1547 1764 1758 1818 dicebat
1777 1805 1793 1829 ,

200 1858 435 1911 securim
456 1897 470 1921 ,
502 1856 746 1910 alborem
782 1854 1128 1909 excidendam
1160 1864 1214 1907 et
1242 1857 1417 1923 ignem
1448 1852 1797 1923 inexstingui-

200 1946 367 2001 bilem
408 1945 508 2000 illis
540 1960 969 2001 commemorans
995 1944 1210 2017 (Matth.
1239 1946 1291 1999 3.
1326 1944 1437 2014 10).
1468 1943 1797 2013 V’ideturqne

198 2052 309 2092 una
352 2047 548 2091 tantum
588 2051 742 2105 [NP-nd
784 2050 937 2101 esse,
970 2051 1161 2104 nempe
1200 2036 1540 2100 combustio;
1576 2038 1619 2091 si
1668 2052 1797 2091 vero

196 2127 327 2196 quis
375 2131 487 2182 haec
528 2137 773 2181 accurate
802 2128 1079 2197 exploret,
1108 2127 1301 2195 duplex
1346 2127 1434 2180 hic
1476 2128 1793 2197 supplicimn

195 2227 308 2273 est.
331 2216 461 2272 Nam
486 2220 573 2288 qui
598 2208 945 2282 comburitur,
963 2232 994 2271 a
1018 2233 1180 2286 regno
1202 2217 1399 2271 excidit
1420 2219 1658 2281 omnino;
1684 2218 1797 2273 lucc

198 2324 337 2364 vero
362 2325 514 2379 paena
545 2308 714 2377 major
738 2319 840 2363 est.
866 2308 996 2363 Novi
1038 2318 1185 2363 certe
1220 2310 1416 2364 multos
1440 2325 1506 2363 ex
1535 2310 1797 2379 gelienme

197 2411 409 2455 tantum
441 2402 652 2454 nomine
682 2400 901 2454 horrere
925 2416 940 2465 ;
967 2415 1064 2469 ego
1096 2410 1271 2453 tamen
1303 2400 1470 2454 multo
1496 2400 1798 2470 graviorem

196 2508 327 2549 esse
355 2507 561 2563 pinnam
588 2492 727 2547 duco
746 2507 775 2545 a
801 2492 963 2562 gloria
996 2492 1084 2545 illa
1109 2492 1376 2558 excidere,
1407 2508 1566 2562 quam
1596 2494 1799 2563 gehen-

195 2598 329 2637 nam
350 2582 529 2638 subire
546 2582 586 2638 ⁸.
609 2583 662 2638 Si
688 2598 812 2637 vero
832 2582 885 2637 id
908 2597 1010 2636 non
1033 2584 1202 2652 possit
1221 2598 1469 2636 sermone
1489 2584 1799 2649 monstrari,

197 2674 336 2732 nihil
375 2678 584 2729 mirum.
612 2675 795 2746 Neque
830 2676 973 2730 enim
1008 2677 1249 2729 novimus
1282 2676 1544 2729 bonorum
1586 2676 1795 2727 illorum

196 2767 607 2832 beatitudinem,
630 2778 685 2821 ut
708 2767 927 2837 perditm
943 2767 1107 2837 ipsius
1134 2767 1404 2821 miseriam
1432 2752 1795 2820 aestimemus:

188 2856 467 2927 siquidem
499 2858 692 2913 Paulus
722 2899 740 2926 ,
763 2873 851 2927 qui
877 2858 991 2912 haec
1023 2856 1187 2926 probe
1212 2866 1451 2922 noverat,
1477 2856 1678 2911 sciebat
1707 2874 1801 2911 ex—

197 2949 385 3003 cidere
410 2963 441 3003 e
467 2949 633 3019 gratia
659 2946 858 3003 Christi
881 2964 992 3002 rem
1014 2960 1134 3001 esse
1160 2947 1401 3000 omnium
1426 2936 1797 3016 gravissimam

198 3038 350 3104 (σαι.
382 3040 435 3095 5.
469 3041 546 3110 4).
578 3041 645 3094 ΕΙ,
672 3040 771 3092 hoc
801 3053 899 3093 nos
928 3053 1139 3107 quoque
1183 3036 1451 3103 sciemus,
1480 3052 1604 3091 cum
1633 3038 1684 3090 in
1716 3038 1794 3091 rei

198 3133 628 3201 experimentum
660 3132 1021 3185 iuciderimns.

281 3226 318 3280 8
359 3223 611 3289 Quantum
640 3224 703 3276 sit
736 3224 924 3275 malum
954 3221 1183 3275 excidere
1206 3238 1237 3273 a
1263 3237 1418 3291 regno
1449 3220 1544 3273 Dei
1569 3222 1800 3288 exemplo

201 3316 553 3369 aduinbratur.
578 3314 801 3367 Christus
830 3312 973 3366 nobis
1011 3312 1180 3365 omnia
1216 3321 1305 3365 est.
1335 3342 1404 3351 ——
1430 3310 1535 3365 Sed
1573 3311 1705 3365 faxis
1735 3326 1801 3365 ne

207 3410 313 3463 hoc
343 3411 620 3478 patiamur,
643 3424 676 3460 ο
703 3407 972 3477 unigenite
1000 3405 1094 3460 Dei
1128 3405 1248 3468 Fili,
1274 3420 1451 3474 neque
1480 3404 1800 3458 intoleramli

206 3501 365 3555 istius
427 3500 665 3569 supplicii
724 3514 974 3567 umquam
1025 3499 1452 3567 experimentum
1506 3512 1797 3550 sumamus.

205 3592 478 3658 Quantum
499 3592 641 3645 enim
667 3588 735 3644 sit
764 3590 960 3643 malum
988 3604 1015 3642 a
1044 3589 1199 3643 bonis
1228 3589 1334 3643 illis
1362 3589 1632 3653 excidere,
1657 3588 1803 3642 clare

205 3684 456 3750 cognosci
479 3682 677 3750 nequit.
703 3682 948 3734 Attamen
968 3695 1063 3749 pro
1086 3679 1222 3732 virili
1247 3694 1363 3733 mea
1387 3678 1623 3732 conabor
1643 3688 1803 3747 atque

203 3771 546 3836 contendam,
568 3772 667 3825 hoc
686 3770 836 3825 vobis
860 3785 953 3840 per
979 3772 1283 3840 exemplum
1315 3771 1506 3823 saltem
1537 3770 1798 3823 tantillum

202 3875 527 3919 monstrare.
558 3862 930 3933 Supponamus
957 3877 1076 3918 esse
1102 3863 1336 3932 puellum
1362 3862 1679 3927 mirabilem,
1712 3864 1801 3932 qui

200 3958 409 4011 virtute
434 3955 627 4011 florens
664 3955 823 4009 totius
848 3956 1006 4008 etiam
1038 3955 1184 4009 orbis
1212 3956 1494 4023 imperium
1522 3955 1799 4018 obtineat,

204 4057 462 4118 tantaque
490 4049 680 4103 virtute
700 4046 1000 4117 praeditum,
1027 4056 1084 4101 ut
1104 4047 1273 4117 possit
1295 4048 1536 4101 onmium
1555 4046 1801 4100 affectum

204 4142 262 4194 in
293 4153 355 4194 se
380 4140 449 4193 ita
474 4154 811 4194 connnovere
832 4179 847 4203 ,
880 4148 938 4192 ut
964 4138 1201 4192 universi
1237 4137 1391 4191 illum
1423 4147 1645 4207 paterno
1678 4137 1801 4191 dili-

204 4240 345 4304 gant
370 4246 567 4286 amore.
602 4230 739 4297 Quid
771 4246 877 4285 non
909 4231 1105 4300 putatis
1132 4242 1337 4299 patrem
1362 4231 1480 4298 ejus
1520 4245 1802 4299 passurum

204 4337 356 4387 esse,
390 4338 455 4376 ne
481 4323 597 4376 talis
623 4322 715 4376 lilii
746 4323 981 4390 privetur
1000 4321 1442 4391 colloquiotquid
1470 4332 1559 4374 aut
1586 4336 1809 4390 parvum

206 4423 309 4471 aut
335 4430 580 4484 magnum
614 4415 735 4468 mali
764 4429 868 4467 non
898 4422 1268 4482 suscepturum
1290 4454 1306 4477 ,
1336 4424 1391 4464 ut
1418 4412 1565 4466 illum
1592 4400 1770 4466 videat
1788 4452 1802 4472 .

210 4508 419 4575 illoque
448 4506 786 4575 perfruatur?
808 4506 921 4561 Hoc
948 4508 1107 4576 igitur
1126 4515 1181 4561 et
1205 4505 1273 4559 de
1297 4505 1465 4571 gloria
1490 4506 1579 4559 illa
1607 4506 1781 4575 cogite

210 4611 362 4654 mus.
387 4597 563 4667 Neque
589 4598 731 4653 enim
760 4596 898 4651 filius
922 4597 1251 4667 quantalibet
1280 4597 1475 4651 virtute
1500 4596 1804 4662 decoretur,

213 4693 294 4746 ita
321 4689 455 4757 patri
482 4689 851 4745 desiderabilis
875 4700 929 4745 et
952 4688 1195 4743 amabilis
1220 4696 1321 4750 est,
1348 4700 1405 4741 ut
1431 4697 1630 4741 sortem
1664 4688 1806 4741 illam

210 4786 484 4837 bonorum
530 4782 771 4850 accipere
793 4822 809 4847 ,
836 4795 899 4835 ac
938 4778 1169 4841 resolvi,
1203 4788 1257 4849 et
1285 4794 1403 4833 esse
1430 4794 1551 4832 cum
1594 4778 1809 4833 Christo

213 4873 483 4946 (Philipp.
505 4874 556 4929 I.
575 4872 694 4941 23).
718 4872 1071 4927 Intolerabilis
1097 4852 1291 4941 quippe
1316 4880 1401 4924 est
1426 4870 1512 4923 illa
1539 4868 1805 4939 gehenna,

216 4971 423 5039 illaque
448 4980 620 5037 pinna.
646 4967 891 5019 Attamen
922 4964 1045 5019 licet
1071 4964 1215 5019 mille
1237 4962 1357 5033 quis
1385 4962 1657 5029 geliennas
1685 4977 1809 5028 pro-

217 5059 460 5132 posuerit
485 5058 657 5123 ,_nibil
690 5057 793 5112 tale
818 5056 1055 5121 dicturus
1086 5064 1201 5120 est,
1230 5055 1385 5123 quale
1423 5062 1509 5109 est
1544 5068 1611 5107 ex
1656 5052 1809 5106 beata

219 5158 317 5213 illa
342 5154 585 5210 excidere
622 5151 787 5222 gloria
812 5192 826 5213 ,
860 5148 1073 5205 Christo
1096 5164 1317 5205 exosum
1344 5162 1464 5203 esse
1488 5190 1504 5208 ,
1535 5146 1721 5200 audire
1745 5146 1811 5198 ab

221 5234 326 5303 illo
349 5285 369 5310 ,
400 5243 521 5298 Non
562 5245 674 5297 novi
712 5258 798 5296 vos
838 5240 1047 5313 (Matth.
1077 5240 1166 5294 ‘25.
1212 5240 1323 5308 η),
1361 5238 1637 5302 accusari,
1668 5240 1809 5304 quod

223 5342 549 5395 esurientem
575 5337 720 5390 illum
742 5350 862 5389 cum
886 5333 1207 5396 videremus,
1223 5332 1399 5386 cibum
1419 5328 1809 5399 negaverimus.

228 5428 442 5485 Etenim
472 5426 661 5480 melius
686 5434 767 5480 est
795 5424 939 5478 mille
965 5421 1270 5476 fulminibus
1297 5420 1471 5483 obrui,
1504 5433 1663 5488 quam
1694 5418 1811 5472 vul-

227 5531 347 5575 tum
377 5517 522 5571 illum
550 5523 880 5570 mansuetum
908 5512 1087 5569 videre
1112 5527 1209 5565 nos
1235 5519 1594 5575 aversantem,
1622 5521 1676 5564 et
1702 5508 1813 5577 pla-

298 5675 315 5705 ι
353 5673 432 5721 ttic
456 5672 673 5722 locossic
698 5671 876 5735 legitur
902 5668 1269 5735 inq_ttorel._._ego
1289 5673 1444 5719 tamen
1477 5664 1811 5730 gravissimam

232 5747 335 5789 εδει
351 5748 537 5798 pecuum
558 5737 681 5785 duco
704 5750 732 5783 α
750 5731 903 5798 gloria
929 5733 1011 5783 illa
1034 5731 1279 5782 excidere.

1143 282 1209 337 IN
1248 278 1657 337 MATTIIIEUM
1699 275 1929 331 ΗυΜιΙ..
1975 279 2162 337 XXIII.
2201 285 2271 344 al.
2314 288 2504 353 XXIV,

2195 142 2224 150 ο

3398 304 3500 358 Siti

1905 396 2083 453 cidnm
2115 403 2331 459 oculum
2361 421 2459 462 nos
2489 409 2728 480 aspicere
2757 427 2863 466 non
2892 413 3268 470 sustinentem.
3297 414 3429 470 Nam
3456 420 3499 469 si

1907 507 1994 546 me
2020 493 2106 547 ille
2135 494 2409 551 inimicum
2437 514 2497 554 se
2525 499 2651 554 odio
2677 501 2960 559 habentem
2989 513 3045 559 et
3067 514 3403 561 aversantetn
3433 506 3501 559 ita

1911 591 2236 649 prosecutus
2251 590 2357 647 est,
2379 591 2434 637 ut
2454 599 2553 639 nec
2574 584 2677 639 sibi
2696 585 2798 654 ipsi
2814 597 3084 650 parceret,
3104 589 3199 643 sed
3212 604 3272 643 se
3284 589 3349 643 ad
3365 604 3509 644 mor-

1910 681 2016 725 tem
2034 675 2291 738 traderet;
2309 689 2433 728 cum
2447 685 2571 742 post
2587 676 2678 731 illa
2693 680 2875 733 omnia
2891 695 2991 733 nec
3001 695 3095 735 esu
3105 681 3262 735 rienti
3281 681 3500 751 quidem

1904 776 2096 830 panem
2127 765 2401 835 porrigere
2428 766 2677 834 dignatus
2705 766 2875 834 fuero,
2907 769 3105 839 quibus
3131 770 3349 826 demum
3378 788 3501 826 ocn-

1905 852 1971 907 lis
2018 853 2189 922 ipsum
2241 857 2562 925 respiciam?
2594 857 2689 911 Hic
2718 873 2848 911 vero
2894 859 3162 929 perpende
3201 861 3316 929 ejns
3347 878 3502 915 man-

1902 943 2259 1004 suetudinem.
2291 945 2473 1016 Neque
2497 947 2640 1001 enim
2673 947 2925 1001 beneficia
2969 965 3063 1004 sua
3090 961 3503 1015 commemorat,

1904 1051 2076 1105 neque
2109 1050 2179 1101 te,
2210 1040 2293 1092 cui
2325 1047 2402 1092 tot
2434 1039 2571 1093 bona
2602 1042 2849 1099 contulit.
2885 1041 3031 1095 illum
3061 1042 3341 1111 despicere
3370 1061 3503 1117 quc-

1903 1128 2056 1179 rimr.
2086 1127 2270 1198 Neque
2297 1131 2437 1183 enim
2470 1129 2598 1184 dicit
2622 1130 2813 1185 alliene
2838 1132 3089 1201 despicis,
3119 1134 3207 1203 qui
3244 1144 3296 1189 te
3325 1150 3389 1189 ex
3422 1136 3504 1187 ni-

1904 1218 2016 1271 hilo
2042 1220 2287 1288 produxi,
2316 1223 2405 1292 qui
2435 1222 2526 1277 tibi
2553 1223 2785 1276 animam
2817 1224 3099 1288 iusufllavi,
3133 1227 3223 1293 qui
3259 1239 3308 1282 te
3327 1230 3501 1282 omni-

1902 1308 2016 1373 bus,
2047 1326 2167 1380 qua:
2189 1312 2239 1365 in
2270 1322 2411 1366 terra
2438 1323 2581 1379 sunt,
2604 1312 2839 1382 pra-feci,
2862 1316 2949 1387 qui
2974 1327 3190 1385 propter
3218 1326 3269 1372 te
3290 1318 3504 1384 czcltnn,

1904 1410 2137 1465 terram,
2169 1417 2346 1466 mare,
2380 1418 2595 1470 aerem,
2627 1414 2682 1459 et
2709 1406 2887 1458 omnia
2913 1422 3034 1473 quae
3064 1407 3330 1461 exsistunt
3361 1409 3460 1462 feci
3489 1451 3503 1473 ,

1900 1491 1990 1561 qui
2021 1508 2049 1545 a
2081 1502 2131 1545 te
2159 1492 2513 1548 inhonoratus
2557 1511 2674 1547 sum
2720 1505 2773 1549 et
2809 1495 3020 1549 diabolo
3052 1496 3207 1550 vilior
3230 1498 3506 1551 existima-

1904 1590 1991 1634 tus
2011 1623 2026 1645 ,
2060 1583 2147 1649 qui
2177 1598 2352 1651 neque
2381 1582 2460 1637 sic
2487 1583 2702 1649 destiti,
2731 1587 2824 1639 sed
2854 1584 3017 1639 millia
3048 1597 3170 1654 post
3210 1588 3324 1641 lucc
3353 1589 3403 1642 in
3434 1591 3506 1644 tui

1899 1672 2123 1740 gratiam
2155 1674 2451 1742 excogitavi
2477 1716 2491 1737 .
2524 1676 2613 1743 qui
2647 1691 2839 1730 Servus
2865 1691 2986 1731 esse
3014 1678 3192 1743 volui,
3222 1678 3310 1748 qui
3338 1681 3508 1749 alapis

1901 1776 2094 1827 caesus,
2123 1773 2414 1833 conspulus
2440 1774 2492 1820 et
2516 1768 2727 1820 occisus
2748 1780 2887 1832 sum,
2917 1778 3145 1822 mortem
3175 1784 3362 1838 passus
3394 1779 3506 1823 tur-

1902 1852 2175 1923 pissimam
2202 1855 2330 1922 ,qui
2376 1857 2535 1910 etiam
2580 1857 2635 1911 in
2679 1858 2813 1912 ca'lo
2862 1872 2956 1925 pro
3006 1867 3057 1912 te
3106 1860 3389 1929 supplico,
3418 1862 3508 1931 qui

1903 1942 2161 2010 Spiritum
2190 1944 2283 1997 tibi
2312 1945 2531 2015 largitus
2557 1960 2697 2013 sum,
2724 1948 2814 2017 qui
2839 1957 2888 2002 te
2913 1963 3077 2017 regno
3095 1949 3342 2019 dignatus
3364 1967 3505 2016 sum,

1878 2022 1991 2100 'qui
2023 2032 2145 2086 talia
2175 2035 2395 2103 promisi
2426 2036 2558 2101 tibi,
2586 2036 2676 2107 qui
2704 2046 2862 2106 caput
2895 2047 3041 2091 tuum
3071 2054 3193 2093 esse
3227 2041 3390 2107 volui,
3418 2046 3508 2111 qui

1903 2135 2136 2191 sponsus
2166 2139 2306 2191 sum,
2336 2126 2520 2190 vestis,
2552 2129 2763 2191 divinus,
2795 2128 2943 2183 radix
2970 2172 2984 2196 ,
3018 2146 3139 2185 esca
3161 2172 3176 2195 ,
3205 2140 3382 2202 potus.
3414 2150 3511 2203 pa-

1903 2224 2035 2276 stor,
2068 2212 2179 2281 rex,
2203 2216 2386 2283 frater,
2412 2220 2500 2288 qui
2522 2229 2575 2274 te
2603 2219 2853 2275 heredem
2876 2232 2931 2275 et
2956 2220 3278 2278 coheredem
3306 2225 3321 2255 '
3345 2225 3507 2295 elegi,

1902 2305 1993 2373 qui
2034 2321 2099 2359 ex
2146 2308 2381 2362 tenebris
2420 2310 2488 2362 ad
2518 2318 2835 2378 potestatem
2858 2313 2880 2343 ¹
2912 2313 3043 2367 lucis
3087 2323 3138 2366 te
3163 2313 3349 2389 eduxi,
3372 2315 3507 2369 Cum

1905 2395 2020 2451 haec
2050 2407 2104 2452 et
2146 2398 2227 2452 his
2252 2399 2403 2469 plura
2432 2399 2613 2456 dicere
2642 2412 2864 2472 posset,
2898 2402 3029 2456 nihil
3060 2404 3164 2458 tale
3216 2404 3371 2459 dixit.
3402 2404 3507 2460 Sed

1904 2487 2071 2561 quid?
2097 2488 2282 2543 Solum
2313 2491 2444 2545 illttd
2474 2492 2695 2560 protulit
2724 2502 3021 2562 peccatum.
3056 2494 3156 2549 llic
3194 2510 3323 2549 vero
3370 2495 3510 2550 dile-

1904 2577 2135 2630 ctionctn
2168 2578 2401 2633 ostendit
2430 2592 2481 2634 et
2505 2595 2767 2648 amorem,
2800 2598 2906 2651 quo
2933 2590 2985 2637 te
3012 2584 3372 2654 prosequitur.
3401 2583 3507 2639 Neo

1904 2681 2009 2733 que
2041 2668 2186 2721 enim
2215 2667 2369 2732 dixit,
2396 2668 2468 2723 lte
2496 2669 2546 2722 in
2580 2671 2758 2741 ignem
2787 2680 3031 2741 paratum
3059 2672 3229 2737 vobis,
3252 2673 3370 2736 sed,
3405 2672 3511 2727 Pu-

1904 2768 2070 2810 rotum
2091 2758 2313 2813 diabolo.
2344 2761 2604 2833 Prinsque
2623 2762 2753 2817 dicit
2774 2778 3019 2833 quamam
3042 2764 3121 2835 illi
3145 2769 3509 2835 peccaverint,

1907 2866 2080 2920 neque
2128 2861 2305 2907 tamen
2344 2858 2522 2908 omnia
2562 2856 2743 2910 dicere
2786 2858 3054 2921 sustinet,
3082 2834 3176 2911 sed
3224 2873 3413 2928 pauca.
3446 2858 3514 2914 Et

1904 2951 2029 2995 ante
2057 2942 2155 2997 bos
2187 2944 2305 2998 illos
2332 2954 2482 2999 vocat
2506 2946 2595 3016 qui
2626 2947 2766 3001 bona
2795 2946 3055 3013 fecerunt,
3088 2956 3145 3002 ut
3173 2947 3300 3004 hinc
3325 2960 3512 3005 osten-

1904 3035 2057 3089 deret
2087 3050 2147 3091 se
2190 3046 2335 3091 recte
2364 3052 2633 3091 accusare.
2663 3038 2875 3104 Quanto
2917 3054 3046 3109 ergo
3092 3041 3355 3111 supplicio
3396 3041 3515 3098 hazc

1904 3124 2065 3178 verba
2113 3141 2218 3180 non
2264 3127 2370 3181 sint
2413 3128 2765 3185 s:1:viora?Si
2809 3130 2927 3199 quis
2972 3131 3115 3184 enim
3166 3132 3439 3188 hominem
3481 3151 3511 3190 a

1905 3233 2013 3286 quo
2051 3216 2313 3271 beneficio
2342 3219 2563 3273 affectus
2592 3220 2663 3273 sit
2688 3222 3012 3275 esurientem
3036 3222 3219 3277 videns
3244 3265 3259 3288 ,
3284 3239 3391 3278 non
3416 3224 3515 3279 de-

1906 3309 2125 3377 Spiciat;
2159 3310 2300 3378 quod
2348 3312 2391 3363 si
2433 3310 2727 3380 ἀρδμίρὶειι.
2760 3314 3115 3382 exprobratus
3146 3316 3323 3383 potius
3351 3316 3516 3386 eligat

1908 3400 1959 3452 in
1991 3408 2186 3453 terram
2211 3401 2413 3465 defodi,
2446 3418 2605 3471 quam
2637 3403 2848 3457 duobus
2874 3405 2958 3458 vel
2991 3406 3161 3459 tribus
3196 3408 3386 3461 amicis
3427 3417 3511 3463 te-

1908 3492 2077 3546 stibus
2102 3493 2221 3547 talia
2244 3494 2430 3549 audire
2458 3512 2470 3547 :
2505 3494 2631 3564 quid
2658 3510 2757 3550 nos
2788 3496 3051 3565 patiemur
3081 3508 3191 3551 tcto
3222 3499 3351 3553 urbe
3379 3508 3517 3554 teste

1910 3585 2030 3638 talia
2062 3586 2363 3654 audientes,
2395 3604 2515 3658 qua:
2544 3603 2613 3642 ne
2643 3588 2856 3658 quidem
2885 3597 3011 3644 tunc
3038 3590 3128 3645 ille
3154 3591 3379 3655 diceret,
3407 3594 3508 3647 nisi

1908 3692 2123 3730 causam
2168 3679 2283 3746 ipse
2321 3693 2471 3732 snam
2501 3679 2795 3735 defendere
2826 3682 3025 3736 vellet?
3052 3681 3204 3751 Quod
3236 3684 3377 3737 enim
3407 3701 3513 3739 non

1908 3770 2243 3838 exprobrans
2280 3770 2332 3825 id
2364 3771 2453 3825 ille
2477 3770 2653 3836 dicat,
2680 3771 2776 3826 sed
2805 3786 2927 3827 sese
2956 3789 3216 3845 purgans,
3251 3785 3307 3828 et
3339 3786 3395 3828 ut
3422 3792 3512 3827 os.

1911 3860 2092 3914 tendat
2136 3876 2195 3915 se
2234 3877 2340 3915 non
2388 3860 2580 3915 frustm
2632 3862 2715 3916 vel
2754 3864 2871 3917 sine
2918 3879 3077 3919 eausa
3123 3865 3334 3927 dicere,
3386 3865 3512 3920 Dis-

1909 3955 2071 4007 cedite
2115 3971 2147 4007 a
2178 3972 2276 4017 me,
2309 3954 2481 4024 palam
2512 3964 2595 4008 est
2636 3970 2703 4009 ex
2729 3954 2847 4025 ejus
2877 3956 3181 4025 ingentibus
3211 3958 3510 4013 beneflciis.

1911 4046 2040 4100 Nam
2072 4047 2116 4101 si
2146 4048 2474 4116 exprobrare
2504 4046 2803 4113 voluisset,
2838 4048 2928 4101 illa
2972 4048 3147 4103 onmia
3179 4048 3230 4102 in
3278 4050 3511 4104 medium

1910 4139 2220 4193 adduxisset
2250 4157 2264 4193 :
2292 4153 2435 4193 nunc
2468 4146 2649 4193 autem
2686 4153 2747 4193 ea
2777 4139 2951 4193 solum
2992 4139 3121 4194 dicit
3160 4156 3280 4210 qua:
3326 4155 3517 4211 passus

1910 4242 2012 4287 est.
3528 4214 3533 4217 ’

1984 4324 2038 4379 9.
2065 4323 2374 4378 Timeamus
2420 4323 2601 4392 itaque
2624 4366 2641 4390 ,
2673 4323 2895 4389 dilecti,
2925 4322 3041 4378 lucc
3094 4325 3281 4380 audire
3333 4327 3515 4381 verba.

1912 4414 2029 4469 Non
2066 4422 2149 4469 est
2175 4415 2324 4469 lusus
2369 4414 2485 4467 lucc
2514 4414 2661 4476 vita;
2695 4414 2803 4468 imo
2831 4414 3006 4483 potius
3053 4414 3168 4470 hmc
3213 4416 3321 4470 vita
3370 4416 3521 4471 lusus

1914 4516 2016 4569 est,
2036 4507 2209 4562 futura
2230 4521 2361 4561 vero
2386 4521 2493 4560 non
2522 4506 2669 4560 lusus
2697 4517 2840 4560 sunt.
2866 4507 3025 4561 Forte
3042 4516 3219 4561 autem
3241 4523 3345 4562 non
3373 4508 3522 4563 lusus

1915 4610 2122 4655 tantum
2148 4608 2235 4655 est
2264 4599 2401 4663 vita,
2432 4599 2525 4653 sed
2556 4599 2672 4654 lusu
2699 4599 2953 4654 deterior.
2984 4598 3100 4653 Non
3132 4601 3275 4653 enim
3321 4600 3524 4655 desinit

1916 4696 1968 4747 in
1996 4693 2196 4757 risum,
2229 4691 2321 4746 sed
2366 4706 2618 4761 magnum
2664 4689 2825 4745 infert
2865 4690 3120 4745 damnum
3150 4691 3216 4744 iis
3240 4732 3255 4756 ,
3286 4691 3376 4760 qui
3411 4706 3517 4744 non

1914 4778 2199 4847 diligenter
2220 4790 2397 4830 mores
2414 4790 2541 4829 suos
2561 4789 2887 4844 componere
2911 4776 3115 4829 volunt.
3148 4775 3202 4830 ln
3224 4790 3331 4843 quo
3352 4775 3518 4839 enim,

1916 4884 2099 4939 qnteso
2125 4909 2137 4932 ,
2167 4884 2197 4923 a
2246 4867 2428 4938 pueris
2468 4866 2778 4922 ludentibus
2808 4875 2864 4920 et
2892 4866 3083 4921 domos
3130 4865 3522 4921 aedificantibus

1914 4960 2213 5015 differimus
2237 5001 2252 5026 ,
2280 4959 2373 5028 qui
2425 4956 2733 5027 splendidas
2779 4958 3143 5012 construimus
3180 4958 3327 5011 aedes
3351 4956 3375 5009 ἲ
3403 4972 3524 5025 qua:

1916 5054 2214 5109 differentia
2251 5054 2389 5108 inter
2436 5053 2558 5108 illos
2586 5042 2910 5121 prandentes
2947 5062 3001 5105 et
3032 5066 3130 5107 nos
3171 5052 3310 5105 laute
3343 5049 3526 5103 convi-

1916 5149 2144 5203 vantes?
2173 5147 2323 5201 Nulla
2348 5189 2363 5212 ,
2405 5146 2505 5200 nisi
2554 5146 2606 5198 in
2648 5155 2906 5214 quantum
2953 5158 3052 5197 nos
3098 5141 3360 5211 supplicio
3405 5140 3521 5210 ple-

1918 5242 2096 5297 ctendi
2136 5241 2189 5295 id
2230 5242 2472 5295 facimus.
2497 5238 2651 5307 Quod
2693 5237 2737 5291 si
2781 5236 3018 5291 nondum
3062 5233 3315 5289 harumce
3343 5247 3523 5287 rerum

1920 5334 2177 5389 vilitatem
2223 5331 2580 5403 perSpiciinus
2604 5370 2618 5395 ,
2648 5346 2753 5383 non
2798 5337 2883 5383 est
2916 5324 3257 5391 mirandum;
3287 5323 3523 5379 nondum

1987 5602 2009 5629 ι
2040 5605 2149 5647 Haec
2173 5596 2340 5651 verba,
2366 5600 2411 5643 et
2432 5589 2733 5647 cdwredem,
2760 5586 2939 5637 desunt
2965 5588 3012 5634 in
3032 5582 3220 5644 ttorel.,
3237 5578 3327 5632 sed
3350 5578 3519 5629 inaliis
3554 5562 3557 5565 ’

1923 5659 2428 5710 omnibushabeutur.
2520 5716 2528 5719 _
2694 5710 2704 5719 ,
2777 5711 2785 5719 ,

1991 5705 2157 5781 {alia
2171 5705 2665 5783 Vitipurticrpationcm
2688 5710 2831 5772 lucis;
2852 5723 2946 5761 non
2971 5705 3119 5759 male.
