4110 6306
632 357 740 414 519
1365 335 1426 394 8.
1463 329 1741 393 JOANNIS
1763 323 2236 386 CBRYSOSTOMI
2274 322 2590 380 ARCHIEP.
2629 319 3161 380 CONSTANTINOP.
3807 305 3918 361 510

630 467 778 522 enim
807 465 872 519 ad
899 465 1132 518 virorum
1159 455 1519 514 maturitatem
1560 449 1902 523 pervenimus
1930 461 1946 500 :
1973 457 2094 500 cum
2119 457 2214 496 au-

638 574 742 614 tem
776 555 1208 628 perveneiimus,
1239 546 1596 615 intelligemus
1626 544 1741 598 haec
1767 539 1942 594 omnia
1989 533 2214 604 puerilia

635 666 776 708 esse.
806 649 935 704 Nam
965 657 1020 702 et
1043 645 1130 700 illa
1166 640 1378 714 quando
1403 641 1498 693 vici
1542 648 1725 690 sumus
1761 630 2069 694 irridemus,
2095 639 2216 695 qua:

635 757 756 797 cum
807 738 956 809 pueri
1008 751 1246 792 essemus
1299 730 1612 802 putabamus
1662 723 1885 792 alicujus
1930 733 2050 774 esse
2103 731 2216 769 mo-

636 807 844 891 menti:
875 839 1035 885 testas
1061 837 1114 880 et
1141 828 1304 877 lutum
1332 827 1647 890 aggerentes
1671 858 1685 881 ,
1716 830 1822 868 non
1851 812 2027 865 minus
2051 807 2213 862 altum

638 923 1010 992 sapiebamus,
1041 919 1195 986 qu‘am
1237 913 1272 966 ii
1316 913 1404 981 qui
1447 924 1632 978 magna
1682 914 1831 974 septa
1879 907 2213 992 construunt.

641 991 834 1069 verum
866 1009 980 1064 hmo
1004 1007 1182 1061 statim
1212 1009 1437 1074 pereunt
1461 1008 1516 1053 et
1554 995 1753 1054 cadunt
1773 1036 1786 1057 ,
1817 1006 1989 1062 neque
2015 991 2057 1043 si
2103 998 2214 1042 sta-

641 1112 755 1158 rent
783 1142 798 1164 ,
827 1098 978 1152 nobis
1007 1095 1153 1149 utilia
1183 1100 1362 1147 essent
1386 1130 1400 1153 ,
1429 1084 1876 1157 quemadmodum
1906 1093 2077 1147 neque
2115 1077 2217 1131 illae

640 1192 784 1246 aedes
819 1186 1127 1257 splendidis.
1167 1182 1299 1237 Nam
1355 1181 1460 1234 illae
1502 1177 1837 1262 caeli‘civem
1875 1184 2066 1262 capere
2113 1181 2216 1220 non

640 1289 876 1352 possent.
909 1291 1080 1345 neque
1104 1275 1156 1328 in
1187 1273 1292 1326 illis
1321 1271 1562 1325 habitare
1583 1261 1888 1333 dignaretur
1912 1261 1998 1332 qui
2028 1271 2216 1326 super-

642 1348 762 1424 nam
791 1368 994 1422 obtinet
1026 1364 1285 1434 patriam:
1311 1375 1492 1416 verum
1536 1367 1591 1411 ut
1622 1371 1717 1410 nos
1744 1353 1967 1422 pedibus
1989 1348 2217 1418 puerilia

642 1459 727 1513 illa
751 1457 1094 1519 destruimus,
1112 1452 1296 1507 sicille
1323 1450 1501 1503 animo
1521 1448 1649 1501 tales
1675 1445 1816 1498 mdes
1844 1443 2120 1497 subvertit.
2150 1437 2220 1492 Et

641 1545 1085 1618 quemadmodum
1115 1557 1240 1607 nos,
1271 1540 1396 1594 dum
1429 1538 1573 1607 pueri
1597 1537 1663 1590 de
1693 1536 1842 1589 ruina
1875 1533 2116 1602 plorant,
2150 1528 2222 1583 ri-

641 1639 828 1693 demus
853 1655 866 1689 :
888 1637 965 1688 sic
984 1641 1038 1688 et
1057 1633 1164 1697 isti,
1191 1629 1343 1685 nobis
1366 1629 1433 1683 de
1458 1626 1802 1681 subversioue
1830 1620 2175 1677 maerentibus
2201 1658 2216 1683 ,

644 1745 750 1784 non
771 1727 928 1782 modo
945 1742 1046 1780 non
1064 1725 1258 1786 rident,
1285 1721 1378 1777 sed
1401 1731 1557 1775 etiam
1585 1719 1791 1788 plorant
1816 1733 1830 1770 ί
1853 1714 2101 1786 quoniam
2128 1728 2222 1766 eo-

644 1834 760 1873 rum
787 1821 988 1871 viscera
1009 1814 1470 1869 commiseratione
1499 1812 1650 1880 plena
1679 1818 1821 1871 sunt,
1850 1821 1913 1860 ac
1938 1805 2059 1874 quia
2086 1802 2222 1857 mul-

639 1919 756 1960 tum
789 1907 940 1959 nobis
971 1903 1089 1958 inde
1116 1905 1283 1957 oritur
1307 1903 1703 1956 detrimentum.
1734 1898 1910 1952 Simus
1939 1910 2066 1964 ergo
2097 1893 2217 1947 viri.

645 1993 928 2064 Usquean
955 1993 1098 2046 humi
1139 2005 1418 2062 serpemus
1443 2031 1458 2053 ,
1492 1991 1544 2042 in
1571 1986 1831 2054 lapidibus
1856 1993 1908 2038 et
1954 1982 2106 2052 lignis
2146 1980 2224 2033 al-

645 2093 754 2137 tum
785 2082 1086 2150 sapientes?
1114 2095 1387 2149 usquequo
1416 2079 1653 2133 ludemus
1673 2077 1698 2128 ?
1719 2079 1888 2144 Atque
1915 2073 2110 2127 utinam
2131 2086 2221 2124 so-

647 2174 752 2226 lum
781 2174 1081 2225 luderemus
1107 2189 1120 2223 :
1144 2185 1281 2224 nunc
1309 2177 1486 2223 autem
1516 2177 1753 2221 nostram
1783 2164 2056 2236 prodimus
2080 2162 2224 2215 salu-

650 2274 752 2317 tem
781 2280 794 2326 ;
831 2278 893 2316 ac
918 2260 1360 2331 quemadmodum
1393 2259 1537 2327 pueri
1558 2300 1570 2319 ,
1595 2273 1714 2311 cum
1756 2254 2010 2324 neglectis
2057 2251 2224 2305 literis

647 2357 699 2409 in
732 2356 812 2410 liis
842 2355 976 2407 ludis
1004 2355 1169 2406 otium
1195 2359 1546 2414 consumunt,
1575 2347 1872 2402 durissimis
1913 2342 2225 2398 verberibus

647 2447 918 2515 sobjacent
941 2462 955 2497 ε
977 2445 1055 2498 sic
1079 2453 1132 2498 et
1153 2456 1250 2496 nos
1276 2442 1362 2510 qui
1394 2444 1446 2495 in
1479 2440 1558 2492 bis
1583 2447 1749 2491 totout
1774 2433 2006 2489 studium
2034 2446 2226 2486 consu-

649 2539 876 2598 mimus.
908 2551 1026 2590 cum
1067 2549 1097 2588 a
1140 2534 1291 2587 nobis
1318 2532 1715 2600 disciplinarum
1761 2525 1897 2579 ratio
1935 2539 2028 2593 per
2065 2537 2224 2590 opera

650 2634 889 2697 exigetur
915 2668 929 2689 ,
960 2628 1080 2695 quia
1127 2625 1349 2678 reddere
1395 2637 1500 2682 non
1554 2619 1844 2689 poterimus
1873 2657 1888 2681 ,
1927 2625 2224 2669 extremum

648 2718 855 2772 luemus
879 2716 1211 2786 supplicium.
1235 2713 1507 2780 Nemoque
1527 2711 1627 2763 erit
1655 2709 1740 2777 qui
1767 2708 1989 2769 liberet,
2019 2701 2225 2756 etiamsi

652 2819 799 2878 pater
824 2850 838 2872 ,
860 2803 1064 2861 etiamsi
1106 2805 1271 2858 frater
1295 2805 1382 2857 vel
1407 2802 1582 2868 quixis
1607 2802 1761 2853 alios.
1787 2798 1888 2851 Sed
1914 2798 2027 2849 hanc
2051 2797 2226 2846 omnia

650 2898 974 2959 elisi-edent,
1028 2911 1181 2964 pt’Blla
1235 2904 1410 2947 autem
1465 2908 1530 2946 ex
1579 2890 1680 2944 illis
1736 2897 1883 2958 parta
1921 2896 2116 2939 acterna
2168 2896 2230 2935 ac

651 3000 904 3062 perpetua
957 2986 1302 3046 manebitzid
1360 2984 1498 3053 quod
1554 2983 1711 3038 etiam
1763 2978 1942 3049 pueris
1992 2975 2227 3038 accidit,

649 3082 716 3136 ob
745 3094 970 3149 quorum
1001 3077 1374 3146 negligentiam
1405 3083 1581 3142 patres
1605 3075 1620 3102 ¹
1655 3070 1848 3123 ludicra
1882 3067 1968 3120 illa
2008 3063 2228 3134 puerilia

649 3170 715 3225 de
767 3169 940 3223 medio
991 3166 1491 3233 tollunt,ipsosquc
1545 3161 1610 3214 ad
1666 3158 1906 3214 assiduas
1964 3157 2228 3226 lacrymas

650 3261 990 3330 compellunt.
1023 3257 1093 3315 Ut
1135 3269 1312 3311 autem
1357 3257 1530 3309 discas
1578 3255 1645 3307 ita
1677 3268 1786 3305 rem
1819 3266 1876 3303 se
1917 3247 2114 3302 habere
2139 3263 2152 3299 :
2177 3244 2227 3301 id

650 3353 790 3423 quod
843 3350 1073 3403 maxime
1120 3347 1290 3399 studia
1339 3346 1608 3397 hominum
1670 3355 1930 3408 occupare
1983 3337 2228 3402 videtur,

652 3454 847 3508 nempe
885 3438 1113 3498 divitias,
1147 3435 1199 3488 in
1231 3433 1458 3487 medium
1488 3431 1832 3493 adducamus,
1875 3428 2105 3496 ipsisque
2129 3441 2225 3494 op-

652 3543 906 3596 ponamus
923 3540 1307 3597 quamcumque
1323 3524 1550 3577 vulneris
1566 3523 1725 3575 animi
1745 3521 2010 3586 virtutem,
2034 3529 2087 3573 et
2105 3529 2230 3572 tunc

655 3622 882 3673 maxime
909 3634 1089 3672 earnm
1117 3616 1370 3670 vilitatem
1400 3616 1676 3683 agnitnrns
1707 3628 1784 3667 es.
1814 3612 2079 3665 Ponamus
2103 3625 2230 3679 ergo

651 3712 784 3764 duos
822 3723 939 3762 esse
973 3708 1250 3770 homines;
1283 3706 1505 3758 necdum
1537 3704 1725 3770 loquar
1756 3703 1822 3756 de
1847 3702 2066 3756 avaritia
2088 3741 2103 3767 ,
2135 3702 2229 3755 sed

651 3802 717 3855 de
742 3799 941 3854 divitiis
966 3802 1108 3868 jnste
1128 3798 1325 3868 partis:
1348 3812 1414 3850 ex
1438 3797 1582 3854 hisce
1609 3796 1814 3850 duobus
1841 3794 1974 3847 alius
2002 3807 2228 3861 congre-

652 3903 739 3962 get
763 3893 972 3946 divitias
997 3933 1013 3956 ,
1042 3905 1190 3944 mare
1214 3890 1436 3944 navibus
1463 3900 1752 3952 transmeet
1777 3930 1788 3950 ,
1825 3896 2015 3940 terram
2044 3885 2184 3939 colat
2209 3926 2223 3948 ,

653 3986 950 4051 multosque
980 3981 1113 4035 alios
1141 3977 1512 4048 negotiationis
1537 3979 1722 4033 modos
1744 3978 1994 4042 inveniat;
2021 3976 2227 4030 etiamsi

654 4078 884 4127 nesciam
907 4080 1085 4124 utrum
1117 4069 1230 4122 hazc
1259 4068 1463 4123 faciens
1488 4069 1655 4136 possit
1678 4069 1818 4134 jnste
1841 4069 2030 4121 lucrari
2058 4082 2072 4128 ;
2102 4076 2230 4118 atta-

655 4179 777 4218 meu
833 4174 1192 4230 supponamus
1235 4161 1351 4213 haec
1397 4159 1540 4211 lucra
1592 4158 1823 4226 legitima
1871 4172 1991 4210 esse
2024 4173 2038 4207 ε
2076 4170 2230 4224 agros

653 4264 812 4316 emat,
842 4268 1044 4315 servos,
1080 4261 1134 4306 et
1153 4253 1342 4306 similia
1376 4251 1556 4316 multa,
1587 4251 1837 4319 nullaque
1866 4251 1931 4304 sit
1962 4251 2013 4303 in
2039 4249 2120 4302 his
2149 4264 2232 4302 re-

658 4347 759 4399 bus
788 4342 1040 4412 injustitia
1064 4357 1078 4395 :
1099 4342 1234 4396 alter
1261 4354 1389 4394 vero
1429 4355 1579 4408 aeque
1607 4340 1789 4402 dives,
1823 4341 2016 4395 vendat
2041 4340 2230 4395 domos

654 4445 711 4492 et
726 4451 848 4489 vasa
875 4450 1034 4489 aurea
1054 4443 1427 4504 argenteaque,
1448 4433 1627 4502 egenis
1643 4433 1915 4502 largiatur,
1936 4448 2229 4502 pauperes-

654 4544 757 4599 qne
785 4527 979 4593 foveat,
1009 4541 1178 4596 aegros
1203 4534 1371 4589 curet,
1399 4525 1453 4578 in
1475 4527 1786 4581 necessitate
1815 4527 2013 4596 positos
2038 4527 2227 4590 solvat,

655 4621 787 4674 alios
812 4634 840 4672 a
863 4617 1085 4673 vinculis
1105 4617 1334 4683 eximat,
1355 4614 1423 4671 ad
1449 4617 1660 4672 metalla
1691 4616 1966 4672 damnatos
2004 4618 2227 4685 liberet,

657 4710 847 4779 laqueo
894 4726 955 4764 se
993 4707 1379 4779 suspendentes
1424 4707 1640 4777 dejiciat
1665 4749 1682 4776 ,
1711 4711 1946 4778 captivos
1988 4724 2017 4764 a
2053 4710 2230 4778 sptenis

659 4802 865 4858 liberet.
909 4799 1072 4868 Cujus
1112 4815 1238 4870 ergo
1279 4799 1448 4870 partis
1487 4813 1609 4854 esse
1650 4800 1938 4854 mavultis?
1987 4800 2227 4855 Nondum

659 4904 835 4949 tamen
860 4894 927 4948 de
951 4893 1138 4948 futuris
1156 4933 1172 4957 ,
1202 4892 1296 4947 sed
1324 4891 1393 4946 de
1419 4891 1770 4961 pratsentibus
1795 4892 1995 4963 loquuti
2025 4909 2225 4948 sumus.

657 4984 825 5050 Quam
863 4984 1020 5054 igitur
1076 4992 1278 5054 partem
1315 4982 1563 5051 amplecti
1604 4983 1894 5037 mavultis?
1922 4987 2002 5037 An
2045 4989 2228 5038 aurum

657 5073 1028 5144 congregantis
1049 5113 1066 5138 ,
1096 5087 1163 5126 an
1206 5072 1431 5127 aliorum
1475 5072 1800 5128 calamitates
1839 5074 2091 5128 solventis
2115 5078 2137 5127 ‘!
2163 5091 2228 5130 an

659 5177 818 5233 agros
841 5163 1067 5217 ementis
1086 5203 1102 5227 ,
1133 5177 1200 5217 an
1221 5164 1335 5232 ejus
1361 5162 1450 5233 qui
1481 5177 1601 5217 sese
1632 5176 1840 5232 portum
1874 5164 2106 5219 humano
2134 5182 2227 5236 ge-

661 5254 774 5308 neri
800 5253 1115 5307 constituit?
1140 5251 1254 5321 ejus
1279 5254 1368 5322 qui
1393 5252 1560 5308 multo
1585 5254 1943 5309 circumdatur
1966 5271 2095 5310 auro
2115 5299 2131 5323 ,
2163 5274 2231 5312 an

656 5345 774 5412 ejus
799 5345 888 5414 qui
912 5344 1058 5398 mille
1080 5345 1318 5399 laudibus
1338 5358 1623 5400 coronatur
1642 5347 1665 5400 ?
1683 5346 1763 5401 An
1794 5361 1894 5402 non
1918 5349 2002 5404 ille
2020 5350 2230 5419 quidem

659 5436 878 5504 angelus
901 5444 1002 5499 est,
1020 5435 1107 5504 qui
1128 5434 1195 5491 de
1217 5435 1349 5490 cazlo
1376 5435 1444 5491 ad
1474 5448 1784 5492 ceterorum
1809 5441 2229 5497 emendationem

662 5525 970 5592 descendit,
1000 5525 1086 5581 hic
1112 5543 1238 5582 vero
1266 5544 1373 5583 non
1400 5528 1637 5592 homini,
1679 5531 1770 5586 sed
1823 5548 1986 5600 puero
2024 5534 2231 5590 cuidam
2269 5568 2271 5570 -

725 5726 745 5756 ⁸
781 5732 925 5785 Unus,
949 5731 1142 5789 propter
1162 5739 1365 5793 quorm
1385 5731 1647 5793 profectum
1660 5736 1839 5794 patres,
1867 5739 1952 5784 etc,

2319 435 2530 499 similis,
2560 436 2738 490 omnia
2768 432 2961 488 frustra
2991 427 3262 500 colligenti
3284 427 3305 481 ?
3325 421 3382 482 Si
3413 438 3540 480 vero
3571 424 3738 478 etiam
3766 426 3920 492 justo

2319 525 2572 598 pecunias
2597 523 2868 594 colligere,
2899 535 2987 576 res
3013 519 3150 574 adeo
3181 517 3399 574 ridicula
3438 527 3493 570 et
3520 525 3786 570 extremm
3813 512 3916 567 de-

2318 618 2534 672 mentiae
2560 623 2680 670 est:
2704 612 2916 684 quando
2943 611 3063 680 quis
3092 624 3196 663 non
3220 609 3368 679 juste
3386 608 3605 677 colligit.
3636 602 3919 676 quomodo

2319 721 2426 761 non
2475 706 2714 759 onmium
2761 702 3094 756 miserrimus
3122 698 3393 754 fueritYSi
3437 708 3618 753 autem
3648 708 3741 752 res
3781 694 3918 750 adeo

2320 798 2390 851 sit
2423 796 2662 860 ridicula,
2692 809 2813 849 cum
2845 791 3004 847 etiam
3033 791 3119 845 bis
3141 789 3362 846 accedat
3387 797 3442 842 et
3465 788 3716 856 gehenna
3743 794 3804 840 et
3831 799 3918 838 rc-

2320 890 2407 958 gni
2436 888 2676 952 amissio,
2704 893 2836 956 quot
2863 884 2953 939 ille
2981 883 3232 954 lacrymis
3261 881 3455 953 dignus
3479 880 3640 936 fuerit
3672 887 3733 934 et
3760 877 3921 932 vivus

2321 991 2377 1036 et
2402 979 2679 1036 mortuus?

2395 1074 2483 1127 10.
2517 1071 2682 1140 Quam
2712 1078 2912 1140 proruet
2936 1069 3011 1122 uir
3041 1065 3245 1121 Insanitis
3272 1065 3378 1119 viro
3406 1063 3598 1133 potenti
3625 1071 3671 1116 et
3702 1062 3916 1132 inﬂato.

2320 1194 2392 1206 —-
2412 1161 2516 1217 Sed
2547 1161 2703 1215 aliam
2732 1173 2948 1230 quoque
2967 1200 2983 1224 ,
3015 1159 3059 1212 si
3088 1157 3168 1211 vis
3187 1197 3203 1220 ,
3233 1157 3442 1210 virtutis
3485 1163 3693 1224 partem
3724 1151 3918 1219 explo-

2325 1268 2524 1308 remus.
2556 1250 2763 1305 Rursus
2789 1250 2952 1302 alium
2983 1248 3032 1300 in
3064 1245 3297 1299 medium
3347 1259 3564 1314 agamus
3603 1241 3915 1302 hominem.

2325 1344 2376 1396 in
2403 1342 2633 1411 potentia
2657 1340 3021 1400 consumtum,
3053 1337 3302 1390 omnibus
3330 1337 3678 1405 imperantem
3700 1373 3716 1397 ,
3739 1331 3921 1401 digni-

2326 1443 2432 1490 tate
2458 1449 2647 1502 magna
2688 1431 2941 1499 stipatum
2963 1471 2977 1493 ,
3011 1442 3309 1496 pr-.r:conem
3340 1424 3676 1494 splendidum
3711 1423 3923 1478 haben-

2327 1534 2453 1588 tem,
2484 1523 2713 1576 balteum
2746 1522 2869 1574 item
2897 1560 2912 1583 ,
2953 1519 3165 1573 lictores
3188 1559 3204 1584 ,
3257 1530 3612 1588 magnumque
3639 1514 3926 1569 clientium

2325 1630 2622 1670 numerum.
2659 1614 2848 1665 Annon
2879 1611 2980 1665 hoc
3003 1624 3248 1679 magnum
3282 1589 3492 1662 videtur
3517 1620 3639 1661 esse
3665 1617 3718 1660 et
3751 1605 3920 1659 felici-

2327 1718 2433 1762 tate
2462 1704 2712 1776 plenum?
2739 1705 2850 1772 Age
2869 1744 2881 1764 ,
2907 1711 2962 1756 et
2990 1702 3064 1755 illi
3093 1715 3301 1755 rursum
3323 1714 3655 1770 apponamus
3683 1698 3922 1753 alterum

2327 1798 2613 1867 patientem
2639 1836 2653 1859 ,
2687 1795 2892 1853 mitem,
2938 1792 3190 1847 humilem
3212 1831 3231 1857 ,
3262 1797 3318 1844 et
3361 1789 3758 1860 magnanimum
3786 1803 3801 1838 :
3836 1789 3927 1843 hic

2329 1903 2455 1942 vero
2501 1887 2705 1954 injuriis
2757 1885 3063 1953 impetatur.
3107 1883 3358 1952 vapulet,
3385 1891 3438 1936 et
3493 1882 3608 1935 haec
3651 1882 3927 1951 patienter

2328 1980 2478 2043 ferat,
2503 1989 2660 2047 atque
2688 1976 2800 2030 lucc
2835 1975 3184 2030 intereuntibus
3207 1973 3505 2028 benedicat.
3532 1972 3686 2036 Uter,
3711 1987 3922 2042 qua-so,

2328 2068 2583 2121 mirabilis
2604 2107 2618 2131 ,
2649 2067 2810 2121 illene
2856 2065 3067 2118 inﬂatus
3091 2074 3144 2118 et
3170 2074 3382 2118 tumens
3402 2106 3416 2129 ,
3450 2079 3517 2117 an
3549 2062 3638 2117 hic
3667 2065 3742 2117 ita
3767 2062 3921 2132 deje-

2326 2160 2485 2217 ctus?
2518 2161 2706 2213 Annon
2759 2158 2844 2212 hic
2897 2157 3083 2210 similis
3112 2166 3194 2210 est
3241 2156 3545 2210 caelestibus
3587 2154 3880 2208 virtutibus
3905 2196 3919 2219 ,

2327 2269 2445 2323 quae
2472 2252 2623 2305 nullo
2651 2250 2814 2305 animi
2860 2260 3005 2304 motu
3051 2249 3363 2310 turbantur,
3392 2248 3482 2303 ille
3520 2257 3699 2300 autem
3724 2247 3922 2301 vesica

2331 2343 2547 2408 inﬂatae,
2573 2352 2666 2395 aut
2691 2341 2890 2395 homini
2941 2339 3267 2409 hydropico,
3319 2348 3478 2407 atque
3504 2336 3792 2391 admodum
3835 2345 3923 2390 tu-

2331 2432 2536 2486 menti?
2565 2446 2742 2484 nonue
2770 2429 2855 2483 hic
2880 2428 3088 2482 medico
3119 2428 3380 2496 Spirituali
3405 2467 3420 2490 ,
3450 2427 3540 2483 ille
3575 2438 3754 2480 autem
3786 2440 3922 2495 pue-

2334 2538 2395 2578 ro
2440 2524 2660 2578 buccam
2705 2522 2905 2574 inilanti
2933 2531 2986 2575 et
3035 2519 3295 2574 ridiculo?
3321 2520 3428 2574 Cur
3474 2521 3638 2573 altum
3668 2521 3849 2587 sapis,
3889 2533 3922 2573 ο

2333 2615 2536 2671 homo?
2563 2632 2627 2668 an
2662 2617 2805 2685 quod
2835 2615 3078 2669 sublimis
3118 2616 3173 2667 in.
3201 2630 3360 2669 curru
3389 2614 3641 2668 veheris?
3677 2629 3746 2666 an
3773 2613 3919 2682 quod

2333 2717 2386 2762 te
2416 2708 2576 2763 trahit
2605 2709 2875 2763 mulorum
2913 2709 3140 2778 jugum?
3185 2708 3386 2778 Ecquid
3429 2707 3568 2761 hoc?
3599 2706 3832 2776 ldipsum
3867 2707 3919 2760 in

2333 2801 2489 2871 lignis
2518 2811 2574 2855 et
2597 2803 2648 2854 in
2670 2803 2812 2854 saxis
2834 2801 3014 2854 videre
3035 2811 3134 2853 est.
3163 2800 3240 2852 An
3276 2801 3397 2868 quia
3440 2798 3722 2868 magniﬁco
3751 2796 3922 2866 fulges

2335 2893 2560 2947 vestitu?
2585 2891 2689 2948 Sed
2717 2893 2919 2960 respice
2948 2891 3093 2945 illum
3124 2892 3315 2943 virtute
3336 2889 3774 2954 vestimentorum
3804 2888 3923 2956 vice

2334 2985 2585 3039 amictum
2607 3024 2620 3044 .
2649 2993 2702 3038 et
2735 2993 2786 3037 te
2813 2982 3016 3036 videbis
3061 2979 3208 3036 [ωηο
3232 2980 3444 3050 putrido
3470 2979 3699 3034 similem
3724 3021 3740 3040 .
3771 2978 3920 3032 illum

2334 3092 2462 3132 vero
2487 3077 2663 3131 arbori
2694 3075 2970 3145 pulchrum
3000 3075 3262 3128 emittenti
3302 3073 3551 3137 fructum,
3584 3073 3672 3141 qui
3699 3064 3919 3125 multam

2333 3168 2694 3238 spectantibus
2751 3165 2988 3219 lartitiam
3029 3164 3233 3218 afferat.
3265 3163 3343 3218 Tn
3401 3164 3615 3235 quidem
3659 3165 3919 3217 vermium

2333 3272 2511 3312 escam
2533 3260 2846 3313 circumfers
2864 3297 2881 3323 ,
2910 3267 3069 3326 atque
3096 3257 3380 3321 tinearum,
3408 3271 3547 3326 quae,
3577 3255 3621 3309 si
3653 3264 3919 3325 te-aggre-

2333 3349 2563 3413 diantur,
2594 3351 2702 3403 cito
2743 3357 2795 3402 te
2841 3347 2941 3402 hoc
2987 3348 3240 3401 nudatum
3271 3358 3459 3400 ornatu
3490 3345 3735 3400 reddent.
3783 3345 3918 3399 Nam

2333 3442 2733 3502 vestimentum,
2766 3453 2955 3491 aurum
2977 3447 3031 3492 et
3056 3448 3355 3506 argentum,
3387 3435 3526 3489 aliud
3555 3437 3767 3503 quidem
3795 3450 3918 3488 vcr-

2336 3529 2502 3584 minm
2553 3529 2654 3582 filis
2692 3536 2932 3593 constat,
2976 3526 3117 3581 aliud
3165 3535 3302 3580 terra
3346 3536 3400 3581 et
3450 3526 3619 3595 pulvis
3647 3536 3762 3588 est,
3817 3525 3919 3579 itc-

2337 3634 2562 3690 rnmque
2593 3623 2730 3673 terra
2751 3660 2763 3681 ,
2796 3627 2850 3674 et
2881 3631 3135 3685 pnnterea
3182 3617 3354 3682 nihil;
3387 3618 3476 3688 qui
3519 3624 3694 3671 autem
3727 3618 3919 3671 virtute

2335 3710 2534 3764 circum
2557 3717 2794 3772 ornatur,
2823 3709 2978 3762 talem
3010 3708 3168 3762 habet
3197 3717 3421 3772 vestem,
3443 3724 3600 3778 quam
3627 3723 3733 3760 non
3758 3707 3920 3761 modo

2335 3800 2473 3852 tinea
2494 3838 2511 3864 ,
2538 3799 2630 3852 sed
2679 3814 2745 3852 ne
2794 3813 2940 3852 mors
2969 3798 3183 3868 quidem
3215 3800 3327 3867 ipsa
3360 3798 3678 3853 labefactare
3703 3799 3914 3864 valeat;

2333 3904 2389 3945 et
2411 3892 2531 3959 jure
2558 3891 2770 3960 quidem
2802 3891 3012 3944 merito.
3045 3889 3226 3958 Neque
3263 3891 3404 3944 enim
3439 3892 3521 3944 lue
3551 3892 3714 3944 animi
3748 3893 3919 3946 virtu-

2335 3991 2416 4036 tes
2451 3997 2515 4036 ex
2565 3991 2706 4037 terra
2737 3981 3014 4037 exordiqu
3055 3983 3070 4012 ⁸
3116 3980 3347 4046 ducunt,
3397 3981 3490 4036 sed
3538 3993 3664 4036 sunt
3715 3981 3920 4038 fructus

2335 4073 2582 4141 Spiritus;
2615 4084 2943 4141 quapropter
2971 4074 3230 4127 vermium
3274 4075 3354 4127 ori
3395 4089 3500 4128 non
3534 4085 3714 4142 patent
3746 4095 3759 4128 :
3793 4091 3917 4130 nam

2339 4164 2390 4217 in
2422 4163 2554 4216 cado
2585 4162 2884 4232 hujusmodi
2934 4164 3250 4217 vestimenta
3279 4174 3558 4230 texuntur,
3588 4167 3675 4218 ubi
3715 4181 3815 4221 nec
3847 4169 3916 4221 ti-

2338 4270 2434 4308 nea
2455 4295 2470 4318 ,
2513 4270 2611 4308 nec
2641 4255 2856 4320 vermis,
2881 4270 2980 4309 nec
3004 4255 3202 4325 aliquid
3229 4254 3407 4310 simile
3435 4267 3536 4312 est.
3570 4256 3705 4323 Quid
3735 4258 3914 4328 igitur,

2336 4359 2515 4413 qua-so
2539 4386 2554 4411 ,
2586 4345 2774 4400 melius
2793 4387 2807 4407 ,
2839 4345 3054 4400 divitem
3079 4386 3095 4410 ,
3123 4364 3189 4399 an
3219 4360 3502 4415 pauperem
3533 4347 3692 4402 esse?
3718 4365 3785 4402 an
3822 4366 3918 4419 po-

2338 4445 2571 4498 tentem,
2602 4450 2668 4487 an
2700 4436 3072 4489 inhonoratum
3093 4437 3260 4490 eSse?
3299 4437 3443 4492 lauta
3473 4437 3571 4492 frui
3601 4455 3783 4493 mensa
3804 4480 3822 4506 ,
3847 4457 3917 4496 an

2337 4524 2530 4579 famem
2557 4540 2618 4578 ex
2630 4526 2829 4591 periri?
2861 4526 3213 4582 Proeuldubio
3236 4567 3250 4591 ,
3303 4527 3355 4582 in
3405 4528 3608 4583 honore
3633 4571 3648 4595 ,
3676 4531 3916 4599 deliciis,

2336 4615 2636 4684 divitiisque
2665 4618 2862 4672 vivere.
2895 4617 2949 4671 Si
2980 4633 3107 4688 ergo
3131 4633 3218 4673 res
3244 4620 3415 4687 ipsas,
3449 4634 3552 4674 non
3587 4624 3799 4676 nomina
3827 4639 3916 4678 ve-

2339 4705 2423 4767 lis,
2452 4714 2588 4758 tet-ra
2617 4714 2774 4776 atque
2797 4707 3023 4761 terrenis
3043 4709 3261 4772 relictis,
3290 4707 3341 4761 in
3364 4710 3553 4764 caelum
3579 4721 3630 4767 te
3650 4715 3884 4769 transfer
3902 4735 3914 4748 -

2336 4796 2597 4866 siquidem
2639 4800 3133 4865 priesentia'iunbra
3180 4803 3645 4877 suntkillaevero,
3695 4822 3784 4864 res
3813 4809 3915 4861 lm-

2338 4897 2494 4940 motze
2514 4929 2529 4952 ,
2560 4888 2744 4953 tirone,
2771 4905 2892 4959 quae
2929 4905 3034 4944 non
3065 4893 3233 4962 abripi
3267 4895 3488 4963 possint.
3524 4895 3649 4951 Haec
3677 4913 3776 4952 nos
3813 4899 3916 4970 igi-

2341 4988 2424 5032 tur
2445 4993 2562 5032 cum
2594 4980 2769 5035 studio
2812 4982 3106 5052 deligamus
3129 5026 3143 5048 ,
3174 4997 3230 5038 ut
3254 4993 3309 5040 et
3347 5001 3377 5038 λ
3419 4989 3642 5042 tumultu
3676 5005 3916 5060 praesen-

2339 5069 2466 5123 tium
2499 5086 2698 5125 .rerum
2753 5073 3071 5139 liberemur,
3113 5082 3167 5128 et
3199 5073 3267 5129 ad
3314 5079 3650 5147 tranquillum
3705 5093 3916 5150 portum

2336 5164 2662 5233 appellentes
2682 5206 2697 5226 ,
2725 5181 2842 5220 cum
2873 5167 3055 5221 multis
3073 5168 3297 5222 sarcinis
3317 5179 3370 5224 et
3393 5170 3745 5228 ineffabilibus
3769 5175 3917 5230 elec-

2339 5268 2577 5324 mosyna:
2616 5256 2805 5324 opibus
2851 5257 2958 5312 illic
3017 5274 3368 5327 appareamus
3413 5277 3428 5313 :
3471 5261 3668 5331 quibus
3715 5267 3918 5321 utinam

2340 5360 2524 5400 omnes
2557 5346 2694 5414 pleni
2722 5347 2788 5401 ad
2815 5347 3139 5404 horrendum
3165 5349 3394 5406 tribunal
3413 5352 3628 5408 adducti
3647 5395 3661 5418 ,
3692 5371 3918 5427 regnum

2339 5435 2590 5489 cznlorum
2616 5451 3005 5507 consequamur
3028 5442 3197 5510 gratia
3227 5451 3281 5497 et
3305 5441 3673 5500 misericordia
3707 5445 3920 5505 Domiul

2339 5529 2505 5582 nostri
2532 5528 2660 5584 .lesu
2682 5531 2876 5586 Christi
2900 5574 2914 5598 ,
2945 5535 3029 5588 cui
3055 5534 3223 5606 gloria
3252 5542 3308 5592 et
3333 5534 3616 5608 imperium
3643 5537 3698 5596 iu
3728 5543 3923 5600 sacula

2341 5622 2677 5680 seculorum.
2708 5625 2900 5679 Amen.

2408 5734 2424 5766 ³
2459 5733 2672 5798 Quidam,
2693 5748 2734 5785 οῖ
2749 5733 2942 5800 iginmt.
