4110 6306
300 372 396 426 391

1293 363 1359 419 Ν
1397 363 1807 421 ΜΑΤἹῊΕΠΜ
1848 362 2076 418 ΙΙΟΜΙῐ..
2126 361 2291 417 XXIV
2354 364 2424 418 al.
2468 360 2633 417 XXV.

3495 358 3601 414 δῖ]

311 546 3602 574 Mm

1423 637 1771 699 HOMILIA
1819 635 2057 697 XXIV.
2096 636 2180 697 al.
2229 637 2436 698 XXV.

292 837 427 895 CAP.
460 837 514 891 7.
548 851 597 887 ν.
633 800 685 888 1.,
718 832 838 887 Non
874 831 1038 885 omnis
1065 830 1150 899 qui
1189 829 1309 881 dicit
1339 827 1483 889 mihi,
1517 824 1755 881 Domine.
1782 818 1890 873 Do-

370 930 541 990 mine,
586 925 791 978 intrabit
831 926 885 977 in
926 938 1137 993 regnum
1181 920 1419 973 aptorum
1446 958 1459 976 .
1504 916 1593 971 sed
1639 915 1724 985 qui
1769 914 1892 985 facit

373 1017 681 1071 voluntatem
718 1012 894 1067 Patris
922 1013 1021 1064 mei
1048 1011 1135 1081 qui
1160 1010 1212 1062 in
1238 1009 1373 1062 cretis
1402 1016 1476 1061 (δ’

372 1111 420 1162 1.
468 1107 587 1161 Non
615 1107 721 1159 alia
765 1103 923 1169 Filii,
952 1103 1057 1155 alia
1107 1099 1281 1153 Patris
1322 1098 1577 1153 voluntas.
1612 1096 1892 1166 Signornm

296 1200 524 1267 operatio
553 1197 663 1250 sine
688 1196 872 1248 virtute
896 1193 1025 1245 nihil
1048 1192 1253 1261 prodest
1274 1189 1525 1256 aperanti.
1553 1218 1624 1228 —-
1648 1186 1758 1239 Cur
1782 1202 1886 1239 non

296 1292 463 1354 dixit,
491 1288 599 1345 Sed
631 1288 719 1357 qui
751 1286 876 1341 facit
898 1285 1227 1339 voluntatem
1260 1280 1472 1334 meam?
1501 1280 1635 1344 Quia
1675 1277 1779 1331 hoc
1812 1278 1894 1329 in-

298 1383 454 1436 terim
504 1387 750 1450 poterant
797 1377 1051 1432 libentius
1081 1374 1341 1443 accipere.
1396 1372 1528 1425 illud
1571 1372 1712 1424 enim
1765 1384 1887 1436 per-

297 1488 461 1540 pensa
519 1471 725 1524 illorum
783 1468 1090 1521 inﬁrmitate
1136 1475 1261 1517 tunc
1310 1477 1558 1532 magnum
1600 1459 1886 1513 admodum

292 1572 430 1616 erat.
466 1560 711 1630 Alioquin
741 1573 865 1612 vero
898 1573 991 1625 per
1020 1557 1147 1610 illud
1180 1556 1281 1609 hoc
1312 1557 1481 1623 ipsum
1512 1553 1673 1606 etiam
1698 1553 1885 1604 subin-

292 1652 513 1707 dicavit.
542 1651 622 1705 Ad
652 1652 766 1703 lure
791 1660 971 1703 autem
1007 1646 1133 1702 illud
1164 1648 1386 1714 insuper
1420 1644 1705 1699 dicendum
1732 1687 1745 1706 ,
1780 1658 1885 1695 non

293 1758 419 1798 esse
465 1744 621 1796 aliam
662 1740 819 1803 Filii,
852 1742 1009 1794 aliam
1038 1739 1213 1793 Patris
1237 1740 1584 1791 voluntatem.
1622 1735 1716 1791 llic
1756 1750 1887 1788 vero

294 1834 425 1887 mihi
480 1833 711 1886 maxime
760 1832 968 1886 videtur
1008 1830 1223 1885 Juda‘os
1268 1830 1653 1898 perstringere,
1697 1827 1787 1894 qui
1834 1826 1887 1879 in

289 1924 629 1991 dogmatibus
674 1937 936 1976 summam
980 1936 1158 1974 rerum
1194 1920 1454 1987 ponebant
1483 1959 1499 1982 ,
1534 1934 1631 1971 nec
1669 1919 1738 1971 de
1781 1917 1887 1970 vita

292 2016 461 2083 probe
492 2014 693 2084 agenda
715 2013 992 2067 curabant.
1029 2012 1152 2065 ideo
1178 2014 1294 2065 illos
1327 2012 1522 2065 Paulus
1542 1996 1783 2079 coarguit
1808 2010 1888 2063 di-

290 2118 422 2158 cens
454 2121 464 2153 :
501 2103 631 2156 Ecce
670 2112 723 2155 tu
747 2100 966 2154 Judwns
1010 2102 1415 2171 cognominuris,
1444 2112 1489 2153 et
1530 2101 1796 2165 requiescis
1835 2101 1887 2151 in

289 2197 421 2265 lege,
453 2205 498 2247 et
524 2192 764 2265 gloriaris
793 2196 844 2247 in
871 2192 995 2255 Deo,
1025 2204 1072 2245 et
1099 2194 1232 2245 nosti
1269 2196 1576 2246 voluntatem
1603 2194 1621 2264 (
1645 2192 1793 2246 llam.
1826 2194 1880 2247 2.

292 2286 383 2339 17.
416 2285 526 2355 l8).
556 2285 749 2339 Verum
782 2284 915 2338 nihil
938 2285 1027 2339 tibi
1051 2299 1115 2339 ex
1141 2285 1227 2338 illa
1258 2284 1460 2337 acoetlit
1480 2325 1493 2345 ,
1527 2284 1739 2350 quando
1767 2285 1885 2337 vitae

288 2386 338 2428 et
373 2391 591 2443 operum
630 2376 935 2443 exemplum
965 2390 1068 2429 non
1109 2376 1279 2428 adest.
1312 2376 1404 2430 Ille
1448 2385 1623 2429 autem
1655 2392 1759 2429 non
1799 2376 1885 2429 hic

286 2468 522 2523 substitit
546 2511 561 2533 ,
590 2470 845 2537 sedquod
879 2467 1047 2521 multo
1074 2469 1243 2531 maius
1270 2468 1539 2522 eratdixit
1567 2486 1581 2523 :
1611 2468 1699 2521 22.
1734 2468 1885 2521 .llnlti

287 2560 422 2612 enim
450 2561 613 2612 dicent
645 2560 765 2611 mihi
795 2561 844 2611 in
882 2560 965 2612 die
992 2560 1083 2613 illa
1107 2600 1121 2623 ,
1154 2558 1389 2622 Dontine,
1438 2559 1674 2625 Domine,
1721 2576 1889 2612 nonne

287 2652 573 2706 in,nomiite
607 2659 691 2701 tuo
730 2650 1179 2717 prophetnvimns?
1224 2649 1337 2703 Non
1372 2650 1516 2703 enim
1562 2652 1733 2728 Solum
1757 2693 1769 2713 ,
1802 2652 1883 2704 iti-

288 2741 437 2805 quit.
471 2742 558 2807 qui
606 2738 762 2794 ﬁdem
812 2741 1008 2803 habet,
1044 2742 1088 2793 si
1132 2741 1235 2792 vita
1280 2740 1607 2809 negligatur,
1648 2757 1713 2794 ex
1741 2740 1885 2795 caelis

286 2832 627 2894 excluditur;
656 2833 747 2887 sed
781 2833 987 2886 etiamsi
1020 2848 1142 2887 cum
1184 2833 1286 2888 fide
1324 2834 1484 2887 multa
1516 2835 1666 2901 signa
1699 2834 1885 2888 edide-

286 2922 363 2977 rit
385 2964 399 2985 ,
433 2939 530 2977 nec
550 2922 673 2976 boni
697 2924 964 2992 quidpiam
995 2923 1211 2986 fecerit,
1240 2939 1266 2975 a
1298 2926 1464 2979 sacris
1490 2925 1736 2979 similiter
1765 2942 1889 2994 por-

286 3016 357 3068 tis
387 3015 695 3083 repelletur.
731 3015 884 3068 Multi
908 3018 1040 3069 enim
1080 3017 1203 3069 mihi
1222 3016 1390 3069 dicent
1432 3017 1483 3069 in
1510 3015 1592 3069 die
1621 3017 1743 3081 illa,
1779 3014 1882 3068 Do-

286 3110 443 3172 mine,
483 3107 699 3162 Domine
718 3150 732 3173 ,
760 3126 948 3162 nonne
992 3110 1045 3163 in
1091 3110 1294 3163 nomine
1323 3120 1407 3163 tuo
1435 3111 1890 3181 proﬂzetauimw]

294 3196 481 3250 Viden‘
510 3198 778 3266 quomodo
810 3214 930 3253 sese
978 3200 1200 3253 latenter
1231 3210 1411 3267 postea
1445 3200 1601 3252 simul
1633 3201 1882 3266 inducat,

287 3299 569 3357 postquam
601 3298 762 3343 totam
789 3289 1016 3343 absolvit
1044 3290 1381 3353 concionem,
1422 3306 1479 3343 se
1507 3304 1718 3360 quoque
1739 3290 1883 3357 judi-

285 3395 405 3433 cetn
436 3381 707 3433 0>WMli?
754 3380 1055 3449 Nautan
1101 3380 1231 3433 ultio
1267 3392 1576 3450 peccatoris
1627 3382 1695 3433 sit
1744 3382 1888 3433 inva-

286 3488 437 3534 sura,
466 3472 576 3539 jam
604 3473 752 3542 prius
780 3473 1121 3537 ostenderat;
1151 3474 1269 3543 quis
1294 3484 1472 3527 autem
1503 3474 1643 3527 ultor
1675 3473 1885 3527 futurus

283 3574 462 3628 esset,
488 3565 571 3618 hic
598 3565 813 3618 demum
845 3566 1082 3629 revelat;
1115 3582 1211 3620 nec
1238 3568 1380 3621 clare
1406 3567 1558 3627 dixit,
1594 3568 1705 3636 Ego
1728 3581 1844 3619 smn
1868 3582 1881 3625 :

285 3667 405 3716 seu.
439 3654 593 3708 Multi
632 3656 797 3709 dicent
822 3658 968 3722 mihi,
1003 3658 1231 3726 idipsmn
1265 3674 1449 3711 rursus
1482 3656 1740 3711 indicans.
1774 3657 1883 3710 Nisi

285 3746 433 3799 enim
465 3751 576 3814 ipse
602 3746 764 3815 judex
796 3755 960 3813 esset,
988 3748 1260 3815 quomodo
1287 3749 1511 3801 dixisset
1542 3748 1619 3800 eis
1654 3766 1665 3801 :
1691 3747 1784 3803 25.
1819 3746 1885 3799 Et

286 3849 413 3891 tunc
437 3839 713 3905 conﬁtebor
732 3840 818 3901 eis,
848 3837 1101 3892 Discedite
1128 3856 1159 3890 a
1181 3856 1277 3902 me,
1307 3856 1581 3909 numquam
1622 3841 1737 3892 novi
1758 3856 1843 3892 vos
1864 3839 1886 3891 ?

286 3928 409 3983 Non
439 3926 611 3982 solum
661 3928 713 3981 in
739 3928 826 3982 die
852 3928 1036 3997 judicii
1056 3970 1070 3994 ,
1099 3930 1193 3983 sed
1241 3944 1413 3998 neque
1438 3930 1598 3983 etiam
1627 3944 1747 3983 cum
1781 3929 1884 3981 mi-

288 4021 468 4075 rat'ula
501 4019 794 4075 cdideritis.
830 4018 1060 4090 ideoipte
1107 4020 1382 4087 discipulis
1428 4020 1641 4072 dicebat
1667 4037 1679 4070 :
1710 4018 1888 4071 Nolite

286 4113 542 4182 gaudere,
572 4114 691 4183 quia
720 4113 970 4166 dwmonia
1000 4114 1136 4167 vobis
1156 4113 1512 4183 subjiciuntur,
1536 4112 1625 4164 sed
1650 4113 1767 4182 quia
1794 4129 1887 4164 no-

286 4206 428 4259 mina
454 4215 617 4260 vestra
647 4206 832 4275 scripta
853 4214 969 4257 sunt
997 4206 1048 4258 in
1079 4206 1215 4259 cmlis
1238 4204 1385 4273 (an.
1417 4205 1501 4258 i0.
1535 4203 1651 4273 ΕΟ).
1686 4204 1743 4256 l'lt
1772 4203 1886 4255 ulli-

287 4310 400 4366 que
427 4296 646 4349 multam
673 4294 823 4364 jubet
841 4296 960 4348 vita:
988 4290 1170 4348 curam
1192 4309 1373 4364 agere.
1397 4293 1577 4362 Neque
1599 4294 1742 4347 enim
1771 4292 1883 4346 ﬁeri

293 4401 546 4455 umquam
580 4394 779 4455 potest,
809 4395 861 4438 ut
903 4384 1065 4439 homo
1105 4396 1251 4439 recte
1280 4386 1440 4437 vitam
1484 4385 1765 4438 instituens
1789 4426 1803 4447 ,
1834 4396 1889 4435 et

287 4476 541 4528 omnibus
582 4474 747 4528 animi
795 4475 994 4528 morbis
1040 4475 1336 4539 liberatus,
1381 4476 1737 4543 despiciatur;
1792 4475 1886 4527 sed

286 4565 397 4619 etsi
424 4566 709 4634 aliquando
738 4567 1001 4619 erraverit
1026 4607 1039 4627 ,
1069 4568 1177 4620 cito
1208 4567 1354 4619 illum
1384 4568 1522 4619 heus
1547 4566 1611 4619 ad
1644 4568 1885 4620 notitiam

287 4654 537 4712 veritatis
567 4654 859 4726 pertrabet.
890 4655 1335 4725 Verumquidam
1379 4666 1501 4710 sum
1540 4657 1626 4724 qui
1657 4656 1841 4709 dicunt
1872 4698 1886 4721 ,

289 4752 444 4817 ipsos
491 4748 562 4800 ita
611 4746 811 4801 dixisse
853 4746 1158 4801 mentiendo
1184 4789 1197 4812 ,
1254 4747 1480 4816 ideoque
1524 4748 1750 4801 salutem
1782 4753 1887 4801 non

290 4853 419 4891 esse
445 4845 826 4906 consequutus.
874 4837 1014 4905 Ergo
1046 4846 1253 4899 contra,
1285 4852 1441 4905 quam
1485 4838 1759 4898 voluerat,
1792 4837 1887 4889 ad-

286 4930 477 4985 struit.
524 4926 651 4981 Illud
682 4930 876 4998 quippe
921 4930 1032 4983 vult
1071 4927 1159 4981 hic
1198 4927 1481 4982 Ostenderc
1507 4967 1522 4991 ,
1551 4929 1706 4983 ﬁdem
1760 4928 1890 4982 nihil

289 5026 416 5075 sine
445 5019 698 5089 operibus
725 5022 921 5074 valere.
950 5019 1151 5074 Deinde
1193 5019 1242 5073 id
1271 5020 1588 5084 extendens,
1621 5022 1769 5091 signa
1800 5021 1893 5074 ad-

289 5111 470 5167 didit:
497 5111 787 5166 ostendens
828 5127 932 5163 non
976 5113 1133 5163 modo
1166 5109 1357 5177 ﬁdem,
1402 5112 1494 5166 sed
1524 5115 1682 5166 etiam
1710 5116 1891 5182 signo-

292 5220 420 5259 rum
442 5191 802 5273 operationem
832 5206 1072 5270 vperanti
1098 5204 1352 5270 prodesse
1380 5204 1507 5257 nihil
1535 5205 1652 5259 sine
1679 5205 1891 5258 virtute.

296 5297 341 5349 ﬁ
354 5296 413 5348 isi
445 5303 621 5349 autem
674 5295 747 5347 illi
796 5293 947 5362 signa
995 5294 1277 5357 fecissent,
1307 5294 1577 5365 quomodo
1607 5296 1721 5350 bare
1750 5306 1895 5350 stare

296 5390 407 5439 hoc
437 5389 556 5439 loco
589 5386 927 5451 potuissent?
954 5384 1198 5453 Alioquin
1246 5397 1424 5439 autem
1471 5401 1576 5440 non
1604 5388 1719 5441 ausi
1768 5386 1895 5439 fuis-

293 5487 446 5540 sent,
474 5487 737 5544 pneseme
761 5475 984 5543 judicio,
1016 5477 1098 5530 his
1125 5477 1269 5530 illum
1311 5478 1528 5545 alloqui.
1564 5479 1679 5548 Ipsa
1714 5491 1893 5534 autem

299 5569 608 5638 responsio,
635 5576 744 5621 tum
776 5567 939 5621 etiam
968 5568 1107 5637 quod
1137 5570 1235 5637 ipsi
1270 5569 1646 5638 interrogando
1675 5571 1898 5642 loquan-

299 5672 413 5725 tur,
448 5659 681 5713 ostendit
710 5660 855 5727 ipsos
885 5656 937 5711 id
975 5674 1101 5713 vere
1130 5659 1339 5714 fecisse.
1377 5661 1510 5725 Quia
1543 5662 1684 5715 enim
1707 5678 1899 5732 exspe-

299 5742 530 5801 ctationi
559 5747 1022 5804 snze‘contrarium
1075 5749 1233 5805 tinem
1269 5767 1389 5808 esse
1414 5748 1701 5822 videbant,
1726 5764 1777 5809 et
1808 5758 1894 5809 tne

2013 816 2274 872 mirabilia
2304 820 2565 889 patrando
2606 823 2882 891 conspicui
2907 863 2920 887 ,
2952 822 3057 878 illic
3104 837 3165 878 se
3194 824 3455 893 supplicio
3490 829 3613 897 ple-

2001 908 2224 964 ctendos
2267 911 2592 975 cernebant,
2641 912 2923 982 stupefacti
2970 924 3023 968 et
3068 917 3325 970 mirantes
3370 916 3555 973 dicunt
3586 934 3605 971 :

2004 997 2241 1067 Domine,
2274 1001 2511 1067 Domine,
2546 1020 2712 1058 nonne
2732 1006 2783 1058 in
2810 1022 3014 1059 nomine
3042 1016 3127 1059 tuo
3161 1008 3603 1077 prapltetavimus.’

1999 1090 2270 1157 quomodo
2316 1108 2446 1161 ergo
2494 1109 2638 1148 nunc
2684 1110 2781 1149 nos
2826 1097 3139 1150 aversaris?
3181 1098 3308 1167 quid
3357 1099 3457 1153 sibi
3488 1102 3603 1155 vult

2000 1180 2400 1249 inexspectatus
2451 1184 2537 1237 ille
2583 1183 2743 1239 ﬁnis?
2788 1184 2892 1241 Sed
2944 1185 3018 1241 illi
3058 1188 3272 1258 quidem
3315 1192 3601 1251 mirantur.

1998 1269 2139 1337 quod
2172 1282 2292 1341 post
2337 1274 2461 1328 talia
2508 1274 2651 1330 edita
2698 1290 2861 1345 opera
2913 1278 3203 1346 puniantur
3234 1295 3246 1333 :
3276 1289 3331 1333 tu
3374 1273 3503 1335 vero
3531 1299 3599 1337 ne

1997 1362 2230 1415 mireris.
2273 1361 2461 1419 Omnis
2489 1366 2687 1436 quippe
2714 1369 2882 1437 gratia
2910 1384 2973 1423 ex
3001 1368 3181 1423 dantis
3214 1385 3440 1427 munero
3473 1390 3604 1443 pro-

1994 1452 2073 1507 dit
2102 1472 2115 1507 :
2144 1455 2218 1508 illi
2246 1470 2375 1509 vero
2401 1456 2534 1511 nihil
2565 1473 2594 1512 a
2622 1460 2815 1528 seipsis
2844 1445 3174 1528 attulerunt,
3214 1463 3444 1535 ideoque
3480 1466 3603 1535 jure

1994 1546 2258 1616 supplicio
2280 1548 2583 1617 traduntur,
2606 1566 2673 1605 eo
2693 1552 2833 1621 quod
2854 1568 2976 1623 erga
2998 1569 3120 1608 eum
3148 1557 3236 1623 qui
3260 1556 3337 1611 sic
3360 1556 3484 1612 illos
3502 1559 3601 1611 ho.
3662 1558 3672 1569 '

1996 1649 2298 1703 intraverat,
2325 1651 2382 1695 ut
2404 1642 2635 1713 indignis
2659 1643 2816 1699 talem
2846 1646 3071 1714 gratiam
3097 1648 3381 1715 tribueret,
3406 1650 3599 1721 ingrati

1996 1727 2211 1783 fuerint.
2251 1729 2360 1786 Cur
2392 1748 2541 1803 ergo,
2574 1735 2803 1803 inquies,
2842 1737 3104 1807 iniquitati
3137 1739 3327 1794 dantes
3354 1757 3598 1811 cperam,

1995 1820 2116 1871 taiia
2147 1822 2295 1890 signa
2324 1821 2747 1878 edebant?Sunt
2765 1826 2853 1893 qui
2880 1826 3082 1893 dicant,
3098 1842 3193 1883 eos
3219 1845 3327 1899 quo
3354 1841 3598 1901 tempore

1996 1911 2247 1965 miracula
2274 1914 2571 1981 patrabant,
2593 1915 2773 1985 inique
2796 1933 2901 1969 non
2930 1918 3126 1988 egisse.
3150 1920 3245 1975 sed
3269 1931 3455 1991 pestes
3473 1940 3599 1977 mu-~

1995 2009 2152 2067 tutos,
2178 2003 2316 2057 mala
2337 2004 2497 2059 fuisse
2513 2004 2989 2074 operatos.Verum
3016 2010 3057 2062 si
3089 2009 3191 2065 hoc
3216 2011 3286 2065 ita
3302 2024 3465 2076 esset,
3489 2030 3597 2067 non

1995 2106 2175 2163 posset
2190 2105 2333 2150 stare
2350 2098 2610 2152 sententia
2621 2098 2783 2185 .INam
2802 2102 2943 2168 quod
2964 2099 3207 2158 Christus
3225 2104 3597 2163 demonstrare

1994 2185 2224 2251 volebat,
2248 2186 2348 2241 hoc
2364 2199 2480 2243 erat
2498 2207 2509 2241 :
2529 2206 2701 2259 neque
2723 2192 2904 2257 ﬁdem,
2925 2210 3098 2262 neque
3121 2195 3375 2251 miracula
3398 2199 3597 2261 valere,

1994 2280 2099 2332 vita
2129 2293 2237 2333 non
2258 2282 2663 2336 consmtiente:
2694 2284 2836 2352 quod
2861 2296 2913 2339 et
2932 2284 3128 2339 Paulus
3146 2286 3385 2341 diccbat:
3414 2288 3473 2344 Si
3497 2289 3595 2343 ha-

1991 2369 2147 2421 buero
2173 2370 2347 2436 ﬁdem,
2365 2371 2437 2423 ita
2465 2382 2517 2423 ut
2550 2382 2740 2425 montes
2772 2376 3099 2445 transferam,
3116 2387 3161 2429 et
3191 2395 3374 2433 nevere
3402 2391 3595 2450 myste-

1991 2459 2068 2510 ria
2095 2461 2286 2524 omnia,
2309 2471 2355 2513 et
2382 2478 2582 2514 omnem
2611 2464 2864 2529 notitiam,
2888 2467 3151 2519 caritatem
3174 2479 3342 2521 autent
3374 2488 3475 2521 non
3503 2474 3600 2525 htt—

1992 2552 2155 2616 bmm,
2174 2553 2426 2608 nihilsnm
2450 2553 2467 2621 (
2480 2556 2524 2607 l.
2548 2552 2666 2609 Cor.
2694 2554 2875 2625 15.2).
2898 2557 3125 2625 Quinam
3155 2559 3335 2628 igitur,
3363 2562 3594 2629 inquies.

1993 2643 2074 2695 isti
2108 2645 2451 2699 511111ῩΜΠ111
2483 2648 2815 2701 credentium
2858 2648 2999 2703 dona
3030 2663 3384 2719 acceperant;
3421 2652 3599 2721 qualis

1991 2743 2109 2787 erat
2138 2734 2246 2794 ille.
2276 2736 2364 2802 qui
2397 2752 2519 2789 cum
2546 2737 2717 2805 ipsum
2749 2753 2853 2790 non
2896 2750 3236 2808 sequeretur,
3268 2750 3456 2797 tamen
3483 2742 3595 2797 da:-

1994 2824 2169 2876 munia
2200 2824 2445 2894 ejiciebat
2470 2843 2489 2900 5
2520 2827 2693 2894 qualis
2720 2828 3019 2883 eratJudas
3049 2845 3216 2884 mnam
3242 2832 3330 2885 hic
3356 2848 3593 2904 quoque,

1992 2932 2115 2969 (Ultl
2149 2916 2323 2971 malus
2349 2928 2510 2975 esset.
2535 2919 2733 2973 donum
2766 2930 3067 2991 acceperat.
3100 2922 3153 2976 In
3169 2925 3348 2979 'vcteri
3380 2941 3598 2996 quoque

1996 3007 2109 3075 lego.
2150 3008 2198 3060 id
2232 3009 2467 3076 reperire
2496 3021 2571 3063 est
2596 3050 2609 3071 ,
2635 3014 2863 3079 gratiam
2888 3027 3079 3081 nempe
3112 3014 3163 3067 in
3194 3014 3426 3085 indignis
3452 3031 3598 3086 swpe

1992 3109 2346 3168 operantem,
2396 3110 2449 3154 ut
2494 3102 2611 3155 aliis
2655 3103 2915 3159 beneﬁcia
2961 3106 3251 3161 conferret.
3285 3108 3419 3172 Liuia
3449 3109 3595 3163 enim

1994 3206 2097 3243 non
2130 3206 2316 3245 (mines
2367 3192 2432 3243 ad
2481 3195 2659 3245 omnia
2714 3193 2890 3248 idonei
2918 3206 3107 3260 erant;
3138 3197 3232 3250 sed
3260 3198 3349 3251 alii
3378 3199 3595 3267 quidem

1993 3280 2154 3333 vitam
2186 3296 2367 3347 puram
2399 3282 2647 3350 agebant,
2679 3299 2854 3361 neque
2884 3294 3025 3338 tanta
3054 3284 3156 3340 ﬁde
3184 3287 3396 3356 praediti
3417 3300 3595 3352 erant,

1992 3371 2080 3424 alii
2113 3386 2240 3423 vero
2268 3385 2301 3425 e
2331 3372 2602 3425 contrario
2636 3390 2648 3426 :
2684 3383 2735 3426 et
2766 3373 2850 3427 his
2882 3376 3045 3428 utitur
3065 3416 3078 3439 ,
3106 3386 3164 3429 ut
3194 3378 3315 3431 illos
3342 3391 3551 3434 moneat
3576 3420 3594 3444 ,

1930 3460 1937 3463 ’
1994 3470 2043 3512 ut
2081 3461 2299 3514 multam
2326 3461 2482 3515 iidem
2510 3461 2821 3530 exhibeant,
2846 3477 2903 3519 et
2926 3465 3046 3520 illos
3079 3483 3173 3534 per
3200 3468 3466 3523 ineffabile
3495 3471 3597 3526 hoe
3632 3452 3637 3453 ί

1992 3553 2189 3605 donum
2220 3561 2440 3615 evocat,
2477 3562 2535 3605 ut
2566 3554 2817 3608 meliores
2846 3556 3095 3610 evadant.

2064 3644 2118 3695 2.
2151 3642 2385 3697 Potestas
2416 3646 2828 3707 supernaturatia
2852 3648 2961 3700 sine
2990 3649 3171 3701 virtute
3200 3649 3406 3704 exitium
3434 3651 3592 3719 parit.

2007 3736 2215 3788 Virtutis
2242 3738 2611 3805 prmrogatirw.
2640 3767 2701 3778 -—-
2736 3738 2966 3807 Ideoque
2991 3740 3451 3795 abundantiSsime
3468 3759 3595 3812 gra-

1995 3812 2118 3881 tiam
2166 3829 2347 3881 dabat.
2400 3827 2639 3894 Virtutes,
2676 3831 2943 3899 inquiunt,
2994 3833 3182 3884 inultus
3227 3834 3458 3903 fecimus.
3490 3835 3600 3888 Sed

1994 3920 2269 3987 conﬁtebor
2319 3920 2422 3974 illis
2469 3930 2616 3982 tunc,
2651 3918 2771 3973 Non
2808 3924 2923 3974 novi
2952 3937 3037 3974 vos
3095 3922 3249 3977 Nunc
3290 3925 3505 3993 quidem
3537 3941 3598 3979 se

1993 4012 2192 4063 amicos
2237 4024 2385 4063 meos
2410 4026 2531 4063 εκ.ςο
2561 4020 2792 4079 putant;
2830 4022 2954 4065 tunc
2989 4028 3115 4065 vero
3154 4025 3483 4083 Cognoscent
3511 4032 3599 4069 me

1996 4104 2101 4157 illis
2152 4118 2255 4156 non
2305 4114 2359 4155 ut
2416 4103 2603 4156 amicis
2647 4102 2875 4156 dedisse.
2917 4103 3122 4173 Ecquid
3154 4106 3365 4160 miraris
3392 4108 3435 4159 si
3468 4108 3597 4159 viris

1993 4195 2209 4263 quidem
2239 4194 2290 4247 in
2322 4197 2493 4262 ipsum
2526 4196 2895 4249 credentibus.
2920 4196 3012 4249 sed
3045 4197 3208 4251 vitam
3239 4215 3346 4251 tum
3390 4199 3564 4253 haben
3586 4230 3597 4238 -

1997 4288 2137 4339 tibus
2163 4302 2477 4350 consonant,
2504 4304 2723 4340 munera
2757 4288 2845 4340 illa
2875 4289 3042 4351 dedit,
3067 4291 3280 4358 quando
3303 4292 3354 4344 in
3384 4292 3446 4344 iis
3464 4308 3597 4360 qtto-

1992 4395 2097 4447 que
2123 4378 2209 4446 qui
2236 4390 2461 4444 utroque
2494 4378 2802 4446 bujusmodi
2839 4382 2979 4431 bono
3009 4383 3158 4435 vacui
3187 4393 3361 4447 erant,
3392 4384 3595 4437 inveni-

1995 4480 2082 4522 tur
2108 4469 2404 4538 operatus?
2436 4469 2650 4523 Balaam
2678 4470 2875 4539 quippe
2899 4482 2955 4525 et
2975 4487 3003 4524 a
3043 4472 3147 4527 [ide
3176 4486 3231 4527 et
3258 4492 3285 4527 a
3320 4478 3456 4531 bona
3490 4480 3593 4532 vita

1993 4562 2200 4615 alienus
2228 4571 2342 4614 erat
2382 4560 2399 4631 (
2434 4559 2593 4613 Num.
2627 4561 2699 4615 24
2725 4562 2783 4631 );
2833 4572 3067 4618 attamen
3095 4568 3261 4635 gratia
3305 4570 3355 4621 in
3396 4570 3490 4623 illo
3531 4571 3595 4624 ad

1996 4656 2220 4705 aliorum
2256 4668 2342 4706 res
2375 4652 2730 4719 providendas
2759 4666 2978 4722 operata
3007 4664 3107 4709 est.
3144 4657 3431 4729 Etiamque
3462 4662 3597 4715 l‘in‘r-

1996 4759 2089 4797 rao
2138 4746 2259 4795 talis
2283 4753 2397 4796 erat
2424 4759 2438 4805 ;
2468 4752 2521 4795 et
2549 4756 2730 4797 tamen
2764 4745 2861 4813 ipsi
2900 4761 3113 4816 quoque
3143 4748 3316 4803 latura
3341 4762 3597 4806 ostentm.

1998 4837 2062 4889 Et
2112 4834 2623 4887 Nabuchodonosori
2669 4836 3005 4905 iniquissimo
3051 4854 3112 4890 ea
3158 4856 3277 4905 qua:
3309 4853 3429 4908 post
3460 4846 3595 4896 ιιεςιέι

1949 4938 1958 4946 ·
2000 4943 2079 4985 tas
2128 4931 2504 5003 generationes
2548 4930 2721 4983 futura
2773 4941 2927 4984 erant
2974 4931 3277 5003 revelavit(
3308 4934 3446 4988 Dan.
3495 4935 3531 4990 2
3561 4940 3601 5006 ).

2002 5023 2169 5090 Ipsius
2201 5036 2416 5091 quoque
2446 5020 2572 5083 ﬁlio,
2604 5021 2695 5091 qui
2726 5030 2934 5091 patrem
2969 5023 3253 5092 iniquitate
3283 5028 3597 5095 superabat,

2002 5115 2173 5168 futura
2224 5113 2497 5173 ostendit;
2533 5112 2806 5165 mirabiles
2846 5129 3177 5183 magnasque.
3218 5132 3306 5170 res
3362 5118 3431 5171 ita
3487 5120 3601 5172 dis~

2002 5220 2231 5275 pensans
2271 5206 2290 5274 (
2324 5204 2456 5256 Dan.
2488 5205 2576 5271 5).
2614 5204 2749 5271 Quia
2796 5205 2955 5272 igitur
2997 5206 3393 5274 pmtiieationis
3439 5224 3599 5262 οχον-

2003 5296 2088 5349 dia
2114 5304 2223 5347 tum
2253 5304 2429 5359 erant,
2464 5286 2737 5364 multaque
2763 5296 3048 5364 Oportebat
3087 5297 3202 5365 ejus
3233 5300 3487 5366 potentia:
3516 5316 3595 5353 ar-

2003 5396 2253 5455 gumenta
2286 5386 2573 5439 monstrari
2597 5428 2610 5449 ,
2639 5386 2789 5439 multi
2817 5402 2883 5440 ex
2910 5386 3251 5456 indignorum
3300 5393 3465 5444 etiam
3502 5408 3589 5445 nu-

2008 5494 2156 5531 mero
2186 5478 2323 5532 dona
2353 5477 2706 5547 accipiebant.
2734 5479 2985 5532 Attamen
3004 5479 3076 5530 illi
3096 5494 3162 5533 ex
3196 5480 3498 5536 istiusmodi
3528 5485 3593 5536 si-

2005 5574 2121 5641 gnis
2151 5570 2283 5625 nihil
2327 5570 2695 5635 lucrabantur,
2736 5570 2831 5625 sed
2867 5571 3027 5625 etiam
3072 5576 3307 5643 graviori
3342 5577 3604 5646 supplicio

2006 5666 2319 5734 puniuntur.
2374 5662 2604 5733 Ideoque
2655 5664 2795 5718 hanc
2842 5664 3136 5719 terribilem
3194 5682 3379 5722 vocem
3427 5672 3600 5725 emisit

2015 5755 2186 5825 ipsis:
2222 5753 2513 5824 Nmnqnmn
2544 5756 2657 5809 novi
2688 5771 2791 5809 vos.
2845 5754 3040 5810 Multos
3089 5771 3233 5813 enim
3278 5759 3365 5816 hic
3399 5762 3531 5826 odit.
3552 5772 3601 5822 et
