4110 6306
556 326 663 385 895

556 456 682 501 ante
708 441 960 513 iudicium
991 440 1009 472 ί
1038 445 1335 492 aversatur.
1365 433 1672 489 Timeamus
1698 430 1897 498 itaque,
1930 423 2130 489 dilecti,

563 546 619 590 et
640 534 861 590 multam
889 527 1228 586 instituendas
1252 527 1375 580 vita:
1397 538 1580 578 curam
1606 520 1973 591 impendamus
1996 534 2010 583 ;
2044 534 2137 572 ne-

557 640 664 695 que
687 608 929 693 putemus
959 622 1137 675 minus
1163 635 1261 673 nos
1289 617 1506 679 habere,
1531 615 1652 684 quia
1683 613 1828 683 signa
1858 624 2000 665 nunc
2029 624 2135 663 non

560 715 806 773 facimus.
833 716 973 771 Nihil
1000 716 1143 770 enim
1174 725 1424 780 umquam
1456 708 1688 778 amplius
1713 722 1775 762 es
1799 704 1962 773 signis
1984 702 2137 757 nobis

561 806 836 871 reddetur,
852 806 988 859 sicut
1011 802 1140 857 nihil
1164 803 1339 855 minus
1367 797 1588 868 eoquod
1613 798 1761 865 signa
1784 811 1889 848 non
1910 792 2133 847 edamus

562 897 604 949 si
631 896 913 951 virtutibus
933 894 1178 948 omnibus
1199 892 1388 945 demus
1416 904 1655 959 opcram.
1675 886 1959 955 Signorum
1984 885 2138 955 quip-

561 1004 629 1058 pe
660 989 926 1044 debitores
956 1002 1059 1040 non
1077 999 1283 1049 sumus,
1314 997 1408 1051 pro
1436 984 1572 1034 bona
1594 987 1770 1031 autem
1796 979 1900 1031 vita
1923 987 1979 1031 et
2007 990 2139 1045 ope-

564 1079 747 1143 ribus,
782 1078 945 1132 Deum
998 1076 1254 1130 habemus
1298 1073 1618 1127 debitorem.
1665 1068 1799 1137 Quia
1843 1068 2001 1137 igitur
2051 1065 2139 1120 ille

562 1179 750 1223 cuncta
782 1166 1019 1237 perfecit.
1047 1174 1101 1221 et
1130 1164 1196 1219 de
1227 1165 1419 1218 virtute
1446 1160 1847 1215 accuratissime
1867 1158 2136 1219 disseruit,

564 1275 625 1314 ac
643 1259 889 1313 virtutem
921 1257 1235 1312 simulantes
1263 1271 1291 1307 a
1322 1254 1502 1324 probis
1539 1252 1781 1306 diversos
1805 1264 1926 1305 esse
1952 1258 2135 1303 osten-

561 1350 675 1415 dit;
704 1351 822 1405 illos
858 1365 1048 1419 nempe
1068 1349 1155 1418 qui
1178 1348 1482 1417 jejunarent
1511 1346 1593 1399 vel
1623 1352 1839 1399 orarent
1864 1344 1928 1395 ad
1957 1351 2138 1398 osten-

565 1442 839 1505 taliOnent,
869 1455 962 1495 eos
1000 1441 1088 1506 qui
1119 1440 1219 1491 sub
1268 1438 1405 1504 pelle
1445 1436 1622 1489 ovium
1687 1432 2021 1497 accederent,
2045 1445 2140 1485 eos

565 1534 650 1601 qui
684 1531 931 1586 virtutem
964 1529 1377 1601 labefactarcut,
1410 1541 1544 1595 quos
1587 1534 1642 1580 et
1672 1539 1862 1593 porcos
1889 1533 1944 1578 et
1979 1537 2140 1577 canes

566 1621 794 1686 Vocavit,
825 1618 1113 1674 Ostendens
1144 1618 1356 1672 demum
1388 1625 1643 1685 quantum
1673 1623 1818 1668 esset
1842 1614 1925 1668 vel
1958 1614 2010 1666 in
2042 1612 2141 1667 hac

572 1718 677 1768 vita
709 1716 920 1767 virtutis
947 1713 1147 1766 lucrum
1177 1751 1193 1775 ,
1236 1715 2013 1780 quantumque.entergeretex
2043 1704 2142 1758 im-

567 1805 826 1873 probitate
877 1814 1249 1857 nocumentum
1273 1841 1289 1867 ,
1339 1800 1467 1855 dicit
1516 1816 1528 1851 :
1560 1798 1652 1853 24.
1686 1795 1863 1853 Omnis
1889 1797 1975 1867 qui
1998 1796 2140 1849 audit

568 1896 717 1951 verba
739 1911 847 1949 mea
872 1896 978 1951 [uec
1002 1936 1019 1962 ,
1046 1906 1090 1948 et
1122 1895 1243 1965 facit
1266 1910 1346 1959 ea,
1390 1892 1750 1946 assimilubitur
1777 1892 1882 1944 viro
1902 1890 2137 1958 sapienti.

568 1984 699 2041 Nam
735 1986 826 2056 qui
857 1986 1015 2039 verba
1044 1984 1158 2052 ejus
1187 2001 1291 2038 non
1322 1984 1625 2045 observant,
1656 1982 1863 2036 etiamsi
1894 1981 2038 2050 signa
2067 1978 2143 2031 l‘a—

569 2077 734 2141 ciant,
762 2092 881 2145 qua:
902 2076 1105 2145 passuri
1134 2074 1241 2128 sint
1269 2074 1490 2127 audistis
1517 2088 1530 2123 :
1563 2072 1741 2126 sciatis
1769 2082 1946 2125 autem
1968 2085 2128 2139 opor-

570 2177 665 2232 tet,
698 2168 889 2236 quibus
920 2167 1157 2221 fruentur
1179 2165 1329 2219 bouis
1355 2165 1387 2217 ii
1414 2162 1502 2232 qui
1531 2164 1687 2216 dit-tis
1711 2163 1959 2215 omnibus
1983 2160 2141 2215 obse-

563 2268 817 2329 quuntur,
847 2273 951 2311 non
984 2258 1035 2309 in
1062 2255 1241 2308 futuro
1271 2263 1473 2308 tantum
1508 2252 1706 2307 sa‘culo
1728 2293 1742 2317 ,
1771 2250 1865 2307 sed
1893 2252 2052 2305 etiam
2086 2252 2137 2305 in

565 2347 835 2417 presenti.
868 2346 1067 2411 Omnis,
1098 2346 1296 2415 inquit,
1328 2344 1415 2412 qui
1442 2344 1585 2395 audit
1624 2341 1775 2395 verba
1799 2357 1910 2395 mea
1936 2344 2059 2404 hac,
2092 2350 2141 2394 et

563 2439 684 2508 facit
723 2454 781 2490 ea
807 2476 822 2499 ,
870 2435 1231 2490 assimilabitur
1270 2435 1376 2487 viro
1404 2432 1640 2501 sapienti.
1691 2430 1849 2485 Vides
1874 2431 2142 2499 quomodo

561 2543 863 2584 sermonem
888 2528 1081 2591 variet,
1107 2525 1270 2579 modo
1299 2524 1484 2578 dicens
1507 2565 1521 2586 ,
1551 2521 1672 2576 Non
1712 2524 1875 2575 omnis
1912 2523 1998 2591 qui
2022 2522 2144 2577 dicit

562 2621 687 2674 mihi
716 2662 734 2685 ,
758 2619 991 2682 Domine,
1028 2618 1256 2679 Domine,
1286 2629 1514 2683 seseque
1555 2614 1828 2671 revelans;
1862 2613 2019 2667 modo
2047 2628 2141 2668 au-

563 2720 690 2777 tem,
721 2694 818 2776 Qui
845 2712 968 2780 facit
992 2708 1303 2762 uoluntatem
1342 2704 1511 2759 Patris
1536 2704 1652 2767 mei,
1684 2712 1740 2757 ct
1768 2718 1953 2757 rursus
1974 2718 2030 2756 se
2050 2704 2139 2771 ju-

562 2800 731 2855 tlicem
761 2797 1134 2876 declarans.“
1142 2797 1234 2850 ulti
1251 2796 1417 2849 dicent
1440 2794 1564 2847 mihi
1584 2795 1635 2845 in
1658 2793 1749 2845 illa
1763 2793 1881 2847 die:
1907 2791 2137 2855 Domine,

567 2890 794 2952 Domine,
812 2905 975 2944 nonne
996 2890 1051 2942 in
1078 2887 1282 2941 nomine
1310 2897 1394 2939 tua
1423 2882 1869 2954 prop/icturimus?
1892 2880 1954 2935 Et
1977 2880 2142 2941 dicant

562 2981 665 3044 eis,
690 2978 811 3033 Non
839 2978 950 3032 novi
975 2994 1081 3031 vos.
1131 2975 1227 3030 llic
1276 2989 1489 3045 quoque
1518 2971 1752 3026 ostendit
1800 2986 1859 3025 se
1905 2971 2141 3023 omnium

564 3080 876 3140 potestatem
930 3067 1129 3122 habere
1176 3083 1189 3118 :
1231 3073 1555 3133 quapropter
1597 3061 1805 3116 dicebat
1833 3101 1847 3123 ,
1874 3060 1972 3126 Qui
2000 3059 2144 3111 audit

564 3164 711 3217 verba
739 3178 847 3215 mea
867 3162 993 3215 Ita’c.
1029 3158 1159 3226 Quia
1189 3159 1330 3212 enim
1360 3156 1537 3209 omnia
1565 3153 1629 3209 de
1656 3152 1844 3207 futuris
1868 3150 2137 3216 disseruit,

567 3263 622 3308 et
643 3269 863 3323 regnum
905 3236 1210 3307 memorans
1234 3289 1249 3313 ,
1280 3257 1334 3303 et
1374 3246 1676 3301 mercedem
1719 3242 2062 3306 incllabilem,
2088 3252 2141 3295 et

563 3345 980 3402 consolationem
1003 3350 1059 3397 et
1086 3339 1278 3394 similia
1309 3379 1323 3402 ,
1352 3334 1464 3393 vult
1488 3351 1581 3391 eos
1618 3336 1741 3390 biuc
1769 3332 2005 3404 proferre
2030 3334 2141 3386 lru-

564 3446 681 3493 ctus
725 3450 884 3500 suos,
928 3442 981 3487 et
1010 3430 1293 3486 ostendere
1333 3436 1526 3497 quanta
1568 3427 1635 3479 sit
1676 3427 1727 3479 in
1757 3428 2004 3495 presenti
2036 3425 2141 3478 vita

565 3526 769 3581 virtutis
787 3526 884 3577 vis.
912 3521 1040 3588 Qua:
1066 3534 1192 3589 ergo
1212 3528 1293 3574 est
1314 3517 1526 3571 virtutis
1552 3516 1676 3569 vis?
1700 3512 1831 3569 Cum
1858 3515 2145 3569 securitate

564 3618 759 3682 vivere,
793 3613 951 3668 nullis
988 3610 1180 3665 cedere
1207 3609 1490 3670 terutunis,
1540 3605 1857 3659 laedentibus
1893 3596 2144 3658 omnibus

565 3704 896 3775 superiorem
948 3714 1066 3754 esse
1115 3714 1130 3751 :
1181 3699 1264 3751 cui
1318 3694 1446 3766 quid
1494 3710 1588 3764 par
1616 3709 1735 3749 esse
1764 3693 2139 3763 possitilllud

567 3796 709 3852 enim
736 3810 805 3848 ne
834 3794 879 3846 is
899 3790 1111 3861 quidem
1138 3789 1225 3858 qui
1245 3786 1545 3841 diademate
1590 3784 1885 3848 redimitur,
1918 3782 2019 3837 sibi
2048 3798 2144 3853 po-

568 3896 673 3941 test
693 3896 1025 3952 eontparare,
1056 3880 1150 3933 sed
1177 3878 1266 3932 ille
1291 3876 1438 3931 solus
1467 3877 1555 3944 qui
1587 3874 1767 3929 virtuti
1788 3874 1879 3928 dat
1899 3889 2140 3943 operam.

569 3978 686 4045 Ipse
706 3973 901 4043 quippe
932 3970 1074 4025 solus
1103 3967 1217 4023 lucc
1249 3982 1370 4021 cum
1412 3978 1603 4036 magno
1626 3965 1842 4021 cumulo
1881 3964 2140 4033 possidet,

570 4067 623 4119 in
655 4065 755 4117 hoc
780 4060 1120 4131 prassentium
1148 4072 1327 4112 rerum
1357 4058 1547 4124 euripo
1590 4055 1753 4109 multa
1787 4057 1967 4110 fruens
1997 4065 2143 4109 tran-

570 4155 849 4227 quillitate.
877 4150 1008 4206 Nam
1038 4149 1178 4217 quod
1219 4146 1459 4201 mirabile
1485 4153 1587 4210 est,
1624 4160 1743 4199 cum
1774 4147 1916 4200 nulla
1944 4149 2148 4200 sereni-

570 4258 649 4301 tas
673 4247 760 4307 sit,
791 4244 884 4300 sed
910 4249 1195 4311 tempestas
1218 4239 1507 4293 vehemens
1526 4244 1581 4292 et
1611 4237 1773 4291 multa
1796 4237 2144 4306 perturbatio,

571 4339 915 4410 plurimaeque
943 4334 1281 4396 tentationes,
1309 4346 1412 4383 non
1440 4338 1613 4398 potest
1640 4330 1753 4396 ipse
1780 4328 1861 4382 vel
1881 4328 2145 4382 tantillum
2178 4362 2181 4363 ν

573 4441 776 4484 nutare.
807 4426 937 4481 Nam
986 4426 1099 4489 ait,
1126 4423 1218 4476 25.
1269 4419 1534 4473 Descendit
1561 4418 1749 4485 pluvia,
1770 4428 2010 4476 venerunt
2046 4418 2147 4487 ﬂu-

571 4522 740 4581 mina,
780 4518 1029 4587 flatierunt
1055 4514 1202 4573 renti,
1232 4522 1275 4566 et
1299 4513 1554 4564 irruerunt
1578 4511 1631 4563 in
1667 4511 1870 4562 domum
1904 4508 2066 4572 illam,
2099 4520 2146 4563 et

570 4628 671 4663 non
700 4608 913 4662 cecidit:
946 4603 1155 4673 fundata
1190 4605 1319 4655 enim
1340 4609 1446 4654 erat
1466 4615 1622 4665 supra
1651 4612 1841 4667 petram
1870 4614 1887 4650 :
1917 4600 2145 4669 pluviam

572 4702 656 4757 hic
685 4711 739 4754 et
767 4698 1003 4759 ﬂumina,
1034 4706 1085 4748 et
1127 4704 1311 4747 Ventos
1341 4691 1701 4758 ntetapltoncc
1730 4706 1931 4744 vocans
1961 4690 2149 4744 huma-

574 4807 667 4848 nas
689 4789 1019 4845 calamitates
1042 4798 1095 4839 et
1120 4796 1407 4846 :rrumuas,
1438 4779 1678 4833 videlicet
1708 4779 1999 4833 calumnias
2020 4820 2033 4840 ,
2067 4780 2148 4833 in-

569 4882 732 4938 sidias
762 4922 775 4943 ,
804 4882 975 4935 luctus
1004 4924 1013 4937 ,
1047 4885 1245 4929 mortus
1266 4915 1279 4937 ,
1309 4873 1601 4927 domestica
1639 4870 1853 4934 damna,
1878 4872 2149 4927 molestias

572 4976 640 5027 ab
670 4971 856 5026 alienis
880 4964 1410 5034 creatas.-omniaque
1438 4971 1630 5016 extera
1656 4961 1793 5016 mala
1822 4962 1873 5014 in
1907 4978 2147 5031 praesen-

576 5074 680 5120 tt-m
713 5066 873 5115 vitam
906 5057 1227 5129 ingruentia.
1258 5056 1361 5109 Sed
1384 5053 1687 5123 huiusmodi
1719 5053 1924 5114 anima,
1956 5052 2141 5123 inquit,

583 5157 709 5211 nulli
742 5156 814 5208 rei
854 5152 997 5207 cedit
1030 5169 1042 5204 :
1076 5148 1233 5219 hujus
1260 5157 1437 5201 autem
1480 5148 1557 5201 rei
1584 5159 1744 5200 causa
1770 5154 1885 5207 est,
1912 5146 2051 5214 quod
2081 5147 2150 5199 sit

576 5262 737 5318 supra
769 5254 971 5315 petram
1001 5240 1234 5295 fundata.
1264 5238 1475 5294 Petram
1505 5246 1683 5293 autem
1712 5244 1869 5290 vocat
1889 5234 2149 5292 doctrina:

575 5352 685 5390 sum
714 5336 1036 5389 iirtnitatem.
1068 5330 1274 5385 Etenim
1298 5340 1443 5398 petra
1470 5325 1685 5381 fortiora
1714 5335 1838 5381 sunt
1861 5335 2147 5397 prtecepta,

577 5427 950 5494 hominemque
974 5422 1174 5478 faciunt
1197 5420 1449 5474 humanis
1464 5418 1713 5472 omnibus
1731 5416 1981 5474 ductibus
2000 5434 2152 5490 supe-

577 5499 796 5572 riorem.
815 5515 914 5582 Qui
943 5514 1083 5569 enim
1114 5511 1227 5567 ttae
1250 5510 1532 5582 diligenter
1556 5507 1823 5577 observat,
1855 5520 1961 5564 non
1989 5507 2150 5567 modo

634 5682 647 5711 ⁸
674 5684 874 5743 Quidam
906 5689 1294 5751 lllanuscripti,et
1316 5692 1423 5736 ante
1440 5682 1751 5751 partitionem.

1293 317 1350 373 8.
1389 312 1666 373 JOANNIS
1702 307 2181 369 οιιηῑεοετοεῐ
2211 307 2534 367 ARCH'IEP.
2562 308 3101 368 CONSTANTINOP.

3732 313 3839 369 εει

2244 422 2550 480 hominibus
2574 438 2769 479 nocere
2793 423 3120 478 tentantibus
3144 421 3393 495 superior
3411 423 3534 492 erit,
3553 420 3652 478 sed
3672 425 3837 479 etiam

2244 515 2375 585 ipsis
2402 515 2734 571 daemonibus
2758 514 3153 569 insidiantibus.

2338 607 2391 663 5.
2437 608 2563 663 Sola
2609 608 2765 661 virtus
2793 607 3142 660 inconcussam
3194 609 3331 676 parit
3381 606 3542 659 animi
3590 607 3833 677 quietem.

2242 696 2412 752 Proba
2432 699 2602 752 nullus
2622 707 2781 770 potest
2800 712 2999 751 nocere.
3026 695 3054 749 Ι
3059 697 3255 767 mprobi
3289 696 3472 751 multos
3489 699 3739 751 sustinent
3758 700 3841 751 la-

2241 789 2479 842 bores.—-
2498 787 2648 856 Quod
2681 797 2859 841 autem
2891 786 3005 842 haec
3023 802 3127 840 non
3157 802 3256 857 per
3271 786 3582 855 jztctantiam
3621 787 3731 842 sint
3760 788 3844 842 dio

2241 889 2349 942 cta,
2373 883 2527 933 leSliS
2557 879 2710 932 nobis
2738 888 2821 932 est
2851 875 2984 943 Job,
3015 876 3103 947 qui
3144 891 3333 931 omnes
3364 876 3563 930 diaboli
3601 879 3845 946 impetus

2242 972 2492 1040 excepit,
2536 972 2894 1037 immotusque
2942 969 3137 1023 mansit
3167 987 3179 1021 :
3210 968 3482 1023 testiﬁcari
3512 978 3741 1040 possunt
3783 980 3845 1024 et

2242 1065 2495 1132 apostoli,
2525 1064 2615 1133 qui
2640 1064 2889 1118 omnibus
2911 1062 3060 1117 orbis
3088 1061 3336 1116 fluctibus
3365 1062 3418 1115 in
3438 1078 3497 1117 se
3528 1064 3832 1131 irrumpen-

2250 1154 2413 1221 tibus,
2449 1155 2661 1224 pupulis
2699 1155 2848 1217 item,
2879 1156 3152 1225 tyrannis,
3185 1152 3497 1207 domesticis
3537 1164 3589 1207 et
3618 1154 3843 1216 alit-nis,

2241 1247 2595 1307 daemonibus,
2622 1246 2856 1307 diabolo,
2889 1248 3141 1315 omnique
3171 1252 3384 1299 admota
3438 1246 3681 1300 machina
3705 1287 3719 1306 .
3750 1245 3847 1301 his

2244 1338 2432 1391 solutis
2454 1338 2702 1389 omnibus
2725 1377 2739 1397 ,
2770 1346 2917 1404 petra
2951 1335 3212 1389 lirutiorcs
3249 1345 3536 1390 steterunt.
3570 1336 3707 1402 Quid
3740 1335 3844 1405 igi-

2245 1434 2328 1480 tur
2358 1425 2656 1495 hujusmodi
2687 1426 2792 1479 vita
2810 1425 3018 1480 beatius
3043 1440 3163 1481 esse
3188 1426 3397 1496 possit?
3428 1426 3539 1479 Hoc
3558 1426 3701 1479 enim
3728 1440 3840 1481 non

2242 1518 2595 1583 divititc,-non
2623 1521 2868 1591 corporis
2910 1521 3079 1576 robur
3098 1561 3115 1585 ,
3142 1536 3249 1574 non
3274 1520 3444 1591 gloria
3465 1561 3481 1585 ,
3511 1534 3618 1574 non
3648 1533 3813 1589 poten

2246 1608 2336 1670 tia,
2365 1624 2536 1679 neque
2561 1611 2704 1665 aliud
2726 1609 3149 1681 quidpiaut,'sed
3181 1611 3295 1664 sola
3319 1611 3531 1665 virtutis
3562 1612 3844 1680 possessio

2245 1700 2762 1768 poteritconciliare.
2786 1700 2899 1756 Non
2930 1709 3104 1769 potest
3142 1702 3307 1763 enim,
3349 1717 3457 1756 non
3485 1711 3659 1769 potest
3687 1712 3841 1755 certe

2243 1788 2343 1841 alia
2376 1790 2594 1857 reperiri
2628 1791 2733 1843 vita
2768 1791 2924 1844 malis
2951 1791 3203 1845 omnibus
3232 1791 3415 1854 libera,
3451 1790 3550 1844 nisi
3592 1792 3707 1846 inec
3736 1807 3846 1844 una

2246 1889 2469 1934 tantum.
2503 1880 2611 1935 Vos
2644 1896 2857 1951 quoque
2889 1890 3051 1936 testes
3076 1884 3228 1947 estis,
3257 1884 3347 1948 qui
3382 1883 3575 1938 videtis
3608 1884 3662 1937 in
3695 1888 3844 1951 regia

2244 1971 2484 2035 insidias,
2504 1974 2591 2043 qui
2625 1974 2885 2028 tumultus
2912 1984 2967 2028 et
2997 1975 3431 2043 perturbationes
3452 1978 3765 2045 conspicitis
3783 1975 3845 2028 iu

2244 2061 2469 2115 divitum
2524 2062 2748 2118 aedibus.
2796 2063 2903 2118 Sed
2955 2064 3095 2133 apud
3145 2066 3415 2133 apostolos
3462 2065 3592 2119 nihil
3640 2064 3839 2120 simila.

2244 2151 2384 2217 Quid
2413 2154 2618 2222 igitur?
2648 2168 2714 2206 an
2742 2153 2875 2207 nihil
2923 2154 3029 2207 tale
3064 2155 3269 2223 experti
3299 2158 3462 2208 sunt?
3492 2156 3695 2210 nihilne
3721 2170 3843 2209 mo-

2245 2242 2435 2295 lestum
2464 2242 2532 2295 ab
2556 2242 2733 2311 aliquo
2762 2253 2883 2296 sunt
2912 2244 3191 2312 perpessi?
3221 2244 3326 2299 Sed
3353 2245 3453 2298 hoc
3471 2247 3712 2300 omnium
3736 2248 3808 2299 mi
3826 2278 3844 2287 -

2243 2331 2623 2385 rabilissimum
2650 2333 2900 2403 est,quod
2929 2333 3127 2388 multas
3150 2335 3288 2403 passi
3317 2337 3422 2389 sint
3449 2335 3845 2405 iusidias,quod

2244 2425 2426 2480 multa:
2452 2434 2799 2494 tempestates
2845 2428 2894 2480 in
2935 2442 3031 2481 eos
3082 2426 3407 2498 irruperint,
3446 2445 3568 2498 qua:
3600 2431 3844 2498 ipsorum

2245 2517 2479 2570 animum
2514 2531 2618 2570 non
2647 2527 2989 2580 everterunt,
3024 2532 3195 2587 neque
3225 2517 3435 2571 illorum
3476 2520 3844 2575 constantiam

2244 2604 2514 2675 fregerunt
2540 2620 2555 2669 ;
2589 2607 2696 2658 imo
2724 2606 2884 2661 etiam
2917 2606 3072 2662 nudis
3099 2609 3413 2676 corporibus
3432 2622 3733 2679 pugnantes
3755 2612 3844 2665 vi-

2243 2703 2465 2761 cerunt,
2522 2695 2933 2765 superioresque
2961 2707 3268 2752 evaserunt.
3294 2698 3361 2754 Et
3389 2678 3449 2753 tu
3470 2678 3651 2770 itaque
3676 2702 3722 2754 si
3750 2682 3846 2757 ve-

2244 2785 2310 2841 lis
2342 2785 2458 2841 hare
2485 2797 2737 2842 accurate
2780 2787 3088 2851 observare,
3117 2790 3296 2844 omnia
3323 2790 3596 2845 deridebis
3629 2809 3641 2842 :
3674 2791 3843 2847 modo

2246 2878 2386 2930 enim
2417 2878 2600 2932 barum
2639 2878 3072 2933 adhortationum
3102 2878 3437 2949 philosophia
3472 2881 3711 2936 munitus
3738 2881 3839 2948 sis,

2246 2967 2375 3020 nihil
2410 2976 2462 3022 te
2488 2969 2540 3022 in
2564 2983 2850 3022 mterorcm
2873 2968 3140 3038 conjicere
3167 2973 3381 3038 poterit.
3408 2969 3465 3024 lu
3490 2987 3598 3040 quo
3619 2973 3762 3027 enim
3786 2982 3844 3029 te

2248 3057 2404 3111 laedet
2433 3058 2477 3110 is
2505 3059 2591 3126 qui
2638 3056 2859 3111 insidias
2883 3060 3177 3112 struxerit?
3207 3075 3275 3113 an
3307 3062 3560 3128 pecunias
3581 3061 3783 3118 auferet
3812 3062 3842 3116 τ

2246 3147 2351 3202 Sed
2372 3157 2501 3203 ante
2525 3149 2698 3202 minas
2728 3148 2865 3202 illius
2892 3148 3075 3219 jussus
3100 3163 3163 3203 es
3188 3150 3330 3203 ~illas
3356 3160 3703 3207 contemnere
3726 3194 3741 3215 ,
3785 3162 3848 3209 et

2248 3240 2316 3292 ita
2343 3239 2413 3291 ab
2442 3239 2545 3295 illis
2573 3240 3129 3315 animumabducere,
3159 3252 3218 3295 ut
3243 3258 3532 3311 numquam
3562 3258 3590 3297 a
3614 3244 3844 3299 Domino

2246 3331 2550 3399 huiusmodi
2582 3331 2855 3401 quidpiam
2888 3342 3061 3402 petas.
3090 3333 3195 3388 Sed
3231 3344 3282 3388 te
3322 3335 3375 3387 in
3402 3349 3674 3390 carcerem
3707 3349 3843 3391 cun-

2239 3420 2432 3487 jicict?
2463 3424 2531 3475 At
2560 3434 2684 3476 ante
2716 3437 2989 3477 carcerem
3040 3425 3111 3477 ita
3145 3435 3195 3477 te
3225 3426 3408 3479 vivere
3455 3427 3711 3494 praecepit
3736 3466 3750 3490 ,
3776 3436 3841 3481 ut

2246 3514 2445 3566 mundo
2460 3514 2678 3569 omnino
2703 3515 2990 3569 crucilixus
3008 3515 3103 3569 sis.
3130 3515 3233 3570 Sed
3254 3516 3392 3572 male
3414 3516 3482 3573 de
3501 3526 3556 3573 te
3580 3508 3847 3589 loquitur?

2250 3601 2448 3657 Verum
2501 3602 2604 3657 hoc
2646 3614 2698 3657 te
2730 3603 2918 3658 dolore
2965 3603 3215 3658 liberavit
3252 3605 3499 3661 Christus
3522 3649 3539 3673 ,
3571 3608 3699 3665 dum
3739 3609 3839 3667 tibi

2248 3695 2490 3760 multam,
2522 3695 2654 3747 citra
2698 3696 2955 3759 laborem,
2992 3695 3261 3763 patientia:
3286 3697 3558 3766 pollicitus
3584 3708 3671 3755 est
3693 3689 3842 3756 mer-

2245 3784 2636 3853 cedem,atquc
2665 3784 2733 3837 ita
2763 3794 2813 3839 te
2856 3798 3045 3852 purum
3074 3786 3142 3840 ab
3182 3784 3484 3855 bujusmodi
3543 3790 3622 3845 ira
3662 3802 3718 3846 et
3758 3792 3843 3848 la-

2247 3876 2377 3932 bore
2405 3876 2657 3939 reddidit,
2690 3886 2747 3929 ut
2768 3878 2990 3945 jusserit
3020 3879 3181 3933 etiam
3212 3894 3311 3948 pro
3351 3880 3584 3945 inimicis
3611 3898 3772 3941 orare
3791 3887 3836 3939 ³.

2244 3966 2350 4021 Sed
2378 3965 2523 4034 pellit
2548 3976 2600 4021 te
2615 3975 2671 4019 ιι
2696 3967 2991 4021 innumeris
3019 3968 3233 4024 obsidet
3258 3970 3459 4024 malis?
3490 3974 3561 4026 At
3589 3974 3840 4041 splendi-

2247 4057 2449 4112 diorem
2471 4057 2565 4111 tibi
2595 4067 2745 4126 parat
2771 4072 3044 4113 coronam.
3069 4060 3173 4114 Sed
3206 4069 3258 4114 te
3288 4062 3483 4116 occidit
3506 4073 3561 4118 et
3575 4064 3784 4135 jugulat
3804 4066 3834 4120 2

2247 4148 2338 4203 Sic
2373 4147 2495 4201 ideo
2541 4148 2775 4203 maxime
2806 4148 2897 4203 tibi
2925 4150 3238 4205 beneﬁcium
3268 4161 3504 4220 prastat,
3534 4166 3837 4227 martyrum

2253 4239 2343 4293 tibi
2374 4239 2590 4308 praemia
2614 4254 2825 4307 parans,
2842 4248 2897 4294 et
2919 4242 3075 4297 citius
3098 4252 3150 4296 te
3177 4242 3395 4297 mittens
3411 4243 3463 4298 in
3483 4247 3832 4315 tranquillum

2252 4338 2484 4397 portum,
2513 4329 2834 4399 majorisquc
2875 4331 2969 4385 tibi
3008 4333 3375 4387 retributionis
3419 4334 3553 4389 dans
3592 4337 3842 4393 occasio-

2252 4436 2395 4486 nem,
2422 4436 2485 4476 ac
2512 4423 2605 4475 tibi
2651 4423 2972 4491 providens,
3004 4436 3060 4479 ut
3087 4439 3115 4477 a
3146 4428 3419 4479 communi
3443 4427 3527 4479 illa
3560 4429 3840 4484 reddenda

2252 4513 2457 4567 ratione
2485 4522 2537 4567 te
2566 4512 2831 4582 expedias.
2871 4512 3035 4583 quue
3072 4516 3306 4569 maxime
3348 4518 3587 4571 omnium
3632 4521 3839 4575 miran-

2251 4603 2374 4659 dum
2405 4614 2509 4669 est,
2537 4606 2677 4674 quod
2708 4620 2898 4674 nempe
2920 4622 3025 4660 non
3052 4607 3211 4661 modo
3228 4607 3359 4661 nihil
3388 4608 3587 4663 lmdant
3610 4611 3840 4669 insidia-

2255 4708 2418 4757 tores.
2450 4698 2544 4752 sed
2568 4698 2727 4751 etiam
2756 4697 3143 4766 splendidiores
3170 4700 3288 4754 illos
3315 4700 3543 4757 reddant
3566 4718 3704 4773 quos
3730 4705 3835 4758 im-

2254 4800 2457 4858 petum.
2503 4786 2597 4844 Cui
2636 4789 2776 4844 bono
2806 4788 2933 4860 quid
2973 4803 3068 4859 par
3111 4805 3361 4859 umquam
3395 4790 3593 4854 fuerit,
3624 4794 3845 4864 quando

2253 4881 2373 4935 talis
2415 4880 2661 4950 deligitur
2703 4880 2827 4942 vita,
2879 4879 3051 4949 qualis
3092 4882 3207 4936 htcc
3255 4880 3367 4935 sola
3400 4884 3660 4955 exsistit?
3701 4885 3841 4952 Quia

2252 4974 2393 5025 enim
2415 4971 2618 5025 dixerat
2644 4985 2844 5026 arctam
2871 4979 2924 5024 et
2952 4982 3229 5041 angustam
3258 4987 3380 5043 esse
3403 4974 3565 5041 viam_
3586 4975 3719 5031 hinc
3750 4977 3834 5029 la.

2252 5064 2397 5119 boris
2417 5065 2830 5120 consobttionem
2856 5063 3107 5130 aﬂ'crens,
3137 5065 3370 5119 ostendit
3396 5080 3642 5136 magnam
3671 5067 3725 5121 in
3744 5068 3837 5123 illa

2253 5172 2373 5213 esse
2401 5157 2764 5221 securitatem,
2797 5172 3039 5227 magnam
3064 5156 3391 5225 voluptatem
3415 5196 3432 5222 ,
3456 5158 3594 5212 sicut
3625 5158 3677 5213 in
3702 5174 3843 5216 con-

2252 5241 2417 5306 traria
2446 5265 2691 5322 magnam
2720 5251 3033 5319 pravitatem
3056 5250 3099 5313 ',
3126 5252 3323 5321 ingens-
3341 5248 3614 5304 damnum.
3646 5250 3845 5319 Quem-

2252 5341 2536 5397 admodum
2565 5343 2707 5397 enim
2737 5342 2860 5395 hinc
2892 5340 3100 5395 virtutis
3132 5343 3346 5410 praemia
3378 5343 3736 5409 monstravit‘,
3757 5344 3843 5400 sic

2247 5441 2306 5488 et
2322 5432 2572 5503 nequitia:
2591 5431 3014 5488 retributionem.
3042 5430 3172 5487 Nam
3195 5431 3337 5503 quod
3359 5428 3538 5487 dicere
3556 5433 3845 5499 consuevi,

2318 5629 2336 5691 ξ
2371 5624 2466 5691 ,μῆ
2482 5638 2580 5675 non
2602 5627 2761 5688 pauci,
2784 5625 2927 5691 etiam
2951 5640 3040 5688 pro
3060 5624 3143 5678 illo
3162 5639 3327 5691 orare.

2318 5690 2341 5718 ‘
2371 5687 2486 5748 Alii,
2509 5700 2729 5752 magnam
2752 5687 3082 5739 temerittdcut.
