4110 6306
199 314 297 369 317

193 431 331 482 enim
378 426 558 481 dicere
600 423 810 495 possis,
836 422 1245 480 Circumventus
1273 433 1394 472 sum
1421 427 1580 487 atque
1621 414 1782 471 dece-

196 526 311 584 ptus
336 535 351 571 :
379 530 501 570 nam
528 522 833 569 accuratam
860 511 953 568 tibi
980 510 1103 566 dedi
1129 526 1195 565 ex
1221 509 1475 578 operibus
1501 506 1740 561 notitiam
1765 549 1780 571 ,

192 609 378 677 iubens
406 623 502 678 per
528 607 674 675 ipsos
691 613 843 659 actus
857 601 1172 674 procedere,
1192 615 1365 674 neque
1383 598 1559 654 omnia
1584 607 1784 652 temere

196 700 422 752 turbare.
453 695 657 750 Deinde
681 697 805 765 quia
831 709 936 748 non
961 706 1055 747 eos
1076 691 1257 746 ulcisci
1275 691 1450 759 jussit,
1475 689 1569 743 sed
1595 703 1784 743 cavere

191 789 255 842 ab
274 789 376 842 illis
394 787 667 856 uteosqui
684 786 750 838 ab
771 785 875 839 illis
898 770 1221 838 laederentur
1247 783 1571 845 consoletur,
1595 782 1783 836 simul-

191 897 289 948 que
311 887 365 932 ut
384 878 646 951 laedentes
672 876 942 931 deterreat
960 885 1015 928 et
1033 874 1082 927 in
1104 874 1322 928 meliora
1339 879 1635 929 convertat.
1664 887 1781 941 pm-

194 987 307 1024 uani
325 970 393 1025 ab
408 985 470 1024 se
489 970 617 1039 ipsis
638 967 974 1038 infligendam
998 967 1181 1020 statuit
1206 974 1262 1020 et
1287 952 1534 1030 firmavit,
1566 963 1781 1018 dicens:

193 1064 272 1118 l9.
294 1063 475 1116 Omnis
491 1061 660 1126 arbor,
672 1076 784 1131 qua
798 1076 897 1113 non
910 1059 1033 1130 facit
1048 1062 1266 1130 fructum
1285 1059 1491 1121 bonum,
1504 1056 1780 1119 excidatur,

189 1164 233 1206 rt
273 1155 324 1207 in
363 1154 535 1224 ignem
561 1154 801 1207 mittetur.
832 1151 1034 1205 Deinde
1062 1165 1364 1204 sermonem
1395 1147 1781 1218 aliquantuhnu

192 1254 513 1313 temperans,
536 1244 711 1298 intulit
728 1260 741 1296 :
757 1241 848 1297 20.
868 1240 1037 1313 Igitur
1065 1256 1127 1294 ea:
1143 1240 1391 1310 fructibus
1411 1256 1578 1292 eorum
1595 1256 1783 1309 cogno-

189 1335 328 1388 sretis
348 1351 456 1389 eos.
475 1333 554 1390 Ne
567 1341 744 1388 autem
762 1332 1230 1387 comminationem
1257 1331 1487 1385 maxime
1512 1330 1784 1384 videretur

191 1424 463 1487 inducere,
483 1424 632 1493 quasi
657 1439 747 1492 per
761 1421 1179 1477 admonitionem
1195 1430 1249 1475 et
1272 1421 1554 1475 consilium
1577 1422 1785 1475 videtur

191 1513 395 1569 illorum
428 1516 663 1569 animum
694 1528 933 1569 movere.
964 1512 1060 1567 llic
1086 1528 1213 1567 vero
1241 1514 1368 1566 mihi
1397 1511 1611 1567 Judazos
1648 1514 1783 1567 sub-

189 1605 423 1660 iudicare
456 1605 682 1667 videtur,
720 1606 811 1675 qtti
845 1604 976 1658 tales
1009 1603 1349 1672 proferebant
1386 1603 1608 1658 fruetus.
1633 1602 1786 1659 Ideo-

187 1711 286 1765 que
310 1694 535 1750 Joannis
559 1695 698 1753 dicta
730 1694 1065 1756 memoravit,
1092 1709 1184 1762 per
1212 1693 1397 1747 eadem
1428 1694 1536 1762 ipsa
1571 1695 1782 1747 nomina

188 1786 504 1856 supplicium
536 1786 642 1840 illis
666 1785 994 1839 describens.
1024 1784 1157 1838 Nam
1188 1792 1239 1837 et
1270 1784 1358 1838 ille
1395 1782 1510 1838 haec
1536 1784 1781 1849 dicebat,

189 1879 417 1932 securim
440 1919 455 1944 ,
486 1877 732 1933 ruborem
768 1876 1116 1932 excidendam
1148 1884 1201 1928 et
1230 1878 1405 1944 ignem
1437 1873 1785 1944 inexstingui-

188 1966 345 2022 bilem
388 1967 492 2021 illis
525 1981 957 2023 commemorans
983 1965 1199 2038 (Matth.
1227 1967 1279 2020 ὅ.
1315 1965 1426 2034 l0).
1458 1964 1786 2033 Videturque

188 2074 287 2112 una
330 2069 533 2113 tantum
573 2073 729 2126 poma
770 2071 925 2123 esse,
957 2072 1150 2125 nempe
1188 2057 1529 2121 combustio;
1564 2058 1608 2111 si
1657 2072 1785 2112 vero

187 2148 304 2216 quis
354 2153 470 2203 base
512 2158 760 2203 accurate
789 2149 1068 2218 exploret,
1096 2148 1290 2216 duplex
1335 2148 1423 2201 hic
1464 2148 1783 2218 supplicium

186 2248 287 2294 est.
309 2238 443 2294 Nam
469 2241 559 2310 qui
584 2229 933 2303 comburitur,
952 2254 983 2291 a
1005 2254 1169 2308 regno
1191 2238 1389 2292 excidit
1409 2239 1647 2302 omnino;
1672 2238 1785 2292 haec

189 2345 315 2385 vero
341 2346 498 2401 poena
528 2330 701 2398 major
726 2341 827 2385 est.
854 2329 985 2384 Novi
1026 2339 1174 2384 certe
1210 2330 1406 2384 multos
1430 2345 1496 2384 ex
1524 2330 1787 2399 gehennae

189 2431 390 2476 tantum
424 2424 639 2476 nomine
669 2422 929 2486 horrere;
955 2437 1053 2491 ego
1085 2431 1260 2473 tamen
1292 2421 1460 2474 multo
1485 2420 1787 2490 graviorem

188 2529 305 2569 esse
335 2529 546 2585 prunam
575 2514 715 2568 duco
734 2528 762 2566 a
788 2513 952 2583 gloria
984 2513 1073 2567 illa
1098 2512 1366 2579 excidere,
1397 2529 1555 2582 quam
1585 2513 1789 2583 gehen-

188 2618 308 2657 nam
330 2604 513 2659 subire
531 2604 572 2659 '.
596 2604 649 2659 Si
675 2604 872 2658 veroid
895 2618 999 2657 non
1022 2604 1191 2674 possit
1211 2619 1459 2658 sermone
1479 2605 1788 2669 monstrari,

189 2695 315 2753 nihil
356 2700 570 2751 mirum.
601 2696 783 2768 Neque
819 2697 961 2752 enim
997 2698 1238 2750 novimus
1271 2697 1534 2749 bonorum
1576 2696 1785 2747 illorum

190 2786 593 2855 beatitudinem,
618 2800 673 2843 ut
696 2789 916 2859 perdita!
932 2788 1097 2859 ipsius
1124 2788 1394 2842 miseriam
1421 2770 1784 2840 instituemus“:

190 2880 451 2948 siquidem
484 2880 680 2934 Paulus
710 2921 727 2947 ,
751 2894 839 2948 qut
866 2878 981 2933 hcce
1012 2876 1177 2947 probe
1201 2886 1442 2941 noverat,
1467 2877 1668 2931 sciebat
1697 2894 1790 2931 ex-

190 2970 366 3024 cidere
392 2984 425 3025 e
452 2970 621 3040 gratia
646 2967 847 3025 Christi
870 2985 981 3024 rem
1004 2982 1125 3022 esse
1150 2967 1393 3020 omnium
1416 2954 1787 3035 gravissimam

193 3060 331 3123 (Gal.
364 3062 419 3117 5.
454 3062 532 3131 4).
565 3062 633 3115 Et
660 3061 761 3114 hoe
790 3074 888 3114 nos
918 3074 1129 3128 quoque
1173 3057 1407 3112 sciemus
1426 3097 1441 3124 ,
1471 3071 1594 3111 cum
1622 3057 1675 3110 in
1706 3056 1785 3109 rei

193 3156 616 3222 experimentum
647 3153 1011 3206 inciderimus.

264 3246 298 3300 8
339 3244 599 3311 Quantum
628 3245 691 3297 sit
724 3245 913 3296 malum
944 3242 1173 3296 excidere
1198 3258 1227 3293 a
1254 3256 1409 3311 regno
1440 3239 1535 3292 Dei
1560 3240 1789 3307 exemplo

193 3338 540 3390 adumbratttr.
566 3335 791 3388 Christus
820 3333 963 3386 nobis
1001 3332 1170 3385 omnia
1207 3341 1296 3385 est.
1326 3362 1395 3370 σι·-
1421 3329 1525 3384 Sed
1564 3330 1696 3383 faxis
1726 3344 1792 3384 ne

197 3430 293 3485 hoc
322 3430 609 3500 patiamur,
632 3444 665 3481 o
692 3427 962 3497 unigenite
990 3425 1086 3480 Dei
1118 3425 1239 3487 Fili,
1266 3439 1441 3493 neque
1471 3422 1791 3477 intolerandi

198 3522 345 3576 istius
410 3521 655 3590 supplicii
713 3534 965 3588 umquam
1016 3518 1443 3587 experimentum
1496 3531 1789 3569 sumamus.

196 3612 463 3679 Quantum
485 3613 630 3666 enim
656 3610 724 3665 sit
754 3610 951 3664 malum
979 3624 1007 3662 a
1035 3609 1191 3662 bonis
1220 3608 1325 3663 illis
1353 3607 1623 3672 excidere,
1648 3606 1794 3661 clare

197 3704 441 3771 cognosci
465 3702 667 3771 nequit.
692 3703 939 3754 Attamen
958 3715 1055 3769 pro
1078 3698 1213 3751 virili
1238 3713 1353 3752 mea
1379 3697 1614 3751 conabor
1634 3706 1794 3765 atque

196 3793 534 3858 contendam,
555 3793 656 3846 hoc
675 3790 826 3846 vobis
851 3805 944 3859 per
970 3790 1275 3859 exemplum
1306 3790 1497 3842 saltem
1528 3788 1790 3842 tantillum

198 3896 515 3941 monstrare.
546 3883 921 3954 Supponamus
948 3896 1067 3938 esse
1094 3883 1328 3951 puellum
1353 3882 1670 3945 mirabilem,
1704 3882 1793 3950 qui

197 3976 391 4033 virtute
419 3976 617 4031 florens
654 3976 813 4030 totius
838 3975 998 4029 etiam
1028 3974 1177 4028 orbis
1204 3975 1486 4043 imperium
1514 3973 1752 4027 obtineat
1776 4012 1791 4036 ,

200 4077 448 4140 tantaque
475 4069 670 4123 virtute
691 4066 992 4138 prieditum,
1019 4075 1077 4120 ut
1096 4066 1265 4136 possit
1287 4066 1528 4119 omnium
1548 4064 1794 4118 affectum

201 4161 251 4215 in
277 4174 334 4216 se
361 4162 435 4215 ita
460 4174 802 4215 commovere
823 4199 838 4222 ,
872 4168 930 4211 ut
956 4156 1194 4211 universi
1230 4156 1383 4209 illum
1416 4166 1637 4225 paterno
1670 4155 1793 4209 dili-

201 4262 323 4322 gant
350 4267 555 4306 amore.
592 4250 729 4317 Quid
762 4266 869 4305 non
901 4250 1097 4318 putatis
1125 4261 1330 4317 patrem
1354 4249 1472 4317 ejus
1512 4262 1794 4316 passurum

202 4358 336 4410 esse,
371 4359 441 4397 ne
467 4343 586 4397 talis
612 4342 705 4396 filii
737 4343 974 4410 privetur
992 4340 1296 4409 colloquio?
1312 4339 1435 4409 qttid
1462 4349 1551 4392 aut
1579 4353 1801 4407 parvum

204 4444 289 4489 aut
314 4450 569 4505 magnum
604 4434 725 4487 mali
755 4448 859 4486 non
890 4441 1262 4501 suscepturum
1283 4471 1299 4495 ,
1329 4442 1385 4483 ut
1412 4430 1557 4483 illutn
1584 4418 1795 4488 videat,

206 4528 402 4596 illoque
435 4526 778 4595 perfruatur?
800 4525 913 4580 Hoc
940 4526 1099 4595 igitur
1119 4532 1174 4580 ct
1198 4523 1266 4577 de
1290 4523 1458 4589 gloria
1483 4523 1571 4576 illa
1601 4523 1773 4591 cogite

206 4633 342 4673 mus.
368 4618 551 4687 Neque
578 4617 722 4673 enim
752 4615 891 4670 filius
914 4616 1245 4686 quantalibet
1273 4615 1468 4668 virtute
1493 4613 1797 4678 decoretur,

209 4712 277 4764 ita
300 4710 441 4780 patri
469 4708 842 4764 desiderabilis
867 4718 922 4762 et
945 4706 1188 4761 amabilis
1213 4713 1315 4767 est,
1342 4717 1399 4758 ut
1425 4712 1623 4758 sortem
1657 4704 1799 4757 illam

208 4804 471 4857 bonorum
518 4801 762 4869 accipere
784 4841 801 4865 ,
829 4813 892 4853 ac
932 4796 1163 4859 resolvi,
1197 4806 1250 4871 et
1279 4811 1396 4850 esse
1423 4812 1544 4849 cum
1588 4794 1802 4849 Christo

210 4893 470 4965 (Philipp.
492 4894 546 4949 1.
564 4892 685 4961 23).
710 4890 1065 4946 [intolerabilis
1091 4882 1285 4958 quippe
1310 4897 1394 4940 est
1420 4886 1505 4939 illa
1533 4884 1798 4955 gehenna,

213 4990 407 5061 illaque
434 5001 611 5058 Ρωπθ.
637 4986 884 5039 Attamen
915 4982 1039 5037 licet
1064 4981 1208 5036 mille
1231 4979 1351 5050 quis
1378 4978 1650 5046 geltettnas
1679 4993 1802 5043 pro.

213 5080 446 5149 posuerit
472 5077 647 5143 ,.nihi|
681 5076 786 5130 tale
811 5074 1049 5139 dicturus
1080 5082 1195 5136 est,
1224 5071 1380 5139 quale
1417 5078 1503 5124 est
1537 5084 1605 5123 ex
1650 5068 1802 5121 beata

215 5178 297 5232 illa
323 5174 575 5232 excidere
612 5170 780 5241 gloria
804 5210 819 5232 ,
854 5166 1067 5223 Christo
1091 5180 1311 5221 exosum
1339 5178 1458 5218 esse
1482 5205 1498 5223 ,
1529 5161 1715 5215 audire
1739 5161 1805 5213 ab

219 5267 307 5321 illo
330 5307 350 5332 ,
384 5264 509 5319 Non
551 5264 666 5316 novi
704 5277 791 5315 vos
831 5258 1041 5332 (Matth.
1071 5257 1161 5311 ‘25.
1206 5257 1317 5323 l2),
1355 5253 1631 5317 accusari,
1662 5253 1803 5319 quod

220 5364 538 5413 esurientem
564 5356 712 5409 illum
734 5368 855 5408 cum
879 5351 1201 5412 videremus,
1217 5349 1393 5402 cibum
1413 5343 1803 5414 negaverimus.

224 5448 427 5504 Etenim
459 5446 653 5500 melius
678 5452 760 5498 est
789 5442 932 5497 mille
958 5438 1265 5493 fulminibus
1292 5436 1466 5498 obrui,
1500 5449 1657 5503 quam
1688 5432 1806 5486 vul-

224 5548 330 5594 tum
360 5539 510 5599 illum
540 5542 873 5589 mansuetum
902 5530 1081 5586 videre
1107 5543 1203 5581 nos
1229 5534 1589 5589 aversantem,
1617 5534 1670 5577 et
1697 5522 1808 5591 pla-

282 5696 297 5727 ι
336 5695 417 5743 llic
442 5693 665 5742 locossic
689 5690 870 5753 legitur
896 5684 1264 5753 in__|lorel.l,_ego
1283 5689 1439 5733 tamen
1472 5677 1806 5743 gravissimam

224 5769 318 5808 me
334 5769 525 5820 pernam
548 5756 673 5804 duco
697 5770 725 5802 ιι
742 5747 896 5816 gloria
923 5750 1005 5800 illa
1028 5747 1274 5799 excidere.

1130 303 1196 358 IN
1234 299 1643 358 ΜΑΤΤΙΙίΕυΜ
1686 296 1915 352 ΗΟΜΙΙ..
1961 300 2149 358 XXIII.
2187 300 2257 364 aI.
2300 309 2490 375 XXIV,

2180 161 2211 169 -ο

3384 321 3486 375 ﬁlii

1892 417 2069 474 cidnm
2102 423 2317 478 oculum
2348 441 2445 481 nos
2474 428 2714 499 aspicere
2743 446 2849 484 non
2878 432 3254 488 sustinentem.
3283 432 3415 488 Nam
3442 437 3485 487 si

1894 527 1980 567 me
2006 513 2093 567 ille
2121 514 2394 572 inimicum
2422 533 2483 574 se
2511 518 2637 574 odio
2664 520 2947 577 habentem
2976 532 3031 577 et
3054 532 3389 579 aversantem
3419 524 3488 576 ita

1898 610 2223 670 prosecutus
2238 611 2343 667 est,
2366 612 2421 657 ut
2440 618 2539 658 nec
2561 603 2663 658 sibi
2682 604 2784 674 ipsi
2800 615 3070 668 parceret,
3090 606 3185 661 sed
3198 622 3258 661 se
3270 606 3335 661 ad
3352 622 3496 661 mor-

1897 702 2003 746 tem
2021 695 2277 758 traderet;
2296 709 2359 748 cu
2371 709 2419 748 m
2434 704 2557 761 post
2574 696 2665 750 illa
2679 698 2861 752 omnia
2877 699 3249 753 necesurienti
3268 698 3487 769 quidem

1891 797 2082 851 panem
2113 785 2388 855 porrigere
2414 785 2663 854 dignatus
2692 786 2861 853 fuero,
2894 788 3091 857 quibus
3117 788 3335 844 demum
3365 806 3488 843 ocu-

1892 873 1959 927 lis
2005 873 2176 942 ipsutu
2228 877 2549 945 respiciam?
2580 876 2675 941 Hic
2704 891 2834 930 vero
2880 878 3148 947 perpende
3187 879 3303 947 ejus
3334 896 3490 933 titan-

1890 963 2246 1024 suetudinem.
2277 965 2459 1036 Neque
2484 966 2627 1021 enim
2659 966 2912 1021 beneficia
2955 983 3051 1023 sua
3076 978 3490 1032 commemorat,

1891 1071 2063 1125 neque
2096 1070 2167 1121 te,
2196 1059 2281 1111 cui
2312 1067 2389 1112 tot
2420 1059 2559 1113 bona
2589 1061 2837 1119 contulit,
2872 1060 3017 1114 illum
3048 1060 3327 1129 despicere
3357 1079 3491 1135 que-

1890 1148 2043 1199 ritur.
2072 1147 2257 1217 Neque
2284 1151 2424 1202 enim
2457 1148 2585 1204 dicit
2609 1149 2801 1205 LMene
2825 1151 3076 1219 despicis,
3107 1153 3195 1221 qui
3231 1161 3283 1207 te
3311 1168 3377 1206 ex
3409 1154 3491 1204 ni-

1892 1238 2003 1291 hilo
2030 1241 2275 1308 produxi,
2303 1242 2392 1312 qui
2422 1241 2514 1296 tibi
2541 1242 2772 1295 animam
2804 1242 3087 1307 insufflavi,
3120 1245 3211 1311 qui
3246 1256 3295 1300 te
3315 1248 3489 1299 omni.-

1889 1329 2004 1392 bus,
2030 1346 2154 1401 qua:
2177 1332 2227 1385 in
2258 1341 2399 1386 terra
2426 1342 2568 1397 sunt,
2591 1331 2826 1401 pra-feci,
2849 1334 2936 1405 qui
2962 1344 3178 1403 propter
3206 1344 3257 1390 te
3277 1336 3492 1401 cmluni,

1891 1431 2125 1485 terram,
2156 1436 2333 1486 mare,
2367 1437 2546 1485 aerem
2567 1463 2583 1488 ,
2614 1433 2669 1477 et
2697 1424 2874 1477 omnia
2901 1440 3021 1491 qua:
3052 1425 3318 1479 exsistunt
3349 1426 3448 1479 feci
3477 1469 3491 1491 ,

1888 1512 1979 1581 qui
2009 1528 2037 1565 a
2069 1521 2119 1566 te
2148 1512 2501 1567 inhonoratos
2545 1530 2661 1567 sum
2707 1523 2761 1568 et
2797 1514 3008 1568 diabolo
3039 1514 3195 1568 vilior
3218 1516 3495 1569 existima-

1893 1610 1979 1654 tus
2000 1643 2014 1665 ,
2048 1602 2135 1669 qui
2165 1617 2339 1670 neque
2368 1602 2449 1657 sic
2476 1602 2689 1668 destiti,
2719 1605 2812 1659 sed
2842 1603 3005 1658 millia
3037 1614 3158 1672 post
3198 1606 3312 1659 lucc
3341 1606 3392 1659 in
3423 1608 3495 1661 lui

1888 1692 2111 1760 gratiam
2143 1694 2438 1762 excogitavi
2466 1736 2480 1755 ,
2512 1695 2601 1762 qui
2635 1709 2827 1749 servus
2853 1710 2975 1749 esse
3002 1696 3141 1749 volui
3165 1737 3181 1761 ,
3210 1696 3298 1765 qui
3326 1698 3497 1766 alapis

1889 1796 2083 1848 catsus,
2111 1792 2402 1852 consputus
2428 1792 2479 1839 et
2504 1786 2716 1839 occisus
2736 1798 2875 1851 sum,
2905 1796 3133 1840 mortem
3163 1802 3351 1856 passus
3383 1797 3496 1840 tur-

1890 1872 2163 1943 pissimam
2190 1875 2319 1942 ,qui
2364 1876 2523 1929 etiam
2568 1876 2622 1930 iu
2667 1876 2801 1931 ca'lo
2850 1890 2945 1944 pro
2994 1885 3045 1930 te
3095 1878 3378 1946 supplico,
3406 1878 3497 1949 qui

1890 1962 2150 2030 Spiritum
2179 1964 2271 2016 tibi
2299 1964 2520 2035 largitus
2546 1979 2686 2031 sum,
2712 1966 2802 2035 qui
2827 1975 2877 2020 te
2901 1981 3065 2036 regno
3084 1967 3332 2037 dignatus
3352 1985 3495 2033 sunt,

1867 2042 1981 2120 'qtti
2012 2052 2133 2105 talia
2164 2054 2384 2123 promisi
2416 2055 2506 2109 tibi
2532 2095 2547 2119 ,
2575 2055 2665 2126 qui
2693 2065 2850 2124 caput
2883 2065 3029 2110 tuum
3059 2071 3182 2111 esse
3217 2058 3379 2124 volui,
3408 2063 3497 2128 qui

1892 2156 2125 2211 sponsus
2155 2159 2296 2209 smn,
2325 2145 2508 2209 vestis,
2541 2147 2752 2210 domus,
2784 2147 2932 2201 radix
2958 2190 2973 2213 ,
3008 2163 3128 2202 esca
3150 2190 3165 2213 ,
3194 2158 3371 2220 potus,
3402 2167 3500 2221 pa—

1892 2243 2023 2296 stor,
2057 2232 2168 2300 rex,
2192 2235 2375 2302 frater,
2400 2239 2488 2307 qui
2511 2248 2563 2293 te
2590 2237 2842 2292 heredem
2865 2249 2920 2292 et
2945 2238 3267 2295 coheredem
3295 2242 3310 2272 ¹
3334 2242 3497 2311 elegi,

1892 2325 1982 2393 qui
2023 2340 2088 2378 ex
2135 2327 2370 2381 tenebris
2409 2328 2476 2381 ad
2508 2336 2825 2396 potestatem
2848 2331 2869 2361 ²
2901 2331 3032 2385 lucis
3076 2340 3128 2384 te
3152 2330 3339 2411 eduxi1
3362 2332 3497 2386 Cum

1894 2414 2009 2469 haec
2040 2426 2093 2470 et
2134 2417 2215 2471 his
2241 2418 2392 2487 plura
2421 2418 2603 2474 dicere
2631 2430 2854 2490 posset,
2888 2420 3019 2474 nihil
3049 2421 3153 2475 tale
3205 2421 3361 2476 dixit.
3391 2421 3496 2477 Sed

1894 2506 2060 2579 quid?
2087 2507 2271 2562 Solum
2302 2509 2432 2564 illud
2463 2510 2683 2579 protulit
2713 2520 3010 2580 peccatum.
3046 2511 3145 2567 llic
3184 2528 3313 2566 vero
3359 2512 3500 2567 dilec

1893 2596 2124 2649 ctionem
2157 2597 2391 2652 ostendit
2418 2609 2469 2652 et
2494 2614 2756 2666 amorem,
2790 2616 2896 2668 qttu
2923 2608 2975 2654 te
3001 2600 3362 2671 prosequitur.
3390 2600 3497 2656 Ne-

1893 2700 1999 2752 que
2031 2688 2176 2740 euim
2205 2686 2358 2751 dixit,
2385 2687 2458 2741 lte
2485 2688 2535 2740 in
2569 2689 2747 2758 ignem
2777 2697 3021 2758 paratum
3048 2690 3218 2753 vobis,
3243 2690 3360 2753 sed,
3395 2689 3501 2744 Pu-

1894 2786 2059 2829 ratum
2081 2777 2303 2831 diabolo.
2333 2780 2594 2851 Priusque
2612 2780 2743 2835 dicit
2764 2796 3008 2851 quamam
3032 2782 3107 2836 illi
3135 2786 3499 2851 peccaverint,

1897 2886 2070 2939 neque
2118 2880 2295 2926 tamen
2333 2877 2511 2926 omnia
2552 2874 2734 2928 dicere
2776 2875 3044 2939 sustinet,
3073 2851 3166 2928 sed
3214 2889 3403 2945 pauca.
3436 2875 3505 2930 Et

1894 2970 2019 3013 ante
2047 2960 2145 3014 hos
2177 2962 2294 3016 illos
2322 2972 2472 3017 vocat
2496 2964 2585 3034 qui
2617 2965 2757 3019 bona
2785 2964 3046 3031 fecerunt,
3078 2973 3135 3019 ut
3163 2964 3291 3021 hinc
3316 2976 3502 3022 osten-

1895 3054 2047 3108 deret
2077 3069 2137 3109 se
2179 3065 2325 3109 recte
2353 3070 2623 3109 accusare.
2653 3056 2865 3121 Quanto
2908 3072 3036 3127 ergo
3082 3058 3347 3128 supplicio
3387 3058 3506 3114 huic

1894 3143 2055 3196 verba
2103 3158 2207 3198 non
2255 3145 2361 3199 siut
2403 3147 2625 3199 saeviora
2651 3146 2674 3199 ?
2700 3147 2757 3202 Si
2799 3148 2919 3216 quis
2963 3148 3106 3201 enim
3157 3148 3430 3205 hominem
3472 3168 3502 3206 a

1895 3252 2003 3305 quo
2041 3234 2303 3289 beneficio
2332 3236 2554 3290 affectus
2582 3238 2653 3290 sit
2679 3239 3003 3292 esurientem
3026 3239 3211 3293 videns
3236 3281 3250 3305 ,
3276 3256 3382 3294 non
3408 3240 3507 3295 de-

1897 3328 2116 3396 Spieiat;
2150 3328 2291 3396 quod
2338 3330 2381 3381 si
2424 3328 2718 3397 desliiciat,
2751 3331 3105 3398 exprohratus
3137 3332 3314 3400 potius
3342 3332 3508 3402 eligat

1899 3419 1950 3471 itt
1982 3426 2176 3471 terram
2202 3418 2403 3483 defodi,
2436 3436 2596 3489 quant
2628 3419 2838 3474 duobus
2865 3421 2949 3475 vel
2982 3422 3153 3476 tribus
3187 3424 3377 3477 amicis
3418 3433 3503 3479 tc-

1899 3510 2068 3564 stihtts
2093 3511 2212 3564 talia
2235 3512 2421 3566 audire
2449 3529 2460 3565 :
2496 3512 2621 3581 qttid
2648 3527 2748 3567 nos
2779 3513 3043 3581 patiemur
3072 3525 3182 3567 toto
3213 3515 3343 3569 orbe
3370 3524 3510 3569 teste

1901 3603 2021 3656 talia
2053 3603 2354 3671 audientes,
2385 3621 2505 3674 qua:
2534 3620 2603 3659 ne
2634 3604 2848 3675 quidem
2876 3614 3002 3661 tunc
3029 3607 3119 3661 ille
3146 3608 3371 3671 diceret,
3399 3610 3501 3663 nisi

1898 3710 2114 3748 causam
2160 3697 2274 3763 ipse
2312 3711 2462 3749 suam
2492 3696 2786 3752 defendere
2817 3698 3017 3751 vellet?
3043 3698 3196 3766 Quod
3227 3700 3369 3753 enim
3399 3718 3505 3755 non

1900 3788 2233 3856 exprobrans
2270 3787 2323 3841 id
2355 3789 2443 3842 ille
2467 3787 2645 3852 dicat,
2672 3787 2767 3843 sed
2796 3802 2919 3843 sese
2948 3805 3209 3860 purgans,
3243 3800 3298 3844 et
3331 3802 3387 3844 ut
3415 3808 3504 3842 tis-

1902 3878 2084 3932 tendat
2127 3894 2187 3933 se
2225 3894 2331 3933 non
2378 3878 2571 3933 frustra
2623 3879 2706 3932 vel
2745 3880 2863 3933 sine
2909 3895 3069 3935 eausa
3115 3881 3326 3943 dicere,
3378 3880 3505 3936 Dis-

1901 3972 2063 4025 cedite
2106 3988 2139 4024 a
2170 3989 2267 4035 me,
2299 3971 2471 4041 palam
2503 3981 2587 4025 est
2626 3986 2693 4025 ex
2721 3970 2838 4041 ejus
2868 3972 3173 4042 ingentibus
3203 3972 3503 4029 beneficiis.

1903 4063 2031 4117 Nam
2064 4064 2107 4118 si
2137 4065 2466 4132 exprobrare
2495 4063 2794 4129 voluisset,
2829 4064 2919 4117 illa
2963 4064 3139 4119 omnia
3172 4064 3222 4118 in
3270 4066 3503 4120 medium

1902 4156 2211 4210 adduxisset
2241 4174 2255 4210 :
2283 4170 2426 4209 nunc
2458 4163 2641 4210 autem
2677 4170 2739 4209 ea
2769 4155 2943 4209 solum
2984 4154 3113 4209 dicit
3152 4171 3272 4226 quae
3318 4170 3509 4227 passus

1902 4259 2004 4303 est.
3520 4230 3527 4235 ’

1976 4341 2030 4396 9.
2057 4340 2365 4394 Timeamus
2412 4338 2593 4408 itaque
2617 4381 2633 4406 ,
2665 4339 2887 4405 dilecti,
2917 4338 3033 4393 lure
3086 4342 3273 4396 audire
3326 4343 3508 4396 verba.

1902 4430 2021 4485 Non
2057 4439 2142 4486 est
2167 4431 2316 4485 lusus
2361 4430 2476 4482 hmc
2505 4430 2652 4493 vita;
2687 4429 2795 4483 imo
2824 4430 2998 4498 potius
3045 4429 3160 4485 htec
3206 4432 3315 4486 vita
3363 4432 3514 4487 lusus

1906 4532 2007 4585 est,
2028 4522 2201 4577 futura
2223 4537 2353 4576 vero
2378 4537 2484 4575 non
2512 4521 2661 4575 lusus
2689 4532 2832 4575 sunt.
2857 4522 3018 4576 Forte
3034 4531 3212 4576 autem
3234 4539 3339 4577 non
3366 4523 3515 4578 lusus

1908 4626 2114 4671 tantum
2141 4624 2227 4671 est
2256 4615 2393 4679 vita,
2424 4614 2517 4668 sed
2548 4614 2663 4669 lusu
2690 4614 2946 4669 deterior.
2975 4613 3092 4668 Non
3124 4616 3269 4669 enim
3315 4616 3518 4669 desinit

1908 4711 1961 4762 iu
1988 4708 2188 4773 risum,
2221 4706 2314 4761 sed
2359 4721 2610 4775 magnum
2656 4704 2817 4759 infert
2858 4706 3112 4759 damnum
3142 4706 3208 4758 iis
3232 4748 3247 4772 ,
3279 4705 3369 4775 qui
3405 4722 3511 4759 non

1907 4793 2191 4862 diligenter
2213 4805 2390 4844 mores
2406 4805 2533 4843 suos
2553 4804 2879 4859 eonipouere
2904 4790 3108 4843 volunt.
3140 4789 3195 4844 lu
3217 4805 3325 4858 quo
3346 4790 3513 4854 enim,

1909 4900 2092 4954 quaeso
2118 4924 2130 4946 ,
2159 4899 2190 4937 a
2239 4882 2421 4953 pueris
2460 4881 2770 4936 ludentibus
2800 4890 2857 4934 et
2884 4880 3076 4935 domos
3124 4879 3516 4935 aedificantibus

1908 4975 2205 5029 differimus
2230 5015 2245 5041 ,
2272 4973 2365 5043 qui
2418 4971 2726 5041 splendidas
2772 4972 3135 5026 construimus
3173 4972 3320 5025 aedes
3344 4970 3369 5023 Ἰ
3397 4986 3519 5040 qua:

1909 5069 2206 5124 differentia
2244 5068 2382 5121 inter
2428 5068 2550 5122 illos
2579 5056 2903 5135 prandentes
2940 5076 2993 5119 et
3024 5079 3122 5120 nos
3164 5065 3303 5118 laute
3336 5064 3521 5117 eonvi-

1910 5164 2137 5218 vantes?
2165 5161 2315 5215 Nulla
2341 5202 2356 5225 ,
2398 5160 2497 5214 nisi
2548 5160 2599 5211 in
2641 5169 2899 5227 quantutu
2946 5171 3045 5211 nos
3090 5154 3354 5225 supplicio
3399 5154 3516 5223 ple-

1912 5256 2089 5311 cteudi
2130 5254 2182 5309 id
2223 5255 2465 5308 facimus.
2490 5251 2643 5320 Quod
2686 5250 2730 5304 si
2775 5249 3011 5304 nondum
3056 5246 3309 5302 harumce
3336 5260 3517 5300 rerum

1913 5348 2171 5403 vilitatem
2216 5344 2573 5415 pOI'SIllCiIDUS
2597 5383 2611 5408 ,
2642 5358 2745 5396 non
2792 5350 2877 5396 est
2910 5338 3250 5404 mirandum;
3281 5336 3518 5392 nondum

1980 5614 2002 5641 ι
2034 5617 2144 5660 meo
2166 5608 2333 5663 verba,
2360 5613 2404 5655 et
2426 5602 2728 5660 coheredem,
2753 5598 2934 5649 desunt
2958 5600 3006 5647 in
3026 5595 3215 5657 λίπει,
3232 5592 3322 5645 sed
3345 5590 3516 5642 iualits
3552 5576 3555 5579 ’

1917 5674 2143 5723 erunibus
2162 5671 2422 5719 habentur.
2514 5727 2521 5732 _
2688 5723 2698 5732 _
2771 5723 2779 5732 ,

1984 5718 2151 5794 galli,
2165 5718 2235 5783 iit
2248 5727 2659 5795 purticrpatiwtcm
2683 5723 2826 5783 furis;
2846 5736 2941 5773 non
2966 5718 3113 5773 male.
