4110 6306
617 361 723 419 519

614 470 762 525 enim
791 469 856 524 ad
883 469 1116 522 virorum
1143 461 1503 519 maturitatem
1544 455 1886 528 pervenimus
1914 467 1930 505 :
1957 463 2078 506 cum
2102 463 2198 502 au-

622 578 726 618 tem
760 560 1192 632 pervenerimus,
1223 552 1581 621 intelligemus
1611 549 1725 604 [nec
1752 545 1926 600 omnia
1973 539 2198 610 puerilia

619 671 759 712 esse.
790 653 918 708 Nam
949 661 1004 706 et
1027 650 1113 704 illa
1149 645 1361 720 quando
1387 646 1482 698 viri
1526 654 1708 696 sumus
1745 636 2052 700 irridemus,
2079 645 2200 702 qua:

619 762 739 800 cum
791 741 939 814 pueri
991 756 1230 797 essemus
1282 736 1596 807 putabamus
1646 729 1869 797 alioujus
1914 739 2034 780 esse
2086 737 2200 776 mo-

620 838 786 895 menti
814 853 827 890 :
859 843 1018 888 testas
1044 841 1098 885 ct
1124 832 1288 882 lutum
1316 832 1631 895 aggerentes
1654 863 1669 887 ,
1699 835 1806 873 non
1834 818 2011 871 minus
2034 813 2196 868 altum

622 928 994 996 sapiebamus,
1024 924 1178 990 quam
1221 918 1255 971 ii
1299 918 1388 986 qui
1429 929 1616 983 magna
1665 920 1815 980 septa
1863 911 2197 963 construunt.

625 1017 817 1072 Verum
849 1014 963 1068 haec
987 1010 1165 1066 statim
1196 1014 1420 1080 pereunt
1444 1013 1499 1058 et
1538 1001 1736 1059 cadunt
1756 1042 1770 1063 ,
1799 1012 1972 1068 neque
1998 997 2041 1050 si
2087 1004 2197 1073 sta-

625 1117 739 1162 rent
765 1146 781 1168 ,
810 1102 961 1156 nobis
991 1101 1136 1154 utilia
1165 1105 1383 1159 essem,
1412 1090 1860 1162 quemadmodum
1890 1100 2061 1154 neque
2097 1083 2200 1138 illas

623 1196 767 1251 33ch
803 1191 1110 1262 splendidae.
1150 1187 1282 1242 Nam
1337 1186 1443 1239 illa:
1485 1183 1820 1268 cali‘civem
1859 1191 2050 1268 capere
2095 1188 2198 1228 non

623 1293 859 1355 possent.
892 1295 1063 1350 neque
1086 1280 1138 1333 in
1170 1278 1274 1331 illis
1304 1275 1545 1329 habitare
1566 1273 1872 1339 dignaretur
1895 1267 1981 1338 qui
2011 1277 2198 1355 super-

624 1354 746 1428 nam
774 1372 978 1426 obtinet
1009 1369 1232 1438 patriam
1256 1385 1268 1420 :
1292 1381 1475 1422 verum
1519 1373 1574 1416 ut
1606 1378 1700 1415 nos
1727 1359 1950 1429 pedibus
1972 1354 2199 1424 puerilia

625 1463 709 1517 illa
734 1462 1077 1524 destruimus,
1095 1457 1279 1512 sicille
1306 1457 1484 1508 animo
1503 1454 1632 1507 tales
1657 1451 1799 1504 (edes-
1826 1449 2103 1503 subvertit.
2133 1443 2203 1497 Et

624 1550 1067 1623 quemadmodum
1098 1563 1223 1612 nos,
1254 1545 1379 1598 dum
1411 1543 1556 1612 pueri
1579 1542 1646 1595 de
1676 1542 1824 1594 ruina
1857 1538 2098 1608 plorant,
2133 1535 2204 1588 ri-

623 1643 810 1698 demus
836 1659 849 1694 :
871 1641 947 1693 sic
966 1646 1020 1693 et
1040 1638 1146 1702 isti,
1173 1634 1326 1690 nobis
1349 1634 1417 1688 dc
1441 1631 1784 1686 subversione
1812 1625 2157 1682 maerentibus
2182 1663 2198 1689 ,

626 1750 730 1788 non
753 1732 910 1786 modo
927 1747 1028 1784 non
1047 1729 1241 1791 rident,
1268 1726 1360 1782 sed
1383 1736 1539 1779 etiam
1567 1723 1773 1793 plorant
1798 1738 1811 1776 :
1834 1719 2083 1791 quoniam
2110 1733 2204 1772 eo-

626 1839 743 1877 rum
769 1825 970 1875 viscera
992 1819 1452 1874 commiseratione
1480 1817 1632 1884 plena
1660 1823 1802 1876 sunt,
1832 1827 1895 1865 ac
1920 1811 2042 1880 quia
2068 1807 2205 1863 mul-

621 1923 738 1965 tum
771 1911 922 1963 nobis
952 1908 1071 1962 inde
1098 1909 1265 1962 oritur
1288 1907 1685 1961 detrimentum.
1716 1903 1892 1957 Simus
1921 1915 2048 1970 ergo
2080 1899 2198 1954 viri.

627 1997 910 2068 Usquequo
937 1997 1079 2050 humi
1121 2010 1400 2067 seu-pemus
1424 2035 1440 2058 ,
1474 1996 1526 2047 in
1553 1992 1812 2060 lapidibus
1838 1999 1890 2043 et
1935 1988 2088 2057 lignis
2128 1986 2206 2039 al-

627 2097 736 2141 tum
767 2086 1068 2154 sapientes?
1095 2100 1369 2154 ustjuequo
1397 2083 1636 2139 ludemus
1655 2082 1678 2134 ?
1700 2085 1870 2150 Atque
1896 2079 2092 2133 utinam
2113 2092 2202 2130 so-

629 2177 733 2231 lum
763 2177 1062 2230 luderemus
1088 2193 1102 2228 :
1125 2190 1264 2229 nunc
1291 2182 1468 2227 autem
1498 2182 1734 2227 nostram
1765 2170 2037 2241 prodimus
2062 2167 2205 2220 salu-

631 2278 734 2321 tem
763 2284 775 2330 ;
813 2283 874 2320 ac
899 2265 1342 2335 quemadmodum
1374 2264 1550 2332 pueri,
1576 2278 1696 2316 cum
1737 2259 1990 2330 neglectis
2037 2257 2204 2311 literis

628 2361 680 2414 in
713 2360 793 2412 his
823 2358 958 2412 ludis
986 2359 1150 2411 otium
1177 2363 1527 2419 consumunt,
1555 2352 1853 2407 durissimis
1895 2347 2206 2403 verberibus

629 2450 901 2519 subjacent
923 2466 936 2501 :
958 2449 1036 2503 sic
1060 2457 1114 2502 et
1135 2461 1231 2500 nos
1258 2447 1344 2514 qui
1376 2449 1427 2499 in
1460 2444 1539 2496 his
1564 2451 1730 2496 totum
1755 2439 1987 2494 studium
2015 2451 2207 2492 consu-

631 2543 857 2602 mimus,
889 2556 1008 2594 cum
1048 2553 1078 2593 a
1121 2539 1272 2592 nobis
1299 2537 1696 2605 disciplinarum
1742 2531 1877 2584 ratio
1915 2545 2009 2599 per
2046 2543 2205 2596 opera

631 2637 870 2701 exigetur
896 2672 910 2694 ,
941 2632 1060 2700 quia
1107 2630 1330 2683 reddere
1376 2638 1480 2687 non
1536 2624 1826 2693 poterimus
1853 2663 1870 2686 ,
1907 2631 2204 2674 extremum

630 2723 836 2776 luemus
860 2720 1191 2790 supplicium.
1215 2718 1487 2785 Nemoque
1507 2717 1607 2768 erit
1636 2714 1720 2782 qui
1748 2713 1970 2774 liberet,
1999 2707 2205 2762 etiamsi

633 2823 780 2882 pater
805 2854 818 2876 ,
841 2811 1044 2865 etiamsi
1087 2809 1252 2862 frater
1275 2809 1363 2862 vel
1389 2807 1562 2872 quixis
1587 2806 1741 2857 alios.
1767 2803 1868 2856 Sed
1895 2803 2007 2854 hate
2032 2802 2207 2852 omnia

631 2902 955 2964 abst-edent,
1008 2916 1161 2969 paula
1215 2909 1392 2952 autem
1445 2913 1510 2950 ex
1560 2895 1661 2949 illis
1716 2902 1864 2963 parta
1901 2901 2096 2944 aeterna
2148 2901 2211 2941 ac

631 3004 884 3067 perpetua
937 2990 1283 3050 manebitzid
1339 2989 1477 3058 quod
1534 2988 1691 3043 etiam
1744 2983 1922 3054 pueris
1972 2980 2207 3044 accidit,

629 3086 696 3140 ob
725 3099 952 3154 quorum
981 3081 1354 3150 negligentiam
1385 3088 1561 3147 patres
1586 3080 1600 3107 ³
1636 3075 1829 3128 ludicra
1862 3073 1949 3125 illa
1988 3069 2208 3139 puerilia

629 3174 695 3229 de
747 3173 920 3227 medio
971 3171 1470 3238 telluut,ipsosque
1525 3166 1590 3219 ad
1645 3163 1886 3218 assiduas
1944 3163 2208 3232 lacrymas

631 3266 969 3334 compellunt.
1003 3263 1072 3319 Ut
1115 3273 1292 3315 autem
1337 3262 1510 3314 discas
1557 3259 1625 3312 ita
1656 3273 1766 3310 rem
1799 3271 1855 3308 se
1897 3250 2206 3308 haberezid

630 3357 769 3427 quod
823 3355 1052 3407 maxime
1099 3352 1270 3404 studia
1319 3351 1587 3402 Ιιοιῐιιηιιιη
1649 3360 1909 3414 occupare
1963 3343 2208 3410 videtur,

632 3458 827 3513 nempe
865 3443 1093 3504 divitias,
1127 3440 1178 3492 in
1211 3439 1437 3492 medium
1468 3437 1812 3498 adducamus,
1854 3435 2085 3503 ipsisque
2109 3447 2204 3501 op-

632 3548 885 3600 ponamus
903 3544 1286 3601 quamcumque
1302 3529 1529 3582 volueris
1545 3529 1704 3580 animi
1725 3527 1990 3592 virtutem,
2014 3535 2067 3580 et
2085 3534 2211 3579 tunc

635 3625 861 3677 maxime
889 3637 1069 3677 earum
1096 3621 1349 3674 vilitatem
1379 3620 1656 3688 agniturus
1686 3633 1764 3672 es.
1794 3618 2059 3671 Ponamus
2082 3631 2210 3686 ergo

630 3716 764 3767 duos
801 3727 919 3767 esse
951 3712 1229 3776 homines;
1262 3712 1483 3763 necdum
1515 3710 1704 3776 loquar
1736 3709 1802 3762 de
1826 3708 2045 3762 avaritia
2067 3748 2083 3774 ,
2115 3708 2208 3761 sed

630 3806 697 3860 de
722 3804 921 3858 divitiis
946 3807 1087 3872 juste
1107 3803 1304 3872 partis:
1326 3816 1394 3856 ex
1418 3802 1561 3859 hisee
1589 3802 1794 3856 duobus
1820 3800 1954 3853 alius
1981 3813 2208 3867 congre-

631 3907 718 3965 get
742 3897 952 3951 divitias
977 3937 992 3961 ,
1022 3910 1168 3949 mare
1193 3895 1415 3949 navibus
1443 3905 1731 3958 transmeet
1755 3936 1768 3956 ,
1804 3902 1994 3947 terram
2023 3891 2163 3945 colat
2188 3932 2202 3954 ,

632 3990 929 4055 multosque
960 3985 1092 4039 alios
1121 3982 1490 4054 negotiationis
1516 3984 1701 4038 modos
1722 3984 1972 4047 inveniat;
1993 3983 2206 4037 etiamsi

633 4081 863 4132 nesciam
887 4085 1064 4129 utrum
1097 4075 1210 4128 haze
1237 4073 1441 4129 faciens
1467 4075 1634 4142 possit
1657 4075 1797 4140 juste
1819 4076 2009 4127 lucrari
2037 4089 2050 4133 ;
2081 4082 2208 4125 atta-

634 4184 756 4223 men
811 4179 1171 4236 supponamus
1214 4166 1329 4218 haec
1375 4165 1518 4216 lucra
1571 4164 1802 4232 legitima
1850 4178 1969 4216 esse
2003 4179 2016 4214 :
2054 4177 2208 4230 agros

632 4270 791 4322 emat,
821 4273 1023 4320 servos,
1059 4266 1112 4311 et
1131 4257 1320 4311 similia
1353 4256 1535 4322 multa,
1567 4257 1815 4324 nullaque
1844 4257 1910 4309 sit
1940 4256 1990 4309 in
2017 4256 2098 4308 his
2126 4271 2210 4308 re-

636 4352 737 4404 bus
767 4348 1018 4417 injustitia
1043 4362 1057 4400 :
1078 4347 1212 4400 alter
1239 4359 1367 4398 vero
1407 4359 1557 4412 aeque
1586 4345 1768 4406 dives,
1801 4345 1994 4399 vendat
2019 4345 2208 4400 domos

633 4449 690 4497 et
705 4456 826 4494 vasa
853 4454 1011 4493 aurea
1032 4447 1405 4508 argenteaque,
1426 4437 1606 4506 egenis
1621 4437 1893 4506 largiatur,
1914 4452 2206 4507 pauperes-

633 4549 735 4604 que
763 4531 957 4597 foveat,
986 4545 1156 4599 aagros
1180 4539 1349 4594 curet,
1377 4529 1431 4583 in
1452 4530 1765 4585 necessitate
1793 4531 1991 4600 positos
2015 4532 2204 4596 solvat,

633 4625 765 4679 alios
789 4638 817 4676 a
841 4621 1062 4677 vinculis
1082 4621 1312 4687 eximat,
1333 4619 1400 4675 ad
1427 4621 1638 4676 metalla
1669 4620 1945 4677 damnatos
1983 4623 2204 4690 liberet,

635 4714 824 4783 laqueo
871 4729 932 4768 se
970 4711 1357 4783 suspendentes
1401 4711 1618 4782 dejiciat
1643 4754 1660 4781 ,
1689 4715 1925 4783 captivos
1965 4729 1996 4768 a
2035 4717 2207 4784 poenis

636 4806 842 4862 liberet.
886 4803 1049 4872 Cujus
1090 4819 1216 4874 ergo
1257 4803 1424 4874 partis
1465 4818 1586 4860 esse
1627 4805 1916 4859 mavultis?
1965 4805 2204 4860 Nondum

635 4909 812 4953 tamen
836 4898 904 4952 de
927 4897 1116 4952 futuris
1133 4937 1149 4961 ,
1179 4896 1274 4952 sed
1301 4895 1370 4951 de
1396 4897 1748 4966 praesentibus
1773 4897 1973 4968 loquuti
2002 4914 2204 4953 sumus.

634 4989 802 5055 Quam
839 4988 996 5058 igitur
1053 4997 1254 5058 partem
1292 4988 1540 5056 amplecti
1581 4989 1872 5042 mavultis?
1899 4992 1979 5043 An
2023 4995 2205 5045 aurum

635 5077 1005 5147 congregantis
1026 5118 1042 5143 ,
1073 5092 1140 5131 an
1183 5077 1409 5131 aliorum
1452 5078 1777 5133 calamitates
1816 5079 2069 5134 solventis
2093 5084 2114 5134 '!
2140 5099 2206 5136 au

636 5181 794 5237 agros
817 5168 1043 5222 ementis
1062 5208 1078 5232 ,
1110 5181 1176 5221 an
1199 5168 1312 5236 ejus
1339 5167 1428 5237 qui
1458 5182 1576 5222 sese
1608 5181 1818 5238 portum
1852 5170 2083 5226 humano
2111 5189 2205 5243 ge-

638 5258 751 5312 neri
777 5257 1091 5311 constituit?
1116 5256 1231 5326 ejus
1256 5259 1345 5327 qui
1371 5257 1536 5313 multo
1561 5259 1921 5315 circumdatur
1943 5277 2072 5316 auro
2092 5305 2108 5330 ,
2139 5281 2208 5318 an

633 5349 751 5416 ejus
775 5350 863 5418 qui
887 5348 1034 5402 mille
1056 5348 1295 5404 laudibus
1315 5363 1598 5405 coronatur
1618 5352 1641 5406 ?
1660 5351 1739 5407 An
1771 5367 1872 5408 non
1896 5355 1979 5410 ille
1997 5357 2207 5426 quidem

635 5440 854 5508 angelus
877 5448 978 5503 est,
995 5439 1083 5509 qui
1104 5438 1171 5496 de
1193 5440 1326 5495 caelo
1354 5441 1421 5496 ad
1451 5453 1760 5498 caeterorum
1787 5448 2205 5504 emendationem

638 5529 946 5596 descendit,
975 5530 1061 5586 hic
1088 5548 1214 5588 vero
1243 5549 1350 5587 non
1377 5532 1577 5594 homini
1599 5573 1613 5598 ,
1655 5537 1747 5592 sed
1799 5554 1963 5606 puero
2000 5541 2208 5596 cuidam

701 5730 720 5759 '
757 5735 900 5789 Unus.
925 5735 1118 5792 promer
1138 5743 1341 5797 quorum
1361 5735 1623 5797 profectum
1636 5741 1816 5800 patres,
1843 5745 1920 5789 etc

1350 341 1410 399 8.
1447 335 1725 398 JOANNIS
1747 329 2220 392 CHRYSOSTOMI
2257 329 2574 388 ABClllEP.
2614 326 3144 387 CONSTANTINOP.

3787 314 3898 371 ωο

2303 442 2514 506 similis,
2545 442 2723 497 omnia
2752 439 2945 496 frustm
2976 435 3247 509 colligeuti
3269 435 3290 489 ?
3310 430 3368 490 Si
3398 447 3525 488 vero
3557 433 3719 488 etiam
3746 434 3898 502 justo

2303 532 2555 605 pecunias
2581 531 2852 601 colligere,
2883 542 2972 584 res
2997 527 3135 583 adeo
3165 525 3385 582 ridicula
3424 535 3478 578 et
3505 534 3765 579 extrema
3792 521 3895 577 de-

2303 625 2518 679 mentiae
2543 631 2627 677 est
2649 639 2663 677 :
2687 620 2900 691 quando
2927 619 3047 688 quis
3076 632 3180 672 non
3204 617 3352 687 juste
3372 616 3588 685 colligit.
3619 612 3898 686 quomodo

2303 727 2410 767 non
2459 713 2697 766 onmium
2743 711 3078 764 miserrimus
3105 705 3303 763 fuerit?
3320 707 3378 761 Si
3422 716 3600 761 autem
3631 717 3722 760 res
3762 703 3899 758 adeo

2303 805 2374 857 sit
2406 803 2646 867 ridicula,
2675 817 2797 856 cum
2829 798 2988 854 etiam
3017 799 3102 852 bis
3124 796 3346 853 accedat
3373 805 3426 850 et
3450 797 3697 864 gehenna
3725 802 3784 849 et
3811 808 3900 847 rc-

2304 896 2391 965 ειιί
2420 895 2659 959 amissio,
2687 901 2819 963 quot
2846 892 2936 947 ille
2964 891 3215 962 lacrymis
3245 888 3439 961 dignus
3464 887 3622 944 fuerit
3656 896 3714 942 et
3741 887 3902 941 vivus

2305 997 2360 1042 et
2385 985 2662 1042 mortuus?

2378 1080 2466 1134 l0.
2500 1078 2664 1146 Quam
2695 1085 2896 1147 praue:
2919 1075 2994 1129 vir
3024 1073 3228 1129 humilis
3254 1073 3363 1126 viro
3390 1072 3582 1141 potenti
3608 1080 3655 1124 et
3683 1071 3898 1141 inﬂato.

2303 1201 2375 1213 —-
2395 1168 2498 1224 Sed
2530 1168 2686 1221 aliam
2715 1181 2930 1237 quoque
2950 1207 2967 1232 ,
2997 1166 3042 1219 si
3071 1165 3150 1219 vis
3170 1205 3185 1227 ,
3215 1165 3426 1218 virtutis
3469 1172 3677 1233 partem
3706 1160 3898 1229 explo-

2307 1274 2506 1315 remus.
2539 1257 2746 1311 Rursus
2772 1257 2933 1309 alium
2965 1255 3015 1307 in
3047 1253 3279 1307 medium
3330 1267 3547 1321 agamus
3586 1250 3895 1312 hominem,

2308 1351 2359 1403 in
2385 1349 2616 1418 potentia
2640 1346 3004 1408 constitutum,
3036 1344 3285 1397 omnibus
3313 1344 3662 1413 imperantem
3684 1382 3698 1405 ,
3722 1341 3901 1410 digni-

2308 1449 2413 1496 tate
2441 1455 2629 1508 magua
2670 1438 2923 1506 stipatum
2945 1479 2960 1501 ,
2993 1450 3292 1504 prmconem
3322 1433 3660 1502 splendidum
3695 1432 3903 1486 baben-

2309 1540 2435 1594 tem,
2466 1530 2694 1585 balteum
2728 1529 2850 1581 item
2879 1567 2894 1590 ,
2936 1527 3147 1581 lictores
3171 1566 3186 1592 ,
3239 1539 3594 1595 magnumque
3622 1523 3904 1577 clientium

2308 1637 2604 1677 numerum.
2641 1620 2830 1672 Annon
2861 1619 2962 1672 hoc
2986 1631 3231 1686 magnum
3264 1597 3476 1670 videtur
3500 1630 3622 1669 esse
3649 1625 3701 1668 et
3735 1613 3898 1668 felici-

2310 1724 2415 1768 tate
2444 1711 2694 1782 plenum?
2721 1713 2831 1780 Age
2851 1751 2863 1771 ,
2889 1719 2944 1764 et
2972 1710 3045 1762 illi
3075 1723 3283 1763 rursum
3306 1723 3639 1778 opponamus
3668 1707 3901 1761 alterum

2309 1804 2595 1873 patientem
2621 1844 2635 1866 ,
2668 1803 2873 1861 mitem,
2919 1799 3172 1854 humilem
3194 1839 3212 1865 ,
3244 1805 3300 1852 et
3343 1797 3741 1868 magnanimum
3769 1811 3784 1846 :
3817 1797 3905 1852 hic

2311 1909 2437 1948 vero
2483 1893 2686 1961 injuriis
2738 1893 3045 1961 impetatur,
3089 1891 3340 1960 vapulet,
3367 1899 3420 1945 et
3475 1889 3590 1943 hac
3635 1890 3904 1960 patienter

2310 1986 2460 2049 ferat,
2485 1995 2642 2053 atque
2670 1984 2782 2037 hzec
2817 1982 3165 2037 inferentibus
3189 1981 3487 2036 benedicat.
3515 1981 3669 2045 Uter,
3693 1997 3902 2051 qumso,

2309 2074 2565 2127 mirabilis
2585 2113 2600 2137 ,
2631 2074 2790 2127 illene
2837 2072 3048 2126 inﬂatus
3073 2082 3124 2126 et
3151 2082 3363 2126 tumens
3384 2115 3398 2138 ,
3432 2087 3499 2125 an
3532 2070 3620 2125 hic
3649 2072 3723 2125 ita
3749 2071 3902 2141 deje-

2308 2167 2467 2223 ctus?
2499 2168 2688 2219 Annon
2741 2165 2825 2219 hic
2878 2165 3064 2217 similis
3093 2173 3175 2218 est
3222 2164 3527 2218 eaalestibus
3569 2162 3860 2217 virtutibus
3886 2205 3901 2228 ,

2309 2275 2426 2328 qua:
2453 2258 2603 2312 nullo
2633 2257 2795 2311 animi
2841 2266 2986 2310 mottt
3033 2257 3345 2318 turbantur,
3375 2257 3464 2310 ille
3501 2265 3680 2308 autem
3705 2255 3904 2310 vesica

2312 2349 2527 2414 inﬂata,
2554 2358 2647 2401 aut
2672 2347 2870 2401 homini
2922 2345 3249 2417 hydrOpico,
3300 2356 3460 2415 atque
3486 2345 3773 2399 admodum
3815 2354 3905 2398 tu-

2312 2438 2517 2492 menti?
2546 2452 2724 2491 nonue
2751 2436 2836 2489 hic
2861 2435 3069 2490 medico
3100 2436 3360 2504 spirituali
3386 2475 3400 2497 ,
3432 2435 3521 2490 ille
3557 2447 3734 2489 autem
3767 2449 3904 2504 pue-

2314 2543 2376 2584 ro
2421 2530 2641 2585 buccam
2687 2529 2886 2581 inllanti
2913 2538 2967 2582 et
3016 2527 3275 2581 ridiculo?
3303 2528 3409 2581 Cur
3455 2528 3618 2581 altum
3649 2528 3830 2596 sapis,
3871 2542 3906 2582 ο

2313 2621 2516 2677 homo?
2543 2638 2608 2676 an
2643 2622 2786 2692 quod
2816 2622 3058 2676 sublimis
3099 2623 3154 2675 in
3182 2637 3340 2677 curru
3370 2621 3621 2676 veheris?
3658 2636 3726 2675 au
3755 2621 3900 2690 quod

2314 2723 2365 2768 te
2397 2714 2557 2769 trahit
2586 2715 2856 2769 mulorum
2894 2715 3120 2785 jugum?
3166 2716 3367 2785 Ecquid
3409 2715 3548 2769 hoc?
3580 2714 3812 2784 ldipsum
3846 2715 3902 2768 in

2315 2807 2470 2877 lignis
2499 2817 2554 2862 et
2577 2809 2629 2861 in
2651 2809 2792 2860 saxis
2814 2808 2994 2862 videre
3015 2817 3115 2861 est.
3144 2808 3222 2860 An
3257 2808 3378 2876 quia
3421 2806 3701 2876 magnifico
3731 2804 3904 2876 fulges

2315 2899 2540 2953 vestitu?
2566 2898 2669 2954 Sed
2697 2900 2899 2967 respice
2929 2898 3072 2952 illum
3103 2899 3296 2952 virtute
3316 2897 3754 2962 vestimentorum
3785 2897 3906 2964 vice

2315 2991 2564 3045 amictum
2587 3030 2600 3049 .
2629 3000 2682 3046 et
2715 3000 2766 3043 te
2793 2989 2995 3043 videbis
3041 2987 3188 3044 fumo
3212 2988 3424 3057 putrido
3450 2988 3679 3042 similem
3704 3029 3720 3048 .
3751 2987 3902 3041 illum

2315 3099 2443 3138 vero
2468 3082 2643 3137 arbori
2674 3082 2950 3152 pulchrum
2980 3083 3242 3136 emittenti
3283 3081 3531 3144 fructum,
3565 3082 3652 3149 qui
3680 3073 3901 3134 multam

2313 3175 2674 3244 spectantibus
2731 3172 2968 3225 laetitiam
3007 3171 3213 3225 alferat.
3246 3171 3323 3226 Tu
3381 3173 3596 3242 quidem
3639 3173 3901 3227 vermium

2312 3279 2491 3319 escam
2513 3265 2826 3320 circumfers
2844 3304 2861 3330 ,
2889 3275 3049 3334 atque
3075 3264 3360 3328 tinearum,
3388 3280 3527 3335 quae,
3556 3263 3601 3318 si
3633 3273 3684 3319 te
3709 3278 3902 3334 aggre-

2313 3355 2543 3420 diantur,
2574 3357 2682 3409 cito
2722 3364 2774 3409 te
2820 3354 2921 3410 hoc
2967 3355 3220 3409 nudatum
3250 3366 3439 3409 ornatu
3470 3354 3713 3409 reddent.
3762 3354 3900 3408 Nam

2313 3448 2712 3510 vestimentum,
2745 3460 2934 3498 aurum
2956 3455 3011 3499 et
3035 3455 3334 3514 argentum,
3365 3444 3506 3497 aliud
3534 3445 3746 3511 quidem
3773 3459 3900 3498 ver-

2316 3537 2480 3591 mium
2533 3537 2633 3590 titis
2672 3543 2911 3600 constat,
2955 3534 3096 3588 aliud
3143 3542 3281 3589 terra
3325 3545 3379 3589 et
3429 3534 3599 3603 pulvis
3627 3544 3741 3598 est,
3796 3535 3901 3589 ite-

2317 3641 2541 3696 rumque
2571 3630 2709 3680 tert‘a
2729 3667 2742 3689 ,
2775 3635 2829 3681 et
2860 3639 3114 3692 pncterea
3161 3625 3333 3689 nihil;
3366 3627 3455 3696 qui
3498 3633 3674 3680 autem
3706 3627 3902 3680 virtute

2314 3717 2512 3771 circum
2536 3725 2774 3779 ornatur,
2801 3715 2957 3769 talem
2989 3715 3148 3770 habet
3177 3726 3400 3781 vestem,
3421 3733 3579 3787 quam
3607 3733 3712 3770 non
3737 3716 3902 3770 modo

2314 3807 2452 3859 tinea
2473 3845 2489 3871 ,
2516 3805 2609 3859 scd
2657 3821 2724 3860 ne
2773 3820 2918 3860 mors
2948 3805 3162 3875 quidem
3194 3807 3306 3874 ipsa
3339 3807 3658 3862 labefactare
3683 3809 3895 3873 valeat;

2312 3910 2367 3952 et
2390 3899 2510 3966 jure
2537 3898 2748 3967 quidem
2780 3899 2990 3953 merito.
3024 3897 3205 3966 Neque
3242 3899 3383 3951 enim
3419 3900 3500 3952 Ine
3530 3900 3692 3953 animi
3726 3901 3899 3954 virtu-

2313 3998 2394 4042 tes
2430 4004 2494 4043 ex
2543 3998 2683 4044 terra
2715 3989 2993 4044 exordium
3033 3991 3049 4020 ¹
3094 3988 3326 4055 ducunt,
3376 3990 3469 4044 sed
3517 4001 3642 4045 sunt
3693 3990 3900 4046 fruetus

2313 4080 2560 4148 Spiritus;
2593 4092 2921 4148 quapropter
2949 4082 3209 4134 vermium
3253 4084 3332 4135 ori
3374 4098 3478 4136 non
3513 4093 3692 4150 patent
3724 4103 3736 4137 :
3771 4100 3898 4138 nam

2317 4170 2368 4223 in
2400 4170 2533 4222 caelo
2563 4170 2862 4239 hujnsmodi
2912 4171 3228 4226 vestimenta
3258 4183 3536 4237 texuntur,
3566 4175 3653 4226 ubi
3693 4189 3792 4229 nec
3825 4177 3898 4229 ti-

2317 4276 2412 4313 nea
2433 4301 2448 4324 ,
2491 4277 2589 4314 nec
2619 4262 2834 4328 vermis,
2858 4277 2958 4317 nec
2982 4263 3180 4332 aliquid
3207 4263 3385 4318 simile
3413 4276 3513 4320 est.
3547 4264 3682 4332 Quid
3712 4267 3895 4336 igitur,

2314 4366 2493 4419 qua-so
2517 4393 2531 4417 ,
2563 4351 2751 4406 melius
2772 4394 2785 4415 ,
2816 4352 3032 4407 divitem
3057 4393 3072 4418 ,
3101 4371 3167 4407 an
3196 4369 3478 4424 pauperem
3510 4356 3670 4410 esse?
3695 4374 3761 4410 an
3799 4374 3899 4428 po-

2315 4449 2512 4494 tentem
2535 4481 2549 4504 ,
2580 4457 2645 4494 an
2678 4443 3049 4496 inhonoratum
3071 4445 3237 4498 esse?
3277 4445 3421 4500 lauta
3450 4445 3549 4501 frui
3579 4463 3759 4502 mensa
3781 4489 3799 4514 ,
3825 4466 3898 4505 an

2316 4530 2508 4619 famem
2535 4533 2807 4598 experiri?
2839 4533 3190 4590 Proculdubio
3213 4575 3228 4599 ,
3281 4535 3332 4590 in
3382 4536 3585 4592 hOuore
3610 4581 3624 4603 ,
3652 4539 3897 4608 deliciis,

2313 4622 2614 4691 divitiisque
2643 4625 2840 4679 vivere.
2872 4625 2926 4679 Si
2958 4641 3085 4696 ergo
3108 4642 3195 4681 res
3221 4628 3391 4696 ipsas,
3427 4643 3530 4683 non
3564 4634 3776 4686 nomina
3805 4649 3896 4688 νεα

2317 4711 2400 4774 lis,
2430 4721 2566 4764 terra
2594 4721 2752 4783 atque
2775 4716 3000 4769 terrenis
3020 4717 3237 4780 relictis,
3267 4716 3318 4770 in
3341 4719 3531 4772 cadum
3555 4730 3608 4776 te
3628 4725 3893 4780 transfer-

2313 4803 2574 4872 siquidem
2617 4807 3109 4873 praesentia‘hmbra
3156 4811 3622 4884 sunt,illa»vero,
3672 4832 3760 4872 res
3789 4819 3894 4871 lm-

2315 4903 2472 4946 mota:
2492 4935 2506 4958 ,
2538 4895 2722 4960 ﬁrmae,
2749 4913 2869 4966 quae
2906 4913 3011 4952 non
3042 4901 3210 4969 abripi
3244 4881 3466 4971 possint.
3501 4881 3627 4960 Haec
3654 4922 3752 4962 nos
3789 4909 3895 4979 igi-

2319 4995 2402 5038 tur
2422 5000 2541 5038 cum
2571 4987 2746 5042 studio
2789 4989 3084 5058 deligamus
3105 5033 3119 5055 ,
3151 5003 3206 5046 ut
3231 5003 3285 5047 et
3323 5009 3354 5047 a
3395 4998 3620 5051 tumultu
3654 5015 3894 5070 praesen-

2316 5076 2444 5129 tium
2476 5093 2675 5132 .rerum
2729 5080 3048 5146 liberemur,
3090 5091 3144 5136 et
3177 5081 3243 5138 ad
3291 5089 3628 5157 tranquillum
3681 5102 3894 5159 portum

2314 5170 2639 5239 appellantes
2659 5213 2675 5234 .
2703 5189 2819 5227 eum
2850 5174 3032 5229 multis
3051 5177 3274 5231 sarcinis
3293 5187 3347 5234 et
3370 5180 3721 5237 inellitbilibus
3746 5185 3895 5241 elee-

2316 5274 2554 5332 mosyna:
2593 5263 2782 5332 opibus
2827 5264 2936 5320 illic
2994 5282 3345 5336 appareamus
3389 5287 3405 5322 :
3447 5270 3644 5340 quibus
3691 5276 3895 5331 utinam

2316 5366 2500 5408 omnes
2533 5353 2671 5422 pleni
2699 5354 2764 5408 ad
2791 5354 3116 5413 horrendum
3141 5358 3371 5416 tribunal
3390 5362 3604 5418 adducti
3622 5404 3636 5426 ,
3668 5380 3895 5436 regnum

2315 5442 2566 5496 cmlorum
2593 5458 2982 5514 consequamur
3004 5449 3175 5518 gratia
3204 5460 3259 5505 et
3281 5451 3649 5509 misericordia
3682 5455 3898 5515 Domiul

2315 5536 2481 5589 nostri
2508 5535 2637 5591 Jesu
2659 5538 2852 5594 Christi
2877 5581 2892 5604 ,
2922 5542 3006 5596 cui
3032 5542 3200 5614 gloria
3229 5551 3285 5599 et
3310 5542 3590 5617 imperium
3617 5545 3673 5604 in
3703 5553 3901 5609 secula

2317 5629 2653 5686 saeculorum.
2684 5633 2877 5686 Amen.

2383 5740 2400 5772 ⁸
2434 5739 2648 5805 Quidam,
2669 5754 2711 5792 οἱ
2725 5740 2918 5807 ἱῃὶηεηι.
