  <div class='ocr_page' id='page_1' title='image "/cluster/home/n/w/nwhite01/storage/ocr_20150623/57/pst.000005712564/258.png"; bbox 0 0 4110 6306; ppageno 0'>
   <div class='ocr_carea' id='block_1_1' title="bbox 315 361 408 416">
    <p class='ocr_par' dir='ltr' id='par_1_1' title="bbox 315 361 408 416">
     <span class='ocr_line' id='line_1_1' title="bbox 315 361 408 416; baseline 0.043 -3"><span class='ocrx_word' id='word_1_1' title='bbox 315 361 408 416; x_wconf 67' lang='grc'><strong>321</strong></span> 
     </span>
    </p>
   </div>
   <div class='ocr_carea' id='block_1_2' title="bbox 335 353 2644 418">
    <p class='ocr_par' dir='ltr' id='par_1_2' title="bbox 335 353 2644 418">
     <span class='ocr_line' id='line_1_2' title="bbox 335 353 2644 418; baseline -0.001 -6"><span class='ocrx_word' id='word_1_2' title='bbox 335 361 408 418; x_wconf 70' lang='grc' dir='ltr'><strong>ἱὲῑ</strong></span> <span class='ocrx_word' id='word_1_3' title='bbox 1304 353 1372 410; x_wconf 70' lang='grc' dir='ltr'>Ν</span> <span class='ocrx_word' id='word_1_4' title='bbox 1408 355 1819 413; x_wconf 65' lang='grc' dir='ltr'><strong>ΜΑΤΤΗΕΠΜ</strong></span> <span class='ocrx_word' id='word_1_5' title='bbox 1859 355 2087 412; x_wconf 72' lang='lat' dir='ltr'><strong>IIOMIL.</strong></span> <span class='ocrx_word' id='word_1_6' title='bbox 2137 355 2303 411; x_wconf 75' lang='lat' dir='ltr'><strong>XXIV</strong></span> <span class='ocrx_word' id='word_1_7' title='bbox 2364 358 2436 412; x_wconf 99' lang='lat' dir='ltr'><strong>al.</strong></span> <span class='ocrx_word' id='word_1_8' title='bbox 2480 354 2644 411; x_wconf 73' lang='lat' dir='ltr'><strong>XXV.</strong></span> 
     </span>
    </p>
   </div>
   <div class='ocr_carea' id='block_1_3' title="bbox 322 538 3614 564">
    <p class='ocr_par' dir='ltr' id='par_1_3' title="bbox 322 538 3614 564">
     <span class='ocr_line' id='line_1_3' title="bbox 322 538 3614 564; baseline 0.004 -8"><span class='ocrx_word' id='word_1_9' title='bbox 322 538 3614 564; x_wconf 58' lang='lat' dir='ltr'><strong>Mm</strong></span> 
     </span>
    </p>
   </div>
   <div class='ocr_carea' id='block_1_4' title="bbox 1435 580 2447 726">
    <p class='ocr_par' dir='ltr' id='par_1_4' title="bbox 1435 580 2447 726">
     <span class='ocr_line' id='line_1_4' title="bbox 1435 580 2447 726; baseline 0.001 -36"><span class='ocrx_word' id='word_1_10' title='bbox 1435 580 1782 726; x_wconf 70' lang='grc' dir='ltr'>ιιοιιιιιΑ</span> <span class='ocrx_word' id='word_1_11' title='bbox 1830 627 2067 690; x_wconf 71' lang='lat' dir='ltr'><strong>xxxv.</strong></span> <span class='ocrx_word' id='word_1_12' title='bbox 2107 629 2191 690; x_wconf 88' lang='lat' dir='ltr'><strong>al.</strong></span> <span class='ocrx_word' id='word_1_13' title='bbox 2241 630 2447 691; x_wconf 85' lang='lat' dir='ltr'><strong>xxv.</strong></span> 
     </span>
    </p>
   </div>
   <div class='ocr_carea' id='block_1_5' title="bbox 301 789 1901 890">
    <p class='ocr_par' dir='ltr' id='par_1_5' title="bbox 301 789 1901 890">
     <span class='ocr_line' id='line_1_5' title="bbox 301 789 1901 890; baseline -0.011 -8"><span class='ocrx_word' id='word_1_14' title='bbox 301 826 436 886; x_wconf 69' lang='lat' dir='ltr'><strong>CAP.</strong></span> <span class='ocrx_word' id='word_1_15' title='bbox 468 825 523 880; x_wconf 79' lang='lat'><strong>7.</strong></span> <span class='ocrx_word' id='word_1_16' title='bbox 557 840 606 876; x_wconf 75' lang='grc' dir='ltr'><strong>ν.</strong></span> <span class='ocrx_word' id='word_1_17' title='bbox 643 789 695 877; x_wconf 29' lang='lat' dir='ltr'><strong>Li</strong></span> <span class='ocrx_word' id='word_1_18' title='bbox 727 822 849 876; x_wconf 84' lang='lat' dir='ltr'><strong>Non</strong></span> <span class='ocrx_word' id='word_1_19' title='bbox 885 821 1048 876; x_wconf 84' lang='lat' dir='ltr'><strong>omnis</strong></span> <span class='ocrx_word' id='word_1_20' title='bbox 1076 821 1162 890; x_wconf 82' lang='lat' dir='ltr'><strong>qui</strong></span> <span class='ocrx_word' id='word_1_21' title='bbox 1199 819 1319 872; x_wconf 77' lang='lat' dir='ltr'><strong>dicit</strong></span> <span class='ocrx_word' id='word_1_22' title='bbox 1350 818 1494 880; x_wconf 83' lang='lat' dir='ltr'><strong>mihi,</strong></span> <span class='ocrx_word' id='word_1_23' title='bbox 1528 815 1765 873; x_wconf 82' lang='lat' dir='ltr'><strong>Domine.</strong></span> <span class='ocrx_word' id='word_1_24' title='bbox 1793 809 1901 865; x_wconf 79' lang='lat' dir='ltr'><strong>Do-</strong></span> 
     </span>
    </p>
   </div>
   <div class='ocr_carea' id='block_1_6' title="bbox 377 906 1902 984">
    <p class='ocr_par' dir='ltr' id='par_1_6' title="bbox 377 906 1902 984">
     <span class='ocr_line' id='line_1_6' title="bbox 377 906 1902 984; baseline -0.007 -15"><span class='ocrx_word' id='word_1_25' title='bbox 377 919 550 980; x_wconf 79' lang='lat' dir='ltr'><strong>utine,</strong></span> <span class='ocrx_word' id='word_1_26' title='bbox 595 915 802 968; x_wconf 73' lang='lat' dir='ltr'><strong>intrabit</strong></span> <span class='ocrx_word' id='word_1_27' title='bbox 841 917 896 967; x_wconf 87' lang='lat' dir='ltr'><strong>in</strong></span> <span class='ocrx_word' id='word_1_28' title='bbox 936 929 1148 984; x_wconf 78' lang='lat' dir='ltr'><strong><em>regnum</em></strong></span> <span class='ocrx_word' id='word_1_29' title='bbox 1191 911 1430 964; x_wconf 67' lang='lat' dir='ltr'><strong>(telorum</strong></span> <span class='ocrx_word' id='word_1_30' title='bbox 1456 950 1470 968; x_wconf 91' lang='lat'><strong>.</strong></span> <span class='ocrx_word' id='word_1_31' title='bbox 1514 907 1604 963; x_wconf 82' lang='lat' dir='ltr'><strong>sed</strong></span> <span class='ocrx_word' id='word_1_32' title='bbox 1649 906 1735 976; x_wconf 85' lang='lat' dir='ltr'><strong>qui</strong></span> <span class='ocrx_word' id='word_1_33' title='bbox 1779 906 1902 978; x_wconf 75' lang='lat' dir='ltr'><strong>facit</strong></span> 
     </span>
    </p>
   </div>
   <div class='ocr_carea' id='block_1_7' title="bbox 380 1001 1486 1071">
    <p class='ocr_par' dir='ltr' id='par_1_7' title="bbox 380 1001 1486 1071">
     <span class='ocr_line' id='line_1_7' title="bbox 380 1001 1486 1071; baseline -0.007 -11"><span class='ocrx_word' id='word_1_34' title='bbox 380 1006 690 1060; x_wconf 69' lang='lat' dir='ltr'><strong>voluntatem</strong></span> <span class='ocrx_word' id='word_1_35' title='bbox 728 1002 904 1057; x_wconf 84' lang='lat' dir='ltr'><strong>Patris</strong></span> <span class='ocrx_word' id='word_1_36' title='bbox 933 1003 1031 1054; x_wconf 78' lang='lat' dir='ltr'><strong>mei</strong></span> <span class='ocrx_word' id='word_1_37' title='bbox 1059 1001 1145 1071; x_wconf 85' lang='lat' dir='ltr'><strong>qui</strong></span> <span class='ocrx_word' id='word_1_38' title='bbox 1170 1002 1222 1053; x_wconf 89' lang='lat' dir='ltr'><strong>in</strong></span> <span class='ocrx_word' id='word_1_39' title='bbox 1249 1001 1384 1053; x_wconf 64' lang='lat' dir='ltr'><strong>cretis</strong></span> <span class='ocrx_word' id='word_1_40' title='bbox 1412 1007 1486 1052; x_wconf 66' lang='grc' dir='ltr'><strong>εἰ·</strong></span> 
     </span>
    </p>
   </div>
   <div class='ocr_carea' id='block_1_8' title="bbox 379 1087 1902 1159">
    <p class='ocr_par' dir='ltr' id='par_1_8' title="bbox 379 1087 1902 1159">
     <span class='ocr_line' id='line_1_8' title="bbox 379 1087 1902 1159; baseline -0.008 -8"><span class='ocrx_word' id='word_1_41' title='bbox 379 1099 430 1151; x_wconf 79' lang='grc'><strong>1.</strong></span> <span class='ocrx_word' id='word_1_42' title='bbox 476 1096 596 1150; x_wconf 82' lang='lat' dir='ltr'><strong>Non</strong></span> <span class='ocrx_word' id='word_1_43' title='bbox 624 1096 731 1149; x_wconf 82' lang='lat' dir='ltr'><strong>alia</strong></span> <span class='ocrx_word' id='word_1_44' title='bbox 775 1092 934 1159; x_wconf 82' lang='lat' dir='ltr'><strong><em>Filii,</em></strong></span> <span class='ocrx_word' id='word_1_45' title='bbox 961 1093 1067 1146; x_wconf 79' lang='lat' dir='ltr'><strong>alio</strong></span> <span class='ocrx_word' id='word_1_46' title='bbox 1117 1090 1291 1144; x_wconf 83' lang='lat' dir='ltr'><strong>Patris</strong></span> <span class='ocrx_word' id='word_1_47' title='bbox 1331 1089 1588 1145; x_wconf 79' lang='lat' dir='ltr'><strong>voluntas.</strong></span> <span class='ocrx_word' id='word_1_48' title='bbox 1622 1087 1902 1158; x_wconf 84' lang='lat' dir='ltr'><strong>Signorum</strong></span> 
     </span>
    </p>
   </div>
   <div class='ocr_carea' id='block_1_9' title="bbox 303 1178 1896 1256">
    <p class='ocr_par' dir='ltr' id='par_1_9' title="bbox 303 1178 1896 1256">
     <span class='ocr_line' id='line_1_9' title="bbox 303 1178 1896 1256; baseline -0.007 -16"><span class='ocrx_word' id='word_1_49' title='bbox 303 1189 533 1256; x_wconf 66' lang='lat' dir='ltr'><strong>Operatio</strong></span> <span class='ocrx_word' id='word_1_50' title='bbox 562 1187 672 1239; x_wconf 82' lang='lat' dir='ltr'><strong>sine</strong></span> <span class='ocrx_word' id='word_1_51' title='bbox 697 1185 882 1237; x_wconf 74' lang='lat' dir='ltr'><strong>virtute</strong></span> <span class='ocrx_word' id='word_1_52' title='bbox 907 1182 1034 1236; x_wconf 79' lang='lat' dir='ltr'><strong><em>nihil</em></strong></span> <span class='ocrx_word' id='word_1_53' title='bbox 1058 1182 1264 1251; x_wconf 85' lang='lat' dir='ltr'><strong>prodest</strong></span> <span class='ocrx_word' id='word_1_54' title='bbox 1283 1180 1536 1247; x_wconf 74' lang='lat' dir='ltr'><strong><em>aperanti.</em></strong></span> <span class='ocrx_word' id='word_1_55' title='bbox 1562 1209 1634 1220; x_wconf 91' lang='lat'><strong>—-</strong></span> <span class='ocrx_word' id='word_1_56' title='bbox 1657 1178 1768 1232; x_wconf 86' lang='lat' dir='ltr'><strong>Cur</strong></span> <span class='ocrx_word' id='word_1_57' title='bbox 1791 1194 1896 1232; x_wconf 89' lang='lat' dir='ltr'><strong>non</strong></span> 
     </span>
    </p>
   </div>
   <div class='ocr_carea' id='block_1_10' title="bbox 303 1269 1904 1347">
    <p class='ocr_par' dir='ltr' id='par_1_10' title="bbox 303 1269 1904 1347">
     <span class='ocr_line' id='line_1_10' title="bbox 303 1269 1904 1347; baseline -0.008 -14"><span class='ocrx_word' id='word_1_58' title='bbox 303 1281 472 1344; x_wconf 70' lang='lat' dir='ltr'><strong>dixit,</strong></span> <span class='ocrx_word' id='word_1_59' title='bbox 499 1277 608 1334; x_wconf 86' lang='lat' dir='ltr'><strong>Sed</strong></span> <span class='ocrx_word' id='word_1_60' title='bbox 639 1277 729 1347; x_wconf 97' lang='lat' dir='ltr'><strong>qui</strong></span> <span class='ocrx_word' id='word_1_61' title='bbox 761 1276 886 1331; x_wconf 74' lang='lat' dir='ltr'><strong>facit</strong></span> <span class='ocrx_word' id='word_1_62' title='bbox 908 1275 1236 1329; x_wconf 77' lang='lat' dir='ltr'><strong>voluntatem</strong></span> <span class='ocrx_word' id='word_1_63' title='bbox 1269 1272 1482 1326; x_wconf 79' lang='lat' dir='ltr'><strong>meum?</strong></span> <span class='ocrx_word' id='word_1_64' title='bbox 1511 1271 1644 1336; x_wconf 81' lang='lat' dir='ltr'><strong>Quia</strong></span> <span class='ocrx_word' id='word_1_65' title='bbox 1685 1269 1788 1324; x_wconf 86' lang='lat' dir='ltr'><strong>hoc</strong></span> <span class='ocrx_word' id='word_1_66' title='bbox 1821 1270 1904 1321; x_wconf 89' lang='lat' dir='ltr'><strong>in-</strong></span> 
     </span>
    </p>
   </div>
   <div class='ocr_carea' id='block_1_11' title="bbox 306 1363 1897 1439">
    <p class='ocr_par' dir='ltr' id='par_1_11' title="bbox 306 1363 1897 1439">
     <span class='ocr_line' id='line_1_11' title="bbox 306 1363 1897 1439; baseline -0.008 -15"><span class='ocrx_word' id='word_1_67' title='bbox 306 1372 463 1425; x_wconf 82' lang='lat' dir='ltr'><strong><em>terim</em></strong></span> <span class='ocrx_word' id='word_1_68' title='bbox 512 1377 760 1439; x_wconf 72' lang='lat' dir='ltr'><strong>poterant</strong></span> <span class='ocrx_word' id='word_1_69' title='bbox 806 1367 1061 1423; x_wconf 71' lang='lat' dir='ltr'><strong>libentius</strong></span> <span class='ocrx_word' id='word_1_70' title='bbox 1091 1365 1351 1434; x_wconf 84' lang='lat' dir='ltr'><strong>accipere.</strong></span> <span class='ocrx_word' id='word_1_71' title='bbox 1405 1363 1538 1417; x_wconf 86' lang='lat' dir='ltr'><strong>Illud</strong></span> <span class='ocrx_word' id='word_1_72' title='bbox 1580 1364 1722 1416; x_wconf 85' lang='lat' dir='ltr'><strong>enim</strong></span> <span class='ocrx_word' id='word_1_73' title='bbox 1774 1376 1897 1429; x_wconf 81' lang='lat' dir='ltr'><strong>per-</strong></span> 
     </span>
    </p>
   </div>
   <div class='ocr_carea' id='block_1_12' title="bbox 305 1451 1896 1532">
    <p class='ocr_par' dir='ltr' id='par_1_12' title="bbox 305 1451 1896 1532">
     <span class='ocr_line' id='line_1_12' title="bbox 305 1451 1896 1532; baseline -0.008 -17"><span class='ocrx_word' id='word_1_74' title='bbox 305 1476 469 1529; x_wconf 80' lang='lat' dir='ltr'><strong>pensa</strong></span> <span class='ocrx_word' id='word_1_75' title='bbox 527 1460 736 1514; x_wconf 90' lang='lat' dir='ltr'><strong>illorum</strong></span> <span class='ocrx_word' id='word_1_76' title='bbox 793 1458 1099 1512; x_wconf 74' lang='lat' dir='ltr'><strong>infirmitate</strong></span> <span class='ocrx_word' id='word_1_77' title='bbox 1145 1465 1270 1509; x_wconf 91' lang='lat' dir='ltr'><strong>tunc</strong></span> <span class='ocrx_word' id='word_1_78' title='bbox 1317 1468 1580 1532; x_wconf 81' lang='lat' dir='ltr'><strong>maguum</strong></span> <span class='ocrx_word' id='word_1_79' title='bbox 1609 1451 1896 1505; x_wconf 46' lang='lat' dir='ltr'><strong>adn‘todnm</strong></span> 
     </span>
    </p>
   </div>
   <div class='ocr_carea' id='block_1_13' title="bbox 299 1544 1895 1620">
    <p class='ocr_par' dir='ltr' id='par_1_13' title="bbox 299 1544 1895 1620">
     <span class='ocr_line' id='line_1_13' title="bbox 299 1544 1895 1620; baseline -0.006 -14"><span class='ocrx_word' id='word_1_80' title='bbox 299 1561 439 1606; x_wconf 86' lang='lat' dir='ltr'><strong>erat.</strong></span> <span class='ocrx_word' id='word_1_81' title='bbox 473 1550 720 1620; x_wconf 80' lang='lat' dir='ltr'><strong>Alioquin</strong></span> <span class='ocrx_word' id='word_1_82' title='bbox 750 1563 874 1602; x_wconf 81' lang='lat' dir='ltr'><strong>vero</strong></span> <span class='ocrx_word' id='word_1_83' title='bbox 907 1563 1000 1616; x_wconf 82' lang='lat' dir='ltr'><strong>per</strong></span> <span class='ocrx_word' id='word_1_84' title='bbox 1027 1548 1156 1601; x_wconf 88' lang='lat' dir='ltr'><strong>illud</strong></span> <span class='ocrx_word' id='word_1_85' title='bbox 1189 1547 1289 1600; x_wconf 88' lang='lat' dir='ltr'><strong>hoe</strong></span> <span class='ocrx_word' id='word_1_86' title='bbox 1321 1547 1490 1614; x_wconf 83' lang='lat' dir='ltr'><strong>ipsum</strong></span> <span class='ocrx_word' id='word_1_87' title='bbox 1520 1545 1681 1598; x_wconf 86' lang='lat' dir='ltr'><strong>etiam</strong></span> <span class='ocrx_word' id='word_1_88' title='bbox 1707 1544 1895 1596; x_wconf 85' lang='lat' dir='ltr'><strong>subin-</strong></span> 
     </span>
    </p>
   </div>
   <div class='ocr_carea' id='block_1_14' title="bbox 300 1635 1894 1706">
    <p class='ocr_par' dir='ltr' id='par_1_14' title="bbox 300 1635 1894 1706">
     <span class='ocr_line' id='line_1_14' title="bbox 300 1635 1894 1706; baseline -0.006 -11"><span class='ocrx_word' id='word_1_89' title='bbox 300 1641 521 1696; x_wconf 75' lang='lat' dir='ltr'><strong>dicavit.</strong></span> <span class='ocrx_word' id='word_1_90' title='bbox 549 1641 630 1695; x_wconf 79' lang='lat' dir='ltr'><strong>Ad</strong></span> <span class='ocrx_word' id='word_1_91' title='bbox 661 1641 775 1694; x_wconf 77' lang='lat' dir='ltr'><strong>lure</strong></span> <span class='ocrx_word' id='word_1_92' title='bbox 800 1649 981 1693; x_wconf 86' lang='lat' dir='ltr'><strong>autem</strong></span> <span class='ocrx_word' id='word_1_93' title='bbox 1016 1637 1142 1692; x_wconf 91' lang='lat' dir='ltr'><strong>illud</strong></span> <span class='ocrx_word' id='word_1_94' title='bbox 1173 1639 1395 1706; x_wconf 80' lang='lat' dir='ltr'><strong>insuper</strong></span> <span class='ocrx_word' id='word_1_95' title='bbox 1428 1635 1714 1690; x_wconf 87' lang='lat' dir='ltr'><strong>dicendum</strong></span> <span class='ocrx_word' id='word_1_96' title='bbox 1739 1679 1754 1698; x_wconf 89' lang='lat'><strong>,</strong></span> <span class='ocrx_word' id='word_1_97' title='bbox 1789 1650 1894 1688; x_wconf 87' lang='lat' dir='ltr'><strong>non</strong></span> 
     </span>
    </p>
   </div>
   <div class='ocr_carea' id='block_1_15' title="bbox 301 1727 1895 1794">
    <p class='ocr_par' dir='ltr' id='par_1_15' title="bbox 301 1727 1895 1794">
     <span class='ocr_line' id='line_1_15' title="bbox 301 1727 1895 1794; baseline -0.004 -7"><span class='ocrx_word' id='word_1_98' title='bbox 301 1747 428 1787; x_wconf 77' lang='lat' dir='ltr'><strong>esse</strong></span> <span class='ocrx_word' id='word_1_99' title='bbox 472 1733 630 1785; x_wconf 87' lang='lat' dir='ltr'><strong>aliam</strong></span> <span class='ocrx_word' id='word_1_100' title='bbox 671 1730 786 1785; x_wconf 83' lang='lat' dir='ltr'><strong>Filii</strong></span> <span class='ocrx_word' id='word_1_101' title='bbox 814 1773 828 1794; x_wconf 94' lang='lat'><strong>,</strong></span> <span class='ocrx_word' id='word_1_102' title='bbox 860 1731 1018 1785; x_wconf 78' lang='lat' dir='ltr'><strong>aliam</strong></span> <span class='ocrx_word' id='word_1_103' title='bbox 1046 1729 1221 1784; x_wconf 83' lang='lat' dir='ltr'><strong>Patris</strong></span> <span class='ocrx_word' id='word_1_104' title='bbox 1244 1730 1593 1783; x_wconf 71' lang='lat' dir='ltr'><strong>voluntatem.</strong></span> <span class='ocrx_word' id='word_1_105' title='bbox 1629 1727 1725 1783; x_wconf 89' lang='lat' dir='ltr'><strong>llic</strong></span> <span class='ocrx_word' id='word_1_106' title='bbox 1765 1742 1895 1781; x_wconf 81' lang='lat' dir='ltr'><strong>vero</strong></span> 
     </span>
    </p>
   </div>
   <div class='ocr_carea' id='block_1_16' title="bbox 301 1818 1894 1890">
    <p class='ocr_par' dir='ltr' id='par_1_16' title="bbox 301 1818 1894 1890">
     <span class='ocr_line' id='line_1_16' title="bbox 301 1818 1894 1890; baseline -0.003 -14"><span class='ocrx_word' id='word_1_107' title='bbox 301 1823 434 1876; x_wconf 86' lang='lat' dir='ltr'><strong>mihi</strong></span> <span class='ocrx_word' id='word_1_108' title='bbox 488 1823 720 1876; x_wconf 72' lang='lat' dir='ltr'><strong>maxime</strong></span> <span class='ocrx_word' id='word_1_109' title='bbox 769 1821 976 1876; x_wconf 79' lang='lat' dir='ltr'><strong>videtur</strong></span> <span class='ocrx_word' id='word_1_110' title='bbox 1016 1820 1232 1876; x_wconf 63' lang='lat' dir='ltr'><strong>Juda‘os</strong></span> <span class='ocrx_word' id='word_1_111' title='bbox 1276 1821 1662 1890; x_wconf 78' lang='lat' dir='ltr'><strong>perstringere,</strong></span> <span class='ocrx_word' id='word_1_112' title='bbox 1705 1819 1796 1886; x_wconf 87' lang='lat' dir='ltr'><strong>qui</strong></span> <span class='ocrx_word' id='word_1_113' title='bbox 1842 1818 1894 1872; x_wconf 92' lang='lat' dir='ltr'><strong>in</strong></span> 
     </span>
    </p>
   </div>
   <div class='ocr_carea' id='block_1_17' title="bbox 297 1909 1894 1980">
    <p class='ocr_par' dir='ltr' id='par_1_17' title="bbox 297 1909 1894 1980">
     <span class='ocr_line' id='line_1_17' title="bbox 297 1909 1894 1980; baseline -0.001 -16"><span class='ocrx_word' id='word_1_114' title='bbox 297 1912 637 1980; x_wconf 74' lang='lat' dir='ltr'><strong>dogmatibus</strong></span> <span class='ocrx_word' id='word_1_115' title='bbox 683 1926 945 1966; x_wconf 85' lang='lat' dir='ltr'><strong>summam</strong></span> <span class='ocrx_word' id='word_1_116' title='bbox 988 1926 1166 1964; x_wconf 84' lang='lat' dir='ltr'><strong>rerum</strong></span> <span class='ocrx_word' id='word_1_117' title='bbox 1202 1910 1464 1978; x_wconf 83' lang='lat' dir='ltr'><strong>ponebant</strong></span> <span class='ocrx_word' id='word_1_118' title='bbox 1492 1951 1507 1974; x_wconf 95' lang='lat'><strong>,</strong></span> <span class='ocrx_word' id='word_1_119' title='bbox 1542 1925 1639 1964; x_wconf 84' lang='lat' dir='ltr'><strong>nec</strong></span> <span class='ocrx_word' id='word_1_120' title='bbox 1677 1910 1746 1964; x_wconf 88' lang='lat' dir='ltr'><strong>de</strong></span> <span class='ocrx_word' id='word_1_121' title='bbox 1789 1909 1894 1963; x_wconf 72' lang='lat' dir='ltr'><strong>vita</strong></span> 
     </span>
    </p>
   </div>
   <div class='ocr_carea' id='block_1_18' title="bbox 300 1987 1895 2074">
    <p class='ocr_par' dir='ltr' id='par_1_18' title="bbox 300 1987 1895 2074">
     <span class='ocr_line' id='line_1_18' title="bbox 300 1987 1895 2074; baseline -0.002 -16"><span class='ocrx_word' id='word_1_122' title='bbox 300 2004 470 2072; x_wconf 83' lang='lat' dir='ltr'><strong>probe</strong></span> <span class='ocrx_word' id='word_1_123' title='bbox 499 2003 701 2074; x_wconf 79' lang='lat' dir='ltr'><strong>agenda</strong></span> <span class='ocrx_word' id='word_1_124' title='bbox 723 2003 1000 2057; x_wconf 82' lang='lat' dir='ltr'><strong>curabant.</strong></span> <span class='ocrx_word' id='word_1_125' title='bbox 1036 2002 1160 2056; x_wconf 82' lang='lat' dir='ltr'><strong>ideo</strong></span> <span class='ocrx_word' id='word_1_126' title='bbox 1185 2003 1301 2056; x_wconf 84' lang='lat' dir='ltr'><strong>illos</strong></span> <span class='ocrx_word' id='word_1_127' title='bbox 1335 2003 1530 2056; x_wconf 81' lang='lat' dir='ltr'><strong>Paulus</strong></span> <span class='ocrx_word' id='word_1_128' title='bbox 1550 1987 1791 2072; x_wconf 74' lang='lat' dir='ltr'><strong>coarguit</strong></span> <span class='ocrx_word' id='word_1_129' title='bbox 1816 2003 1895 2056; x_wconf 58' lang='lat' dir='ltr'><strong>die</strong></span> 
     </span>
    </p>
   </div>
   <div class='ocr_carea' id='block_1_19' title="bbox 296 2090 1894 2162">
    <p class='ocr_par' dir='ltr' id='par_1_19' title="bbox 296 2090 1894 2162">
     <span class='ocr_line' id='line_1_19' title="bbox 296 2090 1894 2162; baseline -0.003 -15"><span class='ocrx_word' id='word_1_130' title='bbox 296 2106 429 2147; x_wconf 75' lang='lat' dir='ltr'><strong>cens</strong></span> <span class='ocrx_word' id='word_1_131' title='bbox 460 2110 472 2142; x_wconf 90' lang='lat'>:</span> <span class='ocrx_word' id='word_1_132' title='bbox 508 2091 638 2146; x_wconf 77' lang='lat' dir='ltr'><strong>Ecce</strong></span> <span class='ocrx_word' id='word_1_133' title='bbox 678 2101 732 2145; x_wconf 72' lang='lat' dir='ltr'><strong>tu</strong></span> <span class='ocrx_word' id='word_1_134' title='bbox 755 2090 974 2144; x_wconf 68' lang='lat' dir='ltr'><strong>Indicus</strong></span> <span class='ocrx_word' id='word_1_135' title='bbox 1017 2093 1422 2162; x_wconf 83' lang='lat' dir='ltr'><strong>cognominnris,</strong></span> <span class='ocrx_word' id='word_1_136' title='bbox 1451 2103 1497 2144; x_wconf 80' lang='lat' dir='ltr'><strong>et</strong></span> <span class='ocrx_word' id='word_1_137' title='bbox 1537 2093 1804 2156; x_wconf 75' lang='lat' dir='ltr'><strong>requiescis</strong></span> <span class='ocrx_word' id='word_1_138' title='bbox 1843 2093 1894 2143; x_wconf 92' lang='lat' dir='ltr'><strong>in</strong></span> 
     </span>
    </p>
   </div>
   <div class='ocr_carea' id='block_1_20' title="bbox 297 2182 1888 2256">
    <p class='ocr_par' dir='ltr' id='par_1_20' title="bbox 297 2182 1888 2256">
     <span class='ocr_line' id='line_1_20' title="bbox 297 2182 1888 2256; baseline 0.003 -20"><span class='ocrx_word' id='word_1_139' title='bbox 297 2186 427 2254; x_wconf 76' lang='lat' dir='ltr'><strong>lege,</strong></span> <span class='ocrx_word' id='word_1_140' title='bbox 460 2194 506 2237; x_wconf 86' lang='lat' dir='ltr'><strong>et</strong></span> <span class='ocrx_word' id='word_1_141' title='bbox 531 2182 772 2254; x_wconf 81' lang='lat' dir='ltr'><strong>gloriaris</strong></span> <span class='ocrx_word' id='word_1_142' title='bbox 800 2185 852 2236; x_wconf 90' lang='lat' dir='ltr'><strong>in</strong></span> <span class='ocrx_word' id='word_1_143' title='bbox 877 2183 1002 2247; x_wconf 85' lang='lat' dir='ltr'><strong>Deo,</strong></span> <span class='ocrx_word' id='word_1_144' title='bbox 1032 2194 1080 2236; x_wconf 82' lang='lat' dir='ltr'><strong>et</strong></span> <span class='ocrx_word' id='word_1_145' title='bbox 1106 2185 1239 2237; x_wconf 87' lang='lat' dir='ltr'><strong>nosti</strong></span> <span class='ocrx_word' id='word_1_146' title='bbox 1276 2187 1584 2237; x_wconf 75' lang='lat' dir='ltr'><strong>voluntatem</strong></span> <span class='ocrx_word' id='word_1_147' title='bbox 1609 2186 1628 2256; x_wconf 92' lang='lat'><strong>(</strong></span> <span class='ocrx_word' id='word_1_148' title='bbox 1652 2183 1801 2239; x_wconf 78' lang='lat' dir='ltr'><strong>Rom.</strong></span> <span class='ocrx_word' id='word_1_149' title='bbox 1833 2186 1888 2240; x_wconf 74' lang='lat'><strong>2.</strong></span> 
     </span>
    </p>
   </div>
   <div class='ocr_carea' id='block_1_21' title="bbox 299 2274 1893 2345">
    <p class='ocr_par' dir='ltr' id='par_1_21' title="bbox 299 2274 1893 2345">
     <span class='ocr_line' id='line_1_21' title="bbox 299 2274 1893 2345; baseline 0.001 -17"><span class='ocrx_word' id='word_1_150' title='bbox 299 2275 390 2328; x_wconf 79' lang='lat' dir='ltr'><strong>l7.</strong></span> <span class='ocrx_word' id='word_1_151' title='bbox 420 2274 534 2345; x_wconf 69' lang='lat'><strong>{8).</strong></span> <span class='ocrx_word' id='word_1_152' title='bbox 563 2274 757 2329; x_wconf 77' lang='lat' dir='ltr'><strong>Verum</strong></span> <span class='ocrx_word' id='word_1_153' title='bbox 789 2274 922 2328; x_wconf 84' lang='lat' dir='ltr'><strong>nihil</strong></span> <span class='ocrx_word' id='word_1_154' title='bbox 945 2275 1035 2329; x_wconf 86' lang='lat' dir='ltr'><strong>tibi</strong></span> <span class='ocrx_word' id='word_1_155' title='bbox 1058 2289 1122 2330; x_wconf 78' lang='lat' dir='ltr'><strong>ex</strong></span> <span class='ocrx_word' id='word_1_156' title='bbox 1147 2275 1235 2328; x_wconf 87' lang='lat' dir='ltr'><strong>illa</strong></span> <span class='ocrx_word' id='word_1_157' title='bbox 1264 2275 1468 2329; x_wconf 70' lang='lat' dir='ltr'><strong>acet-dit</strong></span> <span class='ocrx_word' id='word_1_158' title='bbox 1487 2316 1500 2337; x_wconf 89' lang='lat'><strong>,</strong></span> <span class='ocrx_word' id='word_1_159' title='bbox 1534 2276 1746 2342; x_wconf 80' lang='lat' dir='ltr'><strong>quando</strong></span> <span class='ocrx_word' id='word_1_160' title='bbox 1773 2277 1893 2330; x_wconf 59' lang='lat' dir='ltr'><strong>vitae</strong></span> 
     </span>
    </p>
   </div>
   <div class='ocr_carea' id='block_1_22' title="bbox 294 2365 1892 2434">
    <p class='ocr_par' dir='ltr' id='par_1_22' title="bbox 294 2365 1892 2434">
     <span class='ocr_line' id='line_1_22' title="bbox 294 2365 1892 2434; baseline 0.002 -16"><span class='ocrx_word' id='word_1_161' title='bbox 294 2375 345 2418; x_wconf 83' lang='lat' dir='ltr'><strong>et</strong></span> <span class='ocrx_word' id='word_1_162' title='bbox 378 2381 599 2433; x_wconf 85' lang='lat' dir='ltr'><strong>operum</strong></span> <span class='ocrx_word' id='word_1_163' title='bbox 636 2365 942 2434; x_wconf 79' lang='lat' dir='ltr'><strong>exemplum</strong></span> <span class='ocrx_word' id='word_1_164' title='bbox 971 2379 1074 2420; x_wconf 90' lang='lat' dir='ltr'><strong>non</strong></span> <span class='ocrx_word' id='word_1_165' title='bbox 1115 2366 1286 2418; x_wconf 68' lang='lat' dir='ltr'><strong>adest.</strong></span> <span class='ocrx_word' id='word_1_166' title='bbox 1319 2366 1412 2421; x_wconf 83' lang='lat' dir='ltr'><strong>ille</strong></span> <span class='ocrx_word' id='word_1_167' title='bbox 1454 2377 1630 2421; x_wconf 85' lang='lat' dir='ltr'><strong>autem</strong></span> <span class='ocrx_word' id='word_1_168' title='bbox 1662 2384 1766 2420; x_wconf 88' lang='lat' dir='ltr'><strong>non</strong></span> <span class='ocrx_word' id='word_1_169' title='bbox 1806 2368 1892 2421; x_wconf 90' lang='lat' dir='ltr'><strong>hic</strong></span> 
     </span>
    </p>
   </div>
   <div class='ocr_carea' id='block_1_23' title="bbox 294 2457 1892 2527">
    <p class='ocr_par' dir='ltr' id='par_1_23' title="bbox 294 2457 1892 2527">
     <span class='ocr_line' id='line_1_23' title="bbox 294 2457 1892 2527; baseline 0.001 -17"><span class='ocrx_word' id='word_1_170' title='bbox 294 2458 529 2512; x_wconf 77' lang='lat' dir='ltr'><strong>substitit</strong></span> <span class='ocrx_word' id='word_1_171' title='bbox 553 2500 568 2522; x_wconf 95' lang='lat'><strong>,</strong></span> <span class='ocrx_word' id='word_1_172' title='bbox 597 2459 852 2527; x_wconf 79' lang='lat' dir='ltr'><strong>sedquod</strong></span> <span class='ocrx_word' id='word_1_173' title='bbox 886 2457 1054 2511; x_wconf 84' lang='lat' dir='ltr'><strong>multo</strong></span> <span class='ocrx_word' id='word_1_174' title='bbox 1080 2460 1251 2522; x_wconf 75' lang='lat' dir='ltr'><strong>majus</strong></span> <span class='ocrx_word' id='word_1_175' title='bbox 1277 2459 1546 2514; x_wconf 79' lang='lat' dir='ltr'><strong>eratdixit</strong></span> <span class='ocrx_word' id='word_1_176' title='bbox 1574 2477 1588 2514; x_wconf 88' lang='lat'><strong>:</strong></span> <span class='ocrx_word' id='word_1_177' title='bbox 1617 2459 1707 2513; x_wconf 67' lang='lat'><strong>22.</strong></span> <span class='ocrx_word' id='word_1_178' title='bbox 1741 2460 1892 2515; x_wconf 81' lang='lat' dir='ltr'><strong>.llntti</strong></span> 
     </span>
    </p>
   </div>
   <div class='ocr_carea' id='block_1_24' title="bbox 294 2548 1895 2616">
    <p class='ocr_par' dir='ltr' id='par_1_24' title="bbox 294 2548 1895 2616">
     <span class='ocr_line' id='line_1_24' title="bbox 294 2548 1895 2616; baseline 0.002 -15"><span class='ocrx_word' id='word_1_179' title='bbox 294 2550 429 2601; x_wconf 85' lang='lat' dir='ltr'><strong>enim</strong></span> <span class='ocrx_word' id='word_1_180' title='bbox 457 2549 620 2602; x_wconf 78' lang='lat' dir='ltr'><strong>dicent</strong></span> <span class='ocrx_word' id='word_1_181' title='bbox 650 2550 772 2602; x_wconf 86' lang='lat' dir='ltr'><strong><em>mihi</em></strong></span> <span class='ocrx_word' id='word_1_182' title='bbox 801 2551 850 2601; x_wconf 88' lang='lat' dir='ltr'><strong>in</strong></span> <span class='ocrx_word' id='word_1_183' title='bbox 889 2550 971 2602; x_wconf 82' lang='lat' dir='ltr'><strong>die</strong></span> <span class='ocrx_word' id='word_1_184' title='bbox 998 2551 1089 2604; x_wconf 82' lang='lat' dir='ltr'><strong><em>illa</em></strong></span> <span class='ocrx_word' id='word_1_185' title='bbox 1113 2590 1128 2614; x_wconf 95' lang='lat'><strong>,</strong></span> <span class='ocrx_word' id='word_1_186' title='bbox 1160 2548 1396 2612; x_wconf 80' lang='lat' dir='ltr'><strong>Domine,</strong></span> <span class='ocrx_word' id='word_1_187' title='bbox 1445 2550 1682 2616; x_wconf 80' lang='lat' dir='ltr'><strong>Domine,</strong></span> <span class='ocrx_word' id='word_1_188' title='bbox 1727 2568 1895 2604; x_wconf 85' lang='lat' dir='ltr'><strong>nonne</strong></span> 
     </span>
    </p>
   </div>
   <div class='ocr_carea' id='block_1_25' title="bbox 293 2639 1890 2720">
    <p class='ocr_par' dir='ltr' id='par_1_25' title="bbox 293 2639 1890 2720">
     <span class='ocr_line' id='line_1_25' title="bbox 293 2639 1890 2720; baseline 0.003 -30"><span class='ocrx_word' id='word_1_189' title='bbox 293 2640 579 2696; x_wconf 80' lang='lat' dir='ltr'><strong>in,nomiue</strong></span> <span class='ocrx_word' id='word_1_190' title='bbox 612 2648 698 2691; x_wconf 82' lang='lat' dir='ltr'><strong>tuo</strong></span> <span class='ocrx_word' id='word_1_191' title='bbox 735 2639 1186 2706; x_wconf 69' lang='lat' dir='ltr'><strong>propltetnt&#39;imus?</strong></span> <span class='ocrx_word' id='word_1_192' title='bbox 1230 2639 1343 2695; x_wconf 81' lang='lat' dir='ltr'><strong>Non</strong></span> <span class='ocrx_word' id='word_1_193' title='bbox 1378 2641 1522 2695; x_wconf 87' lang='lat' dir='ltr'><strong>enim</strong></span> <span class='ocrx_word' id='word_1_194' title='bbox 1568 2643 1739 2720; x_wconf 69' lang='lat' dir='ltr'><strong>Solum</strong></span> <span class='ocrx_word' id='word_1_195' title='bbox 1763 2685 1775 2704; x_wconf 91' lang='lat'><strong>,</strong></span> <span class='ocrx_word' id='word_1_196' title='bbox 1808 2644 1890 2696; x_wconf 82' lang='lat' dir='ltr'><strong>itt-</strong></span> 
     </span>
    </p>
   </div>
   <div class='ocr_carea' id='block_1_26' title="bbox 294 2727 1891 2801">
    <p class='ocr_par' dir='ltr' id='par_1_26' title="bbox 294 2727 1891 2801">
     <span class='ocr_line' id='line_1_26' title="bbox 294 2727 1891 2801; baseline 0.004 -21"><span class='ocrx_word' id='word_1_197' title='bbox 294 2730 442 2793; x_wconf 81' lang='lat' dir='ltr'><strong>quit.</strong></span> <span class='ocrx_word' id='word_1_198' title='bbox 477 2731 565 2795; x_wconf 85' lang='lat' dir='ltr'><strong>qui</strong></span> <span class='ocrx_word' id='word_1_199' title='bbox 611 2727 768 2783; x_wconf 83' lang='lat' dir='ltr'><strong>ﬁdem</strong></span> <span class='ocrx_word' id='word_1_200' title='bbox 818 2731 1014 2793; x_wconf 85' lang='lat' dir='ltr'><strong>habet,</strong></span> <span class='ocrx_word' id='word_1_201' title='bbox 1050 2733 1094 2784; x_wconf 91' lang='lat' dir='ltr'><strong>si</strong></span> <span class='ocrx_word' id='word_1_202' title='bbox 1137 2731 1241 2783; x_wconf 71' lang='lat' dir='ltr'><strong>vita</strong></span> <span class='ocrx_word' id='word_1_203' title='bbox 1285 2730 1613 2801; x_wconf 71' lang='lat' dir='ltr'><strong>negligatur,</strong></span> <span class='ocrx_word' id='word_1_204' title='bbox 1655 2749 1719 2786; x_wconf 76' lang='lat' dir='ltr'><strong>ex</strong></span> <span class='ocrx_word' id='word_1_205' title='bbox 1747 2733 1891 2786; x_wconf 74' lang='lat' dir='ltr'><strong>cadis</strong></span> 
     </span>
    </p>
   </div>
   <div class='ocr_carea' id='block_1_27' title="bbox 293 2820 1892 2894">
    <p class='ocr_par' dir='ltr' id='par_1_27' title="bbox 293 2820 1892 2894">
     <span class='ocr_line' id='line_1_27' title="bbox 293 2820 1892 2894; baseline 0.004 -22"><span class='ocrx_word' id='word_1_206' title='bbox 293 2820 632 2885; x_wconf 77' lang='lat' dir='ltr'><strong>excluditur;</strong></span> <span class='ocrx_word' id='word_1_207' title='bbox 661 2823 753 2876; x_wconf 89' lang='lat' dir='ltr'><strong>sed</strong></span> <span class='ocrx_word' id='word_1_208' title='bbox 786 2823 994 2876; x_wconf 81' lang='lat' dir='ltr'><strong>etiamsi</strong></span> <span class='ocrx_word' id='word_1_209' title='bbox 1026 2839 1148 2877; x_wconf 82' lang='lat' dir='ltr'><strong>cum</strong></span> <span class='ocrx_word' id='word_1_210' title='bbox 1190 2824 1293 2879; x_wconf 76' lang='lat' dir='ltr'><strong>ﬁde</strong></span> <span class='ocrx_word' id='word_1_211' title='bbox 1329 2826 1490 2878; x_wconf 86' lang='lat' dir='ltr'><strong>nmlta</strong></span> <span class='ocrx_word' id='word_1_212' title='bbox 1522 2826 1672 2894; x_wconf 77' lang='lat' dir='ltr'><strong>signa</strong></span> <span class='ocrx_word' id='word_1_213' title='bbox 1705 2827 1892 2880; x_wconf 76' lang='lat' dir='ltr'><strong>edide-</strong></span> 
     </span>
    </p>
   </div>
   <div class='ocr_carea' id='block_1_28' title="bbox 292 2909 1894 2986">
    <p class='ocr_par' dir='ltr' id='par_1_28' title="bbox 292 2909 1894 2986">
     <span class='ocr_line' id='line_1_28' title="bbox 292 2909 1894 2986; baseline 0.002 -21"><span class='ocrx_word' id='word_1_214' title='bbox 292 2909 366 2965; x_wconf 85' lang='lat' dir='ltr'><strong>rit</strong></span> <span class='ocrx_word' id='word_1_215' title='bbox 390 2953 404 2974; x_wconf 89' lang='lat'><strong>,</strong></span> <span class='ocrx_word' id='word_1_216' title='bbox 438 2928 536 2966; x_wconf 86' lang='lat' dir='ltr'><strong>nec</strong></span> <span class='ocrx_word' id='word_1_217' title='bbox 557 2911 678 2966; x_wconf 91' lang='lat' dir='ltr'><strong>boni</strong></span> <span class='ocrx_word' id='word_1_218' title='bbox 703 2913 970 2982; x_wconf 76' lang='lat' dir='ltr'><strong>quidpiam</strong></span> <span class='ocrx_word' id='word_1_219' title='bbox 1001 2913 1217 2978; x_wconf 79' lang='lat' dir='ltr'><strong>iecerit,</strong></span> <span class='ocrx_word' id='word_1_220' title='bbox 1246 2929 1272 2966; x_wconf 89' lang='lat' dir='ltr'><strong>a</strong></span> <span class='ocrx_word' id='word_1_221' title='bbox 1304 2918 1470 2970; x_wconf 87' lang='lat' dir='ltr'><strong>sacris</strong></span> <span class='ocrx_word' id='word_1_222' title='bbox 1496 2916 1742 2971; x_wconf 75' lang='lat' dir='ltr'><strong>similiter</strong></span> <span class='ocrx_word' id='word_1_223' title='bbox 1770 2934 1894 2986; x_wconf 90' lang='lat' dir='ltr'><strong>por—</strong></span> 
     </span>
    </p>
   </div>
   <div class='ocr_carea' id='block_1_29' title="bbox 293 3004 1888 3074">
    <p class='ocr_par' dir='ltr' id='par_1_29' title="bbox 293 3004 1888 3074">
     <span class='ocr_line' id='line_1_29' title="bbox 293 3004 1888 3074; baseline 0.002 -17"><span class='ocrx_word' id='word_1_224' title='bbox 293 3004 361 3057; x_wconf 89' lang='lat' dir='ltr'><strong>tis</strong></span> <span class='ocrx_word' id='word_1_225' title='bbox 391 3004 701 3072; x_wconf 73' lang='lat' dir='ltr'><strong>repelletur.</strong></span> <span class='ocrx_word' id='word_1_226' title='bbox 735 3004 890 3058; x_wconf 76' lang='grc' dir='ltr'>Μιιιιὶ</span> <span class='ocrx_word' id='word_1_227' title='bbox 914 3007 1046 3059; x_wconf 88' lang='lat' dir='ltr'><strong>enim</strong></span> <span class='ocrx_word' id='word_1_228' title='bbox 1085 3008 1209 3060; x_wconf 85' lang='lat' dir='ltr'><strong>mihi</strong></span> <span class='ocrx_word' id='word_1_229' title='bbox 1228 3007 1396 3061; x_wconf 87' lang='lat' dir='ltr'><strong>dicent</strong></span> <span class='ocrx_word' id='word_1_230' title='bbox 1437 3009 1488 3060; x_wconf 89' lang='lat' dir='ltr'><strong>in</strong></span> <span class='ocrx_word' id='word_1_231' title='bbox 1516 3007 1598 3060; x_wconf 86' lang='lat' dir='ltr'><strong>die</strong></span> <span class='ocrx_word' id='word_1_232' title='bbox 1626 3009 1748 3074; x_wconf 77' lang='lat' dir='ltr'><strong>illa,</strong></span> <span class='ocrx_word' id='word_1_233' title='bbox 1784 3006 1888 3060; x_wconf 86' lang='lat' dir='ltr'><strong>Do-</strong></span> 
     </span>
    </p>
   </div>
   <div class='ocr_carea' id='block_1_30' title="bbox 289 3097 1894 3172">
    <p class='ocr_par' dir='ltr' id='par_1_30' title="bbox 289 3097 1894 3172">
     <span class='ocr_line' id='line_1_30' title="bbox 289 3097 1894 3172; baseline 0.004 -25"><span class='ocrx_word' id='word_1_234' title='bbox 289 3099 448 3161; x_wconf 80' lang='lat' dir='ltr'><strong>mine,</strong></span> <span class='ocrx_word' id='word_1_235' title='bbox 487 3097 738 3162; x_wconf 81' lang='lat' dir='ltr'><strong>Domine,</strong></span> <span class='ocrx_word' id='word_1_236' title='bbox 787 3115 954 3152; x_wconf 88' lang='lat' dir='ltr'><strong>nonne</strong></span> <span class='ocrx_word' id='word_1_237' title='bbox 997 3101 1050 3153; x_wconf 89' lang='lat' dir='ltr'><strong><em>in</em></strong></span> <span class='ocrx_word' id='word_1_238' title='bbox 1096 3101 1299 3154; x_wconf 85' lang='lat' dir='ltr'><strong>nomine</strong></span> <span class='ocrx_word' id='word_1_239' title='bbox 1328 3111 1412 3154; x_wconf 85' lang='lat' dir='ltr'><strong>tuo</strong></span> <span class='ocrx_word' id='word_1_240' title='bbox 1440 3102 1894 3172; x_wconf 67' lang='lat' dir='ltr'><strong>pt‘OpheMuimus?</strong></span> 
     </span>
    </p>
   </div>
   <div class='ocr_carea' id='block_1_31' title="bbox 298 3185 1886 3258">
    <p class='ocr_par' dir='ltr' id='par_1_31' title="bbox 298 3185 1886 3258">
     <span class='ocr_line' id='line_1_31' title="bbox 298 3185 1886 3258; baseline 0.004 -21"><span class='ocrx_word' id='word_1_241' title='bbox 298 3185 486 3239; x_wconf 75' lang='lat' dir='ltr'><strong>\‘iden‘</strong></span> <span class='ocrx_word' id='word_1_242' title='bbox 515 3187 784 3256; x_wconf 87' lang='lat' dir='ltr'><strong>quomodo</strong></span> <span class='ocrx_word' id='word_1_243' title='bbox 815 3203 936 3242; x_wconf 88' lang='lat' dir='ltr'><strong>sese</strong></span> <span class='ocrx_word' id='word_1_244' title='bbox 983 3190 1206 3243; x_wconf 80' lang='lat' dir='ltr'><strong>latenter</strong></span> <span class='ocrx_word' id='word_1_245' title='bbox 1235 3201 1416 3258; x_wconf 80' lang='lat' dir='ltr'><strong>pastea</strong></span> <span class='ocrx_word' id='word_1_246' title='bbox 1451 3191 1606 3243; x_wconf 81' lang='lat' dir='ltr'><strong>simul</strong></span> <span class='ocrx_word' id='word_1_247' title='bbox 1637 3191 1886 3258; x_wconf 84' lang='lat' dir='ltr'><strong>inducat,</strong></span> 
     </span>
    </p>
   </div>
   <div class='ocr_carea' id='block_1_32' title="bbox 291 3278 1888 3352">
    <p class='ocr_par' dir='ltr' id='par_1_32' title="bbox 291 3278 1888 3352">
     <span class='ocr_line' id='line_1_32' title="bbox 291 3278 1888 3352; baseline 0.004 -26"><span class='ocrx_word' id='word_1_248' title='bbox 291 3287 574 3345; x_wconf 69' lang='lat' dir='ltr'><strong>[mstqnam</strong></span> <span class='ocrx_word' id='word_1_249' title='bbox 605 3287 767 3332; x_wconf 86' lang='lat' dir='ltr'><strong>totam</strong></span> <span class='ocrx_word' id='word_1_250' title='bbox 793 3278 1021 3334; x_wconf 79' lang='lat' dir='ltr'><strong>absolvit</strong></span> <span class='ocrx_word' id='word_1_251' title='bbox 1049 3279 1386 3343; x_wconf 78' lang='lat' dir='ltr'><strong>concionem,</strong></span> <span class='ocrx_word' id='word_1_252' title='bbox 1426 3296 1485 3334; x_wconf 90' lang='lat' dir='ltr'><strong>se</strong></span> <span class='ocrx_word' id='word_1_253' title='bbox 1512 3296 1722 3352; x_wconf 87' lang='lat' dir='ltr'><strong>quoque</strong></span> <span class='ocrx_word' id='word_1_254' title='bbox 1743 3281 1888 3349; x_wconf 77' lang='lat' dir='ltr'><strong>judi-</strong></span> 
     </span>
    </p>
   </div>
   <div class='ocr_carea' id='block_1_33' title="bbox 289 3369 1893 3441">
    <p class='ocr_par' dir='ltr' id='par_1_33' title="bbox 289 3369 1893 3441">
     <span class='ocr_line' id='line_1_33' title="bbox 289 3369 1893 3441; baseline -0.001 -19"><span class='ocrx_word' id='word_1_255' title='bbox 289 3383 410 3422; x_wconf 78' lang='lat' dir='ltr'><strong>cetn</strong></span> <span class='ocrx_word' id='word_1_256' title='bbox 440 3369 712 3422; x_wconf 63' lang='lat' dir='ltr'><strong>Ostendit?</strong></span> <span class='ocrx_word' id='word_1_257' title='bbox 758 3369 888 3423; x_wconf 85' lang='lat' dir='ltr'><strong>Nam</strong></span> <span class='ocrx_word' id='word_1_258' title='bbox 919 3371 1060 3438; x_wconf 89' lang='lat' dir='ltr'><strong>quod</strong></span> <span class='ocrx_word' id='word_1_259' title='bbox 1105 3371 1235 3424; x_wconf 91' lang='lat' dir='ltr'><strong>ultio</strong></span> <span class='ocrx_word' id='word_1_260' title='bbox 1272 3382 1581 3441; x_wconf 59' lang='lat' dir='ltr'><strong>peccatores</strong></span> <span class='ocrx_word' id='word_1_261' title='bbox 1631 3373 1700 3424; x_wconf 78' lang='lat' dir='ltr'><strong>si!</strong></span> <span class='ocrx_word' id='word_1_262' title='bbox 1748 3373 1893 3425; x_wconf 81' lang='lat' dir='ltr'><strong>inva-</strong></span> 
     </span>
    </p>
   </div>
   <div class='ocr_carea' id='block_1_34' title="bbox 289 3460 1890 3533">
    <p class='ocr_par' dir='ltr' id='par_1_34' title="bbox 289 3460 1890 3533">
     <span class='ocr_line' id='line_1_34' title="bbox 289 3460 1890 3533; baseline 0.002 -19"><span class='ocrx_word' id='word_1_263' title='bbox 289 3475 441 3523; x_wconf 84' lang='lat' dir='ltr'><strong>sura,</strong></span> <span class='ocrx_word' id='word_1_264' title='bbox 470 3460 580 3528; x_wconf 86' lang='lat' dir='ltr'><strong>jam</strong></span> <span class='ocrx_word' id='word_1_265' title='bbox 609 3462 756 3531; x_wconf 86' lang='lat' dir='ltr'><strong>prius</strong></span> <span class='ocrx_word' id='word_1_266' title='bbox 784 3463 1125 3528; x_wconf 81' lang='lat' dir='ltr'><strong>ostenderat;</strong></span> <span class='ocrx_word' id='word_1_267' title='bbox 1155 3465 1274 3533; x_wconf 71' lang='lat' dir='ltr'><strong>quis</strong></span> <span class='ocrx_word' id='word_1_268' title='bbox 1297 3475 1477 3518; x_wconf 89' lang='lat' dir='ltr'><strong>autem</strong></span> <span class='ocrx_word' id='word_1_269' title='bbox 1507 3465 1648 3518; x_wconf 85' lang='lat' dir='ltr'><strong>ultor</strong></span> <span class='ocrx_word' id='word_1_270' title='bbox 1679 3464 1890 3518; x_wconf 81' lang='lat' dir='ltr'><strong>futurus</strong></span> 
     </span>
    </p>
   </div>
   <div class='ocr_carea' id='block_1_35' title="bbox 286 3554 1886 3628">
    <p class='ocr_par' dir='ltr' id='par_1_35' title="bbox 286 3554 1886 3628">
     <span class='ocr_line' id='line_1_35' title="bbox 286 3554 1886 3628; baseline 0.003 -23"><span class='ocrx_word' id='word_1_271' title='bbox 286 3562 466 3617; x_wconf 82' lang='lat' dir='ltr'><strong>esset,</strong></span> <span class='ocrx_word' id='word_1_272' title='bbox 492 3554 576 3608; x_wconf 90' lang='lat' dir='ltr'><strong>hic</strong></span> <span class='ocrx_word' id='word_1_273' title='bbox 602 3554 817 3608; x_wconf 87' lang='lat' dir='ltr'><strong>demum</strong></span> <span class='ocrx_word' id='word_1_274' title='bbox 849 3556 1086 3620; x_wconf 81' lang='lat' dir='ltr'><strong>revelat;</strong></span> <span class='ocrx_word' id='word_1_275' title='bbox 1119 3571 1216 3611; x_wconf 87' lang='lat' dir='ltr'><strong>nec</strong></span> <span class='ocrx_word' id='word_1_276' title='bbox 1243 3559 1385 3612; x_wconf 89' lang='lat' dir='ltr'><strong>clare</strong></span> <span class='ocrx_word' id='word_1_277' title='bbox 1410 3558 1563 3618; x_wconf 81' lang='lat' dir='ltr'><strong>dixit,</strong></span> <span class='ocrx_word' id='word_1_278' title='bbox 1599 3559 1710 3628; x_wconf 82' lang='lat' dir='ltr'><strong>Ego</strong></span> <span class='ocrx_word' id='word_1_279' title='bbox 1731 3573 1849 3611; x_wconf 88' lang='lat' dir='ltr'><strong>sum</strong></span> <span class='ocrx_word' id='word_1_280' title='bbox 1872 3574 1886 3617; x_wconf 82' lang='lat'><strong>:</strong></span> 
     </span>
    </p>
   </div>
   <div class='ocr_carea' id='block_1_36' title="bbox 287 3643 1887 3716">
    <p class='ocr_par' dir='ltr' id='par_1_36' title="bbox 287 3643 1887 3716">
     <span class='ocr_line' id='line_1_36' title="bbox 287 3643 1887 3716; baseline 0.003 -18"><span class='ocrx_word' id='word_1_281' title='bbox 287 3655 410 3705; x_wconf 76' lang='lat' dir='ltr'><strong>seu,</strong></span> <span class='ocrx_word' id='word_1_282' title='bbox 443 3643 598 3697; x_wconf 78' lang='lat' dir='ltr'><strong>Multi</strong></span> <span class='ocrx_word' id='word_1_283' title='bbox 635 3645 802 3698; x_wconf 82' lang='lat' dir='ltr'><strong>dicent</strong></span> <span class='ocrx_word' id='word_1_284' title='bbox 826 3647 972 3712; x_wconf 75' lang='lat' dir='ltr'><strong><em>mihi,</em></strong></span> <span class='ocrx_word' id='word_1_285' title='bbox 1007 3647 1236 3716; x_wconf 89' lang='lat' dir='ltr'><strong>idipsum</strong></span> <span class='ocrx_word' id='word_1_286' title='bbox 1269 3664 1454 3702; x_wconf 88' lang='lat' dir='ltr'><strong>rursus</strong></span> <span class='ocrx_word' id='word_1_287' title='bbox 1486 3648 1744 3703; x_wconf 86' lang='lat' dir='ltr'><strong>iudicans.</strong></span> <span class='ocrx_word' id='word_1_288' title='bbox 1778 3649 1887 3702; x_wconf 68' lang='lat' dir='ltr'><strong>Nisi</strong></span> 
     </span>
    </p>
   </div>
   <div class='ocr_carea' id='block_1_37' title="bbox 286 3733 1889 3805">
    <p class='ocr_par' dir='ltr' id='par_1_37' title="bbox 286 3733 1889 3805">
     <span class='ocr_line' id='line_1_37' title="bbox 286 3733 1889 3805; baseline 0.002 -17"><span class='ocrx_word' id='word_1_289' title='bbox 286 3733 437 3788; x_wconf 87' lang='lat' dir='ltr'><strong>enim</strong></span> <span class='ocrx_word' id='word_1_290' title='bbox 469 3739 580 3802; x_wconf 84' lang='lat' dir='ltr'><strong>ipse</strong></span> <span class='ocrx_word' id='word_1_291' title='bbox 605 3735 768 3803; x_wconf 81' lang='lat' dir='ltr'><strong>judex</strong></span> <span class='ocrx_word' id='word_1_292' title='bbox 800 3745 964 3803; x_wconf 80' lang='lat' dir='ltr'><strong>esset,</strong></span> <span class='ocrx_word' id='word_1_293' title='bbox 992 3738 1264 3805; x_wconf 81' lang='lat' dir='ltr'><strong>quomodo</strong></span> <span class='ocrx_word' id='word_1_294' title='bbox 1291 3739 1516 3793; x_wconf 77' lang='lat' dir='ltr'><strong>dixisSet</strong></span> <span class='ocrx_word' id='word_1_295' title='bbox 1545 3739 1623 3792; x_wconf 87' lang='lat' dir='ltr'><strong>eis</strong></span> <span class='ocrx_word' id='word_1_296' title='bbox 1658 3757 1669 3792; x_wconf 91' lang='lat'>:</span> <span class='ocrx_word' id='word_1_297' title='bbox 1695 3739 1788 3794; x_wconf 72' lang='lat'><strong>23.</strong></span> <span class='ocrx_word' id='word_1_298' title='bbox 1821 3737 1889 3791; x_wconf 83' lang='lat' dir='ltr'><strong>Et</strong></span> 
     </span>
    </p>
   </div>
   <div class='ocr_carea' id='block_1_38' title="bbox 288 3827 1890 3900">
    <p class='ocr_par' dir='ltr' id='par_1_38' title="bbox 288 3827 1890 3900">
     <span class='ocr_line' id='line_1_38' title="bbox 288 3827 1890 3900; baseline 0.002 -22"><span class='ocrx_word' id='word_1_299' title='bbox 288 3836 418 3880; x_wconf 77' lang='lat' dir='ltr'><strong>tunc</strong></span> <span class='ocrx_word' id='word_1_300' title='bbox 441 3827 717 3894; x_wconf 77' lang='lat' dir='ltr'><strong>confitebor</strong></span> <span class='ocrx_word' id='word_1_301' title='bbox 736 3829 822 3890; x_wconf 77' lang='lat' dir='ltr'><strong>eis,</strong></span> <span class='ocrx_word' id='word_1_302' title='bbox 851 3827 1106 3883; x_wconf 76' lang='lat' dir='ltr'><strong>Discedite</strong></span> <span class='ocrx_word' id='word_1_303' title='bbox 1132 3847 1163 3880; x_wconf 90' lang='lat' dir='ltr'><strong>a</strong></span> <span class='ocrx_word' id='word_1_304' title='bbox 1184 3846 1282 3893; x_wconf 85' lang='lat' dir='ltr'><strong>me,</strong></span> <span class='ocrx_word' id='word_1_305' title='bbox 1311 3846 1585 3900; x_wconf 77' lang='lat' dir='ltr'><strong>numquam</strong></span> <span class='ocrx_word' id='word_1_306' title='bbox 1627 3832 1740 3884; x_wconf 83' lang='lat' dir='ltr'><strong>novi</strong></span> <span class='ocrx_word' id='word_1_307' title='bbox 1763 3831 1890 3884; x_wconf 83' lang='lat' dir='ltr'><strong>vos?</strong></span> 
     </span>
    </p>
   </div>
   <div class='ocr_carea' id='block_1_39' title="bbox 287 3915 1888 3989">
    <p class='ocr_par' dir='ltr' id='par_1_39' title="bbox 287 3915 1888 3989">
     <span class='ocr_line' id='line_1_39' title="bbox 287 3915 1888 3989; baseline 0.001 -17"><span class='ocrx_word' id='word_1_308' title='bbox 287 3917 416 3972; x_wconf 79' lang='lat' dir='ltr'><strong>Non</strong></span> <span class='ocrx_word' id='word_1_309' title='bbox 442 3915 615 3971; x_wconf 84' lang='lat' dir='ltr'><strong>solum</strong></span> <span class='ocrx_word' id='word_1_310' title='bbox 664 3917 716 3971; x_wconf 90' lang='lat' dir='ltr'><strong>in</strong></span> <span class='ocrx_word' id='word_1_311' title='bbox 742 3917 830 3972; x_wconf 79' lang='lat' dir='ltr'><strong>die</strong></span> <span class='ocrx_word' id='word_1_312' title='bbox 855 3917 1040 3986; x_wconf 74' lang='lat' dir='ltr'><strong>iudicii</strong></span> <span class='ocrx_word' id='word_1_313' title='bbox 1060 3960 1074 3984; x_wconf 89' lang='lat'><strong>,</strong></span> <span class='ocrx_word' id='word_1_314' title='bbox 1103 3920 1197 3973; x_wconf 87' lang='lat' dir='ltr'><strong>sed</strong></span> <span class='ocrx_word' id='word_1_315' title='bbox 1244 3935 1416 3989; x_wconf 84' lang='lat' dir='ltr'><strong>neque</strong></span> <span class='ocrx_word' id='word_1_316' title='bbox 1441 3921 1602 3974; x_wconf 89' lang='lat' dir='ltr'><strong>etiam</strong></span> <span class='ocrx_word' id='word_1_317' title='bbox 1630 3936 1751 3975; x_wconf 86' lang='lat' dir='ltr'><strong>cum</strong></span> <span class='ocrx_word' id='word_1_318' title='bbox 1784 3921 1888 3973; x_wconf 85' lang='lat' dir='ltr'><strong>mi-</strong></span> 
     </span>
    </p>
   </div>
   <div class='ocr_carea' id='block_1_40' title="bbox 289 4007 1892 4080">
    <p class='ocr_par' dir='ltr' id='par_1_40' title="bbox 289 4007 1892 4080">
     <span class='ocr_line' id='line_1_40' title="bbox 289 4007 1892 4080; baseline -0.001 -16"><span class='ocrx_word' id='word_1_319' title='bbox 289 4010 473 4064; x_wconf 72' lang='lat' dir='ltr'><strong>racula</strong></span> <span class='ocrx_word' id='word_1_320' title='bbox 504 4007 798 4064; x_wconf 85' lang='lat' dir='ltr'><strong>edideritis.</strong></span> <span class='ocrx_word' id='word_1_321' title='bbox 833 4009 1064 4080; x_wconf 86' lang='lat' dir='ltr'><strong>Ideoque</strong></span> <span class='ocrx_word' id='word_1_322' title='bbox 1110 4010 1386 4078; x_wconf 84' lang='lat' dir='ltr'><strong>discipulis</strong></span> <span class='ocrx_word' id='word_1_323' title='bbox 1431 4011 1645 4064; x_wconf 87' lang='lat' dir='ltr'><strong>dicebat</strong></span> <span class='ocrx_word' id='word_1_324' title='bbox 1671 4028 1683 4062; x_wconf 92' lang='lat'>:</span> <span class='ocrx_word' id='word_1_325' title='bbox 1713 4009 1892 4063; x_wconf 82' lang='lat' dir='ltr'><strong>Nolite</strong></span> 
     </span>
    </p>
   </div>
   <div class='ocr_carea' id='block_1_41' title="bbox 285 4101 1890 4174">
    <p class='ocr_par' dir='ltr' id='par_1_41' title="bbox 285 4101 1890 4174">
     <span class='ocr_line' id='line_1_41' title="bbox 285 4101 1890 4174; baseline 0.002 -23"><span class='ocrx_word' id='word_1_326' title='bbox 285 4101 546 4172; x_wconf 80' lang='lat' dir='ltr'><strong>gaudere,</strong></span> <span class='ocrx_word' id='word_1_327' title='bbox 575 4103 695 4172; x_wconf 78' lang='lat' dir='ltr'><strong>quia</strong></span> <span class='ocrx_word' id='word_1_328' title='bbox 723 4102 974 4156; x_wconf 69' lang='lat' dir='ltr'><strong>dwmonia</strong></span> <span class='ocrx_word' id='word_1_329' title='bbox 1003 4104 1140 4158; x_wconf 82' lang='lat' dir='ltr'><strong>vobis</strong></span> <span class='ocrx_word' id='word_1_330' title='bbox 1160 4103 1516 4174; x_wconf 75' lang='lat' dir='ltr'><strong>subjiciuntur,</strong></span> <span class='ocrx_word' id='word_1_331' title='bbox 1538 4104 1628 4156; x_wconf 80' lang='lat' dir='ltr'><strong>sed</strong></span> <span class='ocrx_word' id='word_1_332' title='bbox 1653 4105 1770 4173; x_wconf 81' lang='lat' dir='ltr'><strong>quia</strong></span> <span class='ocrx_word' id='word_1_333' title='bbox 1797 4121 1890 4156; x_wconf 89' lang='lat' dir='ltr'><strong>na-</strong></span> 
     </span>
    </p>
   </div>
   <div class='ocr_carea' id='block_1_42' title="bbox 285 4193 1889 4266">
    <p class='ocr_par' dir='ltr' id='par_1_42' title="bbox 285 4193 1889 4266">
     <span class='ocr_line' id='line_1_42' title="bbox 285 4193 1889 4266; baseline -0.001 -18"><span class='ocrx_word' id='word_1_334' title='bbox 285 4194 432 4248; x_wconf 78' lang='lat' dir='ltr'><strong>minn</strong></span> <span class='ocrx_word' id='word_1_335' title='bbox 457 4204 621 4248; x_wconf 79' lang='lat' dir='ltr'><strong>vestra</strong></span> <span class='ocrx_word' id='word_1_336' title='bbox 650 4195 835 4264; x_wconf 77' lang='lat' dir='ltr'><strong>scripta</strong></span> <span class='ocrx_word' id='word_1_337' title='bbox 855 4204 972 4247; x_wconf 78' lang='lat' dir='ltr'><strong>sunt</strong></span> <span class='ocrx_word' id='word_1_338' title='bbox 1000 4195 1051 4249; x_wconf 89' lang='lat' dir='ltr'><strong>in</strong></span> <span class='ocrx_word' id='word_1_339' title='bbox 1081 4196 1218 4249; x_wconf 75' lang='lat' dir='ltr'><strong>cmlis</strong></span> <span class='ocrx_word' id='word_1_340' title='bbox 1240 4194 1389 4264; x_wconf 86' lang='lat' dir='ltr'><strong>(Luc.</strong></span> <span class='ocrx_word' id='word_1_341' title='bbox 1419 4196 1504 4250; x_wconf 80' lang='lat' dir='ltr'><strong>ll).</strong></span> <span class='ocrx_word' id='word_1_342' title='bbox 1537 4193 1654 4266; x_wconf 71' lang='grc'><strong>⁴⁵20).</strong></span> <span class='ocrx_word' id='word_1_343' title='bbox 1689 4195 1747 4248; x_wconf 73' lang='lat' dir='ltr'><strong>l&#39;lt</strong></span> <span class='ocrx_word' id='word_1_344' title='bbox 1775 4195 1889 4247; x_wconf 47' lang='lat' dir='ltr'><strong>ubi-</strong></span> 
     </span>
    </p>
   </div>
   <div class='ocr_carea' id='block_1_43' title="bbox 286 4273 1887 4356">
    <p class='ocr_par' dir='ltr' id='par_1_43' title="bbox 286 4273 1887 4356">
     <span class='ocr_line' id='line_1_43' title="bbox 286 4273 1887 4356; baseline -0.001 -17"><span class='ocrx_word' id='word_1_345' title='bbox 286 4298 403 4356; x_wconf 84' lang='lat' dir='ltr'><strong>que</strong></span> <span class='ocrx_word' id='word_1_346' title='bbox 429 4285 650 4338; x_wconf 85' lang='lat' dir='ltr'><strong>multam</strong></span> <span class='ocrx_word' id='word_1_347' title='bbox 675 4273 826 4353; x_wconf 85' lang='lat' dir='ltr'><strong>jubet</strong></span> <span class='ocrx_word' id='word_1_348' title='bbox 843 4285 963 4338; x_wconf 66' lang='lat' dir='ltr'><strong>vitae</strong></span> <span class='ocrx_word' id='word_1_349' title='bbox 990 4279 1175 4339; x_wconf 73' lang='lat' dir='ltr'><strong>cura&#39;m</strong></span> <span class='ocrx_word' id='word_1_350' title='bbox 1195 4300 1376 4355; x_wconf 82' lang='lat' dir='ltr'><strong>agere.</strong></span> <span class='ocrx_word' id='word_1_351' title='bbox 1400 4284 1580 4354; x_wconf 83' lang='lat' dir='ltr'><strong>Neque</strong></span> <span class='ocrx_word' id='word_1_352' title='bbox 1602 4285 1745 4338; x_wconf 86' lang='lat' dir='ltr'><strong>enim</strong></span> <span class='ocrx_word' id='word_1_353' title='bbox 1774 4284 1887 4338; x_wconf 70' lang='lat' dir='ltr'><strong>tis-ri</strong></span> 
     </span>
    </p>
   </div>
   <div class='ocr_carea' id='block_1_44' title="bbox 291 4374 1892 4444">
    <p class='ocr_par' dir='ltr' id='par_1_44' title="bbox 291 4374 1892 4444">
     <span class='ocr_line' id='line_1_44' title="bbox 291 4374 1892 4444; baseline -0.001 -16"><span class='ocrx_word' id='word_1_354' title='bbox 291 4390 550 4443; x_wconf 85' lang='lat' dir='ltr'><strong>umquam</strong></span> <span class='ocrx_word' id='word_1_355' title='bbox 582 4383 782 4444; x_wconf 82' lang='lat' dir='ltr'><strong>potest,</strong></span> <span class='ocrx_word' id='word_1_356' title='bbox 811 4384 865 4428; x_wconf 90' lang='lat' dir='ltr'><strong>ut</strong></span> <span class='ocrx_word' id='word_1_357' title='bbox 905 4374 1067 4429; x_wconf 77' lang='lat' dir='ltr'><strong>homo</strong></span> <span class='ocrx_word' id='word_1_358' title='bbox 1107 4387 1254 4430; x_wconf 85' lang='lat' dir='ltr'><strong>recte</strong></span> <span class='ocrx_word' id='word_1_359' title='bbox 1282 4377 1442 4428; x_wconf 81' lang='lat' dir='ltr'><strong>vitam</strong></span> <span class='ocrx_word' id='word_1_360' title='bbox 1486 4375 1768 4430; x_wconf 82' lang='lat' dir='ltr'><strong>instituens</strong></span> <span class='ocrx_word' id='word_1_361' title='bbox 1792 4418 1805 4441; x_wconf 91' lang='lat'><strong>,</strong></span> <span class='ocrx_word' id='word_1_362' title='bbox 1837 4386 1892 4427; x_wconf 84' lang='lat' dir='ltr'><strong>et</strong></span> 
     </span>
    </p>
   </div>
   <div class='ocr_carea' id='block_1_45' title="bbox 285 4463 1888 4534">
    <p class='ocr_par' dir='ltr' id='par_1_45' title="bbox 285 4463 1888 4534">
     <span class='ocr_line' id='line_1_45' title="bbox 285 4463 1888 4534; baseline 0.001 -16"><span class='ocrx_word' id='word_1_363' title='bbox 285 4465 544 4518; x_wconf 84' lang='lat' dir='ltr'><strong>omnibus</strong></span> <span class='ocrx_word' id='word_1_364' title='bbox 585 4463 750 4517; x_wconf 84' lang='lat' dir='ltr'><strong>animi</strong></span> <span class='ocrx_word' id='word_1_365' title='bbox 797 4465 996 4518; x_wconf 81' lang='lat' dir='ltr'><strong>morbis</strong></span> <span class='ocrx_word' id='word_1_366' title='bbox 1043 4465 1338 4532; x_wconf 83' lang='lat' dir='ltr'><strong>liberatus,</strong></span> <span class='ocrx_word' id='word_1_367' title='bbox 1383 4467 1740 4534; x_wconf 78' lang='lat' dir='ltr'><strong>despiciatur;</strong></span> <span class='ocrx_word' id='word_1_368' title='bbox 1795 4466 1888 4520; x_wconf 83' lang='lat' dir='ltr'><strong>sed</strong></span> 
     </span>
    </p>
   </div>
   <div class='ocr_carea' id='block_1_46' title="bbox 285 4553 1888 4623">
    <p class='ocr_par' dir='ltr' id='par_1_46' title="bbox 285 4553 1888 4623">
     <span class='ocr_line' id='line_1_46' title="bbox 285 4553 1888 4623; baseline 0.002 -15"><span class='ocrx_word' id='word_1_369' title='bbox 285 4553 399 4608; x_wconf 67' lang='lat' dir='ltr'><strong>etsi</strong></span> <span class='ocrx_word' id='word_1_370' title='bbox 425 4555 711 4623; x_wconf 81' lang='lat' dir='ltr'><strong>aliquando</strong></span> <span class='ocrx_word' id='word_1_371' title='bbox 741 4556 1005 4608; x_wconf 79' lang='lat' dir='ltr'><strong>erraverit</strong></span> <span class='ocrx_word' id='word_1_372' title='bbox 1029 4597 1042 4616; x_wconf 84' lang='lat'><strong>,</strong></span> <span class='ocrx_word' id='word_1_373' title='bbox 1071 4558 1180 4610; x_wconf 88' lang='lat' dir='ltr'><strong>cito</strong></span> <span class='ocrx_word' id='word_1_374' title='bbox 1210 4557 1356 4610; x_wconf 89' lang='lat' dir='ltr'><strong>illum</strong></span> <span class='ocrx_word' id='word_1_375' title='bbox 1386 4558 1525 4610; x_wconf 83' lang='lat' dir='ltr'><strong>Deus</strong></span> <span class='ocrx_word' id='word_1_376' title='bbox 1549 4557 1615 4610; x_wconf 86' lang='lat' dir='ltr'><strong>ad</strong></span> <span class='ocrx_word' id='word_1_377' title='bbox 1646 4559 1888 4612; x_wconf 84' lang='lat' dir='ltr'><strong>notitiam</strong></span> 
     </span>
    </p>
   </div>
   <div class='ocr_carea' id='block_1_47' title="bbox 285 4644 1888 4716">
    <p class='ocr_par' dir='ltr' id='par_1_47' title="bbox 285 4644 1888 4716">
     <span class='ocr_line' id='line_1_47' title="bbox 285 4644 1888 4716; baseline 0 -16"><span class='ocrx_word' id='word_1_378' title='bbox 285 4644 540 4700; x_wconf 71' lang='lat' dir='ltr'><strong>ven&#39;tatis</strong></span> <span class='ocrx_word' id='word_1_379' title='bbox 569 4644 862 4715; x_wconf 75' lang='lat' dir='ltr'><strong>perlrabet.</strong></span> <span class='ocrx_word' id='word_1_380' title='bbox 892 4644 1337 4715; x_wconf 67' lang='lat' dir='ltr'><strong>V&#39;erum_quidam</strong></span> <span class='ocrx_word' id='word_1_381' title='bbox 1381 4657 1504 4700; x_wconf 85' lang='lat' dir='ltr'><strong>sunt</strong></span> <span class='ocrx_word' id='word_1_382' title='bbox 1541 4647 1628 4716; x_wconf 87' lang='lat' dir='ltr'><strong>qui</strong></span> <span class='ocrx_word' id='word_1_383' title='bbox 1659 4647 1844 4701; x_wconf 84' lang='lat' dir='ltr'><strong>dicunt</strong></span> <span class='ocrx_word' id='word_1_384' title='bbox 1873 4690 1888 4714; x_wconf 92' lang='lat'><strong>,</strong></span> 
     </span>
    </p>
   </div>
   <div class='ocr_carea' id='block_1_48' title="bbox 288 4735 1889 4807">
    <p class='ocr_par' dir='ltr' id='par_1_48' title="bbox 288 4735 1889 4807">
     <span class='ocr_line' id='line_1_48' title="bbox 288 4735 1889 4807; baseline 0.001 -16"><span class='ocrx_word' id='word_1_385' title='bbox 288 4741 446 4805; x_wconf 83' lang='lat' dir='ltr'><strong>ipsos</strong></span> <span class='ocrx_word' id='word_1_386' title='bbox 493 4736 564 4790; x_wconf 83' lang='lat' dir='ltr'><strong>ita</strong></span> <span class='ocrx_word' id='word_1_387' title='bbox 612 4735 814 4791; x_wconf 79' lang='lat' dir='ltr'><strong>dixisse</strong></span> <span class='ocrx_word' id='word_1_388' title='bbox 855 4736 1199 4802; x_wconf 77' lang='lat' dir='ltr'><strong>mentiendo,</strong></span> <span class='ocrx_word' id='word_1_389' title='bbox 1255 4737 1483 4807; x_wconf 81' lang='lat' dir='ltr'><strong>ideoque</strong></span> <span class='ocrx_word' id='word_1_390' title='bbox 1526 4740 1752 4793; x_wconf 82' lang='lat' dir='ltr'><strong>salutem</strong></span> <span class='ocrx_word' id='word_1_391' title='bbox 1783 4744 1889 4793; x_wconf 84' lang='lat' dir='ltr'><strong>non</strong></span> 
     </span>
    </p>
   </div>
   <div class='ocr_carea' id='block_1_49' title="bbox 289 4827 1889 4896">
    <p class='ocr_par' dir='ltr' id='par_1_49' title="bbox 289 4827 1889 4896">
     <span class='ocr_line' id='line_1_49' title="bbox 289 4827 1889 4896; baseline -0.001 -15"><span class='ocrx_word' id='word_1_392' title='bbox 289 4841 420 4881; x_wconf 67' lang='lat' dir='ltr'><strong>esse</strong></span> <span class='ocrx_word' id='word_1_393' title='bbox 446 4835 828 4895; x_wconf 83' lang='lat' dir='ltr'><strong>consequutos.</strong></span> <span class='ocrx_word' id='word_1_394' title='bbox 875 4827 1016 4896; x_wconf 80' lang='lat' dir='ltr'><strong>Ergo</strong></span> <span class='ocrx_word' id='word_1_395' title='bbox 1047 4836 1256 4890; x_wconf 88' lang='lat' dir='ltr'><strong>contra,</strong></span> <span class='ocrx_word' id='word_1_396' title='bbox 1286 4842 1444 4896; x_wconf 89' lang='lat' dir='ltr'><strong>quam</strong></span> <span class='ocrx_word' id='word_1_397' title='bbox 1486 4829 1761 4891; x_wconf 69' lang='lat' dir='ltr'><strong>voluerat,</strong></span> <span class='ocrx_word' id='word_1_398' title='bbox 1793 4829 1889 4880; x_wconf 81' lang='lat' dir='ltr'><strong>ad-</strong></span> 
     </span>
    </p>
   </div>
   <div class='ocr_carea' id='block_1_50' title="bbox 285 4915 1959 4988">
    <p class='ocr_par' dir='ltr' id='par_1_50' title="bbox 285 4915 1959 4988">
     <span class='ocr_line' id='line_1_50' title="bbox 285 4915 1959 4988; baseline -0.001 -14"><span class='ocrx_word' id='word_1_399' title='bbox 285 4919 479 4975; x_wconf 76' lang='lat' dir='ltr'><strong>struit.</strong></span> <span class='ocrx_word' id='word_1_400' title='bbox 525 4915 654 4971; x_wconf 79' lang='lat' dir='ltr'><strong>Illud</strong></span> <span class='ocrx_word' id='word_1_401' title='bbox 683 4919 878 4988; x_wconf 88' lang='lat' dir='ltr'><strong>quippe</strong></span> <span class='ocrx_word' id='word_1_402' title='bbox 922 4919 1034 4972; x_wconf 79' lang='lat' dir='ltr'><strong>vult</strong></span> <span class='ocrx_word' id='word_1_403' title='bbox 1073 4916 1160 4971; x_wconf 85' lang='lat' dir='ltr'><strong>hic</strong></span> <span class='ocrx_word' id='word_1_404' title='bbox 1199 4918 1524 4982; x_wconf 74' lang='lat' dir='ltr'><strong>ostendere,</strong></span> <span class='ocrx_word' id='word_1_405' title='bbox 1552 4919 1709 4974; x_wconf 76' lang='lat' dir='ltr'><strong>(idem</strong></span> <span class='ocrx_word' id='word_1_406' title='bbox 1760 4919 1891 4974; x_wconf 84' lang='lat' dir='ltr'><strong>nihil</strong></span> <span class='ocrx_word' id='word_1_407' title='bbox 1949 4931 1959 4938; x_wconf 88' lang='lat'>&#39;</span> 
     </span>
    </p>
   </div>
   <div class='ocr_carea' id='block_1_51' title="bbox 287 5007 1893 5082">
    <p class='ocr_par' dir='ltr' id='par_1_51' title="bbox 287 5007 1893 5082">
     <span class='ocr_line' id='line_1_51' title="bbox 287 5007 1893 5082; baseline 0 -17"><span class='ocrx_word' id='word_1_408' title='bbox 287 5016 418 5065; x_wconf 79' lang='lat' dir='ltr'><strong>sine</strong></span> <span class='ocrx_word' id='word_1_409' title='bbox 445 5007 699 5079; x_wconf 83' lang='lat' dir='ltr'><strong>operibus</strong></span> <span class='ocrx_word' id='word_1_410' title='bbox 725 5011 922 5064; x_wconf 71' lang='lat' dir='ltr'><strong>valere.</strong></span> <span class='ocrx_word' id='word_1_411' title='bbox 951 5009 1152 5064; x_wconf 85' lang='lat' dir='ltr'><strong>Deinde</strong></span> <span class='ocrx_word' id='word_1_412' title='bbox 1193 5009 1244 5062; x_wconf 91' lang='lat' dir='ltr'><strong>id</strong></span> <span class='ocrx_word' id='word_1_413' title='bbox 1271 5011 1589 5075; x_wconf 85' lang='lat' dir='ltr'><strong>extendens,</strong></span> <span class='ocrx_word' id='word_1_414' title='bbox 1623 5012 1770 5082; x_wconf 78' lang='lat' dir='ltr'><strong>signa</strong></span> <span class='ocrx_word' id='word_1_415' title='bbox 1801 5013 1893 5065; x_wconf 84' lang='lat' dir='ltr'><strong>ad-</strong></span> 
     </span>
    </p>
   </div>
   <div class='ocr_carea' id='block_1_52' title="bbox 288 5099 1893 5174">
    <p class='ocr_par' dir='ltr' id='par_1_52' title="bbox 288 5099 1893 5174">
     <span class='ocr_line' id='line_1_52' title="bbox 288 5099 1893 5174; baseline 0.001 -19"><span class='ocrx_word' id='word_1_416' title='bbox 288 5099 471 5156; x_wconf 86' lang='lat' dir='ltr'><strong>didit:</strong></span> <span class='ocrx_word' id='word_1_417' title='bbox 498 5100 788 5156; x_wconf 68' lang='lat' dir='ltr'><strong>ostendens</strong></span> <span class='ocrx_word' id='word_1_418' title='bbox 829 5117 934 5154; x_wconf 85' lang='lat' dir='ltr'><strong>non</strong></span> <span class='ocrx_word' id='word_1_419' title='bbox 977 5102 1134 5154; x_wconf 85' lang='lat' dir='ltr'><strong>modo</strong></span> <span class='ocrx_word' id='word_1_420' title='bbox 1167 5100 1320 5156; x_wconf 85' lang='lat' dir='ltr'><strong>tidem</strong></span> <span class='ocrx_word' id='word_1_421' title='bbox 1344 5145 1358 5168; x_wconf 94' lang='lat'><strong>,</strong></span> <span class='ocrx_word' id='word_1_422' title='bbox 1403 5103 1495 5157; x_wconf 89' lang='lat' dir='ltr'><strong>sed</strong></span> <span class='ocrx_word' id='word_1_423' title='bbox 1524 5106 1683 5157; x_wconf 86' lang='lat' dir='ltr'><strong>etiam</strong></span> <span class='ocrx_word' id='word_1_424' title='bbox 1710 5106 1893 5174; x_wconf 69' lang='lat' dir='ltr'><strong>signo-</strong></span> 
     </span>
    </p>
   </div>
   <div class='ocr_carea' id='block_1_53' title="bbox 291 5180 1892 5263">
    <p class='ocr_par' dir='ltr' id='par_1_53' title="bbox 291 5180 1892 5263">
     <span class='ocr_line' id='line_1_53' title="bbox 291 5180 1892 5263; baseline 0.001 -15"><span class='ocrx_word' id='word_1_425' title='bbox 291 5209 421 5248; x_wconf 84' lang='lat' dir='ltr'><strong>rum</strong></span> <span class='ocrx_word' id='word_1_426' title='bbox 443 5180 803 5263; x_wconf 79' lang='lat' dir='ltr'><strong>operationem</strong></span> <span class='ocrx_word' id='word_1_427' title='bbox 832 5194 1074 5260; x_wconf 65' lang='lat' dir='ltr'><strong>aperanti</strong></span> <span class='ocrx_word' id='word_1_428' title='bbox 1099 5194 1353 5261; x_wconf 79' lang='lat' dir='ltr'><strong>prodesse</strong></span> <span class='ocrx_word' id='word_1_429' title='bbox 1380 5194 1509 5248; x_wconf 88' lang='lat' dir='ltr'><strong>nihil</strong></span> <span class='ocrx_word' id='word_1_430' title='bbox 1536 5196 1652 5250; x_wconf 85' lang='lat' dir='ltr'><strong>sine</strong></span> <span class='ocrx_word' id='word_1_431' title='bbox 1679 5196 1892 5250; x_wconf 73' lang='lat' dir='ltr'><strong>virtute.</strong></span> 
     </span>
    </p>
   </div>
   <div class='ocr_carea' id='block_1_54' title="bbox 294 5283 1895 5356">
    <p class='ocr_par' dir='ltr' id='par_1_54' title="bbox 294 5283 1895 5356">
     <span class='ocr_line' id='line_1_54' title="bbox 294 5283 1895 5356; baseline 0.002 -18"><span class='ocrx_word' id='word_1_432' title='bbox 294 5284 414 5338; x_wconf 72' lang='lat' dir='ltr'><strong>i‘iisi</strong></span> <span class='ocrx_word' id='word_1_433' title='bbox 447 5292 622 5338; x_wconf 82' lang='lat' dir='ltr'><strong>autem</strong></span> <span class='ocrx_word' id='word_1_434' title='bbox 674 5284 747 5337; x_wconf 86' lang='lat' dir='ltr'><strong>illi</strong></span> <span class='ocrx_word' id='word_1_435' title='bbox 796 5283 947 5353; x_wconf 76' lang='lat' dir='ltr'><strong>signa</strong></span> <span class='ocrx_word' id='word_1_436' title='bbox 995 5283 1245 5340; x_wconf 82' lang='lat' dir='ltr'><strong>fecissent</strong></span> <span class='ocrx_word' id='word_1_437' title='bbox 1265 5326 1278 5348; x_wconf 93' lang='lat'><strong>,</strong></span> <span class='ocrx_word' id='word_1_438' title='bbox 1307 5285 1578 5356; x_wconf 89' lang='lat' dir='ltr'><strong>quomodo</strong></span> <span class='ocrx_word' id='word_1_439' title='bbox 1607 5287 1721 5341; x_wconf 69' lang='lat' dir='ltr'><strong>ham</strong></span> <span class='ocrx_word' id='word_1_440' title='bbox 1751 5297 1895 5342; x_wconf 86' lang='lat' dir='ltr'><strong>stare</strong></span> 
     </span>
    </p>
   </div>
   <div class='ocr_carea' id='block_1_55' title="bbox 295 5375 1895 5443">
    <p class='ocr_par' dir='ltr' id='par_1_55' title="bbox 295 5375 1895 5443">
     <span class='ocr_line' id='line_1_55' title="bbox 295 5375 1895 5443; baseline 0.003 -15"><span class='ocrx_word' id='word_1_441' title='bbox 295 5378 409 5428; x_wconf 79' lang='lat' dir='ltr'><strong>hoc</strong></span> <span class='ocrx_word' id='word_1_442' title='bbox 438 5377 557 5428; x_wconf 90' lang='lat' dir='ltr'><strong>loco</strong></span> <span class='ocrx_word' id='word_1_443' title='bbox 589 5375 927 5441; x_wconf 83' lang='lat' dir='ltr'><strong>potuissent?</strong></span> <span class='ocrx_word' id='word_1_444' title='bbox 954 5375 1200 5443; x_wconf 83' lang='lat' dir='ltr'><strong>Alioquin</strong></span> <span class='ocrx_word' id='word_1_445' title='bbox 1247 5387 1424 5430; x_wconf 85' lang='lat' dir='ltr'><strong>autem</strong></span> <span class='ocrx_word' id='word_1_446' title='bbox 1472 5392 1576 5430; x_wconf 91' lang='lat' dir='ltr'><strong>non</strong></span> <span class='ocrx_word' id='word_1_447' title='bbox 1605 5379 1720 5433; x_wconf 85' lang='lat' dir='ltr'><strong>ausi</strong></span> <span class='ocrx_word' id='word_1_448' title='bbox 1769 5378 1895 5432; x_wconf 84' lang='lat' dir='ltr'><strong>luis-</strong></span> 
     </span>
    </p>
   </div>
   <div class='ocr_carea' id='block_1_56' title="bbox 293 5465 1894 5539">
    <p class='ocr_par' dir='ltr' id='par_1_56' title="bbox 293 5465 1894 5539">
     <span class='ocr_line' id='line_1_56' title="bbox 293 5465 1894 5539; baseline 0.002 -17"><span class='ocrx_word' id='word_1_449' title='bbox 293 5475 447 5529; x_wconf 71' lang='lat' dir='ltr'><strong>sem,</strong></span> <span class='ocrx_word' id='word_1_450' title='bbox 475 5475 736 5533; x_wconf 77' lang='lat' dir='ltr'><strong>pnesente</strong></span> <span class='ocrx_word' id='word_1_451' title='bbox 760 5465 984 5533; x_wconf 84' lang='lat' dir='ltr'><strong>judicio,</strong></span> <span class='ocrx_word' id='word_1_452' title='bbox 1017 5466 1098 5520; x_wconf 89' lang='lat' dir='ltr'><strong>his</strong></span> <span class='ocrx_word' id='word_1_453' title='bbox 1125 5466 1270 5520; x_wconf 89' lang='lat' dir='ltr'><strong>illum</strong></span> <span class='ocrx_word' id='word_1_454' title='bbox 1311 5468 1528 5537; x_wconf 84' lang='lat' dir='ltr'><strong>alloqui.</strong></span> <span class='ocrx_word' id='word_1_455' title='bbox 1563 5469 1679 5539; x_wconf 88' lang='lat' dir='ltr'><strong>Ipsa</strong></span> <span class='ocrx_word' id='word_1_456' title='bbox 1714 5481 1894 5526; x_wconf 83' lang='lat' dir='ltr'><strong>autem</strong></span> 
     </span>
    </p>
   </div>
   <div class='ocr_carea' id='block_1_57' title="bbox 298 5557 1898 5634">
    <p class='ocr_par' dir='ltr' id='par_1_57' title="bbox 298 5557 1898 5634">
     <span class='ocr_line' id='line_1_57' title="bbox 298 5557 1898 5634; baseline 0.003 -23"><span class='ocrx_word' id='word_1_457' title='bbox 298 5557 608 5627; x_wconf 74' lang='lat' dir='ltr'><strong>responsio,</strong></span> <span class='ocrx_word' id='word_1_458' title='bbox 635 5566 744 5610; x_wconf 90' lang='lat' dir='ltr'><strong>tum</strong></span> <span class='ocrx_word' id='word_1_459' title='bbox 775 5557 939 5612; x_wconf 83' lang='lat' dir='ltr'><strong>etiam</strong></span> <span class='ocrx_word' id='word_1_460' title='bbox 968 5558 1107 5627; x_wconf 86' lang='lat' dir='ltr'><strong>quod</strong></span> <span class='ocrx_word' id='word_1_461' title='bbox 1137 5559 1236 5627; x_wconf 85' lang='lat' dir='ltr'><strong>ipsi</strong></span> <span class='ocrx_word' id='word_1_462' title='bbox 1269 5559 1647 5629; x_wconf 80' lang='lat' dir='ltr'><strong>interrogando</strong></span> <span class='ocrx_word' id='word_1_463' title='bbox 1675 5562 1898 5634; x_wconf 69' lang='lat' dir='ltr'><strong>loquan.</strong></span> 
     </span>
    </p>
   </div>
   <div class='ocr_carea' id='block_1_58' title="bbox 298 5646 1900 5724">
    <p class='ocr_par' dir='ltr' id='par_1_58' title="bbox 298 5646 1900 5724">
     <span class='ocr_line' id='line_1_58' title="bbox 298 5646 1900 5724; baseline 0.006 -24"><span class='ocrx_word' id='word_1_464' title='bbox 298 5660 414 5713; x_wconf 85' lang='lat' dir='ltr'><strong>tur,</strong></span> <span class='ocrx_word' id='word_1_465' title='bbox 448 5647 681 5702; x_wconf 84' lang='lat' dir='ltr'><strong>ostendit</strong></span> <span class='ocrx_word' id='word_1_466' title='bbox 710 5649 854 5717; x_wconf 83' lang='lat' dir='ltr'><strong>ipsos</strong></span> <span class='ocrx_word' id='word_1_467' title='bbox 884 5646 935 5701; x_wconf 90' lang='lat' dir='ltr'><strong>id</strong></span> <span class='ocrx_word' id='word_1_468' title='bbox 975 5664 1101 5703; x_wconf 76' lang='lat' dir='ltr'><strong>vere</strong></span> <span class='ocrx_word' id='word_1_469' title='bbox 1129 5649 1339 5704; x_wconf 77' lang='lat' dir='ltr'><strong>iecisse.</strong></span> <span class='ocrx_word' id='word_1_470' title='bbox 1377 5651 1510 5716; x_wconf 81' lang='lat' dir='ltr'><strong>Quia</strong></span> <span class='ocrx_word' id='word_1_471' title='bbox 1543 5653 1684 5707; x_wconf 89' lang='lat' dir='ltr'><strong>enim</strong></span> <span class='ocrx_word' id='word_1_472' title='bbox 1707 5668 1900 5724; x_wconf 80' lang='lat' dir='ltr'><strong>exspe-</strong></span> 
     </span>
    </p>
   </div>
   <div class='ocr_carea' id='block_1_59' title="bbox 298 5730 1894 5814">
    <p class='ocr_par' dir='ltr' id='par_1_59' title="bbox 298 5730 1894 5814">
     <span class='ocr_line' id='line_1_59' title="bbox 298 5730 1894 5814; baseline 0.008 -24"><span class='ocrx_word' id='word_1_473' title='bbox 298 5730 528 5790; x_wconf 84' lang='lat' dir='ltr'><strong>ctationi</strong></span> <span class='ocrx_word' id='word_1_474' title='bbox 557 5737 1022 5794; x_wconf 74' lang='lat' dir='ltr'><strong>snze‘comrarium</strong></span> <span class='ocrx_word' id='word_1_475' title='bbox 1074 5738 1233 5795; x_wconf 83' lang='lat' dir='ltr'><strong>ﬁnem</strong></span> <span class='ocrx_word' id='word_1_476' title='bbox 1267 5757 1388 5799; x_wconf 85' lang='lat' dir='ltr'><strong>esse</strong></span> <span class='ocrx_word' id='word_1_477' title='bbox 1413 5739 1701 5814; x_wconf 82' lang='lat' dir='ltr'><strong>videbant,</strong></span> <span class='ocrx_word' id='word_1_478' title='bbox 1725 5755 1778 5801; x_wconf 87' lang='lat' dir='ltr'><strong>et</strong></span> <span class='ocrx_word' id='word_1_479' title='bbox 1808 5750 1894 5802; x_wconf 87' lang='lat' dir='ltr'><strong>tnc</strong></span> 
     </span>
    </p>
   </div>
   <div class='ocr_carea' id='block_1_60' title="bbox 2023 809 3624 894">
    <p class='ocr_par' dir='ltr' id='par_1_60' title="bbox 2023 809 3624 894">
     <span class='ocr_line' id='line_1_60' title="bbox 2023 809 3624 894; baseline 0.009 -32"><span class='ocrx_word' id='word_1_480' title='bbox 2023 809 2285 865; x_wconf 76' lang='lat' dir='ltr'><strong>iuit-abitis</strong></span> <span class='ocrx_word' id='word_1_481' title='bbox 2315 814 2576 882; x_wconf 86' lang='lat' dir='ltr'><strong>patrando</strong></span> <span class='ocrx_word' id='word_1_482' title='bbox 2617 817 2892 885; x_wconf 88' lang='lat' dir='ltr'><strong>conspicui</strong></span> <span class='ocrx_word' id='word_1_483' title='bbox 2917 857 2932 882; x_wconf 88' lang='lat'><strong>,</strong></span> <span class='ocrx_word' id='word_1_484' title='bbox 2963 817 3068 873; x_wconf 87' lang='lat' dir='ltr'><strong>illic</strong></span> <span class='ocrx_word' id='word_1_485' title='bbox 3115 832 3176 874; x_wconf 85' lang='lat' dir='ltr'><strong>se</strong></span> <span class='ocrx_word' id='word_1_486' title='bbox 3205 819 3466 889; x_wconf 87' lang='lat' dir='ltr'><strong>supplicio</strong></span> <span class='ocrx_word' id='word_1_487' title='bbox 3500 825 3624 894; x_wconf 61' lang='grc' dir='ltr'><strong>μου</strong></span> 
     </span>
    </p>
   </div>
   <div class='ocr_carea' id='block_1_61' title="bbox 2011 901 3616 986">
    <p class='ocr_par' dir='ltr' id='par_1_61' title="bbox 2011 901 3616 986">
     <span class='ocr_line' id='line_1_61' title="bbox 2011 901 3616 986; baseline 0.009 -34"><span class='ocrx_word' id='word_1_488' title='bbox 2011 901 2235 956; x_wconf 74' lang='lat' dir='ltr'><strong>ctcndos</strong></span> <span class='ocrx_word' id='word_1_489' title='bbox 2279 904 2602 970; x_wconf 82' lang='lat' dir='ltr'><strong>cernebant,</strong></span> <span class='ocrx_word' id='word_1_490' title='bbox 2650 907 2933 978; x_wconf 79' lang='lat' dir='ltr'><strong>stupefacti</strong></span> <span class='ocrx_word' id='word_1_491' title='bbox 2980 919 3034 963; x_wconf 87' lang='lat' dir='ltr'><strong>et</strong></span> <span class='ocrx_word' id='word_1_492' title='bbox 3078 911 3336 966; x_wconf 86' lang='lat' dir='ltr'><strong>mirantes</strong></span> <span class='ocrx_word' id='word_1_493' title='bbox 3381 912 3616 986; x_wconf 86' lang='lat' dir='ltr'><strong>dicunt:</strong></span> 
     </span>
    </p>
   </div>
   <div class='ocr_carea' id='block_1_62' title="bbox 2014 985 3614 1073">
    <p class='ocr_par' dir='ltr' id='par_1_62' title="bbox 2014 985 3614 1073">
     <span class='ocr_line' id='line_1_62' title="bbox 2014 985 3614 1073; baseline 0.009 -29"><span class='ocrx_word' id='word_1_494' title='bbox 2014 989 2251 1060; x_wconf 79' lang='lat' dir='ltr'><strong>Dumine,</strong></span> <span class='ocrx_word' id='word_1_495' title='bbox 2284 985 2522 1061; x_wconf 83' lang='lat' dir='ltr'><strong>Domine,</strong></span> <span class='ocrx_word' id='word_1_496' title='bbox 2556 1013 2722 1052; x_wconf 86' lang='lat' dir='ltr'><strong>nonne</strong></span> <span class='ocrx_word' id='word_1_497' title='bbox 2741 1000 2793 1052; x_wconf 90' lang='lat' dir='ltr'><strong>in</strong></span> <span class='ocrx_word' id='word_1_498' title='bbox 2820 1017 3025 1055; x_wconf 76' lang='lat' dir='ltr'><strong>nomine</strong></span> <span class='ocrx_word' id='word_1_499' title='bbox 3052 1010 3138 1055; x_wconf 77' lang='lat' dir='ltr'><strong>tuo</strong></span> <span class='ocrx_word' id='word_1_500' title='bbox 3170 1004 3614 1073; x_wconf 68' lang='lat' dir='ltr'><strong>map/celavimus?</strong></span> 
     </span>
    </p>
   </div>
   <div class='ocr_carea' id='block_1_63' title="bbox 2009 1082 3613 1163">
    <p class='ocr_par' dir='ltr' id='par_1_63' title="bbox 2009 1082 3613 1163">
     <span class='ocr_line' id='line_1_63' title="bbox 2009 1082 3613 1163; baseline 0.011 -30"><span class='ocrx_word' id='word_1_501' title='bbox 2009 1082 2280 1150; x_wconf 87' lang='lat' dir='ltr'><strong>quomodo</strong></span> <span class='ocrx_word' id='word_1_502' title='bbox 2327 1101 2456 1156; x_wconf 81' lang='lat' dir='ltr'><strong>ergo</strong></span> <span class='ocrx_word' id='word_1_503' title='bbox 2504 1103 2648 1143; x_wconf 88' lang='lat' dir='ltr'><strong>nunc</strong></span> <span class='ocrx_word' id='word_1_504' title='bbox 2694 1105 2791 1144; x_wconf 87' lang='lat' dir='ltr'><strong>nos</strong></span> <span class='ocrx_word' id='word_1_505' title='bbox 2836 1092 3150 1146; x_wconf 75' lang='lat' dir='ltr'><strong>aversaris?</strong></span> <span class='ocrx_word' id='word_1_506' title='bbox 3191 1093 3318 1163; x_wconf 90' lang='lat' dir='ltr'><strong>quid</strong></span> <span class='ocrx_word' id='word_1_507' title='bbox 3367 1095 3468 1150; x_wconf 89' lang='lat' dir='ltr'><strong>sibi</strong></span> <span class='ocrx_word' id='word_1_508' title='bbox 3497 1098 3613 1152; x_wconf 78' lang='lat' dir='ltr'><strong>vult</strong></span> 
     </span>
    </p>
   </div>
   <div class='ocr_carea' id='block_1_64' title="bbox 2010 1173 3610 1254">
    <p class='ocr_par' dir='ltr' id='par_1_64' title="bbox 2010 1173 3610 1254">
     <span class='ocr_line' id='line_1_64' title="bbox 2010 1173 3610 1254; baseline 0.011 -31"><span class='ocrx_word' id='word_1_509' title='bbox 2010 1173 2410 1242; x_wconf 72' lang='lat' dir='ltr'><strong>inexspectatus</strong></span> <span class='ocrx_word' id='word_1_510' title='bbox 2461 1178 2547 1231; x_wconf 90' lang='lat' dir='ltr'><strong>ille</strong></span> <span class='ocrx_word' id='word_1_511' title='bbox 2593 1177 2753 1234; x_wconf 82' lang='lat' dir='ltr'><strong>linis?</strong></span> <span class='ocrx_word' id='word_1_512' title='bbox 2797 1178 2902 1236; x_wconf 85' lang='lat' dir='ltr'><strong>Sed</strong></span> <span class='ocrx_word' id='word_1_513' title='bbox 2953 1181 3028 1236; x_wconf 90' lang='lat' dir='ltr'><strong>illi</strong></span> <span class='ocrx_word' id='word_1_514' title='bbox 3067 1184 3282 1254; x_wconf 89' lang='lat' dir='ltr'><strong>quidem</strong></span> <span class='ocrx_word' id='word_1_515' title='bbox 3324 1188 3610 1248; x_wconf 86' lang='lat' dir='ltr'><strong>mirantur.</strong></span> 
     </span>
    </p>
   </div>
   <div class='ocr_carea' id='block_1_65' title="bbox 2007 1262 3610 1341">
    <p class='ocr_par' dir='ltr' id='par_1_65' title="bbox 2007 1262 3610 1341">
     <span class='ocr_line' id='line_1_65' title="bbox 2007 1262 3610 1341; baseline 0.012 -26"><span class='ocrx_word' id='word_1_516' title='bbox 2007 1262 2149 1331; x_wconf 87' lang='lat' dir='ltr'><strong>quod</strong></span> <span class='ocrx_word' id='word_1_517' title='bbox 2182 1275 2302 1333; x_wconf 89' lang='lat' dir='ltr'><strong>post</strong></span> <span class='ocrx_word' id='word_1_518' title='bbox 2347 1267 2470 1323; x_wconf 88' lang='lat' dir='ltr'><strong>talia</strong></span> <span class='ocrx_word' id='word_1_519' title='bbox 2518 1267 2661 1324; x_wconf 86' lang='lat' dir='ltr'><strong>edita</strong></span> <span class='ocrx_word' id='word_1_520' title='bbox 2707 1284 2871 1340; x_wconf 84' lang='lat' dir='ltr'><strong>opera</strong></span> <span class='ocrx_word' id='word_1_521' title='bbox 2923 1273 3212 1341; x_wconf 88' lang='lat' dir='ltr'><strong>puniantur</strong></span> <span class='ocrx_word' id='word_1_522' title='bbox 3243 1291 3256 1329; x_wconf 89' lang='lat'><strong>:</strong></span> <span class='ocrx_word' id='word_1_523' title='bbox 3285 1285 3340 1329; x_wconf 91' lang='lat' dir='ltr'><strong>tu</strong></span> <span class='ocrx_word' id='word_1_524' title='bbox 3383 1284 3610 1334; x_wconf 83' lang='lat' dir='ltr'><strong>verone</strong></span> 
     </span>
    </p>
   </div>
   <div class='ocr_carea' id='block_1_66' title="bbox 2007 1355 3613 1439">
    <p class='ocr_par' dir='ltr' id='par_1_66' title="bbox 2007 1355 3613 1439">
     <span class='ocr_line' id='line_1_66' title="bbox 2007 1355 3613 1439; baseline 0.012 -34"><span class='ocrx_word' id='word_1_525' title='bbox 2007 1356 2239 1409; x_wconf 86' lang='lat' dir='ltr'><strong>mireris.</strong></span> <span class='ocrx_word' id='word_1_526' title='bbox 2283 1355 2470 1412; x_wconf 86' lang='lat' dir='ltr'><strong>Omnis</strong></span> <span class='ocrx_word' id='word_1_527' title='bbox 2498 1360 2696 1430; x_wconf 83' lang='lat' dir='ltr'><strong>quippe</strong></span> <span class='ocrx_word' id='word_1_528' title='bbox 2722 1363 2892 1431; x_wconf 80' lang='lat' dir='ltr'><strong>gratia</strong></span> <span class='ocrx_word' id='word_1_529' title='bbox 2919 1379 2982 1418; x_wconf 77' lang='lat' dir='ltr'><strong>ex</strong></span> <span class='ocrx_word' id='word_1_530' title='bbox 3011 1363 3191 1419; x_wconf 87' lang='lat' dir='ltr'><strong>dantis</strong></span> <span class='ocrx_word' id='word_1_531' title='bbox 3222 1381 3450 1424; x_wconf 85' lang='lat' dir='ltr'><strong>munero</strong></span> <span class='ocrx_word' id='word_1_532' title='bbox 3482 1386 3613 1439; x_wconf 85' lang='lat' dir='ltr'><strong>pro-</strong></span> 
     </span>
    </p>
   </div>
   <div class='ocr_carea' id='block_1_67' title="bbox 2003 1439 3612 1532">
    <p class='ocr_par' dir='ltr' id='par_1_67' title="bbox 2003 1439 3612 1532">
     <span class='ocr_line' id='line_1_67' title="bbox 2003 1439 3612 1532; baseline 0.012 -33"><span class='ocrx_word' id='word_1_533' title='bbox 2003 1445 2082 1500; x_wconf 91' lang='lat' dir='ltr'><strong>dit</strong></span> <span class='ocrx_word' id='word_1_534' title='bbox 2112 1465 2124 1501; x_wconf 87' lang='lat'><strong>:</strong></span> <span class='ocrx_word' id='word_1_535' title='bbox 2152 1449 2227 1502; x_wconf 89' lang='lat' dir='ltr'><strong>illi</strong></span> <span class='ocrx_word' id='word_1_536' title='bbox 2255 1464 2384 1503; x_wconf 68' lang='lat' dir='ltr'><strong>vero</strong></span> <span class='ocrx_word' id='word_1_537' title='bbox 2410 1450 2543 1506; x_wconf 90' lang='lat' dir='ltr'><strong>nihil</strong></span> <span class='ocrx_word' id='word_1_538' title='bbox 2574 1467 2603 1506; x_wconf 89' lang='lat' dir='ltr'><strong>a</strong></span> <span class='ocrx_word' id='word_1_539' title='bbox 2631 1453 2824 1523; x_wconf 87' lang='lat' dir='ltr'><strong>seipsis</strong></span> <span class='ocrx_word' id='word_1_540' title='bbox 2853 1439 3184 1524; x_wconf 85' lang='lat' dir='ltr'><strong>attulerunt,</strong></span> <span class='ocrx_word' id='word_1_541' title='bbox 3223 1459 3453 1531; x_wconf 82' lang='lat' dir='ltr'><strong>ideoque</strong></span> <span class='ocrx_word' id='word_1_542' title='bbox 3489 1463 3612 1532; x_wconf 82' lang='lat' dir='ltr'><strong>jure</strong></span> 
     </span>
    </p>
   </div>
   <div class='ocr_carea' id='block_1_68' title="bbox 2003 1539 3681 1620">
    <p class='ocr_par' dir='ltr' id='par_1_68' title="bbox 2003 1539 3681 1620">
     <span class='ocr_line' id='line_1_68' title="bbox 2003 1539 3681 1620; baseline 0.007 -27"><span class='ocrx_word' id='word_1_543' title='bbox 2003 1539 2266 1609; x_wconf 81' lang='lat' dir='ltr'><strong>supplicio</strong></span> <span class='ocrx_word' id='word_1_544' title='bbox 2289 1542 2592 1610; x_wconf 87' lang='lat' dir='ltr'><strong>traduntur,</strong></span> <span class='ocrx_word' id='word_1_545' title='bbox 2615 1560 2682 1599; x_wconf 89' lang='lat' dir='ltr'><strong>eo</strong></span> <span class='ocrx_word' id='word_1_546' title='bbox 2702 1547 2843 1614; x_wconf 89' lang='lat' dir='ltr'><strong>quod</strong></span> <span class='ocrx_word' id='word_1_547' title='bbox 2863 1562 2986 1619; x_wconf 81' lang='lat' dir='ltr'><strong>erga</strong></span> <span class='ocrx_word' id='word_1_548' title='bbox 3007 1565 3129 1604; x_wconf 89' lang='lat' dir='ltr'><strong>eum</strong></span> <span class='ocrx_word' id='word_1_549' title='bbox 3157 1552 3245 1620; x_wconf 91' lang='lat' dir='ltr'><strong>qui</strong></span> <span class='ocrx_word' id='word_1_550' title='bbox 3269 1552 3346 1607; x_wconf 85' lang='lat' dir='ltr'><strong>sic</strong></span> <span class='ocrx_word' id='word_1_551' title='bbox 3367 1552 3493 1609; x_wconf 86' lang='lat' dir='ltr'><strong>illos</strong></span> <span class='ocrx_word' id='word_1_552' title='bbox 3511 1555 3609 1609; x_wconf 79' lang='lat' dir='ltr'><strong>ho.</strong></span> <span class='ocrx_word' id='word_1_553' title='bbox 3670 1555 3681 1566; x_wconf 83' lang='lat'><em>’</em></span> 
     </span>
    </p>
   </div>
   <div class='ocr_carea' id='block_1_69' title="bbox 2005 1636 3608 1718">
    <p class='ocr_par' dir='ltr' id='par_1_69' title="bbox 2005 1636 3608 1718">
     <span class='ocr_line' id='line_1_69' title="bbox 2005 1636 3608 1718; baseline 0.013 -36"><span class='ocrx_word' id='word_1_554' title='bbox 2005 1642 2308 1697; x_wconf 78' lang='lat' dir='ltr'><strong>noraverat,</strong></span> <span class='ocrx_word' id='word_1_555' title='bbox 2333 1645 2390 1689; x_wconf 93' lang='lat' dir='ltr'><strong>ut</strong></span> <span class='ocrx_word' id='word_1_556' title='bbox 2413 1636 2645 1707; x_wconf 78' lang='lat' dir='ltr'><strong>indignis</strong></span> <span class='ocrx_word' id='word_1_557' title='bbox 2668 1638 2825 1694; x_wconf 87' lang='lat' dir='ltr'><strong>talem</strong></span> <span class='ocrx_word' id='word_1_558' title='bbox 2855 1641 3080 1710; x_wconf 77' lang='lat' dir='ltr'><strong>gratiam</strong></span> <span class='ocrx_word' id='word_1_559' title='bbox 3105 1643 3389 1712; x_wconf 88' lang='lat' dir='ltr'><strong>tribueret,</strong></span> <span class='ocrx_word' id='word_1_560' title='bbox 3415 1647 3608 1718; x_wconf 79' lang='lat' dir='ltr'><strong>ingrati</strong></span> 
     </span>
    </p>
   </div>
   <div class='ocr_carea' id='block_1_70' title="bbox 2004 1720 3606 1807">
    <p class='ocr_par' dir='ltr' id='par_1_70' title="bbox 2004 1720 3606 1807">
     <span class='ocr_line' id='line_1_70' title="bbox 2004 1720 3606 1807; baseline 0.013 -35"><span class='ocrx_word' id='word_1_561' title='bbox 2004 1720 2220 1776; x_wconf 71' lang='lat' dir='ltr'><strong>riteriut.</strong></span> <span class='ocrx_word' id='word_1_562' title='bbox 2259 1722 2369 1780; x_wconf 87' lang='lat' dir='ltr'><strong>Cur</strong></span> <span class='ocrx_word' id='word_1_563' title='bbox 2401 1741 2550 1797; x_wconf 78' lang='lat' dir='ltr'><strong>ergo,</strong></span> <span class='ocrx_word' id='word_1_564' title='bbox 2583 1728 2812 1798; x_wconf 81' lang='lat' dir='ltr'><strong>inquies,</strong></span> <span class='ocrx_word' id='word_1_565' title='bbox 2851 1732 3113 1802; x_wconf 84' lang='lat' dir='ltr'><strong>iniquitati</strong></span> <span class='ocrx_word' id='word_1_566' title='bbox 3145 1735 3336 1790; x_wconf 87' lang='lat' dir='ltr'><strong>dantes</strong></span> <span class='ocrx_word' id='word_1_567' title='bbox 3362 1753 3606 1807; x_wconf 82' lang='lat' dir='ltr'><strong>Operam,</strong></span> 
     </span>
    </p>
   </div>
   <div class='ocr_carea' id='block_1_71' title="bbox 2004 1812 3606 1898">
    <p class='ocr_par' dir='ltr' id='par_1_71' title="bbox 2004 1812 3606 1898">
     <span class='ocr_line' id='line_1_71' title="bbox 2004 1812 3606 1898; baseline 0.013 -35"><span class='ocrx_word' id='word_1_568' title='bbox 2004 1812 2124 1865; x_wconf 80' lang='lat' dir='ltr'><strong>taiia</strong></span> <span class='ocrx_word' id='word_1_569' title='bbox 2155 1814 2304 1884; x_wconf 79' lang='lat' dir='ltr'><strong>signa</strong></span> <span class='ocrx_word' id='word_1_570' title='bbox 2331 1815 2603 1870; x_wconf 82' lang='lat' dir='ltr'><strong>edebant?</strong></span> <span class='ocrx_word' id='word_1_571' title='bbox 2621 1817 2756 1873; x_wconf 87' lang='lat' dir='ltr'><strong>Sunt</strong></span> <span class='ocrx_word' id='word_1_572' title='bbox 2773 1821 2862 1888; x_wconf 84' lang='lat' dir='ltr'><strong>qui</strong></span> <span class='ocrx_word' id='word_1_573' title='bbox 2889 1820 3090 1888; x_wconf 84' lang='lat' dir='ltr'><strong>dicant,</strong></span> <span class='ocrx_word' id='word_1_574' title='bbox 3107 1838 3202 1878; x_wconf 89' lang='lat' dir='ltr'><strong>eos</strong></span> <span class='ocrx_word' id='word_1_575' title='bbox 3227 1841 3335 1895; x_wconf 90' lang='lat' dir='ltr'><strong>quo</strong></span> <span class='ocrx_word' id='word_1_576' title='bbox 3362 1836 3606 1898; x_wconf 79' lang='lat' dir='ltr'><strong>tempore</strong></span> 
     </span>
    </p>
   </div>
   <div class='ocr_carea' id='block_1_72' title="bbox 2004 1903 3608 1987">
    <p class='ocr_par' dir='ltr' id='par_1_72' title="bbox 2004 1903 3608 1987">
     <span class='ocr_line' id='line_1_72' title="bbox 2004 1903 3608 1987; baseline 0.012 -32"><span class='ocrx_word' id='word_1_577' title='bbox 2004 1903 2256 1958; x_wconf 87' lang='lat' dir='ltr'><strong>miracula</strong></span> <span class='ocrx_word' id='word_1_578' title='bbox 2282 1907 2580 1975; x_wconf 86' lang='lat' dir='ltr'><strong>patrabant,</strong></span> <span class='ocrx_word' id='word_1_579' title='bbox 2601 1908 2781 1980; x_wconf 91' lang='lat' dir='ltr'><strong>inique</strong></span> <span class='ocrx_word' id='word_1_580' title='bbox 2805 1927 2910 1964; x_wconf 91' lang='lat' dir='ltr'><strong>non</strong></span> <span class='ocrx_word' id='word_1_581' title='bbox 2937 1913 3134 1983; x_wconf 78' lang='lat' dir='ltr'><strong>egisse.</strong></span> <span class='ocrx_word' id='word_1_582' title='bbox 3158 1915 3253 1971; x_wconf 85' lang='lat' dir='ltr'><strong>sed</strong></span> <span class='ocrx_word' id='word_1_583' title='bbox 3277 1927 3463 1987; x_wconf 80' lang='lat' dir='ltr'><strong>postea</strong></span> <span class='ocrx_word' id='word_1_584' title='bbox 3481 1936 3608 1973; x_wconf 49' lang='lat' dir='ltr'><strong>mu.-</strong></span> 
     </span>
    </p>
   </div>
   <div class='ocr_carea' id='block_1_73' title="bbox 2002 1995 3605 2073">
    <p class='ocr_par' dir='ltr' id='par_1_73' title="bbox 2002 1995 3605 2073">
     <span class='ocr_line' id='line_1_73' title="bbox 2002 1995 3605 2073; baseline 0.012 -29"><span class='ocrx_word' id='word_1_585' title='bbox 2002 2001 2160 2060; x_wconf 62' lang='lat' dir='ltr'><strong>tatos,</strong></span> <span class='ocrx_word' id='word_1_586' title='bbox 2186 1995 2324 2050; x_wconf 87' lang='lat' dir='ltr'><strong>mala</strong></span> <span class='ocrx_word' id='word_1_587' title='bbox 2345 1997 2998 2068; x_wconf 80' lang='lat' dir='ltr'><strong>fuisseoperatos.Verum</strong></span> <span class='ocrx_word' id='word_1_588' title='bbox 3024 2005 3066 2057; x_wconf 88' lang='lat' dir='ltr'><strong>si</strong></span> <span class='ocrx_word' id='word_1_589' title='bbox 3096 2004 3199 2061; x_wconf 91' lang='lat' dir='ltr'><strong>hoc</strong></span> <span class='ocrx_word' id='word_1_590' title='bbox 3225 2007 3295 2060; x_wconf 87' lang='lat' dir='ltr'><strong>ila</strong></span> <span class='ocrx_word' id='word_1_591' title='bbox 3310 2020 3472 2073; x_wconf 82' lang='lat' dir='ltr'><strong>esset,</strong></span> <span class='ocrx_word' id='word_1_592' title='bbox 3497 2026 3605 2064; x_wconf 82' lang='lat' dir='ltr'><strong>mm</strong></span> 
     </span>
    </p>
   </div>
   <div class='ocr_carea' id='block_1_74' title="bbox 2003 2092 3605 2180">
    <p class='ocr_par' dir='ltr' id='par_1_74' title="bbox 2003 2092 3605 2180">
     <span class='ocr_line' id='line_1_74' title="bbox 2003 2092 3605 2180; baseline 0.012 -40"><span class='ocrx_word' id='word_1_593' title='bbox 2003 2099 2183 2156; x_wconf 83' lang='lat' dir='ltr'><strong>posset</strong></span> <span class='ocrx_word' id='word_1_594' title='bbox 2197 2098 2340 2144; x_wconf 86' lang='lat' dir='ltr'><strong>stare</strong></span> <span class='ocrx_word' id='word_1_595' title='bbox 2357 2092 2790 2180; x_wconf 49' lang='lat' dir='ltr'><strong>saltatim/Nam</strong></span> <span class='ocrx_word' id='word_1_596' title='bbox 2810 2096 2951 2163; x_wconf 87' lang='lat' dir='ltr'><strong>quod</strong></span> <span class='ocrx_word' id='word_1_597' title='bbox 2971 2094 3216 2154; x_wconf 85' lang='lat' dir='ltr'><strong>Christus</strong></span> <span class='ocrx_word' id='word_1_598' title='bbox 3233 2099 3605 2159; x_wconf 84' lang='lat' dir='ltr'><strong>demonstrare</strong></span> 
     </span>
    </p>
   </div>
   <div class='ocr_carea' id='block_1_75' title="bbox 2001 2178 3604 2258">
    <p class='ocr_par' dir='ltr' id='par_1_75' title="bbox 2001 2178 3604 2258">
     <span class='ocr_line' id='line_1_75' title="bbox 2001 2178 3604 2258; baseline 0.012 -29"><span class='ocrx_word' id='word_1_599' title='bbox 2001 2178 2232 2243; x_wconf 66' lang='lat' dir='ltr'><strong>volebat,</strong></span> <span class='ocrx_word' id='word_1_600' title='bbox 2255 2180 2355 2235; x_wconf 87' lang='lat' dir='ltr'><strong>hoc</strong></span> <span class='ocrx_word' id='word_1_601' title='bbox 2372 2193 2517 2236; x_wconf 86' lang='lat' dir='ltr'><strong>erat:</strong></span> <span class='ocrx_word' id='word_1_602' title='bbox 2537 2178 2708 2254; x_wconf 86' lang='lat' dir='ltr'><strong>neque</strong></span> <span class='ocrx_word' id='word_1_603' title='bbox 2730 2186 2911 2252; x_wconf 80' lang='lat' dir='ltr'><strong>tidem,</strong></span> <span class='ocrx_word' id='word_1_604' title='bbox 2933 2204 3106 2257; x_wconf 87' lang='lat' dir='ltr'><strong>neque</strong></span> <span class='ocrx_word' id='word_1_605' title='bbox 3129 2190 3383 2247; x_wconf 88' lang='lat' dir='ltr'><strong>miracula</strong></span> <span class='ocrx_word' id='word_1_606' title='bbox 3405 2195 3604 2258; x_wconf 83' lang='lat' dir='ltr'><strong>valere,</strong></span> 
     </span>
    </p>
   </div>
   <div class='ocr_carea' id='block_1_76' title="bbox 2001 2268 3602 2346">
    <p class='ocr_par' dir='ltr' id='par_1_76' title="bbox 2001 2268 3602 2346">
     <span class='ocr_line' id='line_1_76' title="bbox 2001 2268 3602 2346; baseline 0.011 -23"><span class='ocrx_word' id='word_1_607' title='bbox 2001 2273 2106 2325; x_wconf 80' lang='lat' dir='ltr'><strong>vita</strong></span> <span class='ocrx_word' id='word_1_608' title='bbox 2135 2285 2246 2326; x_wconf 89' lang='lat' dir='ltr'><strong>non</strong></span> <span class='ocrx_word' id='word_1_609' title='bbox 2265 2277 2671 2330; x_wconf 77' lang='lat' dir='ltr'><strong>consmtieute:</strong></span> <span class='ocrx_word' id='word_1_610' title='bbox 2701 2279 2843 2346; x_wconf 90' lang='lat' dir='ltr'><strong>quod</strong></span> <span class='ocrx_word' id='word_1_611' title='bbox 2868 2290 2920 2334; x_wconf 89' lang='lat' dir='ltr'><strong>et</strong></span> <span class='ocrx_word' id='word_1_612' title='bbox 2939 2273 3136 2335; x_wconf 77' lang='lat' dir='ltr'><strong>Paulus</strong></span> <span class='ocrx_word' id='word_1_613' title='bbox 3153 2281 3392 2337; x_wconf 73' lang='lat' dir='ltr'><strong>diccbat:</strong></span> <span class='ocrx_word' id='word_1_614' title='bbox 3420 2268 3480 2340; x_wconf 86' lang='lat' dir='ltr'><strong>Si</strong></span> <span class='ocrx_word' id='word_1_615' title='bbox 3504 2285 3602 2340; x_wconf 79' lang='lat' dir='ltr'><strong>ha-</strong></span> 
     </span>
    </p>
   </div>
   <div class='ocr_carea' id='block_1_77' title="bbox 1997 2360 3602 2447">
    <p class='ocr_par' dir='ltr' id='par_1_77' title="bbox 1997 2360 3602 2447">
     <span class='ocr_line' id='line_1_77' title="bbox 1997 2360 3602 2447; baseline 0.011 -35"><span class='ocrx_word' id='word_1_616' title='bbox 1997 2360 2154 2415; x_wconf 76' lang='lat' dir='ltr'><strong>buero</strong></span> <span class='ocrx_word' id='word_1_617' title='bbox 2179 2363 2354 2429; x_wconf 83' lang='lat' dir='ltr'><strong>ﬁdem,</strong></span> <span class='ocrx_word' id='word_1_618' title='bbox 2372 2365 2444 2416; x_wconf 77' lang='lat' dir='ltr'><strong>ita</strong></span> <span class='ocrx_word' id='word_1_619' title='bbox 2473 2376 2525 2417; x_wconf 88' lang='lat' dir='ltr'><strong>ut</strong></span> <span class='ocrx_word' id='word_1_620' title='bbox 2557 2377 2747 2420; x_wconf 83' lang='lat' dir='ltr'><strong>montes</strong></span> <span class='ocrx_word' id='word_1_621' title='bbox 2778 2371 3168 2440; x_wconf 76' lang='lat' dir='ltr'><strong>transferam,et</strong></span> <span class='ocrx_word' id='word_1_622' title='bbox 3197 2391 3382 2428; x_wconf 70' lang='lat' dir='ltr'><strong>nuttero</strong></span> <span class='ocrx_word' id='word_1_623' title='bbox 3409 2388 3602 2447; x_wconf 76' lang='lat' dir='ltr'><strong>myste-</strong></span> 
     </span>
    </p>
   </div>
   <div class='ocr_carea' id='block_1_78' title="bbox 1998 2451 3607 2523">
    <p class='ocr_par' dir='ltr' id='par_1_78' title="bbox 1998 2451 3607 2523">
     <span class='ocr_line' id='line_1_78' title="bbox 1998 2451 3607 2523; baseline 0.011 -21"><span class='ocrx_word' id='word_1_624' title='bbox 1998 2451 2074 2502; x_wconf 79' lang='lat' dir='ltr'><strong>ria</strong></span> <span class='ocrx_word' id='word_1_625' title='bbox 2101 2455 2292 2518; x_wconf 83' lang='lat' dir='ltr'><strong>omnia,</strong></span> <span class='ocrx_word' id='word_1_626' title='bbox 2315 2465 2362 2507; x_wconf 85' lang='lat' dir='ltr'><strong>et</strong></span> <span class='ocrx_word' id='word_1_627' title='bbox 2389 2471 2589 2508; x_wconf 84' lang='lat' dir='ltr'><strong>onmem</strong></span> <span class='ocrx_word' id='word_1_628' title='bbox 2618 2458 2870 2523; x_wconf 87' lang='lat' dir='ltr'><strong>notitiam,</strong></span> <span class='ocrx_word' id='word_1_629' title='bbox 2895 2462 3158 2514; x_wconf 82' lang='lat' dir='ltr'><strong>caritatem</strong></span> <span class='ocrx_word' id='word_1_630' title='bbox 3181 2475 3350 2517; x_wconf 87' lang='lat' dir='ltr'><strong>autem</strong></span> <span class='ocrx_word' id='word_1_631' title='bbox 3380 2483 3482 2518; x_wconf 83' lang='lat' dir='ltr'><strong>non</strong></span> <span class='ocrx_word' id='word_1_632' title='bbox 3509 2471 3607 2520; x_wconf 79' lang='lat' dir='ltr'><strong>hu-</strong></span> 
     </span>
    </p>
   </div>
   <div class='ocr_carea' id='block_1_79' title="bbox 1999 2544 3601 2628">
    <p class='ocr_par' dir='ltr' id='par_1_79' title="bbox 1999 2544 3601 2628">
     <span class='ocr_line' id='line_1_79' title="bbox 1999 2544 3601 2628; baseline 0.009 -32"><span class='ocrx_word' id='word_1_633' title='bbox 1999 2544 2161 2609; x_wconf 79' lang='lat' dir='ltr'><strong>bmm,</strong></span> <span class='ocrx_word' id='word_1_634' title='bbox 2180 2546 2433 2628; x_wconf 76' lang='lat' dir='ltr'><strong>nihilsum</strong></span> <span class='ocrx_word' id='word_1_635' title='bbox 2455 2545 2530 2614; x_wconf 83' lang='grc' dir='ltr'><strong>(ι.</strong></span> <span class='ocrx_word' id='word_1_636' title='bbox 2555 2546 2673 2604; x_wconf 85' lang='lat' dir='ltr'><strong>Cor.</strong></span> <span class='ocrx_word' id='word_1_637' title='bbox 2699 2548 2882 2619; x_wconf 71' lang='lat'><strong>15.2).</strong></span> <span class='ocrx_word' id='word_1_638' title='bbox 2904 2551 3132 2620; x_wconf 86' lang='lat' dir='ltr'><strong>Quinam</strong></span> <span class='ocrx_word' id='word_1_639' title='bbox 3162 2554 3342 2624; x_wconf 78' lang='lat' dir='ltr'><strong>igitur,</strong></span> <span class='ocrx_word' id='word_1_640' title='bbox 3369 2557 3601 2625; x_wconf 84' lang='lat' dir='ltr'><strong>inquies,</strong></span> 
     </span>
    </p>
   </div>
   <div class='ocr_carea' id='block_1_80' title="bbox 1998 2635 3606 2718">
    <p class='ocr_par' dir='ltr' id='par_1_80' title="bbox 1998 2635 3606 2718">
     <span class='ocr_line' id='line_1_80' title="bbox 1998 2635 3606 2718; baseline 0.007 -30"><span class='ocrx_word' id='word_1_641' title='bbox 1998 2635 2080 2688; x_wconf 75' lang='lat' dir='ltr'><strong>isti</strong></span> <span class='ocrx_word' id='word_1_642' title='bbox 2114 2638 2281 2690; x_wconf 89' lang='lat' dir='ltr'><strong>sunt?</strong></span> <span class='ocrx_word' id='word_1_643' title='bbox 2306 2638 2458 2693; x_wconf 77' lang='lat' dir='ltr'><strong>Multi</strong></span> <span class='ocrx_word' id='word_1_644' title='bbox 2490 2641 2822 2695; x_wconf 82' lang='lat' dir='ltr'><strong>credentium</strong></span> <span class='ocrx_word' id='word_1_645' title='bbox 2865 2642 3004 2698; x_wconf 88' lang='lat' dir='ltr'><strong>dona</strong></span> <span class='ocrx_word' id='word_1_646' title='bbox 3036 2658 3390 2714; x_wconf 86' lang='lat' dir='ltr'><strong>acceperant;</strong></span> <span class='ocrx_word' id='word_1_647' title='bbox 3427 2649 3606 2718; x_wconf 80' lang='lat' dir='ltr'><strong>qualis</strong></span> 
     </span>
    </p>
   </div>
   <div class='ocr_carea' id='block_1_81' title="bbox 1996 2727 3601 2803">
    <p class='ocr_par' dir='ltr' id='par_1_81' title="bbox 1996 2727 3601 2803">
     <span class='ocr_line' id='line_1_81' title="bbox 1996 2727 3601 2803; baseline 0.009 -23"><span class='ocrx_word' id='word_1_648' title='bbox 1996 2736 2116 2780; x_wconf 81' lang='lat' dir='ltr'><strong>erat</strong></span> <span class='ocrx_word' id='word_1_649' title='bbox 2143 2727 2252 2788; x_wconf 85' lang='lat' dir='ltr'><strong>ille.</strong></span> <span class='ocrx_word' id='word_1_650' title='bbox 2281 2729 2370 2796; x_wconf 85' lang='lat' dir='ltr'><strong>qui</strong></span> <span class='ocrx_word' id='word_1_651' title='bbox 2403 2745 2524 2783; x_wconf 87' lang='lat' dir='ltr'><strong>cum</strong></span> <span class='ocrx_word' id='word_1_652' title='bbox 2552 2730 2724 2798; x_wconf 86' lang='lat' dir='ltr'><strong>ipsum</strong></span> <span class='ocrx_word' id='word_1_653' title='bbox 2755 2747 2859 2785; x_wconf 92' lang='lat' dir='ltr'><strong>non</strong></span> <span class='ocrx_word' id='word_1_654' title='bbox 2902 2745 3242 2803; x_wconf 79' lang='lat' dir='ltr'><strong>sequeretur,</strong></span> <span class='ocrx_word' id='word_1_655' title='bbox 3275 2745 3462 2792; x_wconf 84' lang='lat' dir='ltr'><strong>tamen</strong></span> <span class='ocrx_word' id='word_1_656' title='bbox 3489 2738 3601 2793; x_wconf 74' lang='lat' dir='ltr'><strong>dze-</strong></span> 
     </span>
    </p>
   </div>
   <div class='ocr_carea' id='block_1_82' title="bbox 1999 2815 3600 2900">
    <p class='ocr_par' dir='ltr' id='par_1_82' title="bbox 1999 2815 3600 2900">
     <span class='ocr_line' id='line_1_82' title="bbox 1999 2815 3600 2900; baseline 0.01 -32"><span class='ocrx_word' id='word_1_657' title='bbox 1999 2815 2175 2869; x_wconf 81' lang='lat' dir='ltr'><strong>tnonia</strong></span> <span class='ocrx_word' id='word_1_658' title='bbox 2205 2817 2452 2887; x_wconf 87' lang='lat' dir='ltr'><strong>ejiciebat</strong></span> <span class='ocrx_word' id='word_1_659' title='bbox 2477 2837 2495 2894; x_wconf 58' lang='grc' dir='ltr'>ς</span> <span class='ocrx_word' id='word_1_660' title='bbox 2526 2821 2700 2889; x_wconf 86' lang='lat' dir='ltr'><strong>qualis</strong></span> <span class='ocrx_word' id='word_1_661' title='bbox 2726 2822 3026 2878; x_wconf 83' lang='lat' dir='ltr'><strong>eratJudas</strong></span> <span class='ocrx_word' id='word_1_662' title='bbox 3055 2841 3223 2879; x_wconf 45' lang='lat' dir='ltr'><strong>:wnam</strong></span> <span class='ocrx_word' id='word_1_663' title='bbox 3248 2826 3336 2881; x_wconf 91' lang='lat' dir='ltr'><strong>hic</strong></span> <span class='ocrx_word' id='word_1_664' title='bbox 3362 2843 3600 2900; x_wconf 86' lang='lat' dir='ltr'><strong>quoque,</strong></span> 
     </span>
    </p>
   </div>
   <div class='ocr_carea' id='block_1_83' title="bbox 1998 2909 3604 2992">
    <p class='ocr_par' dir='ltr' id='par_1_83' title="bbox 1998 2909 3604 2992">
     <span class='ocr_line' id='line_1_83' title="bbox 1998 2909 3604 2992; baseline 0.011 -33"><span class='ocrx_word' id='word_1_665' title='bbox 1998 2924 2120 2962; x_wconf 69' lang='lat' dir='ltr'><strong>tum</strong></span> <span class='ocrx_word' id='word_1_666' title='bbox 2154 2909 2329 2964; x_wconf 87' lang='lat' dir='ltr'><strong>malus</strong></span> <span class='ocrx_word' id='word_1_667' title='bbox 2355 2922 2515 2969; x_wconf 86' lang='lat' dir='ltr'><strong>esset.</strong></span> <span class='ocrx_word' id='word_1_668' title='bbox 2541 2913 2739 2967; x_wconf 82' lang='lat' dir='ltr'><strong>domno</strong></span> <span class='ocrx_word' id='word_1_669' title='bbox 2771 2925 3074 2985; x_wconf 86' lang='lat' dir='ltr'><strong>acceperat.</strong></span> <span class='ocrx_word' id='word_1_670' title='bbox 3106 2917 3355 2974; x_wconf 81' lang='lat' dir='ltr'><strong>ln’veteri</strong></span> <span class='ocrx_word' id='word_1_671' title='bbox 3386 2937 3604 2992; x_wconf 88' lang='lat' dir='ltr'><strong>quoque</strong></span> 
     </span>
    </p>
   </div>
   <div class='ocr_carea' id='block_1_84' title="bbox 2001 2998 3604 3082">
    <p class='ocr_par' dir='ltr' id='par_1_84' title="bbox 2001 2998 3604 3082">
     <span class='ocr_line' id='line_1_84' title="bbox 2001 2998 3604 3082; baseline 0.007 -30"><span class='ocrx_word' id='word_1_672' title='bbox 2001 2998 2115 3067; x_wconf 75' lang='lat' dir='ltr'><strong>lege</strong></span> <span class='ocrx_word' id='word_1_673' title='bbox 2155 3001 2204 3053; x_wconf 90' lang='lat' dir='ltr'><strong>id</strong></span> <span class='ocrx_word' id='word_1_674' title='bbox 2237 3003 2473 3070; x_wconf 82' lang='lat' dir='ltr'><strong>reperire</strong></span> <span class='ocrx_word' id='word_1_675' title='bbox 2500 3014 2576 3058; x_wconf 71' lang='lat' dir='ltr'><strong>est</strong></span> <span class='ocrx_word' id='word_1_676' title='bbox 2601 3043 2615 3066; x_wconf 89' lang='lat'><strong>,</strong></span> <span class='ocrx_word' id='word_1_677' title='bbox 2640 3007 2869 3073; x_wconf 77' lang='lat' dir='ltr'><strong>gratiam</strong></span> <span class='ocrx_word' id='word_1_678' title='bbox 2894 3022 3085 3076; x_wconf 87' lang='lat' dir='ltr'><strong>nempe</strong></span> <span class='ocrx_word' id='word_1_679' title='bbox 3117 3009 3170 3062; x_wconf 89' lang='lat' dir='ltr'><strong>in</strong></span> <span class='ocrx_word' id='word_1_680' title='bbox 3200 3009 3432 3081; x_wconf 78' lang='lat' dir='ltr'><strong>indignis</strong></span> <span class='ocrx_word' id='word_1_681' title='bbox 3457 3027 3604 3082; x_wconf 70' lang='lat' dir='ltr'><strong>swpc</strong></span> 
     </span>
    </p>
   </div>
   <div class='ocr_carea' id='block_1_85' title="bbox 1997 3095 3600 3168">
    <p class='ocr_par' dir='ltr' id='par_1_85' title="bbox 1997 3095 3600 3168">
     <span class='ocr_line' id='line_1_85' title="bbox 1997 3095 3600 3168; baseline 0.008 -23"><span class='ocrx_word' id='word_1_682' title='bbox 1997 3101 2310 3160; x_wconf 82' lang='lat' dir='ltr'><strong>cperantcm</strong></span> <span class='ocrx_word' id='word_1_683' title='bbox 2336 3136 2351 3160; x_wconf 94' lang='lat'><strong>,</strong></span> <span class='ocrx_word' id='word_1_684' title='bbox 2402 3103 2454 3148; x_wconf 89' lang='lat' dir='ltr'><strong>ut</strong></span> <span class='ocrx_word' id='word_1_685' title='bbox 2499 3095 2616 3148; x_wconf 86' lang='lat' dir='ltr'><strong>aliis</strong></span> <span class='ocrx_word' id='word_1_686' title='bbox 2660 3096 2921 3152; x_wconf 80' lang='lat' dir='ltr'><strong>beneﬁcia</strong></span> <span class='ocrx_word' id='word_1_687' title='bbox 2967 3101 3256 3156; x_wconf 76' lang='lat' dir='ltr'><strong>conferret.</strong></span> <span class='ocrx_word' id='word_1_688' title='bbox 3290 3103 3425 3168; x_wconf 78' lang='lat' dir='ltr'><strong>Quia</strong></span> <span class='ocrx_word' id='word_1_689' title='bbox 3455 3105 3600 3159; x_wconf 88' lang='lat' dir='ltr'><strong>enim</strong></span> 
     </span>
    </p>
   </div>
   <div class='ocr_carea' id='block_1_86' title="bbox 1999 3186 3601 3263">
    <p class='ocr_par' dir='ltr' id='par_1_86' title="bbox 1999 3186 3601 3263">
     <span class='ocr_line' id='line_1_86' title="bbox 1999 3186 3601 3263; baseline 0.009 -28"><span class='ocrx_word' id='word_1_690' title='bbox 1999 3198 2103 3235; x_wconf 87' lang='lat' dir='ltr'><strong>non</strong></span> <span class='ocrx_word' id='word_1_691' title='bbox 2134 3198 2321 3238; x_wconf 83' lang='lat' dir='ltr'><strong>omnes</strong></span> <span class='ocrx_word' id='word_1_692' title='bbox 2371 3186 2437 3236; x_wconf 92' lang='lat' dir='ltr'><strong>ad</strong></span> <span class='ocrx_word' id='word_1_693' title='bbox 2486 3188 2664 3239; x_wconf 86' lang='lat' dir='ltr'><strong>omnia</strong></span> <span class='ocrx_word' id='word_1_694' title='bbox 2719 3188 2895 3242; x_wconf 88' lang='lat' dir='ltr'><strong>idonei</strong></span> <span class='ocrx_word' id='word_1_695' title='bbox 2923 3200 3113 3255; x_wconf 86' lang='lat' dir='ltr'><strong>erant;</strong></span> <span class='ocrx_word' id='word_1_696' title='bbox 3144 3192 3238 3246; x_wconf 82' lang='lat' dir='ltr'><strong>sed</strong></span> <span class='ocrx_word' id='word_1_697' title='bbox 3264 3193 3354 3247; x_wconf 81' lang='lat' dir='ltr'><strong>alii</strong></span> <span class='ocrx_word' id='word_1_698' title='bbox 3383 3195 3601 3263; x_wconf 87' lang='lat' dir='ltr'><strong>quidem</strong></span> 
     </span>
    </p>
   </div>
   <div class='ocr_carea' id='block_1_87' title="bbox 1996 3273 3599 3356">
    <p class='ocr_par' dir='ltr' id='par_1_87' title="bbox 1996 3273 3599 3356">
     <span class='ocr_line' id='line_1_87' title="bbox 1996 3273 3599 3356; baseline 0.008 -31"><span class='ocrx_word' id='word_1_699' title='bbox 1996 3273 2159 3326; x_wconf 76' lang='lat' dir='ltr'><strong>vitam</strong></span> <span class='ocrx_word' id='word_1_700' title='bbox 2191 3289 2372 3340; x_wconf 90' lang='lat' dir='ltr'><strong>puram</strong></span> <span class='ocrx_word' id='word_1_701' title='bbox 2403 3276 2652 3344; x_wconf 77' lang='lat' dir='ltr'><strong>agebant,</strong></span> <span class='ocrx_word' id='word_1_702' title='bbox 2684 3293 2859 3356; x_wconf 65' lang='lat' dir='ltr'><strong>neque</strong></span> <span class='ocrx_word' id='word_1_703' title='bbox 2889 3289 3030 3333; x_wconf 84' lang='lat' dir='ltr'><strong>tanta</strong></span> <span class='ocrx_word' id='word_1_704' title='bbox 3059 3279 3162 3336; x_wconf 82' lang='lat' dir='ltr'><strong>[ide</strong></span> <span class='ocrx_word' id='word_1_705' title='bbox 3189 3283 3400 3351; x_wconf 66' lang='grc' dir='ltr'><strong>ιιι-τε(ιὶιί</strong></span> <span class='ocrx_word' id='word_1_706' title='bbox 3422 3296 3599 3348; x_wconf 81' lang='lat' dir='ltr'><strong>erant,</strong></span> 
     </span>
    </p>
   </div>
   <div class='ocr_carea' id='block_1_88' title="bbox 1996 3363 3599 3440">
    <p class='ocr_par' dir='ltr' id='par_1_88' title="bbox 1996 3363 3599 3440">
     <span class='ocr_line' id='line_1_88' title="bbox 1996 3363 3599 3440; baseline 0.008 -26"><span class='ocrx_word' id='word_1_707' title='bbox 1996 3363 2084 3416; x_wconf 85' lang='lat' dir='ltr'><strong>alii</strong></span> <span class='ocrx_word' id='word_1_708' title='bbox 2118 3379 2245 3417; x_wconf 77' lang='lat' dir='ltr'><strong>vero</strong></span> <span class='ocrx_word' id='word_1_709' title='bbox 2272 3378 2306 3418; x_wconf 89' lang='lat' dir='ltr'><strong>e</strong></span> <span class='ocrx_word' id='word_1_710' title='bbox 2336 3366 2607 3419; x_wconf 87' lang='lat' dir='ltr'><strong>contrario</strong></span> <span class='ocrx_word' id='word_1_711' title='bbox 2640 3384 2652 3420; x_wconf 93' lang='lat'><strong>:</strong></span> <span class='ocrx_word' id='word_1_712' title='bbox 2688 3376 2740 3421; x_wconf 87' lang='lat' dir='ltr'><strong>et</strong></span> <span class='ocrx_word' id='word_1_713' title='bbox 2771 3367 2855 3422; x_wconf 86' lang='lat' dir='ltr'><strong>his</strong></span> <span class='ocrx_word' id='word_1_714' title='bbox 2886 3370 3050 3423; x_wconf 88' lang='lat' dir='ltr'><strong>utitur</strong></span> <span class='ocrx_word' id='word_1_715' title='bbox 3070 3411 3083 3434; x_wconf 85' lang='lat'><strong>,</strong></span> <span class='ocrx_word' id='word_1_716' title='bbox 3111 3381 3168 3425; x_wconf 91' lang='lat' dir='ltr'><strong>ut</strong></span> <span class='ocrx_word' id='word_1_717' title='bbox 3199 3373 3320 3427; x_wconf 86' lang='lat' dir='ltr'><strong>illos</strong></span> <span class='ocrx_word' id='word_1_718' title='bbox 3346 3386 3559 3430; x_wconf 88' lang='lat' dir='ltr'><strong>moneat</strong></span> <span class='ocrx_word' id='word_1_719' title='bbox 3580 3416 3599 3440; x_wconf 94' lang='lat'><strong>,</strong></span> 
     </span>
    </p>
   </div>
   <div class='ocr_carea' id='block_1_89' title="bbox 1935 3451 3601 3530">
    <p class='ocr_par' dir='ltr' id='par_1_89' title="bbox 1935 3451 3601 3530">
     <span class='ocr_line' id='line_1_89' title="bbox 1935 3451 3601 3530; baseline 0.011 -27"><span class='ocrx_word' id='word_1_720' title='bbox 1935 3451 1942 3456; x_wconf 71' lang='grc'><strong><em>”</em></strong></span> <span class='ocrx_word' id='word_1_721' title='bbox 1998 3461 2048 3504; x_wconf 87' lang='grc' dir='ltr'><strong>ιιι</strong></span> <span class='ocrx_word' id='word_1_722' title='bbox 2085 3454 2304 3507; x_wconf 75' lang='lat' dir='ltr'><strong>multum</strong></span> <span class='ocrx_word' id='word_1_723' title='bbox 2331 3454 2487 3508; x_wconf 74' lang='lat' dir='ltr'><strong>fidem</strong></span> <span class='ocrx_word' id='word_1_724' title='bbox 2513 3455 2825 3524; x_wconf 82' lang='lat' dir='ltr'><strong>exhibeant,</strong></span> <span class='ocrx_word' id='word_1_725' title='bbox 2850 3471 2908 3514; x_wconf 86' lang='lat' dir='ltr'><strong>et</strong></span> <span class='ocrx_word' id='word_1_726' title='bbox 2931 3459 3051 3515; x_wconf 89' lang='lat' dir='ltr'><strong>illos</strong></span> <span class='ocrx_word' id='word_1_727' title='bbox 3083 3478 3178 3530; x_wconf 77' lang='lat' dir='ltr'><strong>per</strong></span> <span class='ocrx_word' id='word_1_728' title='bbox 3204 3463 3469 3519; x_wconf 79' lang='lat' dir='ltr'><strong>iucll’ahile</strong></span> <span class='ocrx_word' id='word_1_729' title='bbox 3499 3466 3601 3523; x_wconf 76' lang='lat' dir='ltr'><strong>hoc</strong></span> 
     </span>
    </p>
   </div>
   <div class='ocr_carea' id='block_1_90' title="bbox 1996 3545 3100 3609">
    <p class='ocr_par' dir='ltr' id='par_1_90' title="bbox 1996 3545 3100 3609">
     <span class='ocr_line' id='line_1_90' title="bbox 1996 3545 3100 3609; baseline 0.007 -12"><span class='ocrx_word' id='word_1_730' title='bbox 1996 3545 2193 3597; x_wconf 82' lang='lat' dir='ltr'><strong>donum</strong></span> <span class='ocrx_word' id='word_1_731' title='bbox 2224 3554 2411 3599; x_wconf 69' lang='lat' dir='ltr'><strong>evocat</strong></span> <span class='ocrx_word' id='word_1_732' title='bbox 2431 3588 2445 3609; x_wconf 91' lang='lat'><strong>,</strong></span> <span class='ocrx_word' id='word_1_733' title='bbox 2481 3555 2539 3599; x_wconf 90' lang='lat' dir='ltr'><strong>ul.</strong></span> <span class='ocrx_word' id='word_1_734' title='bbox 2570 3547 2821 3602; x_wconf 88' lang='lat' dir='ltr'><strong>meliores</strong></span> <span class='ocrx_word' id='word_1_735' title='bbox 2850 3551 3100 3605; x_wconf 76' lang='lat' dir='ltr'><strong>evadant.</strong></span> 
     </span>
    </p>
   </div>
   <div class='ocr_carea' id='block_1_91' title="bbox 2067 3635 3596 3714">
    <p class='ocr_par' dir='ltr' id='par_1_91' title="bbox 2067 3635 3596 3714">
     <span class='ocr_line' id='line_1_91' title="bbox 2067 3635 3596 3714; baseline 0.009 -27"><span class='ocrx_word' id='word_1_736' title='bbox 2067 3637 2122 3688; x_wconf 76' lang='lat'><strong>‘2.</strong></span> <span class='ocrx_word' id='word_1_737' title='bbox 2154 3635 2389 3690; x_wconf 76' lang='lat' dir='ltr'><strong>Potestas</strong></span> <span class='ocrx_word' id='word_1_738' title='bbox 2420 3639 2833 3701; x_wconf 70' lang='lat' dir='ltr'><strong>supernatat-alis</strong></span> <span class='ocrx_word' id='word_1_739' title='bbox 2856 3642 2965 3695; x_wconf 76' lang='lat' dir='ltr'><strong>sine</strong></span> <span class='ocrx_word' id='word_1_740' title='bbox 2995 3643 3176 3697; x_wconf 80' lang='lat' dir='ltr'><strong>virtute</strong></span> <span class='ocrx_word' id='word_1_741' title='bbox 3205 3643 3411 3699; x_wconf 71' lang='lat' dir='ltr'><strong>exitium</strong></span> <span class='ocrx_word' id='word_1_742' title='bbox 3438 3646 3596 3714; x_wconf 83' lang='lat' dir='ltr'><strong>parit.</strong></span> 
     </span>
    </p>
   </div>
   <div class='ocr_carea' id='block_1_92' title="bbox 2011 3728 3598 3809">
    <p class='ocr_par' dir='ltr' id='par_1_92' title="bbox 2011 3728 3598 3809">
     <span class='ocr_line' id='line_1_92' title="bbox 2011 3728 3598 3809; baseline 0.009 -30"><span class='ocrx_word' id='word_1_743' title='bbox 2011 3728 2219 3780; x_wconf 76' lang='lat' dir='ltr'><strong>Virtutis</strong></span> <span class='ocrx_word' id='word_1_744' title='bbox 2246 3731 2615 3798; x_wconf 67' lang='lat' dir='ltr'><strong>prterogntim&#39;.</strong></span> <span class='ocrx_word' id='word_1_745' title='bbox 2644 3761 2704 3772; x_wconf 85' lang='lat'>——</span> <span class='ocrx_word' id='word_1_746' title='bbox 2740 3732 2971 3802; x_wconf 78' lang='lat' dir='ltr'><strong>Ideoque</strong></span> <span class='ocrx_word' id='word_1_747' title='bbox 2995 3735 3455 3792; x_wconf 77' lang='lat' dir='ltr'><strong>abundantissime</strong></span> <span class='ocrx_word' id='word_1_748' title='bbox 3472 3754 3598 3809; x_wconf 76' lang='lat' dir='ltr'><strong>gra-</strong></span> 
     </span>
    </p>
   </div>
   <div class='ocr_carea' id='block_1_93' title="bbox 1999 3805 3604 3898">
    <p class='ocr_par' dir='ltr' id='par_1_93' title="bbox 1999 3805 3604 3898">
     <span class='ocr_line' id='line_1_93' title="bbox 1999 3805 3604 3898; baseline 0.007 -24"><span class='ocrx_word' id='word_1_749' title='bbox 1999 3805 2122 3874; x_wconf 83' lang='lat' dir='ltr'><strong>tiam</strong></span> <span class='ocrx_word' id='word_1_750' title='bbox 2169 3822 2351 3874; x_wconf 78' lang='lat' dir='ltr'><strong>dahat.</strong></span> <span class='ocrx_word' id='word_1_751' title='bbox 2403 3821 2643 3887; x_wconf 73' lang='lat' dir='ltr'><strong>Virtutes,</strong></span> <span class='ocrx_word' id='word_1_752' title='bbox 2679 3825 2947 3893; x_wconf 89' lang='lat' dir='ltr'><strong>inquiunt,</strong></span> <span class='ocrx_word' id='word_1_753' title='bbox 2997 3828 3186 3880; x_wconf 68' lang='lat' dir='ltr'><strong>multum</strong></span> <span class='ocrx_word' id='word_1_754' title='bbox 3231 3805 3604 3898; x_wconf 24' lang='lat' dir='ltr'><strong>fecinmsISed</strong></span> 
     </span>
    </p>
   </div>
   <div class='ocr_carea' id='block_1_94' title="bbox 1997 3913 3602 3988">
    <p class='ocr_par' dir='ltr' id='par_1_94' title="bbox 1997 3913 3602 3988">
     <span class='ocr_line' id='line_1_94' title="bbox 1997 3913 3602 3988; baseline 0.006 -22"><span class='ocrx_word' id='word_1_755' title='bbox 1997 3913 2272 3980; x_wconf 74' lang='lat' dir='ltr'><strong>conﬁtebor</strong></span> <span class='ocrx_word' id='word_1_756' title='bbox 2322 3913 2426 3966; x_wconf 83' lang='lat' dir='ltr'><strong><em>illis</em></strong></span> <span class='ocrx_word' id='word_1_757' title='bbox 2472 3923 2620 3975; x_wconf 82' lang='lat' dir='ltr'><strong>tmte,</strong></span> <span class='ocrx_word' id='word_1_758' title='bbox 2653 3913 2775 3967; x_wconf 83' lang='lat' dir='ltr'><strong>Non</strong></span> <span class='ocrx_word' id='word_1_759' title='bbox 2811 3918 2926 3969; x_wconf 81' lang='lat' dir='ltr'><strong>noui</strong></span> <span class='ocrx_word' id='word_1_760' title='bbox 2955 3932 3041 3969; x_wconf 84' lang='lat' dir='ltr'><strong>vos</strong></span> <span class='ocrx_word' id='word_1_761' title='bbox 3099 3917 3254 3972; x_wconf 76' lang='lat' dir='ltr'><strong>Nunc</strong></span> <span class='ocrx_word' id='word_1_762' title='bbox 3293 3921 3509 3988; x_wconf 88' lang='lat' dir='ltr'><strong>quidem</strong></span> <span class='ocrx_word' id='word_1_763' title='bbox 3541 3937 3602 3976; x_wconf 83' lang='lat' dir='ltr'><strong>se</strong></span> 
     </span>
    </p>
   </div>
   <div class='ocr_carea' id='block_1_95' title="bbox 1996 4005 3602 4078">
    <p class='ocr_par' dir='ltr' id='par_1_95' title="bbox 1996 4005 3602 4078">
     <span class='ocr_line' id='line_1_95' title="bbox 1996 4005 3602 4078; baseline 0.006 -23"><span class='ocrx_word' id='word_1_764' title='bbox 1996 4005 2195 4056; x_wconf 82' lang='lat' dir='ltr'><strong>amicos</strong></span> <span class='ocrx_word' id='word_1_765' title='bbox 2240 4017 2388 4057; x_wconf 84' lang='lat' dir='ltr'><strong>meos</strong></span> <span class='ocrx_word' id='word_1_766' title='bbox 2413 4020 2535 4056; x_wconf 56' lang='lat' dir='ltr'><strong>esse</strong></span> <span class='ocrx_word' id='word_1_767' title='bbox 2564 4014 2795 4072; x_wconf 82' lang='lat' dir='ltr'><strong>putant;</strong></span> <span class='ocrx_word' id='word_1_768' title='bbox 2833 4017 2958 4060; x_wconf 92' lang='lat' dir='ltr'><strong>tunc</strong></span> <span class='ocrx_word' id='word_1_769' title='bbox 2992 4023 3119 4061; x_wconf 71' lang='lat' dir='ltr'><strong>vero</strong></span> <span class='ocrx_word' id='word_1_770' title='bbox 3157 4021 3487 4078; x_wconf 72' lang='lat' dir='ltr'><strong>Cognoseent</strong></span> <span class='ocrx_word' id='word_1_771' title='bbox 3514 4028 3602 4065; x_wconf 82' lang='lat' dir='ltr'><strong>me</strong></span> 
     </span>
    </p>
   </div>
   <div class='ocr_carea' id='block_1_96' title="bbox 2000 4096 3600 4169">
    <p class='ocr_par' dir='ltr' id='par_1_96' title="bbox 2000 4096 3600 4169">
     <span class='ocr_line' id='line_1_96' title="bbox 2000 4096 3600 4169; baseline 0.004 -20"><span class='ocrx_word' id='word_1_772' title='bbox 2000 4096 2104 4150; x_wconf 85' lang='lat' dir='ltr'><strong>illis</strong></span> <span class='ocrx_word' id='word_1_773' title='bbox 2155 4111 2258 4149; x_wconf 90' lang='lat' dir='ltr'><strong>non</strong></span> <span class='ocrx_word' id='word_1_774' title='bbox 2308 4106 2364 4149; x_wconf 86' lang='lat' dir='ltr'><strong>ut</strong></span> <span class='ocrx_word' id='word_1_775' title='bbox 2418 4097 2606 4150; x_wconf 77' lang='lat' dir='ltr'><strong>amicis</strong></span> <span class='ocrx_word' id='word_1_776' title='bbox 2650 4096 2878 4151; x_wconf 73' lang='lat' dir='ltr'><strong>dedisse.</strong></span> <span class='ocrx_word' id='word_1_777' title='bbox 2920 4099 3126 4169; x_wconf 79' lang='lat' dir='ltr'><strong>Ecquid</strong></span> <span class='ocrx_word' id='word_1_778' title='bbox 3157 4101 3368 4156; x_wconf 85' lang='lat' dir='ltr'><strong>miraris</strong></span> <span class='ocrx_word' id='word_1_779' title='bbox 3395 4102 3438 4156; x_wconf 90' lang='lat' dir='ltr'><strong>si</strong></span> <span class='ocrx_word' id='word_1_780' title='bbox 3471 4104 3600 4156; x_wconf 77' lang='lat' dir='ltr'><strong>viris</strong></span> 
     </span>
    </p>
   </div>
   <div class='ocr_carea' id='block_1_97' title="bbox 1996 4187 3600 4256">
    <p class='ocr_par' dir='ltr' id='par_1_97' title="bbox 1996 4187 3600 4256">
     <span class='ocr_line' id='line_1_97' title="bbox 1996 4187 3600 4256; baseline 0.008 -21"><span class='ocrx_word' id='word_1_781' title='bbox 1996 4188 2212 4256; x_wconf 79' lang='lat' dir='ltr'><strong>quidem</strong></span> <span class='ocrx_word' id='word_1_782' title='bbox 2241 4187 2293 4239; x_wconf 90' lang='lat' dir='ltr'><strong>iu</strong></span> <span class='ocrx_word' id='word_1_783' title='bbox 2324 4189 2496 4256; x_wconf 79' lang='lat' dir='ltr'><strong>ipsum</strong></span> <span class='ocrx_word' id='word_1_784' title='bbox 2529 4189 2898 4244; x_wconf 64' lang='lat' dir='ltr'><strong>crutantibus.</strong></span> <span class='ocrx_word' id='word_1_785' title='bbox 2923 4191 3015 4244; x_wconf 88' lang='lat' dir='ltr'><strong>sed</strong></span> <span class='ocrx_word' id='word_1_786' title='bbox 3047 4192 3211 4246; x_wconf 75' lang='lat' dir='ltr'><strong>vitam</strong></span> <span class='ocrx_word' id='word_1_787' title='bbox 3242 4211 3349 4247; x_wconf 91' lang='lat' dir='ltr'><strong>non</strong></span> <span class='ocrx_word' id='word_1_788' title='bbox 3392 4194 3568 4249; x_wconf 88' lang='lat' dir='ltr'><strong>haben</strong></span> <span class='ocrx_word' id='word_1_789' title='bbox 3588 4225 3600 4233; x_wconf 93' lang='lat'><strong>-</strong></span> 
     </span>
    </p>
   </div>
   <div class='ocr_carea' id='block_1_98' title="bbox 1999 4279 3601 4356">
    <p class='ocr_par' dir='ltr' id='par_1_98' title="bbox 1999 4279 3601 4356">
     <span class='ocr_line' id='line_1_98' title="bbox 1999 4279 3601 4356; baseline 0.004 -24"><span class='ocrx_word' id='word_1_790' title='bbox 1999 4279 2140 4332; x_wconf 81' lang='lat' dir='ltr'><strong>tibus</strong></span> <span class='ocrx_word' id='word_1_791' title='bbox 2165 4294 2480 4343; x_wconf 74' lang='lat' dir='ltr'><strong>consonam,</strong></span> <span class='ocrx_word' id='word_1_792' title='bbox 2506 4297 2726 4334; x_wconf 67' lang='lat' dir='ltr'><strong>munera</strong></span> <span class='ocrx_word' id='word_1_793' title='bbox 2759 4282 2848 4334; x_wconf 89' lang='lat' dir='ltr'><strong>illa</strong></span> <span class='ocrx_word' id='word_1_794' title='bbox 2878 4283 3045 4347; x_wconf 83' lang='lat' dir='ltr'><strong>dedit,</strong></span> <span class='ocrx_word' id='word_1_795' title='bbox 3069 4286 3284 4353; x_wconf 89' lang='lat' dir='ltr'><strong>quando</strong></span> <span class='ocrx_word' id='word_1_796' title='bbox 3306 4287 3357 4340; x_wconf 89' lang='lat' dir='ltr'><strong>in</strong></span> <span class='ocrx_word' id='word_1_797' title='bbox 3385 4287 3449 4340; x_wconf 93' lang='lat' dir='ltr'><strong>iis</strong></span> <span class='ocrx_word' id='word_1_798' title='bbox 3467 4302 3601 4356; x_wconf 80' lang='lat' dir='ltr'><strong>quo—</strong></span> 
     </span>
    </p>
   </div>
   <div class='ocr_carea' id='block_1_99' title="bbox 1995 4371 3598 4442">
    <p class='ocr_par' dir='ltr' id='par_1_99' title="bbox 1995 4371 3598 4442">
     <span class='ocr_line' id='line_1_99' title="bbox 1995 4371 3598 4442; baseline 0.006 -21"><span class='ocrx_word' id='word_1_799' title='bbox 1995 4387 2100 4440; x_wconf 86' lang='lat' dir='ltr'><strong>que</strong></span> <span class='ocrx_word' id='word_1_800' title='bbox 2125 4371 2212 4440; x_wconf 86' lang='lat' dir='ltr'><strong>qui</strong></span> <span class='ocrx_word' id='word_1_801' title='bbox 2237 4383 2464 4439; x_wconf 86' lang='lat' dir='ltr'><strong>utroque</strong></span> <span class='ocrx_word' id='word_1_802' title='bbox 2496 4371 2805 4440; x_wconf 62' lang='lat' dir='ltr'><strong>huiusmodi</strong></span> <span class='ocrx_word' id='word_1_803' title='bbox 2842 4377 2982 4427; x_wconf 90' lang='lat' dir='ltr'><strong>bono</strong></span> <span class='ocrx_word' id='word_1_804' title='bbox 3011 4378 3162 4430; x_wconf 79' lang='lat' dir='ltr'><strong>vacui</strong></span> <span class='ocrx_word' id='word_1_805' title='bbox 3189 4388 3364 4442; x_wconf 84' lang='lat' dir='ltr'><strong>erant,</strong></span> <span class='ocrx_word' id='word_1_806' title='bbox 3393 4379 3598 4433; x_wconf 51' lang='lat' dir='ltr'><strong>inveni-</strong></span> 
     </span>
    </p>
   </div>
   <div class='ocr_carea' id='block_1_100' title="bbox 1997 4461 3596 4534">
    <p class='ocr_par' dir='ltr' id='par_1_100' title="bbox 1997 4461 3596 4534">
     <span class='ocr_line' id='line_1_100' title="bbox 1997 4461 3596 4534; baseline 0.008 -20"><span class='ocrx_word' id='word_1_807' title='bbox 1997 4472 2084 4515; x_wconf 84' lang='lat' dir='ltr'><strong>tur</strong></span> <span class='ocrx_word' id='word_1_808' title='bbox 2110 4461 2407 4530; x_wconf 84' lang='lat' dir='ltr'><strong>operatus?</strong></span> <span class='ocrx_word' id='word_1_809' title='bbox 2439 4462 2652 4516; x_wconf 84' lang='lat' dir='ltr'><strong>Balaam</strong></span> <span class='ocrx_word' id='word_1_810' title='bbox 2680 4463 2878 4534; x_wconf 83' lang='lat' dir='ltr'><strong>quippe</strong></span> <span class='ocrx_word' id='word_1_811' title='bbox 2901 4475 2957 4520; x_wconf 87' lang='lat' dir='ltr'><strong>et</strong></span> <span class='ocrx_word' id='word_1_812' title='bbox 2977 4481 3005 4518; x_wconf 89' lang='lat' dir='ltr'><strong>a</strong></span> <span class='ocrx_word' id='word_1_813' title='bbox 3045 4467 3150 4522; x_wconf 76' lang='lat' dir='ltr'><strong>[ide</strong></span> <span class='ocrx_word' id='word_1_814' title='bbox 3178 4480 3233 4522; x_wconf 90' lang='lat' dir='ltr'><strong>et</strong></span> <span class='ocrx_word' id='word_1_815' title='bbox 3260 4486 3287 4522; x_wconf 90' lang='lat' dir='ltr'><strong>a</strong></span> <span class='ocrx_word' id='word_1_816' title='bbox 3322 4472 3458 4526; x_wconf 89' lang='lat' dir='ltr'><strong>bona</strong></span> <span class='ocrx_word' id='word_1_817' title='bbox 3492 4476 3596 4528; x_wconf 72' lang='lat' dir='ltr'><strong>vita</strong></span> 
     </span>
    </p>
   </div>
   <div class='ocr_carea' id='block_1_101' title="bbox 1995 4552 3598 4630">
    <p class='ocr_par' dir='ltr' id='par_1_101' title="bbox 1995 4552 3598 4630">
     <span class='ocr_line' id='line_1_101' title="bbox 1995 4552 3598 4630; baseline 0.009 -24"><span class='ocrx_word' id='word_1_818' title='bbox 1995 4555 2202 4608; x_wconf 82' lang='lat' dir='ltr'><strong>alienus</strong></span> <span class='ocrx_word' id='word_1_819' title='bbox 2230 4563 2344 4608; x_wconf 85' lang='lat' dir='ltr'><strong>erat</strong></span> <span class='ocrx_word' id='word_1_820' title='bbox 2383 4553 2400 4625; x_wconf 94' lang='lat'>(</span> <span class='ocrx_word' id='word_1_821' title='bbox 2436 4552 2594 4607; x_wconf 82' lang='lat' dir='ltr'><strong>Num.</strong></span> <span class='ocrx_word' id='word_1_822' title='bbox 2629 4555 2700 4609; x_wconf 74' lang='grc'><strong>24</strong></span> <span class='ocrx_word' id='word_1_823' title='bbox 2726 4556 2786 4624; x_wconf 80' lang='grc'>);</span> <span class='ocrx_word' id='word_1_824' title='bbox 2835 4566 3070 4613; x_wconf 86' lang='lat' dir='ltr'><strong>attamen</strong></span> <span class='ocrx_word' id='word_1_825' title='bbox 3097 4563 3264 4630; x_wconf 77' lang='lat' dir='ltr'><strong>gratia</strong></span> <span class='ocrx_word' id='word_1_826' title='bbox 3307 4565 3358 4617; x_wconf 92' lang='lat' dir='ltr'><strong>in</strong></span> <span class='ocrx_word' id='word_1_827' title='bbox 3398 4565 3493 4619; x_wconf 88' lang='lat' dir='ltr'><strong>illo</strong></span> <span class='ocrx_word' id='word_1_828' title='bbox 3532 4568 3598 4620; x_wconf 84' lang='lat' dir='ltr'><strong>ad</strong></span> 
     </span>
    </p>
   </div>
   <div class='ocr_carea' id='block_1_102' title="bbox 1998 4645 3600 4724">
    <p class='ocr_par' dir='ltr' id='par_1_102' title="bbox 1998 4645 3600 4724">
     <span class='ocr_line' id='line_1_102' title="bbox 1998 4645 3600 4724; baseline 0.007 -27"><span class='ocrx_word' id='word_1_829' title='bbox 1998 4649 2223 4699; x_wconf 78' lang='lat' dir='ltr'><strong>altorum</strong></span> <span class='ocrx_word' id='word_1_830' title='bbox 2257 4660 2344 4699; x_wconf 84' lang='lat' dir='ltr'><strong>res</strong></span> <span class='ocrx_word' id='word_1_831' title='bbox 2377 4645 2732 4713; x_wconf 83' lang='lat' dir='ltr'><strong>providendas</strong></span> <span class='ocrx_word' id='word_1_832' title='bbox 2761 4660 2981 4717; x_wconf 85' lang='lat' dir='ltr'><strong>operata</strong></span> <span class='ocrx_word' id='word_1_833' title='bbox 3009 4659 3110 4704; x_wconf 87' lang='lat' dir='ltr'><strong>est.</strong></span> <span class='ocrx_word' id='word_1_834' title='bbox 3147 4652 3433 4724; x_wconf 83' lang='lat' dir='ltr'><strong>Etiamque</strong></span> <span class='ocrx_word' id='word_1_835' title='bbox 3463 4657 3600 4711; x_wconf 54' lang='lat' dir='ltr'><strong>i’itan</strong></span> 
     </span>
    </p>
   </div>
   <div class='ocr_carea' id='block_1_103' title="bbox 1997 4738 3599 4810">
    <p class='ocr_par' dir='ltr' id='par_1_103' title="bbox 1997 4738 3599 4810">
     <span class='ocr_line' id='line_1_103' title="bbox 1997 4738 3599 4810; baseline 0.007 -21"><span class='ocrx_word' id='word_1_836' title='bbox 1997 4751 2090 4790; x_wconf 87' lang='lat' dir='ltr'><strong>rao</strong></span> <span class='ocrx_word' id='word_1_837' title='bbox 2139 4738 2261 4788; x_wconf 77' lang='lat' dir='ltr'><strong>talis</strong></span> <span class='ocrx_word' id='word_1_838' title='bbox 2285 4747 2400 4789; x_wconf 76' lang='lat' dir='ltr'><strong>erat</strong></span> <span class='ocrx_word' id='word_1_839' title='bbox 2425 4753 2440 4800; x_wconf 88' lang='lat'><strong>;</strong></span> <span class='ocrx_word' id='word_1_840' title='bbox 2469 4745 2524 4790; x_wconf 85' lang='lat' dir='ltr'><strong>et</strong></span> <span class='ocrx_word' id='word_1_841' title='bbox 2551 4749 2732 4790; x_wconf 88' lang='lat' dir='ltr'><strong>tamen</strong></span> <span class='ocrx_word' id='word_1_842' title='bbox 2765 4739 2863 4808; x_wconf 88' lang='lat' dir='ltr'><strong>ipsi</strong></span> <span class='ocrx_word' id='word_1_843' title='bbox 2901 4755 3115 4810; x_wconf 84' lang='lat' dir='ltr'><strong>quoque</strong></span> <span class='ocrx_word' id='word_1_844' title='bbox 3145 4743 3318 4799; x_wconf 73' lang='lat' dir='ltr'><strong>futura</strong></span> <span class='ocrx_word' id='word_1_845' title='bbox 3343 4750 3599 4802; x_wconf 70' lang='lat' dir='ltr'><strong>ostendet.</strong></span> 
     </span>
    </p>
   </div>
   <div class='ocr_carea' id='block_1_104' title="bbox 1999 4826 3597 4903">
    <p class='ocr_par' dir='ltr' id='par_1_104' title="bbox 1999 4826 3597 4903">
     <span class='ocr_line' id='line_1_104' title="bbox 1999 4826 3597 4903; baseline 0.007 -22"><span class='ocrx_word' id='word_1_846' title='bbox 1999 4829 2064 4882; x_wconf 76' lang='lat' dir='ltr'><strong>Et</strong></span> <span class='ocrx_word' id='word_1_847' title='bbox 2112 4826 2625 4881; x_wconf 69' lang='lat' dir='ltr'><strong>Nabuchodonosori</strong></span> <span class='ocrx_word' id='word_1_848' title='bbox 2670 4830 3007 4899; x_wconf 89' lang='lat' dir='ltr'><strong>iniquissimo</strong></span> <span class='ocrx_word' id='word_1_849' title='bbox 3052 4848 3115 4886; x_wconf 87' lang='lat' dir='ltr'><strong>ea</strong></span> <span class='ocrx_word' id='word_1_850' title='bbox 3159 4850 3280 4900; x_wconf 64' lang='lat' dir='ltr'><strong>qua:</strong></span> <span class='ocrx_word' id='word_1_851' title='bbox 3310 4848 3431 4903; x_wconf 81' lang='lat' dir='ltr'><strong>post</strong></span> <span class='ocrx_word' id='word_1_852' title='bbox 3461 4840 3597 4892; x_wconf 37' lang='lat' dir='ltr'><strong>mal.</strong></span> 
     </span>
    </p>
   </div>
   <div class='ocr_carea' id='block_1_105' title="bbox 2001 4922 3602 5002">
    <p class='ocr_par' dir='ltr' id='par_1_105' title="bbox 2001 4922 3602 5002">
     <span class='ocr_line' id='line_1_105' title="bbox 2001 4922 3602 5002; baseline 0.007 -27"><span class='ocrx_word' id='word_1_853' title='bbox 2001 4935 2080 4977; x_wconf 89' lang='lat' dir='ltr'><strong>tas</strong></span> <span class='ocrx_word' id='word_1_854' title='bbox 2129 4924 2505 4995; x_wconf 69' lang='lat' dir='ltr'><strong>generationes</strong></span> <span class='ocrx_word' id='word_1_855' title='bbox 2548 4922 2724 4977; x_wconf 79' lang='lat' dir='ltr'><strong>futura</strong></span> <span class='ocrx_word' id='word_1_856' title='bbox 2773 4935 2930 4979; x_wconf 86' lang='lat' dir='ltr'><strong>erant</strong></span> <span class='ocrx_word' id='word_1_857' title='bbox 2976 4927 3278 4999; x_wconf 71' lang='lat' dir='ltr'><strong>revelavit(</strong></span> <span class='ocrx_word' id='word_1_858' title='bbox 3309 4930 3447 4984; x_wconf 84' lang='lat' dir='ltr'><strong>Dan.</strong></span> <span class='ocrx_word' id='word_1_859' title='bbox 3496 4931 3532 4986; x_wconf 69' lang='grc' dir='ltr'>Ξ</span> <span class='ocrx_word' id='word_1_860' title='bbox 3562 4933 3602 5002; x_wconf 90' lang='grc'><strong>).</strong></span> 
     </span>
    </p>
   </div>
   <div class='ocr_carea' id='block_1_106' title="bbox 2003 5013 3599 5090">
    <p class='ocr_par' dir='ltr' id='par_1_106' title="bbox 2003 5013 3599 5090">
     <span class='ocr_line' id='line_1_106' title="bbox 2003 5013 3599 5090; baseline 0.005 -24"><span class='ocrx_word' id='word_1_861' title='bbox 2003 5015 2170 5083; x_wconf 78' lang='lat' dir='ltr'><strong>Ipsius</strong></span> <span class='ocrx_word' id='word_1_862' title='bbox 2202 5029 2417 5084; x_wconf 85' lang='lat' dir='ltr'><strong>quoque</strong></span> <span class='ocrx_word' id='word_1_863' title='bbox 2447 5013 2574 5077; x_wconf 83' lang='lat' dir='ltr'><strong>lilio,</strong></span> <span class='ocrx_word' id='word_1_864' title='bbox 2605 5015 2696 5084; x_wconf 89' lang='lat' dir='ltr'><strong>qui</strong></span> <span class='ocrx_word' id='word_1_865' title='bbox 2727 5024 2936 5086; x_wconf 89' lang='lat' dir='ltr'><strong>patrem</strong></span> <span class='ocrx_word' id='word_1_866' title='bbox 2971 5018 3254 5088; x_wconf 86' lang='lat' dir='ltr'><strong>iniquitate</strong></span> <span class='ocrx_word' id='word_1_867' title='bbox 3284 5023 3599 5090; x_wconf 85' lang='lat' dir='ltr'><strong>superabat,</strong></span> 
     </span>
    </p>
   </div>
   <div class='ocr_carea' id='block_1_107' title="bbox 2002 5106 3603 5178">
    <p class='ocr_par' dir='ltr' id='par_1_107' title="bbox 2002 5106 3603 5178">
     <span class='ocr_line' id='line_1_107' title="bbox 2002 5106 3603 5178; baseline 0.004 -18"><span class='ocrx_word' id='word_1_868' title='bbox 2002 5107 2174 5161; x_wconf 76' lang='lat' dir='ltr'><strong>futura</strong></span> <span class='ocrx_word' id='word_1_869' title='bbox 2226 5106 2498 5167; x_wconf 83' lang='lat' dir='ltr'><strong>ostendit;</strong></span> <span class='ocrx_word' id='word_1_870' title='bbox 2534 5106 2808 5159; x_wconf 84' lang='lat' dir='ltr'><strong>mirabiles</strong></span> <span class='ocrx_word' id='word_1_871' title='bbox 2847 5123 3178 5178; x_wconf 70' lang='lat' dir='ltr'><strong>magnasque</strong></span> <span class='ocrx_word' id='word_1_872' title='bbox 3219 5127 3307 5165; x_wconf 84' lang='lat' dir='ltr'><strong>res</strong></span> <span class='ocrx_word' id='word_1_873' title='bbox 3363 5112 3432 5166; x_wconf 88' lang='lat' dir='ltr'><strong>ita</strong></span> <span class='ocrx_word' id='word_1_874' title='bbox 3487 5115 3603 5169; x_wconf 78' lang='lat' dir='ltr'><strong>dis-</strong></span> 
     </span>
    </p>
   </div>
   <div class='ocr_carea' id='block_1_108' title="bbox 2003 5197 3601 5270">
    <p class='ocr_par' dir='ltr' id='par_1_108' title="bbox 2003 5197 3601 5270">
     <span class='ocr_line' id='line_1_108' title="bbox 2003 5197 3601 5270; baseline 0.006 -22"><span class='ocrx_word' id='word_1_875' title='bbox 2003 5213 2232 5268; x_wconf 81' lang='lat' dir='ltr'><strong>pensans</strong></span> <span class='ocrx_word' id='word_1_876' title='bbox 2271 5198 2291 5268; x_wconf 91' lang='lat'><strong>(</strong></span> <span class='ocrx_word' id='word_1_877' title='bbox 2323 5197 2457 5250; x_wconf 76' lang='lat' dir='ltr'><strong>Dan.</strong></span> <span class='ocrx_word' id='word_1_878' title='bbox 2488 5198 2577 5264; x_wconf 79' lang='lat'><strong>5).</strong></span> <span class='ocrx_word' id='word_1_879' title='bbox 2615 5197 2750 5265; x_wconf 84' lang='lat' dir='ltr'><strong>Quia</strong></span> <span class='ocrx_word' id='word_1_880' title='bbox 2796 5199 2956 5267; x_wconf 83' lang='lat' dir='ltr'><strong>igitur</strong></span> <span class='ocrx_word' id='word_1_881' title='bbox 2998 5201 3394 5270; x_wconf 69' lang='lat' dir='ltr'><strong>przetiicationis</strong></span> <span class='ocrx_word' id='word_1_882' title='bbox 3440 5220 3601 5258; x_wconf 54' lang='grc' dir='ltr'><strong>οχον.</strong></span> 
     </span>
    </p>
   </div>
   <div class='ocr_carea' id='block_1_109' title="bbox 2003 5279 3595 5361">
    <p class='ocr_par' dir='ltr' id='par_1_109' title="bbox 2003 5279 3595 5361">
     <span class='ocr_line' id='line_1_109' title="bbox 2003 5279 3595 5361; baseline 0.005 -19"><span class='ocrx_word' id='word_1_883' title='bbox 2003 5288 2089 5342; x_wconf 90' lang='lat' dir='ltr'><strong>dia</strong></span> <span class='ocrx_word' id='word_1_884' title='bbox 2114 5296 2223 5340; x_wconf 85' lang='grc' dir='ltr'>ιιιιιι</span> <span class='ocrx_word' id='word_1_885' title='bbox 2253 5296 2430 5354; x_wconf 84' lang='lat' dir='ltr'><strong>erant,</strong></span> <span class='ocrx_word' id='word_1_886' title='bbox 2463 5279 2738 5358; x_wconf 77' lang='lat' dir='ltr'><strong>multaque</strong></span> <span class='ocrx_word' id='word_1_887' title='bbox 2763 5289 3048 5358; x_wconf 82' lang='lat' dir='ltr'><strong>Oportebat</strong></span> <span class='ocrx_word' id='word_1_888' title='bbox 3087 5292 3202 5360; x_wconf 77' lang='lat' dir='ltr'><strong>ejus</strong></span> <span class='ocrx_word' id='word_1_889' title='bbox 3233 5297 3488 5361; x_wconf 67' lang='lat' dir='ltr'><strong>potentiae</strong></span> <span class='ocrx_word' id='word_1_890' title='bbox 3517 5312 3595 5350; x_wconf 83' lang='lat' dir='ltr'><strong>ar-</strong></span> 
     </span>
    </p>
   </div>
   <div class='ocr_carea' id='block_1_110' title="bbox 2003 5379 3591 5450">
    <p class='ocr_par' dir='ltr' id='par_1_110' title="bbox 2003 5379 3591 5450">
     <span class='ocr_line' id='line_1_110' title="bbox 2003 5379 3591 5450; baseline 0.006 -19"><span class='ocrx_word' id='word_1_891' title='bbox 2003 5388 2253 5448; x_wconf 78' lang='lat' dir='ltr'><strong>gumenta</strong></span> <span class='ocrx_word' id='word_1_892' title='bbox 2286 5379 2610 5444; x_wconf 87' lang='lat' dir='ltr'><strong>monstrari,</strong></span> <span class='ocrx_word' id='word_1_893' title='bbox 2639 5380 2790 5433; x_wconf 90' lang='lat' dir='ltr'><strong>multi</strong></span> <span class='ocrx_word' id='word_1_894' title='bbox 2817 5396 2883 5434; x_wconf 79' lang='lat' dir='ltr'><strong>ex</strong></span> <span class='ocrx_word' id='word_1_895' title='bbox 2909 5381 3251 5450; x_wconf 83' lang='lat' dir='ltr'><strong>indignorum</strong></span> <span class='ocrx_word' id='word_1_896' title='bbox 3301 5387 3466 5440; x_wconf 89' lang='lat' dir='ltr'><strong>etiam</strong></span> <span class='ocrx_word' id='word_1_897' title='bbox 3502 5403 3591 5440; x_wconf 91' lang='lat' dir='ltr'><strong>nu-</strong></span> 
     </span>
    </p>
   </div>
   <div class='ocr_carea' id='block_1_111' title="bbox 2007 5470 3592 5541">
    <p class='ocr_par' dir='ltr' id='par_1_111' title="bbox 2007 5470 3592 5541">
     <span class='ocr_line' id='line_1_111' title="bbox 2007 5470 3592 5541; baseline 0.006 -18"><span class='ocrx_word' id='word_1_898' title='bbox 2007 5487 2156 5524; x_wconf 79' lang='lat' dir='ltr'><strong>utero</strong></span> <span class='ocrx_word' id='word_1_899' title='bbox 2185 5470 2323 5524; x_wconf 84' lang='lat' dir='ltr'><strong>d0na</strong></span> <span class='ocrx_word' id='word_1_900' title='bbox 2352 5470 2706 5541; x_wconf 84' lang='lat' dir='ltr'><strong>accipiebant.</strong></span> <span class='ocrx_word' id='word_1_901' title='bbox 2734 5473 3076 5527; x_wconf 82' lang='lat' dir='ltr'><strong>Attamcuilii</strong></span> <span class='ocrx_word' id='word_1_902' title='bbox 3096 5489 3162 5528; x_wconf 80' lang='lat' dir='ltr'><strong>ex</strong></span> <span class='ocrx_word' id='word_1_903' title='bbox 3196 5474 3498 5532; x_wconf 85' lang='lat' dir='ltr'><strong>istiusmodi</strong></span> <span class='ocrx_word' id='word_1_904' title='bbox 3528 5481 3592 5534; x_wconf 85' lang='lat' dir='ltr'><strong>si-</strong></span> 
     </span>
    </p>
   </div>
   <div class='ocr_carea' id='block_1_112' title="bbox 2004 5562 3605 5642">
    <p class='ocr_par' dir='ltr' id='par_1_112' title="bbox 2004 5562 3605 5642">
     <span class='ocr_line' id='line_1_112' title="bbox 2004 5562 3605 5642; baseline 0.006 -26"><span class='ocrx_word' id='word_1_905' title='bbox 2004 5567 2122 5634; x_wconf 72' lang='lat' dir='ltr'><strong>gnis</strong></span> <span class='ocrx_word' id='word_1_906' title='bbox 2151 5562 2283 5617; x_wconf 90' lang='lat' dir='ltr'><strong>nihil</strong></span> <span class='ocrx_word' id='word_1_907' title='bbox 2327 5564 2695 5629; x_wconf 85' lang='lat' dir='ltr'><strong>lucrabantur,</strong></span> <span class='ocrx_word' id='word_1_908' title='bbox 2736 5563 2830 5619; x_wconf 89' lang='lat' dir='ltr'><strong>sed</strong></span> <span class='ocrx_word' id='word_1_909' title='bbox 2867 5566 3026 5619; x_wconf 86' lang='lat' dir='ltr'><strong>etiam</strong></span> <span class='ocrx_word' id='word_1_910' title='bbox 3073 5571 3306 5638; x_wconf 72' lang='lat' dir='ltr'><strong>graviori</strong></span> <span class='ocrx_word' id='word_1_911' title='bbox 3342 5573 3605 5642; x_wconf 78' lang='lat' dir='ltr'><strong>supplicio</strong></span> 
     </span>
    </p>
   </div>
   <div class='ocr_carea' id='block_1_113' title="bbox 2005 5655 3600 5726">
    <p class='ocr_par' dir='ltr' id='par_1_113' title="bbox 2005 5655 3600 5726">
     <span class='ocr_line' id='line_1_113' title="bbox 2005 5655 3600 5726; baseline 0.007 -17"><span class='ocrx_word' id='word_1_912' title='bbox 2005 5659 2319 5726; x_wconf 87' lang='lat' dir='ltr'><strong>puniuntur.</strong></span> <span class='ocrx_word' id='word_1_913' title='bbox 2373 5655 2603 5726; x_wconf 75' lang='lat' dir='ltr'><strong>ldquue</strong></span> <span class='ocrx_word' id='word_1_914' title='bbox 2654 5657 2795 5712; x_wconf 83' lang='lat' dir='ltr'><strong>hanc</strong></span> <span class='ocrx_word' id='word_1_915' title='bbox 2841 5659 3136 5714; x_wconf 86' lang='lat' dir='ltr'><strong>terribilem</strong></span> <span class='ocrx_word' id='word_1_916' title='bbox 3193 5677 3379 5717; x_wconf 73' lang='lat' dir='ltr'><strong>vocem</strong></span> <span class='ocrx_word' id='word_1_917' title='bbox 3427 5667 3600 5720; x_wconf 84' lang='lat' dir='ltr'><strong>emisit</strong></span> 
     </span>
    </p>
   </div>
   <div class='ocr_carea' id='block_1_114' title="bbox 2015 5745 3600 5820">
    <p class='ocr_par' dir='ltr' id='par_1_114' title="bbox 2015 5745 3600 5820">
     <span class='ocr_line' id='line_1_114' title="bbox 2015 5745 3600 5820; baseline 0.008 -19"><span class='ocrx_word' id='word_1_918' title='bbox 2015 5747 2186 5817; x_wconf 84' lang='lat' dir='ltr'><strong>ipsis:</strong></span> <span class='ocrx_word' id='word_1_919' title='bbox 2220 5745 2513 5818; x_wconf 82' lang='lat' dir='ltr'><strong>Numquam</strong></span> <span class='ocrx_word' id='word_1_920' title='bbox 2543 5749 2657 5802; x_wconf 70' lang='lat' dir='ltr'><strong>navi</strong></span> <span class='ocrx_word' id='word_1_921' title='bbox 2687 5764 2790 5803; x_wconf 80' lang='lat' dir='ltr'><strong>vos.</strong></span> <span class='ocrx_word' id='word_1_922' title='bbox 2844 5747 3040 5805; x_wconf 82' lang='lat' dir='ltr'><strong>Multos</strong></span> <span class='ocrx_word' id='word_1_923' title='bbox 3089 5766 3234 5808; x_wconf 76' lang='lat' dir='ltr'><strong>enim</strong></span> <span class='ocrx_word' id='word_1_924' title='bbox 3277 5754 3364 5812; x_wconf 88' lang='lat' dir='ltr'><strong>hic</strong></span> <span class='ocrx_word' id='word_1_925' title='bbox 3398 5757 3530 5820; x_wconf 85' lang='lat' dir='ltr'><strong>odit,</strong></span> <span class='ocrx_word' id='word_1_926' title='bbox 3551 5767 3600 5818; x_wconf 87' lang='lat' dir='ltr'><strong>et</strong></span> 
     </span>
    </p>
   </div>
  </div>
