4110 6306
539 309 645 368 823

540 440 666 484 ante
692 422 945 497 judicium
975 420 992 452 ¹
1021 423 1318 473 aversatur.
1348 411 1655 467 Timeamus
1681 406 1880 497 itaque,
1913 397 2113 463 dilecti,

547 529 603 573 et
623 495 845 572 multam
873 507 1211 567 instituenda:
1235 506 1358 558 vita:
1380 515 1563 556 curam
1589 495 1995 567 impendamus;
2028 508 2121 547 ne-

542 623 647 678 que
672 590 914 676 putemus
944 602 1121 655 minus
1147 614 1245 652 nos
1272 595 1490 656 habere,
1514 591 1636 660 quia
1666 588 1812 659 signa
1842 599 1984 640 nunc
2014 598 2119 637 non

545 676 790 755 facimus.
818 696 957 752 Nihil
985 696 1127 751 enim
1159 703 1409 759 nunquam
1440 684 1673 754 amplius
1697 697 1760 738 ex
1784 679 1947 749 signis
1969 676 2122 731 nobis

547 788 822 853 reddetur,
837 787 973 840 sicut
996 782 1126 837 nihil
1149 780 1324 833 minus
1351 791 1416 832 eo
1431 774 1573 845 quod
1598 774 1746 841 signa
1770 786 1875 824 non
1896 766 2120 823 edamus

548 879 591 931 si
617 877 899 933 virtutibus
918 873 1163 929 omnibus
1184 870 1373 924 demus
1402 880 1640 936 operam.
1660 863 1946 931 Signorum
1970 859 2124 929 quip-

548 986 616 1041 pe
648 971 913 1025 debitores
941 982 1045 1020 non
1063 977 1269 1028 sumus,
1300 975 1394 1029 pro
1421 962 1559 1012 bona
1580 964 1756 1009 autem
1781 954 1886 1006 vita
1910 962 1966 1006 et
1994 964 2125 1019 ope-

552 1040 695 1116 ribus
720 1101 735 1124 ,
769 1058 932 1113 Deum
984 1056 1241 1109 habemus
1284 1051 1605 1105 debitorem.
1651 1045 1786 1114 Quia
1829 1044 1988 1113 igitur
2038 1040 2127 1094 ille

550 1160 736 1206 cuncta
768 1147 1006 1217 perfecit.
1034 1154 1089 1201 et
1117 1143 1183 1198 de
1214 1144 1407 1196 virtute
1433 1136 1835 1192 accuratissime
1855 1132 2123 1193 disseruit,

550 1257 613 1297 ac
631 1240 877 1295 virtutem
909 1236 1223 1293 simulantes
1251 1250 1278 1286 a
1310 1232 1490 1301 probis
1527 1230 1770 1283 diversos
1793 1240 1913 1281 esse
1940 1232 2123 1278 osten-

550 1333 664 1397 dit;
692 1332 810 1387 illos
846 1344 1037 1400 nempe
1056 1328 1143 1397 qui
1167 1327 1471 1395 jejunarent
1499 1322 1581 1376 vel
1612 1328 1828 1375 orarent
1853 1319 1916 1371 ad
1946 1326 2127 1372 osten-

554 1424 828 1486 tationem,
857 1436 951 1475 eos
989 1421 1076 1486 qni
1108 1418 1207 1471 sub
1257 1416 1394 1483 pelle
1433 1413 1611 1466 ovium
1676 1408 2010 1472 accederent,
2034 1420 2129 1460 eos

553 1516 640 1585 qui
672 1513 920 1568 virtutem
953 1509 1366 1581 labefactarcnt,
1400 1518 1534 1573 quos
1576 1511 1632 1557 et
1661 1514 1851 1569 porcos
1879 1508 1934 1553 et
1969 1512 2129 1551 canes

555 1603 784 1668 vocavit,
814 1599 1104 1655 ostendens
1134 1598 1346 1652 domum
1378 1602 1634 1663 quantum
1663 1599 1809 1645 esset
1832 1590 1915 1644 vel
1948 1590 1999 1641 in
2032 1587 2131 1642 hac

562 1700 667 1751 vita
698 1697 910 1748 virtutis
936 1694 1137 1747 lucrum
1168 1731 1184 1755 ,
1227 1690 2004 1759 quantumque.entergcretex
2034 1679 2132 1733 im-

558 1786 817 1856 probitate
868 1794 1240 1839 nocnmentnm
1264 1820 1279 1845 ,
1330 1779 1458 1833 dicit
1506 1794 1519 1829 :
1551 1776 1643 1831 24.
1677 1773 1854 1829 Omnis
1880 1772 1966 1843 qui
1989 1770 2132 1824 audit

559 1879 707 1934 verba
730 1893 837 1932 mea
864 1877 970 1931 Iure
992 1916 1010 1942 ,
1037 1886 1081 1928 et
1113 1874 1234 1945 facit
1257 1889 1337 1938 ea,
1382 1869 1742 1924 assimilubitur
1768 1868 1873 1920 viro
1893 1864 2129 1932 sapienti.

560 1967 691 2023 Nam
727 1968 817 2038 qui
848 1966 1006 2020 verba
1036 1964 1150 2032 ejus
1179 1979 1283 2017 non
1313 1962 1616 2022 observant,
1648 1958 1855 2012 etiamsi
1885 1956 2031 2025 signa
2059 1953 2135 2005 fa-

561 2060 727 2123 ciant,
755 2073 873 2127 qua:
894 2056 1097 2126 passuri
1127 2054 1234 2108 sint
1262 2052 1482 2106 audistis
1510 2066 1523 2101 :
1555 2050 1733 2103 sciatis
1762 2057 1938 2101 autem
1960 2059 2121 2114 opor-

562 2160 658 2215 tet,
691 2149 881 2219 quibus
912 2147 1150 2202 fruentur
1172 2144 1322 2198 bouis
1348 2143 1379 2196 ii
1406 2140 1496 2210 qui
1523 2141 1679 2194 dictis
1704 2139 1952 2191 omnibus
1976 2135 2134 2190 obse-

555 2250 811 2312 quuntur,
840 2254 944 2292 non
978 2239 1029 2290 in
1056 2236 1234 2289 futuro
1264 2242 1467 2287 tantum
1500 2229 1700 2283 sa~eulo
1721 2270 1735 2292 ,
1764 2226 1858 2283 sed
1887 2227 2046 2280 etiam
2080 2226 2130 2279 in

558 2330 829 2401 praesenti.
861 2327 1061 2391 Omnis,
1092 2326 1291 2394 inquit,
1322 2322 1408 2391 qui
1436 2322 1579 2373 audit
1618 2318 1769 2372 verba
1792 2332 1904 2371 mea
1929 2320 2053 2378 tunc,
2086 2324 2135 2368 ct

558 2421 678 2491 facit
718 2436 775 2473 ea
801 2458 816 2481 ,
865 2416 1224 2471 assimilabitur
1265 2415 1371 2466 uiro
1399 2410 1635 2478 sapienti.
1685 2407 1843 2461 Vides
1869 2406 2136 2475 quomodo

556 2526 859 2567 sermonem
883 2510 1076 2571 variet,
1102 2505 1264 2559 modo
1294 2503 1480 2557 dicens
1502 2543 1516 2564 ,
1546 2499 1666 2554 Non
1706 2500 1870 2552 omnis
1907 2498 1992 2567 qui
2017 2496 2139 2551 dicit

557 2603 683 2657 mihi
713 2643 729 2667 ,
754 2601 987 2663 Domine,
1024 2597 1252 2658 Domine,
1282 2607 1510 2661 seseque
1551 2591 1823 2648 revelans;
1856 2588 2015 2643 modo
2042 2603 2137 2643 au-

560 2704 686 2759 tem,
717 2676 814 2758 Qui
842 2692 964 2762 facit
987 2688 1299 2742 voluntatem
1338 2683 1507 2737 Patris
1533 2682 1648 2744 mei,
1680 2689 1735 2734 et
1763 2694 1949 2734 rursus
1969 2693 2025 2732 sc
2046 2678 2134 2746 ju-

559 2783 728 2838 dicem
758 2777 1230 2856 declaransﬂulti
1247 2775 1414 2827 dicent
1436 2772 1560 2825 mihi
1580 2773 1631 2824 in
1654 2770 1745 2824 illa
1759 2768 1839 2823 die
1859 2786 1877 2822 :
1904 2767 2133 2829 Domine,

564 2873 791 2933 Domine,
809 2886 972 2925 nonne
994 2871 1048 2922 in
1075 2866 1279 2920 nomine
1308 2876 1391 2917 tuo
1420 2859 1865 2931 prophetarimus?
1887 2856 1950 2911 Et
1974 2856 2139 2915 dicant

560 2963 663 3026 eis,
688 2960 809 3015 Non
836 2958 948 3013 novi
973 2974 1079 3011 vos.
1128 2956 1224 3010 llic
1273 2967 1487 3024 quoque
1516 2948 1749 3003 ostendit
1797 2962 1856 3002 se
1901 2947 2138 2999 omnium

562 3061 875 3123 potestatem
928 3048 1127 3102 habere
1174 3063 1186 3097 :
1229 3051 1553 3113 quapropter
1595 3038 1845 3100 dicebat,
1872 3035 1969 3102 Qui
1997 3035 2142 3087 audit

562 3146 711 3199 verba
738 3159 847 3196 mea
867 3142 992 3196 Ita'c.
1027 3138 1158 3205 Quia
1187 3138 1329 3191 enim
1358 3133 1536 3187 omnia
1564 3131 1629 3186 de
1654 3128 1843 3184 futuris
1866 3127 2135 3191 disseruit,

567 3246 621 3291 et
642 3250 863 3304 regnum
904 3244 1209 3287 memorans
1233 3268 1248 3291 ,
1279 3236 1333 3281 et
1374 3222 1675 3279 mercedem
1718 3218 2061 3281 ineffabilem,
2086 3226 2140 3270 et

563 3326 979 3383 consolationem
1002 3329 1059 3377 et
1086 3319 1278 3373 similia
1308 3358 1322 3381 ,
1352 3312 1464 3371 vult
1488 3329 1581 3369 eos
1618 3313 1742 3367 hinc
1769 3309 2004 3380 proferre
2029 3309 2141 3362 frn-

564 3428 682 3474 ctus
726 3430 885 3480 suos,
928 3422 982 3467 et
1010 3409 1293 3465 ostendere
1333 3414 1526 3475 quanta
1568 3404 1635 3457 sit
1677 3404 1727 3456 in
1758 3402 2003 3472 pmsenti
2036 3400 2141 3453 vita

566 3507 770 3563 virtutis
788 3506 885 3558 vis.
913 3502 1041 3568 Qua:
1066 3512 1193 3568 ergo
1213 3506 1293 3553 est
1315 3495 1527 3549 virtutis
1553 3493 1677 3546 vis?
1702 3489 1833 3546 Cum
1860 3490 2145 3545 securitate

565 3600 761 3663 vivere,
794 3594 953 3648 nullis
990 3590 1181 3645 cedere
1209 3587 1491 3649 aerumnis,
1540 3581 1858 3636 laedentibus
1894 3571 2144 3633 omnibus

567 3685 898 3757 superiorem
950 3694 1067 3734 esse
1118 3693 1131 3730 :
1183 3678 1266 3730 cui
1320 3673 1447 3744 quid
1494 3687 1589 3741 par
1617 3685 1737 3726 esse
1766 3668 1981 3738 possit?
2011 3668 2140 3722 lllud

569 3778 711 3833 enim
738 3791 808 3830 ne
837 3775 882 3827 is
902 3771 1113 3842 quidem
1140 3768 1228 3837 qui
1248 3765 1547 3819 diademate
1592 3760 1889 3823 redimitur,
1920 3758 2022 3812 sibi
2051 3772 2146 3827 po.

572 3877 676 3923 test
696 3877 1028 3933 comparare,
1058 3858 1153 3913 sed
1180 3856 1269 3911 ille
1294 3854 1441 3909 solus
1469 3854 1557 3921 qui
1589 3850 1771 3906 virtuti
1790 3850 1883 3904 dat
1902 3863 2143 3917 operam.

572 3960 689 4027 Ipse
710 3954 905 4025 quippe
935 3950 1077 4005 solus
1106 3946 1220 4002 iure
1252 3960 1373 3999 cum
1414 3955 1605 4013 magno
1629 3940 1845 3997 cumulo
1884 3939 2144 4009 possidet,

574 4049 627 4101 in
658 4046 758 4099 hoc
784 4040 1123 4111 praisentium
1152 4050 1331 4091 rerum
1360 4036 1551 4102 euripo
1594 4031 1757 4086 multa
1790 4032 1972 4085 fruens
2002 4040 2147 4083 tran-

574 4137 854 4209 quillitate.
882 4131 1013 4186 Nam
1042 4128 1184 4197 quod
1224 4124 1463 4180 mirabile
1489 4130 1591 4187 est,
1628 4137 1747 4176 cum
1778 4123 1921 4176 nulla
1948 4122 2152 4175 sereni-

575 4240 654 4283 tas
678 4228 765 4289 sit,
796 4224 890 4280 sed
914 4229 1199 4291 tempestas
1224 4218 1512 4272 vehemens
1531 4222 1586 4269 et
1615 4213 1777 4268 multa
1800 4212 2149 4282 perturbatio,

576 4322 921 4392 plurimaeque
949 4312 1286 4375 tentationes,
1314 4324 1417 4361 non
1444 4315 1619 4376 potest
1645 4307 1758 4373 ipse
1785 4304 1867 4358 vel
1886 4303 2151 4358 tantillum
2186 4336 2187 4339 η

579 4423 782 4466 nutare.
812 4407 943 4462 Nam
992 4405 1065 4457 ait
1089 4446 1105 4469 ,
1133 4402 1224 4455 25.
1276 4398 1540 4452 Descendit
1567 4395 1756 4462 pluuia,
1776 4404 2016 4453 venerim:
2051 4393 2152 4462 μα-

578 4503 746 4561 mina,
788 4499 1035 4569 ﬂaverant
1061 4494 1209 4553 renti,
1239 4502 1281 4545 et
1306 4492 1561 4543 irruerunt
1584 4489 1637 4540 in
1673 4488 1877 4540 domum
1910 4484 2072 4547 illam,
2105 4496 2152 4538 ct

577 4609 677 4645 non
707 4590 919 4644 cecidit:
953 4584 1162 4653 fundata
1198 4584 1327 4635 enim
1348 4588 1453 4633 erat
1473 4593 1629 4644 supra
1658 4590 1848 4644 petram
1877 4591 1893 4627 :
1923 4575 2151 4645 pinviam

579 4684 663 4740 hic
694 4693 748 4737 et
774 4680 1011 4739 ﬂumina,
1042 4686 1092 4728 et
1133 4684 1319 4726 ventos
1350 4668 1709 4735 metaplinnce
1737 4682 1937 4719 vocans
1969 4665 2155 4719 Imma-

581 4789 676 4831 ttas
697 4770 1026 4827 calamitates
1049 4777 1103 4819 et
1128 4773 1416 4825 a-rnmnas,
1446 4757 1686 4810 videlicet
1716 4754 2007 4809 calumnias
2028 4795 2042 4815 ,
2075 4755 2156 4807 in-

578 4865 740 4920 sidias
770 4904 784 4925 ,
814 4864 983 4916 luctus
1012 4904 1021 4917 ,
1055 4865 1253 4909 mortes
1274 4894 1288 4915 ,
1317 4850 1610 4905 domestica
1647 4847 1863 4911 damna,
1887 4847 2157 4901 molestias

581 4958 649 5009 ab
680 4953 865 5008 alienis
888 4943 1419 5012 creatas,~omniaque
1446 4948 1639 4993 czetera
1664 4937 1802 4992 mala
1832 4937 1882 4990 in
1916 4953 2156 5006 prasen-

585 5057 690 5102 tem
723 5048 883 5097 vitam
915 5036 1235 5109 ingruentia.
1268 5035 1371 5088 Sed
1393 5029 1697 5101 bujusmodi
1728 5029 1934 5089 anima,
1966 5026 2151 5097 inquit,

593 5138 719 5193 nulli
752 5137 824 5189 rei
864 5132 1007 5187 cedit
1039 5148 1052 5184 :
1086 5128 1242 5198 hujus
1270 5135 1446 5180 autem
1490 5126 1567 5179 rei
1593 5136 1753 5177 causa
1781 5129 1895 5183 est,
1922 5122 2061 5190 quod
2090 5121 2160 5174 sit

586 5242 747 5299 supra
781 5234 981 5295 petram
1012 5219 1245 5275 fundata.
1274 5217 1486 5273 Petram
1515 5224 1693 5270 autem
1723 5220 1879 5266 vocat
1900 5210 2159 5267 doctrina)

585 5333 695 5371 sua:
725 5316 1047 5369 ﬁrmitatem.
1079 5309 1285 5365 Etenim
1308 5318 1454 5376 petra
1481 5302 1696 5358 fortiora
1724 5310 1849 5356 sunt
1871 5310 2158 5372 praecepta,

588 5408 962 5475 hominemque
985 5401 1186 5458 faciunt
1208 5398 1460 5452 humanis
1475 5394 1725 5449 omnibus
1742 5392 1992 5450 ﬂuctibus
2011 5409 2163 5465 supe-

588 5500 808 5555 riorem.
826 5496 926 5564 Qui
955 5493 1095 5549 enim
1126 5491 1239 5545 bzcc
1262 5488 1543 5560 diligenter
1568 5484 1835 5551 observat,
1868 5496 1974 5539 non
2001 5482 2162 5541 modo

646 5666 660 5695 ⁸
686 5667 886 5725 QuiJnn
918 5670 1245 5731 Matiuseripti,
1262 5670 1306 5715 et
1328 5669 1435 5714 ante
1452 5660 1763 5728 partitionem.

1275 295 1333 352 S.
1372 289 1648 351 JOANNIS
1683 281 2163 345 CHRYSOSTOSI
2195 280 2518 339 ARCIHEP.
2545 278 3083 340 CONSTANTINOP.

3716 278 3815 334 εει

2227 395 2533 452 hominibus
2558 410 2753 450 nocere
2776 392 3103 448 tentantibus
3128 389 3375 462 superior
3394 389 3516 458 erit,
3536 386 3635 444 sed
3655 390 3814 444 etiam

2228 488 2359 559 ipsis
2385 487 2717 543 damonibns
2743 484 3137 539 insidiantibus.

2322 580 2375 635 3.
2421 579 2548 635 Sola
2594 579 2750 632 virtus
2777 578 3127 630 inconcussam
3178 576 3315 644 parit
3365 572 3526 626 animi
3574 572 3813 643 quietem.

2228 670 2397 725 Probo
2416 670 2587 724 nullus
2608 676 2766 741 potest
2785 681 2984 721 nocere.
3010 664 3038 718 Ι
3043 664 3239 734 mprobi
3274 664 3455 718 ntultos
3474 663 3725 717 sustinent
3744 664 3820 715 la-

2227 762 2465 815 bores.—-
2483 758 2634 828 Quod
2667 768 2844 812 autem
2876 756 2989 811 haec
3008 771 3112 809 non
3142 770 3241 825 per
3256 753 3568 823 jactantiam
3606 753 3717 807 sint
3747 753 3824 806 di-

2227 861 2335 914 cta,
2359 855 2513 905 testis
2543 850 2695 903 nobis
2724 859 2807 903 est
2836 845 2970 912 Job,
3000 844 3089 915 qui
3130 858 3318 898 omnes
3350 843 3547 897 diaboli
3587 844 3827 911 impetus

2229 945 2479 1013 excepit,
2523 943 2880 1007 immotusque
2928 938 3123 993 mansit
3152 955 3165 989 :
3194 935 3467 991 testificari
3498 943 3728 1006 possunt
3769 944 3827 989 et

2229 1037 2483 1105 apostoli,
2512 1035 2602 1105 qui
2627 1034 2877 1088 omnibus
2898 1031 3047 1086 orbis
3076 1029 3323 1085 ﬂuctibus
3351 1029 3404 1082 in
3424 1044 3482 1084 se
3514 1030 3816 1097 irrumpen—

2238 1126 2401 1193 tibus,
2436 1127 2648 1195 papillis
2687 1125 2836 1187 item,
2867 1125 3139 1195 tyrannis,
3172 1120 3483 1174 domesticis
3523 1130 3575 1174 et
3605 1121 3828 1181 alienis,

2230 1220 2583 1279 daemonibus,
2610 1217 2844 1277 diabolo,
2877 1217 3129 1284 omnique
3159 1218 3372 1267 admota
3424 1212 3668 1266 machina
3694 1253 3706 1272 .
3738 1210 3832 1266 his

2233 1311 2421 1364 solutis
2442 1309 2691 1362 omnibus
2713 1348 2728 1369 ,
2758 1315 2907 1375 petra
2939 1304 3200 1359 firmiores
3239 1312 3523 1357 steterunt.
3557 1302 3695 1368 Quid
3727 1301 3829 1371 igi-

2234 1408 2317 1453 tur
2347 1396 2645 1467 hujusmodi
2677 1397 2781 1450 vita
2799 1395 3007 1450 beatius
3032 1409 3152 1449 esse
3178 1393 3386 1464 possit?
3416 1393 3527 1446 Hoc
3545 1392 3689 1445 enim
3717 1406 3826 1447 non

2232 1492 2450 1555 divitiae,
2479 1507 2585 1546 non
2613 1492 2857 1561 corporis
2900 1491 3068 1545 robur
3088 1530 3104 1554 ,
3132 1504 3239 1542 non
3264 1487 3433 1557 gloria
3453 1527 3469 1552 ,
3499 1500 3606 1539 non
3636 1499 3800 1555 poten

2236 1582 2326 1644 tia,
2356 1597 2527 1651 neque
2551 1582 2694 1635 aliud
2717 1579 3140 1652 quidpiampsed
3171 1579 3285 1632 sola
3310 1577 3520 1631 virtutis
3550 1577 3832 1645 possessio

2235 1676 2429 1741 poterit
2447 1672 2753 1726 conciliare.
2777 1669 2889 1726 Non
2920 1677 3095 1738 potest
3132 1670 3298 1731 enim,
3339 1683 3446 1721 non
3474 1677 3648 1735 potest
3676 1678 3830 1720 certe

2234 1762 2334 1815 alia
2366 1762 2585 1829 reperiri
2618 1762 2724 1814 vita
2759 1760 2915 1814 malis
2942 1760 3194 1813 omnibus
3222 1758 3405 1821 libera,
3441 1757 3540 1809 nisi
3582 1758 3697 1810 hac
3724 1771 3835 1809 una

2238 1862 2461 1907 tantum.
2495 1852 2602 1907 Vos
2636 1867 2848 1921 quoque
2880 1860 3042 1905 testes
3067 1852 3220 1915 estis,
3249 1850 3339 1915 qui
3375 1849 3567 1903 videtis
3598 1849 3651 1902 in
3683 1852 3835 1916 regia

2235 1944 2477 2007 insidias,
2496 1946 2583 2014 qui
2617 1944 2877 1998 tumultus
2904 1953 2959 1997 et
2989 1942 3423 2012 perturbationes
3443 1942 3755 2010 conspicitis
3774 1939 3836 1992 in

2237 2034 2462 2089 divitum
2516 2034 2741 2089 aedibus.
2788 2034 2895 2088 Sed
2948 2033 3087 2102 apud
3137 2033 3407 2101 apostolos
3454 2031 3584 2085 nihil
3630 2029 3831 2085 simila.

2236 2124 2376 2190 Quid
2406 2125 2611 2194 igitur?
2641 2140 2707 2177 an
2734 2123 2867 2177 nihil
2916 2124 3022 2177 tale
3057 2123 3262 2192 experti
3292 2125 3455 2176 sunt?
3484 2122 3685 2176 nihilne
3711 2134 3837 2175 mo-

2238 2214 2428 2268 lestum
2458 2214 2526 2267 ab
2550 2214 2726 2283 aliquo
2755 2224 2876 2267 sunt
2906 2213 3184 2283 perpessi?
3215 2212 3319 2267 Sed
3346 2212 3446 2265 hoc
3465 2213 3703 2266 omnium
3728 2213 3801 2265 mi
3820 2243 3839 2252 -

2236 2304 2617 2358 rabilissimum
2644 2304 2893 2374 cst,quod
2923 2303 3121 2357 multas
3143 2303 3282 2372 passi
3311 2304 3415 2356 sint
3444 2301 3841 2370 insidias,qn0d

2238 2398 2421 2453 multae
2447 2406 2793 2466 tempestates
2839 2397 2889 2449 in
2930 2411 3025 2451 eos
3077 2395 3401 2466 irruperint,
3441 2411 3562 2465 quae
3594 2397 3839 2465 ipsorum

2241 2490 2475 2543 animum
2510 2502 2614 2542 non
2643 2496 2984 2550 everterunt,
3018 2502 3191 2556 neque
3219 2486 3431 2539 illorum
3471 2486 3841 2541 constantiam

2240 2578 2511 2648 fregerunt
2536 2592 2550 2641 ;
2585 2580 2692 2630 imo
2719 2577 2879 2632 etiam
2913 2576 3067 2631 nudis
3095 2576 3408 2645 corporibus
3428 2587 3728 2648 pugnantes
3750 2578 3841 2648 vi—

2239 2675 2461 2734 cerunt,
2518 2666 2929 2736 superioresque
2957 2675 3265 2722 evaserunt.
3290 2666 3357 2723 Et
3386 2645 3443 2720 tu
3466 2645 3645 2737 itaque
3672 2668 3717 2720 si
3746 2646 3844 2722 re-

2240 2760 2307 2815 lis
2338 2758 2455 2815 hare
2483 2768 2733 2815 accurate
2777 2758 3085 2819 observare,
3114 2758 3293 2812 omnia
3320 2756 3592 2812 deridebis
3625 2776 3638 2808 :
3670 2757 3843 2813 modo

2243 2852 2383 2905 enim
2414 2851 2598 2904 harum
2636 2848 3069 2904 adhortationum
3098 2846 3434 2917 philosophia
3468 2847 3707 2901 munitus
3736 2847 3839 2914 sis,

2244 2941 2373 2994 nihil
2407 2950 2460 2995 te
2486 2942 2537 2994 in
2561 2954 2848 2995 mterorem
2870 2938 3137 3007 conjicere
3165 2940 3378 3007 poterit.
3405 2936 3462 2991 In
3489 2954 3597 3006 quo
3617 2939 3760 2992 enim
3784 2947 3847 2993 te

2246 3031 2402 3085 laedet
2431 3031 2474 3084 is
2502 3031 2589 3099 qui
2635 3028 2857 3083 insidias
2881 3028 3176 3082 struxerit?
3206 3044 3273 3081 an
3305 3029 3558 3097 pecunias
3580 3027 3781 3083 auferet
3810 3027 3841 3081 ἲ

2244 3122 2349 3177 Sed
2370 3130 2499 3177 ante
2524 3121 2697 3174 minas
2728 3120 2865 3173 illius
2891 3118 3074 3189 jussus
3099 3133 3162 3171 es
3187 3118 3328 3171 ~illas
3355 3128 3703 3173 contemnere
3725 3159 3741 3181 ,
3784 3128 3847 3173 et

2246 3214 2315 3266 ita
2343 3212 2411 3264 ab
2441 3212 2545 3267 illis
2572 3212 2813 3267 animum
2840 3211 3128 3275 abducere,
3158 3219 3217 3264 ttt
3243 3226 3531 3279 numquam
3561 3224 3589 3264 a
3612 3210 3844 3265 Domino

2246 3304 2550 3373 huiusmodi
2582 3303 2855 3374 quidpiam
2888 3312 3061 3373 petas.
3089 3302 3195 3357 Sed
3231 3312 3281 3355 te
3324 3303 3375 3355 in
3402 3316 3674 3357 carcerem
3707 3312 3845 3373 con-

2240 3394 2433 3461 jicict?
2463 3396 2531 3448 At
2561 3405 2683 3448 ante
2716 3408 2990 3447 carcerem
3040 3394 3111 3446 ita
3145 3404 3196 3447 te
3226 3393 3408 3447 vivere
3454 3393 3712 3461 praecepit
3736 3432 3751 3456 ,
3777 3401 3842 3446 ut

2247 3488 2446 3540 mundo
2461 3486 2678 3540 omnino
2704 3485 2991 3539 crucifixus
3009 3485 3104 3538 sis.
3130 3484 3234 3539 Sed
3254 3484 3393 3539 male
3415 3483 3483 3540 de
3502 3492 3557 3540 te
3581 3484 3848 3555 loquitur?

2250 3574 2449 3630 Verum
2502 3574 2605 3629 hoc
2647 3585 2700 3629 te
2732 3574 2919 3628 dolore
2966 3573 3217 3627 liberavit
3253 3573 3500 3629 Christus
3524 3616 3540 3639 ,
3572 3574 3701 3631 dum
3741 3575 3840 3633 tibi

2249 3669 2491 3733 multam,
2524 3668 2655 3720 citra
2699 3667 2957 3729 laborem,
2993 3664 3263 3733 patientia-
3287 3665 3560 3735 pollicitus
3586 3674 3673 3722 e~t
3696 3655 3845 3722 mer-

2247 3757 2455 3822 cedem,
2478 3766 2638 3826 atque
2667 3756 2735 3809 ita
2765 3765 2816 3811 te
2858 3770 3048 3824 purum
3077 3756 3145 3809 ab
3185 3754 3487 3824 bnjnsmodi
3545 3757 3625 3812 ira
3664 3768 3721 3813 et
3761 3758 3847 3814 la-

2250 3849 2380 3905 bore
2409 3849 2659 3912 reddidit,
2692 3857 2749 3901 ut
2770 3848 2993 3917 jusserit
3022 3848 3184 3902 etiam
3216 3863 3315 3917 pro
3354 3848 3586 3913 inimicis
3614 3864 3774 3907 orare
3794 3852 3838 3905 ί.

2248 3939 2354 3995 Sed
2382 3938 2527 4007 pellit
2552 3949 2602 3993 te
2619 3947 2673 3991 et
2699 3939 2995 3992 innumeris
3022 3938 3236 3993 obsidet
3261 3938 3419 3992 malis
3438 3940 3463 3991 'P
3494 3941 3564 3993 At
3592 3941 3843 4008 splendi-

2251 4030 2453 4086 diorem
2475 4030 2568 4084 tibi
2599 4038 2749 4097 parat
2774 4044 3047 4083 coronam.
3072 4029 3177 4083 Sed
3210 4038 3261 4083 te
3291 4029 3487 4084 occidit
3510 4040 3564 4085 et
3579 4030 3788 4101 jugulat
3808 4032 3837 4085 2

2252 4121 2343 4176 Sic
2378 4120 2499 4174 ideo
2545 4119 2778 4175 maxime
2810 4120 2902 4173 tibi
2928 4120 3242 4174 beneficium
3272 4128 3508 4188 praestat,
3538 4132 3841 4193 martyrum

2259 4212 2348 4266 tibi
2380 4212 2594 4280 praemia
2619 4226 2829 4278 parans,
2846 4219 2902 4264 et
2925 4212 3081 4267 citius
3103 4221 3155 4266 te
3182 4210 3399 4265 mittens
3415 4211 3469 4266 in
3488 4214 3836 4281 tranquillum

2259 4311 2490 4371 portum,
2519 4301 2839 4370 majorisque
2880 4301 2973 4355 tibi
3014 4301 3380 4355 retributionis
3425 4302 3558 4355 dans
3598 4303 3847 4359 occasio-

2258 4410 2401 4459 nem,
2428 4409 2493 4449 ac
2518 4395 2611 4448 tibi
2656 4394 2978 4463 providens,
3010 4405 3066 4449 ut
3093 4408 3120 4447 a
3152 4395 3425 4448 communi
3449 4394 3533 4447 illa
3566 4394 3847 4449 reddenda

2258 4487 2463 4540 ratione
2492 4495 2543 4539 te
2572 4484 2838 4553 espedias.
2874 4482 3041 4553 quue
3078 4484 3312 4538 maxime
3354 4485 3593 4538 omnium
3637 4487 3845 4541 miran-

2256 4577 2381 4633 dum
2412 4586 2515 4641 est,
2544 4578 2683 4646 quod
2715 4590 2905 4645 nempe
2926 4592 3032 4630 non
3060 4576 3218 4630 modo
3236 4576 3366 4629 nihil
3395 4576 3593 4630 lmdant
3617 4577 3846 4634 insidia-

2262 4681 2425 4729 tores.
2457 4670 2550 4725 sed
2578 4670 2734 4723 etiam
2762 4668 3151 4738 splendidiores
3178 4669 3296 4721 illos
3322 4668 3549 4722 reddant
3573 4684 3710 4739 quos
3735 4671 3842 4724 im-

2262 4773 2464 4831 petunt.
2510 4759 2605 4817 Cui
2644 4761 2784 4816 bono
2813 4758 2941 4831 quid
2981 4773 3076 4828 par
3118 4773 3368 4827 umquam
3402 4757 3601 4819 fuerit,
3632 4759 3852 4829 quando

2261 4854 2381 4909 talis
2424 4853 2669 4923 deligitur
2712 4852 2835 4914 vita,
2887 4850 3060 4920 qualis
3100 4851 3215 4905 haec
3263 4848 3375 4903 sola
3408 4850 3667 4925 exsistit?
3709 4850 3849 4917 Quia

2260 4947 2402 4999 enim
2424 4945 2627 4998 dixerat
2653 4956 2853 4997 arctam
2880 4950 2933 4995 et
2962 4951 3237 5011 angustam
3266 4954 3388 4994 esse
3410 4940 3572 5007 viam,
3594 4940 3726 4997 hinc
3758 4942 3842 4994 fa.

2261 5038 2406 5092 boris
2426 5037 2841 5091 consohltionem
2866 5032 3116 5098 offerens,
3145 5032 3378 5087 ostendit
3404 5047 3651 5103 magnam
3680 5033 3733 5087 in
3752 5032 3846 5087 illa

2263 5145 2383 5187 esse
2410 5129 2774 5192 securitatem,
2808 5142 3048 5197 magnam
3073 5125 3399 5193 voluptatem
3424 5163 3441 5189 ,
3464 5125 3604 5179 sicut
3634 5124 3686 5179 in
3712 5139 3851 5181 oon-

2262 5214 2427 5279 trari'ﬁ
2456 5237 2701 5294 magnam
2730 5222 3043 5291 pravitatem
3065 5218 3109 5283 ’,
3136 5220 3332 5289 ingens
3350 5214 3624 5271 damnum.
3655 5216 3853 5285 Quem-

2263 5314 2547 5370 admodum
2576 5314 2718 5370 enim
2747 5313 2871 5366 hinc
2903 5310 3111 5365 virtutis
3141 5310 3356 5379 praemia
3388 5308 3745 5374 monstravit‘,
3767 5310 3851 5364 sic

2259 5414 2317 5461 et
2334 5404 2583 5475 nequitiae
2602 5402 3026 5459 retributionem.
3052 5399 3183 5457 Nam
3205 5398 3348 5471 quod
3369 5395 3549 5454 dicere
3567 5398 3855 5464 consuevi,

2328 5601 2347 5633 ί
2383 5596 2478 5649 ΔιῙί
2494 5610 2592 5647 non
2614 5597 2774 5659 pauci,
2797 5594 2939 5659 etiam
2963 5609 3052 5657 pro
3072 5593 3156 5659 illo
3175 5607 3340 5659 orare.

2330 5663 2352 5692 '
2382 5660 2499 5721 Alii,
2522 5656 2742 5723 magnam
2766 5656 3095 5709 temeritatem.
