4110 6306
134 432 227 489 325

138 543 228 599 hoc
266 539 429 597 etiam
470 550 615 594 nunc
662 533 859 597 dicam,
898 542 967 583 ex
1015 533 1243 595 utroque
1284 520 1511 577 salutem
1560 513 1717 571 audi-

136 646 300 689 torum
326 632 524 702 ubique
547 634 821 698 operatur,
851 636 918 677 ex
954 616 1165 672 virtutis
1201 612 1399 677 studio,
1426 619 1481 665 et
1502 622 1566 702 es
1592 604 1724 702 odio

136 725 396 797 nequitim.
427 698 566 788 Quia
596 717 740 775 enim
784 711 1001 786 quidam
1044 707 1204 764 futuri
1251 711 1408 760 erant
1449 700 1549 797 qui
1574 698 1718 753 dicta

137 793 345 890 quidem
394 821 744 875 mirarentur,
794 820 968 876 neque
1012 813 1188 857 tamen
1230 798 1376 859 bona
1408 793 1726 890 exhiberem

135 883 313 980 opera,
337 906 459 961 illos
486 901 828 975 pnnveuiens
854 904 1019 953 terret
1058 909 1123 948 ac
1150 891 1280 945 dicit
1311 906 1324 942 :
1360 885 1570 942 etiamsi
1601 883 1723 980 pul-

133 974 253 1085 chra
274 1000 465 1055 sintea
494 1010 616 1067 qua:
648 993 924 1052 dicuntur,
954 1002 1060 1041 nou
1089 982 1339 1039 sufﬁcere
1364 990 1543 1085 tamen
1570 974 1727 1029 audi-

134 1042 237 1150 illa
266 1092 337 1147 ad
364 1042 615 1150 salutem,
642 1086 736 1142 sed
769 1090 1022 1154 oportere
1054 1093 1149 1149 per
1176 1042 1580 1147 opcra‘ollt‘sequi
1607 1088 1619 1123 :
1647 1078 1728 1123 to-

133 1170 238 1255 tum
266 1193 445 1239 autem
473 1181 575 1236 hac
624 1179 677 1232 in
717 1192 776 1231 re
816 1173 1085 1245 prmcipue
1114 1178 1378 1225 versatur.
1402 1166 1606 1245 (Atque
1638 1162 1727 1217 hic

133 1288 433 1334 sermonem
464 1269 738 1326 concludit
763 1309 778 1334 ,
807 1266 1152 1335 validumque
1193 1263 1323 1330 ipsis
1356 1261 1608 1315 timorem
1635 1271 1726 1311 re-

132 1366 343 1437 linquit.
372 1360 832 1432 Quemadmodum
859 1357 1002 1413 enim
1022 1397 1038 1423 ,
1070 1370 1192 1411 cum
1223 1352 1291 1408 de
1316 1352 1515 1406 virtute
1543 1361 1727 1419 agere-

133 1468 232 1522 tur,
261 1472 372 1511 non
416 1455 588 1510 solum
642 1468 707 1508 ex
740 1451 929 1506 futuris
960 1448 1233 1511 incitabat,
1261 1461 1484 1516 regnum
1513 1458 1725 1498 memo-

132 1564 273 1609 rans.
303 1548 487 1613 cmlos,
521 1543 824 1601 mercedem
852 1541 1174 1597 ineffabilem
1198 1580 1213 1604 ,
1247 1536 1677 1593 consolationem
1704 1574 1720 1599 ,

132 1642 518 1709 innumeraque
567 1636 729 1699 bona,
783 1633 878 1689 sed
905 1632 1066 1687 etiam
1111 1646 1140 1684 a
1194 1628 1572 1701 praesentibus,
1599 1625 1727 1681 dum

132 1730 439 1787 ﬁrmitatem
469 1726 1008 1794 immobilitatemque
1045 1731 1217 1801 pctrze
1258 1718 1537 1775 ostendit:
1569 1717 1649 1772 sic
1673 1724 1729 1770 cf.

132 1837 249 1876 cum
280 1820 353 1875 de
377 1818 579 1874 malitia
624 1817 801 1887 agitur
820 1857 835 1881 ,
866 1830 971 1868 non
1016 1812 1178 1867 modo
1204 1819 1371 1866 terret
1414 1809 1484 1865 ab
1514 1808 1579 1863 iis
1607 1820 1729 1877 qua:

130 1919 527 1981 exspectantur,
557 1918 615 1962 ut
636 1908 704 1962 ab
731 1906 910 1961 excisa
938 1904 1133 1959 arbore
1154 1945 1168 1967 ,
1212 1906 1333 1974 igne
1376 1899 1730 1969 inexstingui-

130 2004 241 2071 bili,
273 2003 521 2073 ingressu
548 1999 703 2070 regni
731 1997 1043 2059 intercluso,
1068 1994 1137 2049 ab
1157 1993 1259 2048 hoc
1279 1992 1445 2054 dicto,
1473 1988 1595 2045 Non
1610 1989 1727 2043 novi

129 2111 252 2158 ros;
279 2092 376 2148 sed
398 2091 559 2147 etiam
591 2105 655 2144 ex
682 2087 1044 2159 praesentibus
1064 2129 1076 2146 ,
1107 2098 1302 2153 nempe
1350 2098 1415 2138 ex
1443 2081 1596 2137 ruina
1627 2080 1725 2134 do-

125 2200 265 2242 mus.
297 2183 533 2252 Ideoque
561 2196 683 2234 cum
725 2180 915 2247 majori
962 2177 1205 2247 emphasi
1235 2176 1541 2230 sermonem
1574 2173 1727 2226 insti-

126 2280 246 2342 tuit,
281 2271 537 2345 parabole
587 2270 735 2324 illum
767 2283 1055 2323 exornans.
1096 2268 1210 2322 Non
1259 2267 1404 2321 enim
1450 2267 1582 2321 satis
1615 2274 1731 2320 erat

125 2365 356 2429 dixisset,
384 2359 890 2431 virtute’prteditum
942 2359 1199 2413 invictum
1254 2357 1393 2422 fore,
1422 2356 1729 2427 improbum

127 2467 289 2530 captu
330 2456 540 2511 facilem
566 2472 582 2521 ;
610 2452 703 2509 sed
734 2460 939 2523 petram
971 2451 1170 2521 posuit,
1199 2450 1443 2513 domum,
1476 2448 1723 2514 flumina,

127 2552 368 2624 pluviam
399 2557 454 2605 et
478 2557 723 2613 ventum,
742 2560 807 2601 ac
833 2544 1048 2599 similia.
1074 2542 1165 2599 26.
1200 2541 1400 2606 Omnis,
1431 2541 1623 2611 inquit,
1646 2539 1735 2609 qui

127 2644 271 2697 audit
302 2655 558 2696 sermones
584 2638 676 2693 It'os
701 2653 857 2703 meos,
889 2645 936 2690 et
965 2652 1065 2690 non
1098 2636 1220 2706 facit
1243 2650 1348 2698 cos,
1368 2632 1735 2687 assimt'labitur

128 2736 238 2789 viro
273 2734 456 2798 stulto,
484 2730 574 2800 qui
602 2729 873 2798 cdi/icauit
900 2727 1108 2781 domum
1134 2742 1280 2781 suam
1312 2741 1466 2795 super
1503 2740 1732 2778 arenam.

129 2823 303 2879 Recte
340 2829 520 2876 autem
551 2820 773 2875 stultum
818 2818 959 2873 hunc
988 2817 1214 2871 vocavit.
1255 2815 1394 2884 Quid
1417 2816 1559 2869 enim
1593 2814 1734 2869 stul-

128 2916 238 2971 tius
265 2914 429 2970 fuerit
455 2912 675 2967 homine
698 2925 863 2981 super
891 2925 1108 2967 arenam
1140 2909 1473 2975 adiﬁcante,
1504 2916 1558 2963 et
1581 2907 1734 2962 labo-

130 3021 245 3063 rem
267 3004 490 3076 quidem
522 3001 728 3059 ferente
752 3043 768 3069 ,
803 3002 973 3057 fructu
1006 3016 1134 3055 vero
1171 3010 1225 3055 ct
1254 3000 1440 3070 requie
1466 3014 1587 3056 sese
1615 2999 1729 3069 pri-

132 3109 334 3165 vante,
363 3111 569 3169 proque
600 3096 699 3152 hac
724 3110 784 3150 re
827 3095 1146 3165 supplicium
1190 3094 1537 3149 sustinente?
1578 3092 1733 3162 Quod

132 3200 318 3247 autem
347 3190 383 3244 ii
426 3189 516 3259 qui
560 3187 812 3258 nequitia:
858 3202 919 3241 se
966 3184 1171 3241 dedunt
1206 3185 1480 3249 laborent,
1530 3184 1736 3240 nemini

130 3298 241 3338 non
270 3290 460 3337 notum
488 3291 572 3336 est
604 3298 617 3334 :
643 3295 766 3334 nam
790 3288 996 3347 raptor,
1028 3277 1326 3343 adulteras,
1357 3276 1693 3348 sycophanta
1715 3315 1729 3340 ,

131 3377 369 3432 multum
415 3372 662 3429 laborant
714 3369 987 3439 multaque
1027 3369 1314 3433 sustinent,
1368 3377 1428 3423 ut
1481 3367 1738 3422 malitiam

130 3480 291 3522 suam
317 3462 385 3518 ad
414 3463 575 3517 ﬁnem
608 3460 875 3516 deducant
905 3476 920 3523 ;
948 3460 1043 3515 sed
1076 3475 1179 3514 non
1225 3459 1386 3515 modo
1426 3458 1630 3514 nullum
1658 3473 1745 3514 re-

132 3558 323 3613 ferunt
348 3555 601 3619 fructum,
626 3568 813 3608 verum
832 3537 1004 3607 etiam
1033 3551 1286 3607 damnum
1308 3552 1509 3623 grande
1534 3553 1747 3623 patiun-

132 3657 244 3703 tur.
290 3645 426 3702 Nam
480 3652 536 3700 et
584 3643 783 3699 Paulus
832 3643 1065 3714 idipsum
1121 3643 1466 3698 subindicans
1491 3645 1741 3700 dicebat:

135 3741 241 3807 Qui
268 3738 489 3794 seminat
517 3737 570 3788 in
589 3752 743 3789 carne
761 3751 874 3799 sua,
910 3735 974 3789 de
996 3751 1149 3790 caruc
1170 3753 1263 3790 sua
1290 3746 1439 3791 metet
1464 3738 1746 3806 corruptio-

130 3829 487 3899 nem((-'alat.
514 3829 569 3884 6.
602 3829 634 3885 8
661 3827 705 3901 ).
736 3829 874 3884 Huic
912 3830 1114 3882 similes
1144 3838 1274 3883 sunt
1305 3830 1395 3899 qui
1435 3844 1600 3900 super
1624 3845 1746 3886 are-

132 3939 264 3979 nam
302 3921 606 3987 aedificant;
631 3921 776 3976 verbi
803 3922 976 3992 gratia
1006 3921 1100 3991 qui
1142 3921 1194 3975 in
1228 3920 1607 3989 fornicatione,
1652 3923 1744 3992 qui

132 4021 189 4073 in
218 4015 461 4082 luxuria,
491 4014 584 4085 qui
614 4013 667 4069 in
699 4014 962 4070 ebrietate
984 4014 1023 4079 ¹,
1052 4013 1142 4084 qui
1168 4014 1223 4068 in
1254 3998 1550 4081 iracundia,
1578 4014 1671 4086 qui
1693 4016 1745 4071 in

134 4111 263 4164 aliis
290 4107 569 4163 omnibus.
661 4141 675 4151 ι

206 4204 269 4258 4.
312 4199 641 4270 Comparatio
665 4198 835 4253 Achab
856 4208 903 4253 et
924 4198 1077 4265 Elite,
1103 4200 1449 4270 apostolorum
1471 4210 1517 4254 et
1537 4199 1750 4257 Juda'o-

135 4308 283 4347 rum.
332 4290 692 4361 Apostolorum
739 4290 929 4358 ﬁducia
977 4300 1023 4344 et
1071 4291 1309 4359 ﬁrmitas.
1346 4321 1416 4332 ——
1457 4292 1599 4348 Talis
1636 4303 1754 4349 erat

133 4382 372 4447 Achab;
414 4382 508 4437 sed
553 4396 659 4437 non
693 4383 813 4436 talis
857 4382 1019 4438 Elias.
1066 4383 1278 4441 Etenim
1330 4400 1361 4440 e
1398 4386 1614 4456 regione
1650 4402 1752 4458 po-

134 4485 346 4531 nentes
370 4474 592 4529 virtutes
622 4481 678 4527 et
706 4473 830 4527 vitia
855 4514 870 4538 ,
906 4474 1113 4529 illorum
1142 4474 1494 4532 differentiam
1532 4493 1754 4533 accura-

136 4566 251 4621 tius
272 4577 649 4635 aguoscemus.
676 4561 769 4616 Ille
791 4576 1021 4632 namque
1038 4579 1203 4635 super
1224 4576 1427 4635 petram
1449 4567 1755 4634 mdificavit,

135 4656 231 4711 hic
262 4668 404 4709 vero
427 4667 590 4722 super
615 4668 836 4708 arenam
871 4672 884 4707 :
924 4653 1151 4726 ideoque
1181 4672 1274 4712 rex
1304 4671 1425 4713 cum
1456 4670 1600 4714 esset
1626 4675 1754 4729 pro-

136 4748 373 4821 phetam
384 4746 671 4803 metuebat
696 4755 750 4801 et
778 4744 1132 4813 formidabat,
1162 4751 1250 4819 qui
1273 4750 1531 4819 prepheta
1562 4754 1756 4809 melote

138 4850 363 4895 tantum
410 4837 804 4893 erat‘indutus.
855 4837 1017 4893 Tales
1060 4848 1212 4894 erant
1253 4840 1459 4909 Judaei;
1509 4844 1604 4899 sed
1649 4860 1754 4901 non

137 4932 387 5003 apostoli
418 4930 804 5000 :quamobrem
835 4930 889 4985 hi
928 4933 1079 5001 pauci
1115 4948 1235 4987 eum
1267 4946 1447 4991 essent
1473 4946 1526 4992 et
1550 4937 1712 4992 \‘int‘li
1738 4982 1752 5002 ,

139 5027 466 5085 ﬁrmitatem
499 5034 663 5095 petras
688 5024 1077 5089 ostendebant;
1124 5026 1195 5081 illi
1233 5043 1360 5084 vero
1386 5031 1485 5085 etsi
1527 5033 1679 5087 multi
1706 5040 1760 5087 et

140 5118 391 5185 atmati,
434 5117 796 5173 infirmitatem
844 5110 1041 5174 arente.
1092 5119 1347 5175 Dicebant
1389 5124 1531 5176 enim
1577 5126 1760 5190 :Quid

143 5216 409 5288 faciemus
443 5208 731 5265 horninibus
758 5211 867 5264 istis
897 5212 913 5279 (
939 5210 1051 5263 Act.
1078 5211 1132 5265 4.
1164 5213 1230 5267 16
1254 5211 1312 5279 )?
1348 5213 1528 5268 Viden’
1558 5216 1675 5270 illos
1707 5217 1759 5272 in

142 5298 407 5376 angustia
444 5298 815 5365 versari;'non
846 5310 1024 5357 autem
1046 5317 1146 5358 eos
1185 5305 1272 5373 qui
1308 5307 1502 5374 captivi
1529 5317 1763 5364 erantet

144 5394 330 5453 vineti
351 5436 367 5461 ,
395 5393 491 5450 sed
519 5393 606 5464 qui
638 5392 949 5449 detinebant
974 5403 1025 5448 et
1048 5394 1371 5450 vinxerant?
1397 5414 1501 5466 quo
1530 5400 1654 5469 quid
1684 5401 1763 5454 in-

144 5485 427 5543 solentius
451 5484 734 5539 videatur?
774 5483 851 5538 Tu
877 5484 1087 5539 detines
1112 5495 1169 5540 et
1193 5485 1449 5542 dubitas?
1486 5488 1616 5544 Jure
1642 5492 1762 5561 qui-

147 5579 313 5635 dem.
341 5574 477 5643 Quia
505 5575 648 5631 enim
674 5575 854 5628 omnia
884 5589 1047 5644 super
1081 5591 1298 5632 arenam
1328 5577 1722 5635 :ediflcaverant
1747 5602 1762 5650 ;

149 5671 289 5727 ideo
316 5666 640 5722 inﬁrmiores
667 5665 918 5721 omnibus
942 5679 1113 5721 erant.
1158 5667 1361 5725 Idcirco
1390 5670 1641 5728 dicebant
1665 5673 1762 5730 de-

224 5840 243 5873 ί
286 5844 371 5890 tta:
395 5850 559 5898 voces,
585 5835 667 5901 qui
690 5836 739 5888 in
766 5834 1009 5897 ebrietate,
1032 5836 1216 5893 desum
1240 5838 1294 5892 in
1316 5839 1479 5891 Morel.

1062 412 1129 470 IN
1164 405 1581 468 IIATTHEUM
1618 401 1852 464 HOMIL.
1898 398 2088 457 XXIV.
2128 398 2202 452 al.
2246 396 2413 453 XXV.

3327 397 3435 457 326

1831 525 1939 565 nuo
1965 528 1978 563 :
2008 510 2145 578 Quid
2165 511 2335 582 facitis
2356 510 2573 564 volentes
2594 510 2830 564 indurare
2848 526 3112 580 supernos
3132 515 3434 582 sanguinem

1828 602 2048 655 hominis
2074 602 2229 673 hujus
2255 602 2393 670 (Act.
2416 602 2469 657 5.
2495 601 2627 670 ‘28)?
2655 603 2790 670 Quid
2816 601 2985 657 dicit?
3011 604 3088 660 Tu
3116 605 3303 673 caulis,
3329 619 3435 667 ter-

1828 707 1947 756 res,
1973 693 2151 755 Ιςυιιίς,
2183 704 2237 749 ct
2266 706 2319 748 tu
2355 695 2553 750 times?
2579 706 2632 750 tu
2658 696 2888 764 iudicas,
2922 686 2975 752 et
3004 705 3057 752 tu
3089 700 3315 755 tremis?
3343 698 3435 758 Sic

1830 784 2041 840 infirma
2070 796 2151 840 est
2182 787 2403 840 malitia.
2434 787 2538 843 Sed
2566 789 2793 857 aposzoli
2821 805 2926 843 non
2952 791 3030 845 sic
3057 808 3071 843 ε
3104 786 3224 845 Non
3249 810 3434 863 possu-

1830 892 1942 929 mus
1962 892 2054 929 nos
2074 892 2185 945 qua:
2206 878 2489 933 auditimus
2509 888 2554 932 et
2578 878 2793 934 uidimus
2814 896 2914 934 non
2936 881 3077 953 loqui
3093 883 3226 950 (Act.
3245 884 3281 938 4
3295 883 3432 950 .20).

1830 966 2077 1022 Vidistin‘
2107 969 2342 1023 animum
2383 971 2709 1025 sublimem?
2747 970 2980 1027 νὶιιίηῐίιΰ
3006 985 3208 1044 petram
3240 975 3435 1033 fluctus

1831 1060 2132 1119 ridentem?
2155 1062 2385 1116 vidistiu’
2410 1062 2629 1119 domum
2654 1065 3029 1122 immobilem?
3046 1068 3434 1140 Quodque'mi-

1831 1153 2052 1208 rabilius
2077 1195 2092 1219 ,
2125 1170 2231 1208 non
2277 1154 2437 1209 modo
2468 1155 2636 1210 timidi
2685 1173 2791 1209 non
2822 1168 2977 1211 erant
2999 1200 3015 1224 ,
3054 1159 3197 1230 quod
3226 1160 3435 1215 inxidia:

1832 1247 1962 1317 ipsis
2005 1258 2337 1317 pararentur,
2369 1249 2461 1303 scd
2490 1250 2650 1304 etiam
2688 1251 2945 1319 majorem
2976 1251 3224 1308 fiduciam
3252 1246 3453 1325 capic?

1831 1339 1998 1405 bant,
2049 1340 2273 1409 illosque
2311 1341 2365 1395 in
2410 1342 2668 1411 majorem
2713 1348 3011 1413 angustiam
3054 1346 3434 1415 conjiciebant.

1831 1429 1963 1485 Nam
1993 1432 2082 1500 qui
2108 1431 2448 1488 adamantem
2476 1436 2725 1504 percutit,
2750 1436 2864 1504 ipse
2886 1447 2966 1491 est
2988 1436 3077 1507 qui
3103 1438 3433 1507 percutitur;

1833 1534 1888 1581 et
1908 1527 1996 1596 qui
2020 1535 2203 1580 contra
2228 1526 2499 1581 stimulum
2520 1528 2785 1596 calcitrat,
2810 1529 2924 1599 ipse
2945 1531 3135 1602 estqui
3164 1534 3435 1603 pangitur,

1833 1628 1885 1674 ct
1914 1620 2094 1688 gravia
2125 1621 2320 1690 accipit
2344 1622 2600 1687 vulnera;
2627 1630 2680 1677 et
2706 1622 2794 1692 qui
2819 1624 3018 1678 virtute
3042 1625 3283 1693 prtrditis
3310 1626 3439 1681 insi-

1834 1708 2010 1765 diatur
2033 1751 2048 1775 ,
2083 1711 2197 1781 ipse
2221 1720 2301 1766 est
2332 1713 2421 1782 qui
2450 1713 2803 1783 periclitatur.
2837 1714 3033 1769 Malitia
3064 1715 3262 1786 quippe
3289 1704 3438 1772 tanto

1833 1800 2099 1857 infirmior
2117 1802 2363 1869 efficitur,
2386 1815 2584 1876 quanto
2602 1807 2771 1877 magis
2792 1816 2974 1862 contra
2994 1809 3242 1864 virtutem
3264 1813 3433 1867 aciem

1834 1895 2070 1950 instruit.
2117 1896 2197 1950 Ac
2221 1880 2671 1966 quemadmodum
2699 1899 2788 1969 qui
2821 1899 2995 1969 ignem
3027 1900 3151 1971 ligat
3192 1901 3244 1955 in
3275 1905 3437 1957 vesti-

1835 1998 2021 2042 mento
2044 2028 2058 2051 ,
2103 1986 2369 2042 flammam
2409 1988 2624 2059 quidem
2655 2005 2761 2044 non
2794 1991 3084 2062 exstinguit
3108 2034 3124 2057 ,
3153 1993 3247 2047 sed
3277 1995 3441 2049 vcsti-

1834 2087 2073 2134 meutum
2118 2080 2387 2134 consumit
2419 2079 2537 2135 :sic
2575 2081 2665 2151 qui
2709 2081 2907 2137 virtute
2952 2083 3207 2154 prtrditos
3251 2084 3438 2151 Ludit,

1834 2170 2059 2236 detinet,
2095 2171 2251 2241 ligat;
2283 2172 2407 2227 illos
2430 2171 2643 2242 quidem
2670 2173 3062 2243 splendidiores
3090 2175 3288 2244 efficit,
3318 2192 3441 2234 sesc

1836 2278 1967 2317 vero
2009 2263 2204 2332 perdit.
2257 2263 2467 2317 Etenim
2499 2268 2699 2334 quanto
2733 2268 2979 2336 graviora
3010 2284 3198 2339 passus
3236 2269 3403 2326 fueris
3424 2314 3439 2338 ,

1836 2354 1962 2408 dum
1993 2355 2160 2424 probe
2190 2356 2349 2409 vitam
2380 2354 2565 2421 duris.
2594 2366 2744 2412 tanto
2771 2356 2960 2414 fortior
2988 2361 3210 2432 evadis:
3241 2371 3444 2432 quanto
3490 2382 3493 2385 ν

1839 2446 2008 2515 magis
2036 2447 2177 2499 enim
2212 2444 2605 2515 philosophiam
2634 2449 2874 2505 colemus
2897 2492 2911 2516 ,
2943 2460 3091 2505 tanto
3123 2430 3291 2522 magis
3317 2455 3445 2508 nul-

1838 2537 1941 2592 lius
1971 2537 2280 2609 egebimus;
2308 2547 2362 2594 et
2381 2549 2582 2609 quanto
2609 2541 2777 2612 magis
2802 2542 2952 2597 nullo
2976 2545 3273 2613 egebimus,
3296 2556 3445 2601 tanto

1839 2627 2091 2684 fortiores
2125 2630 2326 2685 erimus
2348 2671 2364 2697 ,
2404 2639 2459 2685 ct
2494 2632 2745 2688 omnibus
2773 2634 3099 2703 superiores.
3151 2636 3295 2691 Talis
3328 2647 3446 2694 erat

1839 2720 2096 2777 Joannes.
2130 2721 2491 2790 Quamobrem
2522 2739 2683 2781 nemo
2723 2726 2799 2781 illi
2842 2728 3141 2784 molestiam
3183 2733 3443 2798 creabat,

1840 2811 1933 2867 ille
1957 2822 2134 2867 autem
2158 2814 2417 2870 molestus
2439 2826 2555 2871 erat
2581 2816 2813 2883 Herodi;
2841 2828 2896 2874 et
2919 2822 3009 2891 qui
3037 2821 3172 2877 nihil
3196 2814 3446 2889 habebat,

1839 2904 2103 2959 adversus
2127 2914 2439 2974 regnantem
2467 2909 2795 2976 iusurresit;
2837 2911 2927 2981 qui
2953 2911 3292 2981 diademate,
3323 2930 3450 2986 pur-

1843 3010 2008 3068 pura,
2035 2997 2310 3069 multoque
2338 3008 2530 3053 ornatu
2559 2999 2790 3072 fulgens,
2817 3004 3067 3058 omnibus
3094 3005 3351 3061 nudatum
3386 3009 3451 3063 ti-

1842 3089 2029 3148 ruebat
2069 3086 2496 3161 formidabatque
2516 3131 2531 3157 ,
2565 3107 2740 3163 neque
2765 3093 2917 3149 illum
2947 3097 3122 3166 capite
3148 3106 3449 3154 truncatum

1844 3188 2058 3254 poterat
2100 3183 2218 3238 sine
2258 3192 2405 3237 metu
2434 3184 2723 3253 respicere.
2772 3184 2925 3252 Quod
2963 3188 3106 3241 enim
3137 3189 3298 3243 ctiam
3332 3199 3452 3260 post

1845 3283 2075 3329 mortem
2106 3288 2212 3329 non
2256 3288 2422 3343 parvo
2464 3274 2656 3330 timore
2693 3274 2917 3333 affectus
2947 3286 3132 3342 esset.
3162 3280 3285 3335 audi
3325 3282 3450 3350 quid

1846 3365 1989 3421 dicat
2017 3383 2030 3417 :
2061 3364 2163 3419 Hic
2190 3374 2261 3419 est
2288 3366 2514 3421 Joannes
2537 3409 2550 3432 ,
2582 3383 2729 3434 quem
2759 3369 2923 3423 occidi
2951 3386 3043 3441 ego
3066 3371 3086 3442 (
3110 3370 3236 3426 Luc.
3265 3372 3318 3429 9.
3349 3374 3449 3445 9).

1848 3453 1981 3509 Illud
2003 3464 2180 3511 autem
2207 3497 2222 3522 ,
2254 3455 2471 3525 Occidi,
2503 3473 2609 3513 non
2636 3467 2719 3513 est
2747 3474 2849 3513 vox
2875 3468 2997 3517 sese
3019 3462 3290 3521 eﬂ‘ercntis
3313 3506 3329 3532 ,
3358 3468 3453 3523 scd

1848 3558 2051 3601 metum
2077 3563 2233 3602 suum
2266 3541 2510 3611 solantis,
2543 3558 2596 3605 et
2626 3551 2837 3607 turbato
2866 3556 3047 3609 animo
3072 3558 3364 3625 suadentis,
3398 3572 3455 3615 ut

1848 3640 2224 3702 recordaretur
2251 3640 2519 3697 homicidii
2552 3643 2603 3697 in
2646 3644 2794 3699 illum
2829 3649 3138 3716 perpetrati.
3171 3650 3340 3706 Tanta
3372 3664 3457 3708 est

1849 3733 2063 3787 virtutis
2090 3731 2363 3800 fortitudo,
2394 3736 2636 3791 utetiam
2659 3747 2780 3806 post
2806 3748 3035 3794 mortem
3060 3742 3361 3798 viventibus
3388 3747 3460 3800 sit

1851 3823 2141 3891 potentior.
2193 3823 2424 3896 Ideoque
2458 3827 2526 3882 ad
2560 3843 2682 3881 eum
2714 3828 2841 3883 dum
2872 3831 3076 3887 viveret
3099 3873 3113 3897 ,
3155 3836 3243 3903 qui
3276 3837 3458 3891 multis

1852 3925 2009 3971 erant
2047 3918 2288 3987 pecuniis
2318 3919 2597 3985 instructi,
2635 3920 2953 3977 accedentes
2990 3923 3241 3980 dicebant
3270 3945 3283 3982 :
3319 3928 3456 3998 Quid

1854 4011 2099 4081 faciemus
2125 4010 2276 4085 (Luc.
2304 4013 2357 4069 5.
2382 4012 2506 4084 i0)?
2534 4013 2635 4070 Tot
2664 4012 2872 4070 habetis
2891 4057 2906 4081 ,
2933 4025 2990 4072 et
3015 4017 3083 4071 ab
3111 4033 3178 4074 ea
3204 4021 3294 4090 qui
3325 4022 3457 4076 nihil

1854 4102 2018 4158 habet
2046 4104 2209 4159 vultis
2248 4104 2488 4161 ediscere
2516 4106 2654 4160 viam
2696 4117 2888 4163 vestrae
2926 4108 3242 4167 felicitatis?
3270 4130 3300 4168 a
3334 4132 3463 4185 pau-

1856 4208 1986 4265 pere
2013 4193 2244 4248 divites?
2292 4193 2361 4249 ab
2390 4211 2456 4250 eo
2478 4237 2495 4258 ,
2541 4196 2634 4267 qui
2672 4213 2738 4252 ne
2767 4198 2984 4255 domum
3014 4202 3229 4272 quidem
3260 4206 3458 4274 habet,

1856 4286 2093 4341 milites?
2140 4284 2285 4340 Talis
2312 4300 2523 4357 quoque
2549 4295 2668 4341 erat
2705 4287 2883 4345 Ilcliss
2913 4308 2926 4342 :
2957 4293 3307 4361 quamobrem
3336 4310 3471 4352 cum

1858 4377 2047 4433 eadem
2095 4376 2343 4433 libertate
2387 4392 2453 4432 ac
2499 4377 2691 4433 ﬁducia
2738 4381 2935 4451 popqu
2984 4384 3319 4453 loquebatur.
3370 4388 3467 4446 Ille

1860 4484 2093 4539 namque
2118 4462 2349 4535 dicebat,
2384 4466 2654 4524 Geuimina
2678 4471 2967 4538 viperarum
2995 4474 3013 4543 (
3037 4472 3226 4529 Matth.
3260 4479 3310 4532 5.
3346 4480 3377 4533 7
3405 4484 3421 4549 )
3448 4502 3464 4547 ;

1862 4561 1950 4617 hic
1980 4577 2108 4616 vero
2129 4603 2144 4625 ,
2194 4560 2462 4633 Usquequo
2490 4562 2791 4617 claudicatis
2827 4572 3040 4633 utroque
3068 4569 3260 4637 poplite
3301 4582 3464 4625 uestro

1863 4651 1940 4725 (5.
1972 4651 2100 4723 Reg.
2126 4653 2213 4708 18.
2237 4651 2366 4723 2i)?
2392 4653 2489 4708 llic
2513 4654 2641 4708 item
2665 4653 2897 4720 dicebat,
2930 4654 3194 4722 Occidisti,
3222 4670 3269 4713 et
3294 4678 3466 4729 posse-

1864 4745 1983 4799 disti
2009 4747 2085 4815 (3.
2118 4744 2247 4817 Reg.
2279 4744 2367 4799 21.
2400 4744 2525 4817 i9);
2557 4746 2646 4802 ille
2674 4762 2832 4812 vero,
2864 4745 2984 4802 Non
3017 4750 3131 4803 licet
3160 4753 3250 4806 tibi
3284 4754 3468 4810 habere

1864 4853 2074 4892 uxorem
2116 4835 2347 4909 Philippi
2379 4839 2555 4910 [ranis
2591 4841 2663 4893 tui
2700 4841 2717 4910 (
2746 4839 2933 4893 Matth.
2965 4842 3051 4896 14.
3081 4844 3115 4897 4
3140 4842 3181 4914 ).
3221 4845 3465 4903 \‘itlistiu‘

1864 4930 2116 4998 petram?
2162 4931 2398 4985 vidistin'
2442 4946 2659 4986 arenam
2704 4934 2972 5003 quomodo
3015 4934 3167 4995 fiicile
3212 4938 3466 4996 decidat?

1865 5021 2136 5090 quomodo
2161 5022 2550 5079 calamitatibus
2576 5024 2764 5092 cedat,
2793 5029 3063 5098 quomodo
3088 5032 3432 5088 subvertatur
3450 5074 3466 5097 ,

1867 5115 1966 5170 etsi
2009 5115 2151 5185 apud
2196 5132 2375 5187 regem
2402 5157 2417 5181 ,
2446 5118 2547 5173 etsi
2589 5119 2730 5189 apud
2780 5122 3036 5190 pupulum
3075 5124 3181 5191 sit,
3215 5127 3316 5181 etsi
3345 5142 3467 5183 cum

1869 5208 2141 5276 potentia?
2172 5208 2299 5263 Illos
2324 5209 2466 5263 enim
2493 5211 2583 5280 qui
2612 5224 2670 5265 se
2698 5211 2898 5266 adeunt
2922 5216 3162 5271 omnium
3191 5218 3471 5275 Stolidissi-

1870 5312 1987 5353 mos
2015 5299 2206 5354 reddit.
2256 5299 2439 5370 Neque
2468 5295 2640 5355 solum
2669 5302 2861 5358 decidit
2888 5346 2902 5369 ,
2937 5306 3029 5360 sed
3061 5318 3114 5361 et
3143 5324 3262 5363 cum
3304 5313 3471 5366 multa

1871 5390 2193 5446 cnlamitate.
2241 5392 2448 5447 Etenim
2476 5393 2567 5447 27.
2600 5392 2762 5447 Facta
2798 5406 2871 5449 est
2892 5439 2907 5457 ,
2952 5398 3155 5468 inquit,
3186 5401 3336 5455 ruina
3362 5404 3472 5473 ejus

1873 5501 2059 5556 ntagna
2084 5485 2250 5539 valde.
2297 5486 2480 5557 Neque
2504 5488 2646 5541 enim
2674 5488 2728 5543 in
2755 5504 2813 5545 re
2844 5489 2962 5545 vilis
2989 5492 3143 5560 pretii
3175 5494 3471 5561 periculum

1874 5588 1955 5632 cst
1977 5620 1989 5642 ,
2021 5578 2115 5633 sed
2144 5578 2212 5633 de
2233 5579 2407 5633 anima
2437 5580 2644 5650 agitur,
2674 5580 2741 5636 de
2767 5581 3054 5639 amissione
3094 5586 3349 5641 caelorum
3371 5627 3385 5651 ,
3417 5600 3468 5644 et

1874 5668 2136 5724 bonorum
2186 5670 2567 5724 immortalium
2611 5673 2650 5726 ¹.
2680 5673 2793 5728 lmo
2836 5688 2965 5728 vero
3008 5675 3170 5731 etiam
3212 5687 3341 5734 ante
3382 5678 3469 5737 illa

1942 5849 1959 5879 ⁸
1997 5854 2122 5909 Mm,
2151 5859 2437 5899 coronarum
2460 5848 2823 5903 inmortalem.
