4110 6306
646 377 752 432 δὲτ

647 490 822 546 Omnia
852 482 1182 540 miseriorem
1213 478 1294 531 hic
1326 478 1483 530 \‘itttztt
1514 474 1669 527 ducet.
1700 472 1787 525 ille
1819 469 2029 522 malitize
2054 476 2227 521 secta-

648 594 752 646 tor,
773 582 822 634 in
847 574 1183 636 meroribus,
1206 570 1431 624 assiduis
1450 566 1747 628 timoribus,
1765 560 2226 621 sollicitinlinibus,

643 670 1023 728 certaminibus
1068 665 1227 718 vitam
1269 677 1430 730 agens
1473 675 1484 710 :
1526 656 1666 727 quod
1712 655 1923 724 sapiens
1966 651 2227 721 quispiam

645 763 986 819 subindicans
1014 756 1224 814 dicebat
1254 772 1264 806 :
1301 752 1452 822 Fugit
1479 750 1683 818 impius,
1713 746 1908 799 nemine
1934 757 2232 812 persequen-

644 866 693 908 te
721 852 906 926 (Prov.
926 856 1020 910 28.
1054 850 1079 903 1
1103 850 1142 917 ).
1178 843 1486 913 llujusmodi
1515 839 1708 907 quippe
1739 836 1986 889 homines
2012 835 2230 885 umbras

642 951 914 1006 tremunt,
945 941 1142 993 amicos
1171 941 1446 1003 suspectos
1475 931 1670 983 habent
1695 968 1710 991 ,
1749 927 1928 979 hostes
1955 968 1967 986 ,
1999 937 2181 978 sentos
2207 961 2222 985 ,

647 1044 802 1089 notos
831 1032 930 1086 sibi
955 1069 966 1090 .
999 1030 1200 1098 ignotos
1225 1068 1237 1088 ,
1276 1035 1328 1079 et
1358 1033 1479 1077 ante
1508 1018 1823 1089 supplicium
1854 1018 1938 1069 hic
1964 1025 2229 1068 extremas

643 1125 773 1178 dant
820 1135 1023 1191 pinnas.
1074 1118 1197 1171 lla‘c
1242 1130 1397 1184 porro
1433 1113 1609 1168 omnia
1651 1108 1955 1178 signiﬁcans
1982 1103 2228 1158 Christus

645 1214 853 1267 dicebat
882 1230 893 1263 :
927 1209 1046 1262 Fuit
1079 1209 1224 1259 ruina
1263 1207 1399 1259 illius
1428 1219 1610 1271 magna
1648 1201 1793 1254 valde
1823 1204 2227 1253 :consentaneo

650 1307 754 1360 ﬁne
783 1305 894 1357 hare
919 1299 1139 1373 pulchra
1171 1306 1430 1386 praecepta
1462 1294 1730 1354 claudens,
1754 1300 1809 1344 et
1836 1289 1914 1343 vel
1942 1283 2225 1340 admodum

652 1395 941 1450 incredulis
965 1392 1194 1446 suadens
1214 1381 1381 1444 etiam
1408 1402 1472 1442 ex
1503 1384 1748 1454 praesenti
1777 1395 1950 1436 rerum
1979 1387 2140 1440 statu,
2172 1381 2228 1427 ut

644 1517 1570 1545 W
1612 1522 1616 1524 ’

1319 364 1374 418 S.
1415 358 1688 417 JOANNIS
1726 354 2192 414 CllBYSOSTOMl
2235 350 2550 409 ARCIHEP.
2589 349 3123 408 CONSTANTINOP.

3829 345 3924 400 328

2336 465 2536 532 fugiant
2565 465 2873 533 nequitiam.
2927 463 3150 520 Etiamsi
3177 465 3318 520 enim
3353 463 3523 534 major
3549 463 3618 518 sit
3644 460 3715 517 de
3746 458 3929 516 futuris

2333 571 2532 620 sermo,
2557 563 2791 610 attamen
2824 556 2909 610 hic
2935 557 3103 627 magis
3132 557 3356 612 idoneus
3380 569 3560 612 sermo
3577 564 3662 610 est
3687 554 3760 608 ad
3787 566 3928 608 cras-

2332 647 2503 700 siores
2531 646 2773 700 homines
2795 645 3125 701 cohibendos
3155 658 3207 703 et
3236 664 3267 702 a
3296 648 3530 717 nequitia
3560 644 3928 701 abducendus.

2335 737 2562 806 ideoque
2593 738 2680 791 tali
2715 739 2818 792 line
2844 753 3023 792 sermo
3049 739 3260 794 clausus
3286 748 3405 804 est,
3435 748 3490 792 ut
3517 738 3685 793 menti
3719 736 3930 790 haeren-

2335 837 2438 881 tem
2485 828 2610 882 hinc
2657 829 2935 883 utilitatem
2981 839 3286 900 carperent.
3353 831 3477 886 llaec
3528 831 3708 901 itaque
3755 831 3930 884 omnia

2331 921 2583 982 scientes,
2619 929 2726 975 tam
2756 923 3036 990 praesentia
3063 938 3222 991 quam
3252 923 3446 988 futura,
3479 922 3747 994 fugiamus
3779 923 3931 976 mali-

2334 1007 2462 1062 tiam
2487 1051 2503 1074 ,
2534 1010 2710 1063 virtuti
2742 1010 3051 1065 studeamus
3075 1055 3088 1077 ,
3124 1028 3191 1068 ne
3233 1014 3426 1069 frustra
3464 1014 3771 1070 laboremus
3794 1055 3807 1076 ,
3841 1013 3930 1067 sed

2333 1107 2388 1153 et
2434 1099 2519 1153 hic
2549 1100 2834 1157 securitate
2873 1102 3110 1158 fruamur
3135 1147 3148 1167 ,
3191 1116 3244 1160 et
3289 1105 3394 1161 illic
3430 1107 3615 1175 gloriae
3653 1115 3932 1162 consortes

2333 1189 2502 1243 simus
2536 1209 2547 1242 :
2577 1206 2736 1260 quam
2767 1193 2968 1248 utinam
2997 1209 3184 1250 omnes
3213 1211 3608 1267 consequamur
3632 1239 3648 1263 ,
3679 1199 3852 1267 gratia
3881 1207 3931 1252 et

2335 1279 2664 1351 benignitate
2695 1284 2904 1340 Domini
2936 1289 3109 1342 nostri
3141 1288 3267 1344 Jesu
3298 1289 3492 1343 Christi
3517 1331 3532 1354 ,
3563 1294 3648 1344 cui
3680 1290 3855 1360 gloria
3881 1301 3936 1346 et

2341 1370 2624 1441 imperium
2663 1374 2714 1426 in
2746 1376 2938 1430 saecula
2968 1378 3306 1432 surculorum.
3343 1382 3530 1433 Amen.

1719 1507 3925 1536 Μ

1765 1589 2114 1654 HOMILIA
2157 1582 2368 1648 XXV.
2413 1590 2498 1650 al.
2545 1590 2783 1654 XXV].

645 1750 775 1806 CAP.
818 1752 869 1804 7.
915 1765 963 1802 ν.
1003 1747 1092 1802 28.
1135 1745 1200 1798 Et
1262 1749 1450 1814 factum
1503 1752 1606 1794 est.
1661 1754 1773 1790 cum
1833 1738 2225 1800 consummasset

715 1846 862 1900 lctus
889 1856 1138 1897 sermones
1165 1840 1305 1905 istos,
1337 1835 1649 1891 mirabantur
1679 1831 1836 1886 turba:
1859 1843 2010 1898 super
2037 1826 2222 1881 doctri-

713 1954 779 1990 na
805 1952 936 1990 eius.

713 1955 779 1990 na
805 1955 830 1989 ε
854 1955 936 1989 ω.

713 2030 764 2082 1.
807 1955 964 2080 έοτιο
988 2021 1321 2090 consequens
1347 2028 1460 2074 erat
1483 2060 1500 2086 ,
1531 2026 1588 2072 ut
1615 2015 1682 2070 de
1711 2026 1942 2069 oneroso
1978 2022 2226 2066 sermone

648 2120 929 2180 dolerent,
985 2123 1360 2184 torporemque
1399 2119 1467 2165 ob
1506 2116 1886 2180 prmceptorum
1926 2102 2224 2158 sublimita-

2331 1729 2538 1786 cionem
2567 1734 2940 1792 admirabundi
2968 1739 3346 1809 sequebantur.
3377 1741 3455 1797 Tu
3487 1758 3615 1797 vero
3643 1743 3772 1797 mihi
3802 1757 3935 1797 con-

2329 1822 2536 1878 sideres
2580 1825 2736 1879 velim
2782 1827 2989 1883 Domini
3030 1830 3367 1898 prudentiam
3393 1872 3407 1894 ,
3451 1831 3722 1901 quomodo
3757 1835 3935 1888 variet

2329 1913 2397 1968 ad
2440 1914 2769 1970 audientium
2813 1917 3096 1973 utilitatem
3121 1959 3136 1985 ,
3166 1921 3438 1989 quomodo
3475 1937 3507 1976 a
3548 1923 3819 1978 miraculis
3865 1925 3933 1977 ad

2333 2006 2489 2060 verba
2512 2047 2526 2071 ,
2559 2015 2613 2060 et
2657 2021 2778 2062 mox
2810 2023 2840 2062 a
2869 2009 3047 2064 verbis
3086 2010 3150 2064 ad
3196 2011 3451 2067 miracula
3492 2021 3747 2068 transeat.
3797 2013 3934 2069 Nam

2334 2098 2640 2168 priusquam
2667 2101 2734 2154 ad
2766 2110 3002 2157 montem
3030 2103 3365 2170 ascenderet,
3395 2105 3591 2160 multos
3616 2107 3844 2168 curavit,
3878 2114 3935 2161 nt

2332 2188 2396 2242 iis
2447 2203 2566 2257 qua:
2611 2189 2835 2245 dicenda
2884 2202 3038 2245 erant
3073 2192 3211 2245 viam
3259 2203 3490 2260 pararet.
3540 2194 3607 2248 Et
3647 2206 3935 2264 postquam

2330 2278 2465 2334 hanc
2495 2281 2705 2350 longam
2734 2285 3083 2350 quaestionem
3112 2282 3434 2349 absolverat,
3462 2298 3648 2339 rursus
3673 2285 3740 2340 ad
3767 2287 3938 2339 mira-

2329 2368 2446 2422 cula
2479 2372 2660 2436 venit,
2712 2371 2864 2425 factis
2907 2372 3046 2426 dicta
3083 2372 3430 2427 conﬁrmans.
3477 2374 3609 2442 Quia
3650 2376 3792 2430 enim
3836 2375 3935 2432 29.

2333 2461 2608 2531 Tamquam
2639 2473 2931 2534 potestatem
2961 2466 3147 2522 habens
3175 2468 3402 2523 docebat
3422 2511 3436 2533 ,
3467 2485 3535 2524 ne
3574 2470 3663 2526 hic
3701 2470 3936 2528 docendi

2332 2553 2520 2608 modus
2553 2554 2745 2610 fastum
2793 2568 3005 2627 saperet
3047 2569 3136 2613 aut
3174 2562 3585 2618 ostentationem
3612 2605 3626 2626 ,
3672 2566 3937 2634 operibus

2329 2645 2560 2714 idipsnm
2589 2648 2733 2708 facit,
2756 2657 2808 2702 et
2835 2657 3104 2718 tamquam
3131 2659 3448 2718 potestatem
3475 2653 3676 2709 habens
3702 2657 3933 2712 morbos

2328 2744 2514 2799 curat,
2548 2745 2606 2789 ut
2652 2751 2720 2791 ne
2764 2738 2901 2792 ultra
2955 2739 3298 2799 turbarentur
3347 2745 3519 2813 ipsum
3565 2745 3810 2804 videntes
3857 2751 3934 2804 ita

2327 2824 2629 2892 docentem,
2662 2844 2781 2881 cum
2811 2829 3069 2888 miracula
3107 2835 3184 2889 sic
3213 2835 3416 2892 ederet.
3447 2837 3614 2908 (Cap.
3654 2837 3795 2893 VIII
3823 2842 3845 2909 )
3881 2844 3939 2906 1.

2328 2913 2452 2972 Cum
2492 2917 2826 2978 descendisset
2872 2925 3013 2978 enim
3059 2925 3122 2978 de
3151 2935 3355 2992 monte,
3394 2940 3616 2998 sequuta
3654 2940 3767 2984 sunt
3815 2948 3938 2986 eam

2331 3013 2490 3065 turba:
2516 3013 2704 3068 multa.
2733 3014 2786 3068 2.
2819 3013 2887 3067 Et
2913 3017 3119 3071 accessit
3149 3017 3378 3086 leprosua
3413 3020 3587 3074 dicem
3613 3038 3632 3074 :
3659 3020 3890 3078 Domine
3917 3063 3937 3086 ,

2327 3105 2371 3156 si
2414 3105 2520 3170 vis,
2561 3115 2703 3175 potes
2739 3122 2819 3160 me
2860 3106 3124 3161 mundare.
3177 3107 3360 3179 Magna
3393 3111 3669 3180 prudentia
3700 3123 3752 3167 et
3789 3113 3940 3170 ﬁdes

2327 3195 2650 3251 accedentis.
2681 3195 2862 3265 Neque
2898 3197 3039 3251 enim
3080 3197 3378 3253 doctrinam
3412 3200 3801 3272 interpellavit,
3835 3221 3931 3262 ne-

2326 3303 2430 3358 que
2457 3288 2757 3342 auditorum
2790 3290 3052 3343 theatrum
3082 3291 3285 3357 secuit,
3319 3291 3413 3346 sed
3439 3305 3800 3363 opportunum
3840 3289 3940 3353 ex.

2325 3381 2584 3449 spectavit
2611 3389 2836 3450 tempus,
2868 3390 2926 3437 et
2953 3381 3043 3436 ubi
3073 3382 3324 3438 Christus
3351 3383 3716 3441 descendisset
3739 3374 3938 3444 acces-

2326 3471 2413 3523 sit.
2440 3469 2548 3524 Nec
2576 3471 2954 3540 perfunctorie,
2987 3472 3082 3526 sed
3114 3473 3282 3527 multo
3306 3489 3426 3528 cum
3457 3474 3683 3539 fervore,
3711 3487 3764 3532 et
3793 3490 3941 3536 ante

2325 3574 2494 3630 genua
2543 3561 2658 3628 ejus
2704 3560 2802 3630 ipsi
2849 3561 3140 3632 supplicat,
3187 3571 3244 3616 ut
3290 3565 3364 3618 ait
3413 3564 3552 3620 alter
3597 3570 3938 3637 evangelista

2327 3650 2514 3720 (Marc.
2539 3652 2588 3705 1.
2607 3649 2720 3722 40),
2743 3666 2804 3706 ac
2828 3668 2948 3707 cum
2975 3655 3183 3710 sincera
3210 3654 3336 3718 ﬁde,
3364 3665 3420 3711 et
3443 3660 3749 3727 congruenti
3777 3662 3936 3717 circa

2324 3741 2471 3795 illum
2500 3743 2771 3811 opinione.
2799 3743 2979 3815 Neque
3004 3747 3146 3800 enim
3172 3745 3339 3811 dixit,
3368 3747 3415 3802 si
3461 3748 3627 3804 Deum
3674 3764 3937 3819 precatus

2319 3828 2508 3896 fueris,
2527 3844 2716 3900 neque,
2743 3829 2799 3885 Si
2821 3830 3087 3897 oraveris;
3107 3834 3222 3899 sed,
3243 3832 3304 3889 Si
3320 3837 3415 3903 vis,
3439 3847 3577 3906 potes
3600 3855 3676 3893 me
3702 3845 3929 3898 manda-

2319 3937 2393 3975 re.
2428 3920 2610 3990 Neque
2637 3921 2799 3988 dixit,
2832 3921 3074 3989 Domine,
3105 3925 3300 3980 munda
3326 3942 3444 3993 me;
3471 3928 3566 3984 sed
3595 3929 3695 4000 ipsi
3724 3945 3934 3990 cuncta

2318 4013 2646 4079 committit,
2707 4022 2865 4082 atque
2906 4015 3126 4068 curandi
3178 4018 3454 4074 dominum
3500 4021 3646 4076 illum
3693 4038 3821 4080 esse
3871 4039 3934 4083 et

2320 4087 2634 4172 potestatem
2681 4104 2795 4171 ejus
2834 4119 3095 4160 summam
3143 4109 3476 4164 testiﬁcatur.
3525 4111 3663 4178 Quid
3709 4114 3930 4184 igitur,

2318 4193 2523 4261 inquies
2548 4231 2563 4255 ,
2597 4193 2641 4246 si
2677 4191 2804 4245 falsa
2835 4203 2951 4247 erat
2980 4195 3176 4262 leprosi
3205 4198 3428 4266 opinio?
3455 4199 3603 4255 Illam
3633 4203 3931 4264 confutare

2317 4283 2569 4349 oportuit,
2597 4284 2874 4354 ipsumque
2897 4286 3173 4357 increpare
3199 4305 3260 4344 ac
3278 4294 3566 4363 corrigere.
3589 4295 3723 4350 Num
3749 4299 3930 4368 igitur

2315 4371 2440 4425 illud
2489 4371 2649 4428 fecit?
2689 4373 3035 4446 Nequaquam
3074 4397 3088 4432 :
3132 4380 3239 4434 imo
3281 4381 3479 4439 dictum
3526 4389 3814 4444 conlirmat
3865 4407 3928 4449 et

2314 4464 2544 4557 roborat.
2576 4466 2804 4537 Ideoque
2832 4484 2936 4524 non
2967 4470 3136 4538 dixit,
3169 4473 3447 4542 Mundare,
3479 4479 3575 4533 sed
3599 4520 3615 4545 ,
3645 4482 3697 4535 3.
3749 4481 3922 4557 Volo,

2312 4555 2592 4619 mundare;
2622 4567 2678 4612 ut
2708 4573 2812 4612 non
2845 4560 2988 4615 illius
3015 4562 3302 4631 opinione,
3336 4567 3428 4621 sed
3459 4567 3655 4625 Christi
3685 4555 3926 4634 scatens

2312 4645 2381 4699 tia
2410 4646 2600 4717 dogma
2627 4648 2947 4706 ﬁrmaretur.
2976 4653 3047 4707 At
3076 4670 3180 4709 non
3223 4657 3301 4711 sic
3342 4662 3568 4727 apostoli
3603 4680 3617 4715 :
3645 4664 3738 4717 sed
3762 4682 3919 4734 quo-

2307 4739 2508 4793 modo?
2551 4740 2680 4806 Quia
2727 4743 2951 4812 populus
2993 4754 3134 4800 totus
3173 4749 3454 4816 Slttpebal,
3487 4752 3734 4808 dicebant
3774 4757 3862 4813 illi
3894 4778 3913 4815 :

2310 4830 2445 4897 Quid
2473 4833 2612 4887 nobis
2635 4836 2889 4889 attenditia
2906 4878 2921 4900 ,
2946 4838 3092 4907 quasi
3119 4840 3323 4908 nropria
3353 4842 3532 4897 virtute
3548 4847 3623 4898 vel
3648 4858 3914 4915 potestate

2303 4921 2567 4989 fecerimus
2599 4925 2731 4978 hunc
2755 4927 3011 4980 ambulare
3045 4929 3180 4996 (Act.
3212 4929 3264 4983 5.
3297 4929 3430 5000 12)?
3459 4931 3712 4992 Dominus
3735 4953 3904 5007 vero,

2301 5015 2402 5068 etsi
2451 5015 2612 5069 multa
2658 5018 2898 5072 modeste
2943 5033 3086 5088 smpe
3124 5020 3366 5088 dixerat,
3399 5033 3518 5094 quae
3554 5027 3734 5097 gloria:
3771 5045 3905 5090 sua

2300 5105 2562 5162 inferiora
2603 5122 2810 5176 essent,
2850 5113 2979 5182 quid
3017 5114 3256 5170 dicithic
3273 5127 3332 5171 ut
3367 5118 3718 5175 conﬁrmaret
3751 5125 3896 5192 opi-

2299 5199 2518 5252 nionem
2566 5215 2753 5254 eorum
2790 5203 2882 5270 qui
2924 5203 2990 5257 de
3027 5214 3296 5273 potestate
3325 5208 3498 5277 ipsius
3541 5212 3842 5280 stupebant
3866 5218 3897 5269 2

2305 5285 2746 5355 νοίοηιηιιηάαη.
2779 5290 2889 5344 Etsi
2919 5305 3037 5346 cum
3067 5301 3142 5347 tot
3170 5303 3419 5364 tantaque
3445 5300 3592 5371 signa
3623 5301 3848 5363 fecisset
3877 5352 3897 5379 ,

2293 5395 2583 5451 numquam
2609 5382 2686 5436 sic
2713 5383 2958 5452 loquutus
2987 5384 3149 5442 fuisse
3173 5387 3432 5444 videatur.

2363 5470 2415 5524 2.
2447 5470 2541 5526 llic
2581 5486 2744 5537 vero,
2779 5482 2836 5526 ut
2861 5484 2913 5528 et
2940 5477 3116 5544 populi
3161 5486 3215 5532 et
3266 5480 3462 5548 leprosi
3508 5482 3577 5537 de
3611 5496 3894 5554 potestate

2291 5555 2383 5614 s'na
2411 5561 2714 5629 opinionem
2746 5561 3000 5630 ﬁrmaret,
3035 5566 3155 5621 ideo
3191 5572 3467 5637 pra‘misit,
3507 5571 3655 5629 Volo.
3679 5576 3882 5648 Neque

2287 5652 2439 5718 dixit,
2470 5660 2528 5706 ut
2565 5666 2669 5706 non
2695 5651 2896 5708 faceret
2921 5671 2933 5718 ;
2964 5655 3056 5710 sed
3089 5660 3264 5713 statim
3299 5674 3433 5728 opus
3453 5673 3737 5731 sequutum
3755 5680 3868 5724 ost.

2287 5743 2340 5798 Si
2358 5756 2483 5799 vero
2505 5741 2590 5799 ille
2620 5757 2726 5798 non
2754 5743 2890 5801 bene
2915 5746 3157 5814 dixisset,
3189 5749 3230 5803 si
3255 5749 3642 5821 blasphemiam
3666 5765 3868 5824 protu~

648 2223 753 2264 tem
778 2227 791 2272 ;
828 2210 938 2278 jam
968 2222 1095 2261 vero
1124 2214 1262 2258 tanta
1293 2212 1407 2257 erat
1433 2200 1671 2256 docentis
1703 2199 1868 2252 virtus
1889 2237 1903 2251 .
1945 2205 2000 2248 ut
2028 2193 2225 2247 multos

643 2313 829 2356 eorum
851 2305 1084 2365 caperet,
1109 2305 1265 2363 atque
1289 2294 1340 2346 in
1362 2290 1766 2345 admirationem
1794 2287 2060 2356 ingentem
2082 2283 2226 2336 abri-

642 2402 826 2462 peret,
863 2389 1214 2457 suaderetque
1261 2394 1476 2454 prOptcr
1517 2380 1842 2448 voluptatem
1872 2393 1935 2432 ex
1977 2389 2224 2431 sermone

645 2490 845 2550 partam
872 2520 888 2546 ,
919 2491 972 2533 ut
1007 2493 1072 2533 ne
1097 2519 1110 2541 ,
1143 2485 1421 2545 postquam
1451 2471 1608 2526 ﬁnem
1637 2468 1848 2523 dicendi
1892 2467 2126 2529 fecerat,
2157 2466 2223 2520 ab

643 2573 737 2626 illo
759 2570 1111 2625 discederent.
1139 2567 1318 2636 Neque
1339 2565 1478 2618 enim
1501 2577 1620 2616 cum
1642 2576 1703 2614 ex
1729 2570 1907 2614 monte
1930 2555 2222 2619 descendit,

644 2661 913 2716 auditores
938 2659 1298 2718 abcesserunt,
1323 2653 1414 2707 sed
1443 2662 1608 2704 totum
1633 2651 1930 2704 auditorum
1960 2649 2224 2701 theatrum

643 2759 921 2819 sequutum
965 2754 1088 2802 est:
1124 2753 1322 2799 tantum
1371 2742 1475 2796 illis
1517 2739 1778 2794 indiderat
1816 2737 2072 2792 doctrina:
2114 2750 2224 2790 suae

643 2856 898 2896 amorem.
935 2837 1331 2893 Admirabantu.
1369 2844 1544 2888 autem
1575 2831 1802 2885 maxime
1826 2830 1966 2884 illius
1993 2837 2224 2897 potesta-

646 2945 771 2989 tem.
795 2932 908 2986 Non
937 2931 1079 2985 enim
1104 2929 1169 2982 ad
1196 2928 1354 2981 alium
1381 2926 1517 2979 dicta
1543 2922 1781 2978 referens
1807 2921 2140 2994 loquebatur.
2169 2928 2226 2979 ut

650 3023 923 3091 propheta:
936 3031 988 3074 et
1000 3019 1312 3090 Moyses(a),
1327 3017 1630 3085 seuubique
1646 3016 1961 3070 ostendebat
1976 3016 2216 3086 seipsuut

650 3128 771 3167 esse
797 3114 889 3181 qui
920 3111 1292 3166 auctoritatem
1314 3110 1554 3166 halmret.
1593 3107 1725 3160 Nam
1744 3123 1865 3161 cum
1901 3109 2046 3176 leges
2080 3123 2221 3177 saepe

648 3199 1362 3272 pronuntiaret,a:ljiciebat,
1382 3205 1489 3268 fago
1508 3207 1681 3252 autem
1698 3199 1816 3251 dico
1833 3197 1972 3253 vobis
1993 3206 2078 3252 :et
2092 3214 2215 3251 eum

651 3293 791 3346 diem
813 3292 956 3345 illam
976 3290 1695 3359 commemoraret,seipsum
1724 3287 2220 3358 monstrabatjndi-

647 3395 788 3444 eem,
807 3388 860 3434 et
877 3396 968 3449 per
991 3379 1250 3448 supplicia
1272 3390 1322 3432 et
1343 3379 1689 3447 pcrprmmia.
1712 3379 1870 3446 Atqui
1886 3378 2220 3432 bincconse-

641 3485 811 3538 quens
849 3470 1131 3528 videbatur
1170 3484 1326 3534 esse,
1369 3476 1428 3521 ut
1473 3467 1546 3521 illi
1594 3468 1951 3522 turbarentur.
1999 3467 2129 3520 Nam
2177 3465 2222 3517 si

636 3561 847 3630 scribae,
881 3564 966 3632 qui
996 3562 1236 3615 viderant
1263 3560 1410 3613 illum
1441 3572 1534 3627 per
1563 3572 1722 3627 opera
1755 3557 2037 3626 potentiam
2071 3563 2221 3609 suam

640 3654 922 3709 osmndere
940 3695 952 3717 ,
983 3651 1243 3720 lapidibus
1273 3664 1391 3703 eum
1419 3649 1759 3722 impetierunt
1783 3655 1836 3700 et
1862 3649 2178 3714 expulerunt
2206 3662 2220 3697 :

639 3743 906 3815 quomodo
936 3743 1024 3797 ubi
1054 3742 1211 3796 verba
1241 3749 1440 3793 tantum
1470 3748 1618 3792 erant
1644 3779 1660 3802 ,
1692 3753 1807 3806 quae
1837 3737 1975 3788 illam
2005 3735 2223 3790 exhibe-

641 3845 792 3899 rent,
827 3849 930 3887 non
956 3831 1245 3887 verisimile
1280 3840 1394 3884 erat
1429 3829 1544 3882 haec
1570 3829 1672 3883 illis
1701 3825 2021 3881 offendiculo
2062 3827 2174 3880 fore
2199 3867 2215 3893 ,

639 3940 758 3978 cum
788 3923 1018 3987 maxime
1061 3921 1175 3975 bare
1205 3921 1257 3973 in
1289 3919 1508 3973 exordio
1532 3918 1831 3973 dicerentur
1856 3960 1870 3982 ,
1913 3920 2215 3987 priusquam

639 4019 726 4071 ille
774 4017 1022 4084 potentize
1061 4028 1172 4067 sua:
1219 4013 1636 4082 experimentum
1667 4010 1938 4064 dedisset?
1969 4012 2215 4064 Attamen

636 4110 765 4163 nihil
789 4109 973 4162 horum
998 4105 1331 4176 patiebantur
1357 4120 1371 4158 :
1394 4103 1604 4173 quando
1625 4103 1764 4158 enim
1787 4104 1995 4157 animus
2019 4104 2214 4172 probus

633 4212 687 4254 et
737 4200 870 4270 frugi
898 4208 1016 4265 est,
1068 4199 1305 4252 veritatis
1356 4196 1612 4250 doctrina:
1660 4194 1812 4249 facile
1859 4197 2210 4267 obtemperat.

633 4293 964 4359 Quapropter
995 4289 1064 4341 illi
1099 4287 1333 4356 quidem,
1364 4284 1569 4337 etiamsi
1599 4288 1714 4353 ejus
1743 4287 2031 4353 potentiam
2065 4289 2212 4355 signa

633 4383 1016 4451 pra-dicarem,
1050 4377 1484 4439 offcndebantur;
1519 4375 1572 4428 bi
1607 4390 1727 4434 vero
1751 4389 2052 4430 sermonem
2092 4385 2211 4431 tau-

631 4482 739 4523 tum
770 4469 1045 4521 audientes
1069 4507 1084 4533 ,
1113 4467 1547 4534 obtemperabant
1576 4477 1632 4519 et
1668 4466 2049 4536 sequebantur.
2101 4468 2210 4523 lloc

628 4563 769 4616 enim
811 4559 1150 4613 subindicans
1186 4558 1504 4628 evangelista
1544 4557 1788 4623 dicebat,
1828 4558 2069 4629 Sequatur
2093 4574 2210 4617 sunt

628 4669 740 4706 eum
769 4650 928 4702 turbae
955 4651 1128 4702 mutue
1151 4691 1166 4714 ,
1198 4664 1299 4702 non
1326 4650 1484 4718 aliqui
1509 4664 1575 4703 ex
1606 4650 1898 4719 principum
1926 4660 1980 4706 et
2001 4653 2206 4709 scriba-

625 4760 742 4799 rum
783 4758 1004 4797 numero
1027 4784 1042 4808 ,
1087 4743 1180 4797 sed
1223 4754 1482 4812 quotquot
1510 4759 1539 4796 a
1569 4744 1797 4813 nequitia
1830 4746 1981 4801 liberi
2010 4759 2161 4804 erant
2187 4792 2200 4818 ,

623 4835 936 4904 sinceroque
964 4835 1160 4887 animo.
1206 4833 1306 4912 lfer
1339 4842 1498 4887 totum
1535 4843 1711 4888 autem
1743 4838 2069 4906 evangelium
2105 4846 2202 4896 hos

621 4925 771 4982 vides
813 4925 907 4994 ipsi
937 4924 1220 4977 haerentes.
1267 4923 1398 4977 Nam
1438 4939 1557 4979 cum
1600 4924 1939 4993 loqueretur,
1983 4929 2201 4986 silentes

618 5015 940 5077 audiebant,
985 5005 1090 5069 non
1136 5015 1616 5084 interrumpentes,
1663 5031 1767 5072 non
1800 5019 2199 5088 interpellantes

616 5105 945 5174 loquentem,
974 5119 1079 5157 non
1107 5112 1394 5171 tentantes,
1419 5121 1516 5161 nec
1542 5109 1873 5163 occasionem
1901 5122 2193 5180 captantes,

624 5196 1062 5267 quemadmodum
1105 5196 1357 5252 Pharisaei
1397 5216 1409 5250 :
1443 5209 1561 5268 post
1603 5199 1832 5259 habitam
1872 5217 2029 5273 porro
2069 5220 2196 5260 ςοη.

698 5482 1178 5568 ειιὶηρὲιίέίηξξεὰξςξξ
1189 5488 1495 5568 deﬂui-isto
1514 5507 1626 5568 cum
1654 5506 1904 5568 potestate
1939 5506 2177 5568 loquente

626 5541 1247 5630 aﬂaﬂenn‘emigs‘emnel
1271 5548 1525 5630 dli-xithubi
1546 5541 1694 5630 etiam
1715 5541 2200 5630 ait_illtimj‘q‘it‘e;n'a‘d-’

632 5601 830 5699 :npdum
854 5601 1120 5672 ρτορηεω.
1273 5612 1336 5659 αθ
1379 5601 2196 5699 auo;sera;assuescas;

652 5675 786 5699 niueo,
849 5666 1042 5699 \rldaqlc
1085 5681 1286 5699 ηνιιτυηη
1341 5676 1698 5699 ..Α..Αι..ι;,....έΔ
1775 5685 1808 5699 η
1843 5684 1884 5699 η.
1953 5687 1962 5696 -
2053 5691 2105 5699 --.
2147 5694 2194 5699 -_

632 5661 804 5710 fuisse.
849 5661 1043 5734 V‘idésis
1085 5667 1286 5728 primam
1339 5661 1705 5730 adnotationem
1735 5661 2196 5745 ἿέῗῖἱῖεέἦΫὲἷέῢ

631 5723 690 5770 ad
711 5723 836 5772 hanc
856 5726 1106 5776 homtltam
1134 5744 1244 5779 xxv.
