4110 6306
356 104 463 249 ί

326 362 432 419 519

324 477 500 540 lisset,
541 465 901 526 cohibendum
928 470 1043 516 erat
1071 474 1224 529 opus.
1269 457 1417 511 Nune
1443 464 1623 508 autem
1640 454 1788 523 jttssa
1816 468 1912 505 ua-

326 578 450 621 tura
492 562 652 620 cessit
678 574 801 614 cum
826 571 887 610 ea
933 568 1036 624 qua
1081 566 1179 623 par
1206 557 1322 603 erat
1346 547 1647 611 celeritate,
1679 545 1786 597 imo
1817 560 1921 596 tua.

320 658 465 728 jore,
488 668 646 725 quam
674 648 996 718 evangelista
1017 639 1362 711 expresserit.
1385 635 1517 691 Nam
1544 634 1674 689 illud
1708 634 1917 697 Statim,

322 723 489 820 longe
513 723 714 801 tardius
740 752 822 796 est
846 780 864 806 ,
908 752 1067 808 quam
1108 733 1288 803 operis
1313 729 1560 784 celeritas
1590 725 1709 780 fuit.
1736 723 1921 794 Neque

323 815 501 896 saltim
545 835 699 895 dixit,
744 830 888 892 Volo,
941 824 1225 885 mundare;
1267 821 1362 876 sed
1412 819 1596 880 etiam,
1632 815 1922 869 Extendeus

323 947 535 986 inanimi
579 922 913 998 apprehendit
961 936 1075 974 eum
1110 934 1129 970 :
1168 913 1312 986 quod
1355 914 1524 982 magis
1578 908 1922 978 inquisitione

324 1023 546 1093 dignum
572 1026 674 1073 est.
713 1017 821 1070 Cur
841 1013 982 1068 enim
1033 1007 1309 1063 voluntate
1351 1017 1415 1057 ac
1443 1000 1610 1056 verbo
1639 1012 1833 1052 curans
1860 998 1920 1047 il-

329 1087 465 1178 lnin,
496 1126 682 1167 manus
712 1116 908 1162 tactum
950 1097 1181 1169 adjecit?
1208 1095 1324 1151 Non
1341 1094 1441 1148 alia
1472 1092 1539 1147 de
1563 1105 1747 1153 causa,
1778 1087 1922 1141 arbi-

298 1215 462 1273 tror,
487 1217 645 1272 quam
680 1209 739 1253 ut
768 1195 1029 1250 indicaret
1058 1232 1073 1257 ,
1106 1205 1165 1244 se
1191 1202 1297 1242 non
1324 1184 1430 1255 legi
1455 1180 1758 1250 subjectum
1782 1220 1795 1242 ,
1825 1178 1921 1232 sed

324 1309 493 1363 supra
522 1294 691 1362 legem
717 1302 875 1351 esse;
902 1300 967 1340 ac
1008 1280 1206 1337 mundo
1247 1277 1504 1344 deinceps
1528 1272 1660 1327 nihil
1686 1272 1922 1324 immun-

319 1361 455 1441 dum
484 1361 613 1439 fore.
661 1381 887 1437 Elisaeus
925 1375 1122 1445 quippe
1149 1370 1251 1441 legi
1299 1369 1641 1437 obsequens,
1679 1361 1926 1417 Neanna-

326 1492 457 1531 nunt
486 1476 501 1506 ³
531 1488 601 1529 ne
630 1470 866 1540 respexit
893 1465 1110 1537 quidem
1136 1479 1153 1526 ;
1182 1470 1239 1514 ut
1269 1467 1448 1513 autem
1479 1455 1743 1510 oﬂensum
1774 1450 1925 1504 audi-

324 1568 424 1632 vit,
479 1564 618 1636 quod
650 1577 757 1617 non
808 1571 1060 1630 egressus
1086 1561 1254 1617 esset,
1289 1564 1389 1605 nec
1436 1562 1495 1603 se
1551 1544 1834 1615 tetigisset,
1868 1550 1926 1595 ut

324 1662 500 1729 legem
526 1663 773 1710 accurate
796 1655 1057 1709 servaret,
1088 1643 1235 1699 domi
1264 1654 1506 1703 manens,
1538 1636 1682 1690 misit
1708 1649 1830 1689 eum
1856 1630 1927 1691 ad,

322 1727 639 1812 Jordancm,
689 1755 745 1800 ut
774 1758 894 1799 sese
946 1735 1308 1805 ablueret”.
1344 1731 1473 1803 Reg.
1512 1730 1609 1796 5).
1668 1727 1927 1781 Dominus

326 1864 465 1906 vero
490 1841 784 1903 ostendens
799 1851 859 1892 se
888 1848 994 1888 non
1011 1841 1072 1885 ut
1084 1838 1326 1889 servum,
1343 1821 1438 1876 sed
1457 1827 1516 1874 ut
1530 1815 1812 1873 dominum
1827 1831 1922 1871 cu-

333 1956 482 2005 rare,
508 1938 668 1994 etiam
691 1929 864 1999 tangit
884 1927 1184 1994 leprosum.
1221 1914 1409 1985 Neque
1435 1912 1583 1967 enim
1613 1924 1812 1964 manus
1828 1924 1924 1976 per

324 2028 535 2098 lepram
570 2020 840 2077 immunda
880 2017 1015 2070 facta
1058 2019 1175 2074 est,
1207 2005 1303 2063 sed
1353 2005 1625 2073 leprosum
1660 2010 1858 2066 corpus
1895 2009 1926 2048 a

325 2094 515 2173 sancta
542 2128 703 2167 manu
729 2106 1041 2163 inundatum
1067 2110 1169 2157 est.
1202 2097 1317 2153 Non
1348 2094 1489 2150 enim
1518 2104 1743 2159 corpora
1774 2102 1928 2140 cura-

326 2219 483 2261 turus
513 2212 717 2258 tantuut
744 2198 1054 2256 advenerat,
1088 2190 1181 2247 sed
1208 2190 1442 2242 animam
1472 2198 1687 2253 quoque
1710 2178 1777 2233 ad
1808 2177 1926 2247 phi-

326 2297 633 2368 losophiam
661 2292 1008 2348 deducturus.
1050 2286 1199 2341 Sicut
1237 2294 1365 2350 ergo
1389 2291 1495 2332 non
1522 2275 1648 2338 lotis
1672 2271 1923 2326 manibus

260 2438 263 2439 ν
326 2365 697 2450 manducare,
745 2398 849 2438 non
894 2380 1033 2435 ultra
1080 2373 1408 2447 prohibitum
1445 2383 1568 2445 esse
1605 2365 1755 2431 dicit,
1805 2378 1927 2417 cum

322 2481 587 2550 optimam
616 2477 759 2531 illam
794 2474 861 2529 de
891 2471 1133 2526 ciborum
1169 2459 1524 2519 indiﬂ'ereutia
1557 2458 1726 2528 legem
1775 2453 1930 2507 indu—

330 2573 409 2625 eit
440 2587 451 2623 :
483 2571 558 2623 sic
588 2568 764 2622 ethoc
785 2564 905 2620 loco
932 2562 1059 2632 agit,
1098 2557 1363 2625 docetque
1404 2552 1639 2607 animam
1681 2554 1930 2616 oportere

327 2659 547 2725 curari,
602 2657 936 2724 sublatisque
988 2649 1228 2706 externis
1263 2644 1372 2700 illis
1431 2637 1922 2712 pttrilicatianibus,

328 2752 480 2807 illaut
511 2762 633 2804 esse
684 2742 1093 2813 abstergendam
1116 2779 1130 2803 ,
1175 2736 1447 2806 ipsiusque
1488 2741 1694 2786 tantum
1726 2728 1929 2797 lepram

500 2837 813 2900 timendam,
867 2851 989 2905 qua:
1030 2841 1115 2887 est
1159 2836 1433 2899 peccatum
1483 2824 1630 2895 (nam
1662 2823 1930 2889 leprosum

326 2950 455 2990 esse
476 2933 677 2988 nullum
690 2930 756 2984 ad
769 2930 992 2984 salutem
1016 2922 1460 2994 impedimentum
1482 2915 1661 2986 alTert)
1683 2932 1696 2980 ;
1729 2913 1935 2985 primus

328 3030 449 3096 ipse
504 3025 774 3093 leprosum
817 3017 1019 3087 tangit,
1070 3024 1126 3069 et
1154 3027 1312 3066 nemo
1359 3008 1695 3065 criminatur.
1746 3004 1933 3074 Neque

328 3120 476 3173 enim
498 3121 808 3181 corruptum
833 3117 950 3163 erat
980 3103 1235 3174 tribunal,
1268 3115 1442 3170 neque
1468 3097 1665 3152 invidia
1692 3094 1929 3161 correpti

330 3204 710 3275 spectatorcs‘
738 3208 910 3253 erant.
959 3196 1189 3263 Ideoque
1234 3208 1340 3246 non
1386 3188 1546 3245 modo
1586 3202 1690 3240 non
1734 3184 1935 3237 calum-

332 3297 467 3352 niati
492 3306 637 3357 sunt,
670 3291 763 3347 sed
803 3299 1023 3357 stupore
1068 3281 1296 3353 perculsi
1333 3280 1400 3334 de
1432 3277 1713 3340 miraculo,
1744 3289 1931 3329 cesse-

335 3398 483 3453 runt,
512 3400 579 3439 ex
608 3382 764 3437 dictis
799 3390 855 3433 et
883 3377 1037 3431 factis
1067 3374 1318 3429 invictam
1346 3370 1466 3438 ejus
1510 3368 1803 3437 potentiam
1834 3364 1931 3417 ad-

331 3487 578 3533 orantes.
602 3472 739 3530 Cum
762 3483 958 3539 corpus
1001 3481 1130 3536 ergo
1158 3470 1436 3525 curasset,
1468 3458 1721 3529 praecepit
1745 3499 1758 3519 ,
1787 3458 1842 3511 ὅ.
1878 3466 1934 3510 ιιι

332 3568 541 3627 nemini
573 3566 798 3631 diceret,
829 3561 925 3617 sed
958 3558 1271 3616 ostenderet
1310 3571 1370 3609 sc
1399 3552 1670 3609 sacerdoti
1701 3592 1715 3616 ,
1740 3560 1795 3604 ct
1821 3565 1934 3604 mu-

336 3679 445 3721 nus
484 3660 724 3726 offerret,
776 3656 927 3726 Quod
956 3651 1195 3723 pt'tccept't
1225 3647 1450 3719 Moyses,
1501 3646 1554 3699 in
1598 3643 1940 3697 testimonium

334 3756 466 3809 illis.
493 3752 719 3822 Quidam
736 3749 941 3811 dicunt,
970 3747 1092 3799 ideo
1122 3742 1269 3796 illum
1301 3737 1623 3810 prtecepisse
1650 3746 1709 3789 ut
1739 3734 1941 3789 nemini

341 3848 588 3909 diceret,
621 3859 691 3897 ne
720 3840 950 3907 maligne
978 3842 1199 3905 agerent
1243 3833 1386 3887 circa
1419 3826 1786 3884 mundationis
1809 3841 1941 3880 exa-

339 3953 505 4003 tnen;
551 3934 648 3991 sed
703 3933 821 3988 haec
868 3929 1182 3997 insipienter
1234 3921 1524 3979 admodum
1580 3918 1939 3986 ειιερίοιιιιιιιτ.

337 4029 529 4098 Neque
549 4026 693 4080 enim
721 4025 793 4077 ita
815 4020 1111 4078 muudavit,
1136 4024 1193 4069 ut
1213 4014 1406 4083 aliquis
1432 4018 1675 4065 maneret
1694 4009 1762 4063 de
1780 4024 1941 4062 ιιιιιιιο

339 4122 562 4177 datione
605 4112 879 4172 dubitandi
920 4112 1070 4165 locus
1099 4127 1110 4163 :
1144 4107 1240 4162 sed
1292 4103 1494 4161 nemini
1545 4103 1724 4157 dicere
1767 4101 1941 4169 jubet,

339 4214 547 4269 docens
570 4221 627 4265 ut
653 4224 685 4263 a
711 4209 848 4263 fastu
868 4215 922 4261 et
950 4202 1244 4257 ambitione
1263 4199 1616 4254 abstineatur.
1649 4196 1808 4251 Certe
1834 4209 1906 4249 no
1922 4218 1943 4232 ι

342 4313 499 4359 verat
525 4303 635 4368 ille,
664 4302 838 4370 ipsum
861 4313 972 4352 non
1000 4311 1123 4351 esse
1153 4293 1463 4356 taciturum,
1507 4289 1601 4345 sed
1632 4287 1944 4343 benefacto-

346 4413 468 4454 retn
507 4409 624 4450 esse
651 4390 1045 4449 ceiebraturum
1075 4405 1089 4440 :
1116 4396 1354 4440 attamen
1384 4382 1523 4453 quod
1555 4396 1720 4451 penes
1746 4394 1805 4433 se
1830 4388 1947 4433 erat

344 4490 497 4546 fecit.
522 4488 631 4543 Cur
656 4499 820 4554 ergo,
859 4480 1088 4551 inquies,
1125 4476 1247 4531 alibi
1289 4473 1561 4544 publicare
1602 4471 1803 4541 jussit?
1829 4468 1946 4523 Non

344 4596 535 4638 necum
566 4589 826 4650 pugnans,
862 4586 1035 4640 neque
1060 4568 1325 4624 contraria
1348 4564 1564 4634 iubens,
1593 4561 1689 4617 sed
1713 4570 1769 4615 ut
1788 4560 1950 4614 doce-

354 4649 789 4742 rctgratosesse
822 4672 1094 4732 oportere.
1123 4656 1308 4726 Neque
1335 4655 1478 4709 enim
1510 4654 1581 4707 ibi
1606 4649 1862 4721 pra-cepit
1890 4659 1951 4705 ut

351 4779 419 4819 se
438 4761 793 4819 celebrarent.
825 4760 920 4812 sed
943 4762 1001 4807 ut
1028 4750 1217 4805 darent
1240 4745 1469 4821 gloriam
1506 4746 1614 4799 Deo
1641 4761 1656 4796 :
1684 4758 1783 4814 per
1805 4741 1950 4797 hunc

353 4857 573 4929 quidem
604 4849 874 4920 leprosum
894 4844 1097 4900 docens
1123 4854 1222 4894 nos
1248 4879 1264 4903 ,
1290 4844 1348 4890 ut
1375 4836 1493 4889 sine
1519 4833 1655 4888 fastu
1684 4834 1853 4887 simus
1898 4839 1953 4885 et

353 4921 552 4999 vanam
578 4939 801 5011 gloriam
826 4935 1129 5005 fugiamus;
1165 4944 1258 5000 per
1287 4927 1439 4981 illum
1467 4938 1619 4990 vero,
1657 4932 1713 4977 ut
1738 4921 1874 4991 grati
1899 4928 1955 4975 et

354 5031 749 5090 beneﬁciorum
776 5036 1046 5081 memores
1076 5038 1089 5074 :
1118 5030 1280 5090 atque
1305 5031 1405 5072 nos
1439 5016 1727 5070 instituens
1757 5011 1955 5081 ubique

355 5134 421 5179 ut
470 5119 682 5177 laudem
716 5115 941 5171 Domino
966 5110 1282 5167 referamus.
1311 5107 1447 5175 Quia
1486 5104 1631 5161 enim
1682 5101 1950 5168 homines,

359 5229 419 5269 ιιι
450 5214 757 5274 plurimum,
784 5222 907 5263 cum
934 5202 1122 5260 morbo
1151 5201 1419 5265 laborant,
1452 5198 1546 5254 Dei
1574 5195 1951 5259 recordantur,

360 5303 555 5362 morbo
573 5311 752 5358 autem
777 5296 1002 5369 depulso
1023 5336 1038 5360 ,
1070 5291 1345 5363 segniores
1372 5288 1607 5347 evadunt
1645 5305 1658 5341 :
1685 5287 1881 5356 jubens
1901 5292 1959 5340 et

360 5410 538 5467 a-gros
567 5409 622 5449 et
660 5404 822 5447 sanos
849 5388 1064 5444 assidue
1108 5386 1160 5438 in
1190 5390 1369 5436 mente
1419 5377 1702 5435 Dominum
1732 5377 1953 5439 habere,

362 5488 497 5545 dicit
527 5505 540 5541 :
569 5485 654 5540 Da
677 5485 891 5557 gloriam
917 5480 1024 5535 Deo
1047 5478 1225 5552 (latin.
1257 5474 1309 5531 9.
1340 5474 1411 5528 Ἢ
1433 5476 1472 5543 ).

434 5756 451 5789 ι
488 5761 627 5803 Juxta
646 5746 1046 5817 aliuslegt-ndutu
1080 5748 1229 5802 esset,
1253 5747 1556 5790 sermonum.

432 5820 457 5852 ’
483 5818 659 5879 Sunt,
679 5814 943 5862 auditores.

1286 342 1348 397 IN
1387 339 1791 396 .\l;\T'ltLEU.\l
1825 339 2054 396 ιιυιιιι..
2099 338 2263 393 XXV.
2306 340 2375 393 al.
2420 336 2610 392 XXVI.

3526 335 3637 395 350

2094 453 2332 505 Clu-istas
2363 450 2697 520 modo-legem
2720 445 2969 510 sanabat,
2992 454 3144 500 modo
3163 462 3263 500 non
3291 450 3539 503 servabat.
3560 481 3628 492 -
3727 427 3730 430 i

2026 543 2133 596 Cur
2173 553 2350 597 autem
2391 542 2646 612 pucea-pit
2687 550 2744 595 ιιι
2788 539 3101 596 ostenderet
3136 554 3198 595 sc
3227 540 3518 605 sacerdoti;
3575 552 3634 598 et

2025 637 2228 690 ιίοιιιιιιι
2256 635 2476 691 oﬂerret
2497 637 2521 689 Ἰ
2544 634 2719 690 Uthic
2748 634 2921 706 legem
2951 631 3221 703 impleret.
3270 631 3458 703 Neque
3486 634 3632 689 enim

2029 728 2226 797 ubique
2257 728 2504 783 solvebat
2529 727 2701 793 illam,
2748 734 2807 781 ut
2840 740 2939 780 nec
2968 739 3185 793 semper
3213 726 3500 789 servabat;
3534 727 3637 781 sed

2029 817 2187 873 modo
2212 820 2361 883 illud,
2387 820 2548 873 modo
2578 818 2721 873 aliud
2748 835 2760 871 :
2789 817 2941 882 illud,
2972 826 3029 871 ut
3055 814 3249 871 futura:
3267 816 3633 888 philosophia:

2029 912 2167 964 viam
2198 921 2448 980 pararet;
2490 910 2652 974 istud,
2694 920 2748 963 ut
2782 908 3147 978 impudentem
3179 907 3391 963 interim
3419 907 3636 963 Judmo-

2030 1019 2147 1057 rtttu
2172 1004 2404 1072 linguam
2426 1010 2727 1065 coerceret,
2757 1012 2812 1054 et
2837 1000 2903 1055 ad
2936 1001 3149 1053 illorum
3193 1000 3555 1054 infirmitatem
3575 1015 3641 1056 se

2027 1094 2360 1149 demitteret.
2395 1094 2595 1165 Ecquid
2626 1093 2841 1147 miraris
2864 1133 2877 1157 ,
2909 1092 2953 1146 si
2987 1092 3039 1145 in
3068 1091 3329 1161 principio
3358 1092 3409 1147 id
3441 1092 3632 1161 egerit.

2028 1186 2245 1258 quando
2264 1197 2316 1240 et
2336 1187 2564 1255 apostoli
2597 1196 2882 1256 poSIquam
2910 1183 3045 1252 jussi
3083 1191 3210 1237 sunt
3231 1182 3300 1239 ad
3325 1193 3514 1253 gentes
3536 1186 3636 1238 mi-

2028 1292 2204 1347 grare,
2235 1289 2283 1333 et
2324 1286 2505 1346 portas
2555 1277 2767 1345 aperire
2795 1275 2862 1329 ad
2897 1273 3197 1329 doctrinam
3226 1287 3322 1343 per
3353 1270 3636 1328 totutn'o‘r-

2029 1378 2155 1433 hem
2210 1371 2614 1446 spargendum,
2665 1368 2836 1439 legem
2892 1365 3223 1430 est-ludere,
3274 1378 3416 1418 nova
3472 1363 3642 1418 iusti»

2031 1478 2204 1532 tuere,
2230 1475 2411 1519 vetera
2440 1462 2711 1531 abrogare
2732 1459 2956 1519 omnia;
2981 1460 3146 1515 modo
3174 1457 3347 1529 legem
3380 1466 3629 1517 serrare,

2032 1553 2193 1608 modo
2222 1552 2367 1606 illam
2399 1547 2694 1617 transgredi
2717 1542 3220 1615 deprehenduntur.
3255 1543 3322 1597 Et
3342 1539 3473 1612 quid
3510 1537 3632 1602 hoc,

2034 1648 2282 1717 inquies,
2335 1645 2401 1699 ad
2456 1645 2590 1714 legis
2637 1641 2936 1696 custodiam
2990 1636 3221 1700 confert,
3271 1631 3415 1702 quod
3472 1630 3635 1695 dicat,

2036 1738 2258 1794 Ostende
2305 1747 2354 1790 te
2396 1734 2644 1791 sacerdoti
2686 1731 2830 1805 (Leo.
2866 1730 2999 1800 li)?
3022 1727 3138 1782 Non
3178 1739 3365 1796 parum
3406 1720 3636 1779 confert.

2037 1832 2163 1885 Erat
2187 1830 2386 1899 quippe
2412 1827 2493 1881 lex
2527 1836 2699 1888 vetus,
2745 1832 2803 1879 ut
2828 1822 3073 1893 lcprosu:
3100 1816 3389 1871 mundatus
3418 1828 3488 1867 ne
3533 1814 3635 1867 sibi

2034 1922 2328 1993 probandae
2374 1917 2736 1974 mundatiouis
2782 1914 3159 1970 auctoritatem
3206 1918 3520 1977 arrogaret;
3547 1905 3641 1960 sed

2033 2032 2093 2071 se
2118 2012 2427 2070 ostenderet
2454 2008 2720 2064 sacerdoti
2748 2050 2762 2072 ,
2793 2006 3070 2077 ipsiusque
3115 2001 3192 2057 rei
3224 1996 3644 2053 demonstratio-

2035 2123 2156 2161 nem
2185 2105 2448 2176 prznberet
2475 2143 2489 2166 ,
2524 2110 2581 2154 ttt
2622 2100 2789 2168 ipsius
2836 2096 3044 2151 calculo
3078 2091 3292 2146 mundis
3318 2101 3646 2142 annumera-

2035 2210 2203 2255 retur.
2232 2195 2347 2251 Nisi
2392 2193 2535 2249 enim
2565 2189 2821 2246 sacerdos
2858 2186 3104 2253 dixisset,
3136 2183 3451 2238 mundatum
3480 2178 3647 2233 fuisse

2037 2292 2329 2360 leprosum,
2371 2288 2415 2341 is
2448 2300 2572 2341 cum
2614 2279 2904 2337 immundis
2943 2287 3097 2333 extra
3128 2285 3303 2331 castra
3334 2272 3647 2327 mansisset.

2040 2383 2163 2437 ideo
2192 2380 2267 2434 ait
2291 2422 2307 2445 ,
2357 2378 2581 2432 Ostende
2622 2384 2667 2426 te
2696 2369 2947 2425 sacerdoti
2968 2410 2981 2431 ,
3010 2377 3056 2421 et
3096 2364 3227 2433 olfer
3252 2366 3445 2418 donum
3466 2403 3479 2425 ,
3513 2360 3646 2430 quod

2037 2471 2274 2541 praher
2306 2466 2532 2538 Moyses.
2563 2464 2678 2519 Non
2721 2461 2875 2527 dixit,
2922 2458 3075 2529 Quod
3103 2456 3337 2527 praecepi
3383 2469 3461 2523 cgv
3504 2470 3518 2519 ;
3551 2454 3648 2507 sed

2038 2563 2251 2617 interim
2295 2560 2362 2613 ad
2406 2559 2578 2626 legem
2611 2555 2858 2617 remittit,
2912 2560 2971 2607 ut
3014 2548 3250 2619 undique
3298 2561 3362 2600 os
3408 2546 3653 2615 ipSorum

2039 2653 2273 2709 claudat.
2319 2651 2397 2706 Ne
2446 2650 2692 2704 dicerent
2733 2647 2915 2708 enim,
2948 2645 3126 2712 ipsum
3175 2639 3279 2693 sibi
3307 2635 3651 2692 sacerdotum

2041 2746 2305 2800 honorem
2347 2741 2613 2810 rapuisse,
2664 2753 2801 2807 opus
2832 2738 2947 2804 ipse
2978 2731 3245 2801 implevit,
3274 2728 3651 2800 probationem

2043 2838 2171 2908 ipsis
2204 2836 2427 2898 remisit,
2480 2842 2537 2888 et
2581 2831 2702 2887 illos
2751 2827 3133 2883 miraculorum
3180 2838 3399 2878 suorum
3444 2820 3654 2890 judices

2040 2928 2341 2983 constituit.
2372 2925 2603 2981 Tantum
2636 2921 2810 2983 abest,
2844 2920 3038 2987 inquit,
3071 2924 3130 2971 ut
3156 2929 3385 2984 pugnent
3418 2912 3503 2967 vel
3529 2926 3654 2967 cum

2043 3024 2247 3096 Moyse,
2275 3022 2359 3077 vel
2385 3036 2506 3077 eum
2535 3016 2930 3081 sacerdotibus,
2955 3024 3014 3069 ut
3042 3028 3159 3078 eos,
3191 2994 3282 3082 qui
3311 3026 3342 3065 a
3372 3025 3461 3065 me
3491 3010 3655 3065 bene-

2046 3116 2170 3170 licio
2196 3113 2370 3168 affecti
2401 3119 2528 3167 sunt
2549 3152 2564 3177 ,
2596 3110 2827 3173 mittam,
2853 3106 2944 3177 qui
2979 3105 3083 3158 illis
3113 3103 3508 3171 obtemperent.

2120 3206 2173 3260 3.
2206 3204 2345 3272 Quid
2391 3217 2555 3273 porro
2598 3199 2728 3254 illttd
2758 3207 2842 3253 cst
2865 3240 2880 3263 ,
2916 3195 2983 3249 In
3028 3194 3371 3249 testimonium
3418 3191 3565 3246 illis?
3594 3192 3650 3246 In

2046 3296 2503 3366 redargutionem,
2550 3291 2603 3345 in
2643 3287 3067 3351 accusationem,
3112 3284 3159 3339 si
3215 3301 3320 3338 non
3378 3283 3547 3353 probe
3598 3296 3658 3338 so

2046 3388 2332 3461 gesserint.
2362 3386 2497 3454 Quia
2527 3383 2674 3439 enim
2695 3381 2968 3445 dicebant,
2997 3377 3070 3434 Ut
3094 3378 3437 3434 seductorem
3469 3385 3525 3431 et
3554 3374 3655 3432 de-

2047 3491 2323 3550 ceptorem
2354 3475 2729 3547 persequimur
2751 3514 2765 3533 ,
2800 3482 2857 3526 ut
2887 3470 3000 3525 Deo
3028 3468 3403 3524 adversarium
3433 3477 3487 3522 et
3516 3466 3656 3537 legis

2049 3560 2507 3642 transgressorem
2532 3584 2546 3619 :
2572 3566 2654 3621 Tu
2685 3564 2840 3629 mihi,
2863 3562 3056 3631 inquit,
3082 3561 3237 3615 testis
3262 3560 3370 3617 eris
3398 3560 3490 3613 illo
3520 3568 3659 3611 tem-

2048 3679 2203 3736 pore,
2228 3676 2314 3717 me
2344 3675 2452 3715 nou
2481 3672 2603 3713 esse
2640 3657 2776 3725 legis
2818 3663 3273 3722 transgressorem
3306 3667 3320 3703 :
3355 3665 3475 3704 nam
3505 3658 3661 3718 post-

2048 3769 2209 3825 quam
2243 3763 2293 3807 te
2322 3748 2528 3815 curavi,
2567 3758 2619 3803 te
2640 3745 2707 3801 ad
2739 3746 2913 3815 legent
2944 3743 3183 3805 remitto,
3206 3752 3365 3810 atque
3386 3741 3452 3793 ad
3474 3752 3669 3793 sacer-

2050 3846 2233 3901 dotum
2264 3841 2640 3913 probationem
2663 3854 2677 3902 ;
2702 3836 2754 3891 id
2797 3833 2940 3906 quod
2971 3842 3087 3888 erat
3116 3832 3344 3887 colentis
3380 3831 3574 3900 legem,
3602 3838 3662 3883 et

2049 3939 2286 4011 Moysem
2309 3931 2646 3996 houorantis,
2684 3944 2786 3984 nec
2812 3926 3049 3997 antiquis
3090 3924 3428 3995 dogmatibus
3457 3921 3655 3975 adrer-

2050 4031 2241 4084 santis.
2268 4024 2423 4095 Quod
2466 4023 2512 4079 si
2559 4020 2692 4075 nihil
2722 4018 2848 4074 inde
2892 4017 3026 4072 lucri
3057 4017 3338 4085 percipere
3363 4013 3659 4077 debebant,

2052 4123 2180 4177 hinc
2237 4117 2477 4174 maxime
2532 4123 2713 4168 tamen
2775 4109 2954 4163 discas
3001 4115 3232 4176 quartus
3285 4119 3452 4174 penes
3508 4103 3665 4158 illum-

2051 4214 2123 4268 sit
2148 4211 2278 4282 legis
2306 4208 2480 4263 honor
2508 4246 2523 4273 ,
2550 4204 2674 4275 quia
2720 4216 2841 4258 cum
2893 4197 3170 4269 prtesciret
3212 4198 3332 4251 illos
3362 4194 3494 4248 nihil
3537 4194 3663 4249 inde

2053 4305 2261 4360 fruetus
2285 4307 2638 4370 percepturos
2673 4307 2794 4350 esse
2814 4334 2829 4358 ,
2865 4299 3044 4344 tamen
3074 4304 3197 4357 quze
3224 4300 3393 4357 penes
3420 4301 3479 4341 se
3506 4295 3668 4339 erant.

2053 4398 2232 4454 omnia
2256 4392 2537 4460 implebat.
2570 4388 2703 4444 Nam
2746 4387 2850 4441 hoc
2879 4386 3052 4451 ipsum
3087 4381 3407 4453 prmsciebat
3438 4389 3491 4433 et
3522 4394 3662 4447 prte-

2054 4490 2289 4547 dicebat.
2317 4486 2502 4555 Neque
2546 4480 2690 4536 enim
2728 4477 2980 4541 dicebat,
3015 4475 3071 4528 ln
3100 4472 3534 4529 emendationem
3571 4486 3668 4525 eo-

2057 4598 2199 4647 rum,
2229 4593 2422 4647 neque,
2456 4575 2514 4630 ιιι
2559 4570 2861 4626 doctrinam
2912 4581 3145 4629 eorum;
3192 4563 3310 4630 sed,
3340 4563 3407 4616 In
3437 4563 3666 4615 testimo-

2057 4675 2202 4729 nium
2224 4670 2349 4729 illis,
2379 4665 2432 4721 id
2460 4673 2562 4729 cst,
2602 4661 2658 4716 ln
2690 4660 3116 4719 accusationem,
3146 4654 3199 4708 iu
3237 4653 3664 4708 confutatioucm

2057 4777 2108 4821 et
2142 4766 2195 4819 iu
2228 4758 2617 4821 testimonium,
2658 4752 2801 4824 quod
2831 4751 2979 4806 tibia
3026 4764 3114 4803 nte
3155 4748 3334 4803 omnia
3372 4746 3506 4801 l'aeta
3534 4746 3664 4800 sint.

2057 4859 2194 4913 (lum
2226 4853 2533 4925 praescii-cm
2573 4862 2668 4901 eos
2694 4846 2815 4898 sine
2841 4840 3221 4897 emendatione
3251 4853 3562 4903 mansuros,
3596 4853 3668 4891 ne

2056 4952 2140 5006 sic
2167 4948 2384 5019 quidem
2411 4957 2533 5014 qua:
2563 4941 2740 4993 facere
2787 4934 3076 5006 oportebat
3119 4930 3275 4985 omisi
3302 4947 3316 4995 ;
3348 4930 3423 4983 illi
3452 4944 3581 4984 vero
3611 4929 3665 4983 itt

2061 5042 2263 5100 malitia
2290 5054 2388 5094 sua
2411 5035 2782 5108 perstiterunt.
2818 5028 2929 5083 Hoc
2954 5036 3008 5082 et
3028 5024 3156 5079 alibi
3187 5023 3384 5079 dicitur
3419 5040 3431 5076 :
3458 5019 3638 5076 Prwtlt'
3656 5052 3670 5062 -

2062 5136 2258 5190 rabitur
2282 5132 2377 5183 hoc
2416 5125 2734 5196 euangelium
2760 5123 2811 5175 in
2857 5119 3092 5174 universo
3120 5116 3331 5178 mundo,
3359 5114 3411 5167 in
3437 5114 3666 5167 testimo-

2060 5229 2206 5281 nium
2237 5221 2469 5278 omnibus
2500 5216 2752 5289 gentibus,
2782 5222 2827 5267 et
2850 5224 2967 5264 tunc
2997 5209 3159 5263 veniet
3180 5208 3298 5276 ﬁnis
3328 5204 3542 5277 (Matth.
3574 5204 3667 5259 9.5.

2067 5319 2157 5387 M)
2183 5338 2196 5371 ;
2228 5313 2477 5386 gentibus
2503 5308 2730 5373 scilicet,
2764 5321 2869 5359 neu
2892 5300 3292 5363 obedientibus,
3325 5310 3431 5353 non
3460 5298 3674 5353 obteln-

2067 5407 2400 5483 pernutibus.
2425 5402 2503 5457 Ne
2523 5400 2644 5471 quis
2661 5398 2801 5453 enim
2826 5395 3056 5457 diceret,
3075 5393 3184 5447 Cur
3199 5390 3449 5446 omnibus
3473 5388 3674 5459 pr.ch-

2067 5520 2182 5568 cas,
2204 5515 2326 5555 eum
2359 5512 2465 5553 non
2509 5508 2702 5548 onmes
2727 5488 2985 5546 credituri
3017 5485 3165 5539 sint?
3194 5483 3264 5539 Ut
3306 5486 3489 5537 omnia
3523 5497 3664 5546 mea,

2070 5597 2165 5659 ait,
2190 5590 2504 5664 prmstitisse
2542 5584 2748 5646 videar,
2791 5590 2846 5635 et
2888 5593 3050 5634 nemo
3076 5592 3163 5632 me
3210 5586 3393 5645 postea
3428 5574 3676 5630 incusare

2072 5686 2265 5760 possit,
2287 5680 2433 5753 quod
2460 5695 2566 5733 non
2594 5673 2844 5730 audierit.
2885 5670 3020 5725 Nam
3047 5668 3160 5738 ipsa
3187 5664 3499 5736 pnedicatio
3524 5663 3675 5716 testi-

2082 5778 2321 5834 monium
2352 5782 2537 5831 contra
2576 5770 2708 5825 teret
2748 5784 2760 5820 :
2808 5779 2907 5821 nec
2944 5769 3196 5835 poterunt
3245 5766 3427 5829 ροπιειι
3473 5752 3677 5819 dicere,
