4110 6306
343 464 571 539 apostoli
612 463 829 518 nomine
856 460 1076 531 dignum
1104 471 1224 513 esse
1251 456 1468 527 putabat
1500 455 1576 524 (ι.
1603 453 1721 509 Cor.
1754 454 1843 508 15.
1871 452 1927 507 8.

341 559 421 627 9).
458 557 608 611 llunc
639 556 817 623 itaque
844 551 1159 606 aemulemur
1188 556 1240 603 et
1272 547 1564 602 imitemur.
1599 543 1931 598 hnitabimur

341 661 520 706 autem
541 650 584 704 si
615 662 644 699 a
673 657 813 700 terra
852 658 916 699 ac
946 641 1171 700 terrenis
1197 639 1423 708 negotiis
1459 638 1764 713 liberemur.
1790 633 1928 689 Nihil

340 740 483 797 enim
507 740 580 794 ita
608 734 959 808 ignorantiam
989 734 1070 788 sui
1105 732 1275 802 parit,
1307 739 1365 785 ut
1389 728 1726 783 saecularium
1751 740 1929 781 rerum

340 832 564 888 aﬂ'ectus
591 848 606 884 :
634 827 874 896 nihilque
899 825 972 880 ita
996 823 1331 879 saecularium
1360 836 1543 876 rerum
1570 818 1816 873 allectum
1841 832 1932 885 pa-

340 926 448 986 rit,
478 930 536 975 ut
563 918 861 990 ignorantia
888 917 970 971 sui
1002 934 1015 969 :
1044 913 1307 983 siquidem
1336 925 1501 966 unum
1526 908 1729 979 pendet
1751 906 1819 960 ab
1847 908 1929 960 al-

342 1026 476 1070 tero.
499 1013 650 1068 Sicut
671 1010 812 1067 enim
835 1010 879 1064 is
902 1008 991 1078 qui
1012 1013 1289 1062 externam
1305 1003 1529 1073 gloriam
1554 1009 1697 1055 amat
1717 1007 1771 1055 et
1796 1014 1934 1068 prze-

339 1108 507 1164 sentia
536 1119 728 1174 magna
757 1116 877 1157 esse
899 1107 1068 1170 putat,
1090 1097 1300 1153 etiamsi
1327 1095 1378 1150 id
1405 1090 1602 1150 millies
1624 1091 1929 1154 tentaverit,

340 1200 466 1255 huic
495 1213 603 1253 non
636 1196 870 1265 scipsum
896 1206 1057 1247 nosse
1081 1189 1396 1245 conceditur
1422 1203 1437 1240 :
1470 1187 1549 1241 sic
1575 1185 1664 1255 qui
1691 1184 1932 1252 seipsum

341 1290 589 1361 despicit,
614 1303 672 1344 se
698 1286 850 1342 facile
875 1290 1182 1355 cognoscet.
1205 1280 1341 1337 Cum
1364 1292 1490 1333 vero
1512 1292 1633 1333 sese
1658 1274 1925 1342 didicerit,

1283 339 1351 397 IN
1387 337 1793 397 MATTIIIEUM
1835 337 2062 393 IIOMIL.
2106 335 2295 391 XXVI.
2336 335 2411 391 al.
2452 334 2669 391 XXVII.

2036 450 2103 505 ad
2132 459 2356 507 casteras
2384 464 2574 506 omnes
2595 448 2807 504 virtutis
2833 456 3012 517 partes
3032 446 3314 516 "procedet.
3357 443 3430 504 Ut
3477 447 3640 517 igitur

2038 541 2313 613 pulchram
2347 541 2487 597 hanc
2514 540 2796 597 scientiam
2822 540 3186 610 adipiscamur
3210 581 3223 603 ,
3255 538 3462 593 liberati
3492 554 3523 592 a
3555 553 3644 593 re-

2035 632 2135 687 bus
2159 632 2315 687 lluxis
2336 631 2607 699 omnibus,
2633 646 2754 702 quae
2774 645 3022 701 magnam
3046 632 3099 685 in
3122 631 3279 688 nobis
3304 629 3643 686 succendunt

2037 722 2328 787 ﬂammam,
2350 731 2407 777 et
2435 724 2693 778 vilitatem
2725 732 2963 778 nostram
2993 732 3174 778 notam
3204 722 3487 787 habentes,
3522 738 3638 777 om-

2038 814 2159 871 nem
2185 815 2534 872 exhibeantus
2556 815 2913 872 humilitatem
2940 825 3103 886 atque
3129 815 3549 886 philosophiam,
3581 825 3643 870 ut

2038 915 2092 961 et
2124 907 2410 975 praesentia
2440 915 2496 962 et
2521 907 2699 962 futura
2731 907 2870 962 bona
2900 921 3331 976 consequamur,
3372 906 3545 977 gratia
3587 915 3643 961 et

2036 998 2404 1052 misericordia
2434 999 2644 1053 Domini
2669 999 2839 1053 nostri
2863 998 2994 1055 Jesu
3021 997 3219 1054 Christi
3245 1040 3261 1064 ,
3288 998 3505 1068 quicum
3535 997 3641 1051 Pa-

2040 1091 2104 1144 tri
2130 1090 2324 1160 gloria,
2359 1092 2664 1161 imperium,
2695 1090 2890 1156 honor,
2916 1104 3037 1146 cum
3064 1101 3277 1154 sancto,
3306 1088 3451 1145 bono
3479 1098 3535 1143 et
3558 1088 3644 1143 vi—

2039 1183 2195 1238 vilico
2221 1184 2443 1253 Spiritu,
2469 1200 2611 1241 nunc
2650 1194 2707 1241 et
2752 1199 2969 1255 semper
3011 1192 3064 1240 et
3105 1184 3159 1238 in
3194 1183 3390 1239 satcula
3417 1165 3645 1237 saac'ulo-

2039 1290 2179 1331 rum.
2208 1277 2401 1331 Amen.
3504 1275 3508 1278 “

382 1423 3638 1459 MM

1436 1512 1791 1576 HOMlLlA
1833 1513 2071 1579 XXVI.
2117 1514 2202 1578 aI.
2246 1511 2518 1576 XXVII.

339 1693 470 1749 Car.
500 1688 554 1744 8.
578 1702 630 1740 ν.
662 1686 715 1741 5.
768 1681 893 1737 Cum
934 1688 1101 1733 autem
1137 1678 1392 1745 ingressus
1425 1677 1550 1724 esset
1589 1665 1931 1735 Capernaum,

415 1780 623 1837 accessit
658 1777 727 1831 ad
766 1789 879 1829 eum
909 1769 1156 1835 centurio,
1185 1780 1373 1835 rogans
1400 1777 1535 1826 eum,
1560 1760 1614 1813 6.
1641 1766 1689 1810 et
1719 1756 1890 1809 dicens
1914 1770 1933 1810 :

412 1873 651 1935 Domine,
676 1883 801 1938 puer
828 1880 968 1919 meus
982 1862 1119 1932 jacet
1139 1860 1194 1912 in
1210 1859 1359 1911 domo
1376 1853 1710 1927 paralyticus,
1737 1859 1782 1904 et
1804 1847 1937 1902 male

416 1973 695 2035 torquetur.

415 2057 467 2111 l.
498 2030 770 2121 ixprosus
796 2045 1036 2117 quidem,
1069 2054 1191 2096 cum
1226 2035 1590 2098 descendisset
1620 2030 1689 2086 de
1717 2039 1933 2093 monte,

341 2120 613 2203 accessit:
646 2141 735 2195 hic
777 2151 905 2192 vero
948 2132 1189 2189 centurio
1213 2172 1228 2196 ,
1270 2138 1550 2197 postquam
1595 2124 1848 2179 intrasset
1884 2120 1937 2173 in

339 2239 701 2308 Capernaum.
730 2230 839 2285 Cur
875 2241 1003 2297 ergo
1026 2266 1041 2289 ,
1072 2236 1247 2292 neque
1274 2219 1360 2274 hic
1385 2231 1561 2287 neque
1590 2214 1679 2269 ille
1708 2213 1763 2267 in
1784 2226 1940 2265 mou-

343 2339 453 2383 tem
492 2318 870 2380 accesserunt?
915 2316 1032 2371 Non
1076 2312 1145 2369 ob
1193 2310 1517 2381 segnitiem:
1550 2319 1671 2358 nam
1712 2311 1939 2370 uterque

343 2417 451 2473 tide
476 2414 697 2470 ardebat
717 2412 769 2475 ¹;
802 2407 895 2465 sed
918 2422 985 2461 ne
1009 2404 1290 2459 docentem
1320 2396 1746 2467 interpellarent.
1770 2393 1940 2446 Acce-

342 2510 478 2564 dens
508 2514 689 2560 autem
714 2501 849 2555 dixit
874 2515 888 2553 :
919 2498 1057 2551 Puer
1088 2510 1228 2547 meus
1254 2494 1392 2561 jacet
1421 2490 1474 2543 in
1504 2490 1654 2543 domo
1682 2482 1938 2555 paralyti-

344 2617 459 2666 cus,
478 2609 524 2653 et
549 2597 680 2651 male
703 2601 980 2664 torquetur.
1005 2587 1231 2655 Quidam
1258 2585 1442 2639 dicunt
1461 2596 1605 2646 eum,
1630 2589 1688 2633 ut
1714 2591 1836 2632 sese
1854 2591 1941 2630 cx-

344 2701 580 2755 cusaret,
625 2702 842 2743 causam
888 2684 1107 2747 dixisse,
1154 2695 1250 2735 cur
1288 2693 1410 2733 eum
1458 2689 1563 2728 non
1606 2670 1935 2726 adduxisset.

345 2782 463 2838 Non
486 2781 628 2836 enim
656 2784 885 2847 poterat,
914 2775 1177 2843 inquiunt,
1198 2767 1519 2838 paralyticus
1538 2762 1627 2832 qui
1658 2759 1943 2830 torqueba-

347 2885 465 2940 tur,
501 2882 553 2928 et
583 2878 881 2926 extremum
908 2866 1017 2935 jam
1047 2862 1262 2918 el'llabat
1287 2860 1510 2913 halitum
1546 2853 1765 2925 gestari.
1805 2850 1936 2904 Nam

346 2982 469 3022 eum
488 2966 599 3033 jam
630 2964 682 3017 in
710 2960 965 3017 extremis
997 2958 1158 3010 fuisse
1184 2962 1371 3007 narrat
1392 2951 1462 3004 ita
1490 2949 1661 3003 Lucas
1692 2963 1704 2997 :
1739 2944 1806 2997 Et
1833 2958 1942 2996 mo-

346 3061 542 3114 riturus
572 3065 679 3109 erat
706 3054 856 3124 (Luc.
887 3052 937 3104 7.
966 3048 1041 3120 2).
1075 3048 1186 3117 Ego
1209 3058 1336 3098 vero
1363 3041 1414 3095 id
1440 3048 1567 3110 puto
1591 3038 1801 3107 signum
1822 3047 1943 3124 esse

346 3163 557 3216 magna:
586 3122 726 3200 illius
755 3144 899 3206 ﬁdei,
928 3149 982 3196 et
1007 3136 1174 3194 multo
1203 3132 1441 3203 majoris,
1461 3144 1619 3199 quam
1641 3140 1829 3181 eorum
1852 3122 1943 3192 qui

350 3214 671 3310 perlectum
699 3233 1026 3289 demiserunt
1052 3228 1241 3298 (Marc.
1264 3224 1318 3277 2.
1344 3224 1421 3290 4).
1450 3218 1584 3287 Quia
1611 3217 1754 3273 enim
1776 3214 1942 3285 probe

347 3329 558 3386 sciebat
577 3327 694 3380 solo
718 3322 923 3377 Domini
949 3326 1215 3389 prtecepto
1231 3317 1496 3384 jacentem
1519 3322 1740 3379 surgere
1762 3319 1940 3375 posse,

349 3418 684 3492 superﬂuum
714 3415 932 3485 putabat
958 3423 1078 3467 esse
1105 3411 1281 3477 ipsum
1309 3405 1596 3460 adducere.
1623 3399 1760 3466 Quid
1787 3397 1947 3467 igitur

350 3491 549 3576 Jesus'l
591 3500 745 3579 Quod
792 3520 1051 3574 nusquam
1083 3502 1311 3566 fecerat,
1346 3500 1430 3553 hic
1467 3494 1606 3550 fecit.
1642 3494 1773 3548 Cum
1799 3491 1945 3545 enim

354 3607 552 3673 ubique
579 3599 989 3672 supplicantium
1018 3596 1342 3649 voluntatem
1371 3596 1704 3659 sequeretur,
1726 3584 1813 3637 hic
1831 3595 1947 3651 pro-

353 3697 496 3761 silit,
525 3708 622 3748 uec
657 3708 715 3746 se
745 3699 1053 3745 curaturum
1084 3694 1287 3740 tantum
1309 3724 1324 3748 ,
1358 3680 1453 3737 sed
1483 3680 1701 3734 domum
1733 3686 1947 3745 quoque

353 3800 637 3846 venturum
667 3787 961 3856 pollicetur.
996 3782 1049 3836 Id
1080 3796 1206 3835 vero
1231 3777 1373 3842 facit,
1398 3784 1459 3831 ut
1482 3768 1813 3827 centurionis
1840 3766 1945 3820 vir-

358 3891 529 3937 tutem
554 3879 840 3932 discamus.
864 3874 974 3928 Nisi
1003 3871 1146 3927 enim
1170 3870 1272 3923 hoc
1298 3863 1648 3937 promisisset,
1671 3858 1766 3915 sed
1784 3857 1948 3912 dixis-

356 3982 458 4036 set,
498 3968 662 4029 Vade,
692 3973 907 4019 sanetur
932 3978 1065 4034 puer
1096 3970 1217 4014 tuus
1249 3975 1262 4010 :
1293 3956 1422 4010 nihil
1445 3958 1632 4007 horum
1663 3961 1949 4017 cognosce-

357 4034 561 4119 remus.
596 4056 829 4124 ldipsum
864 4053 1021 4106 etiam
1050 4066 1173 4119 erga
1204 4045 1535 4100 Phoenissam
1562 4038 1839 4094 mulierem
1868 4034 1948 4090 fc-

358 4152 451 4209 cit.
483 4147 583 4201 etsi
626 4144 895 4199 contrario
942 4141 1101 4195 modo
1149 4136 1357 4211 (Marc.
1400 4135 1451 4187 7.
1491 4132 1580 4187 26.
1632 4130 1802 4201 ειη).
1850 4125 1949 4181 Hic

358 4240 502 4296 enim
530 4252 628 4293 uec
654 4244 869 4290 vocatus
892 4233 941 4287 iu
964 4230 1204 4294 domum,
1227 4242 1285 4282 Se
1310 4239 1431 4282 esse
1454 4232 1736 4278 venturum
1760 4227 1949 4289 sponte

360 4331 508 4393 dicit,
537 4336 595 4383 ut
614 4327 788 4380 discas
809 4321 1135 4378 centurionis
1156 4319 1315 4373 fidem
1341 4316 1667 4383 multamque
1691 4310 1952 4366 humilita-

365 4433 512 4478 tem:
544 4421 595 4475 in
629 4417 904 4472 Phoenissa
945 4428 1071 4467 vero
1109 4411 1308 4465 donum
1352 4409 1618 4478 denegat,
1673 4404 1951 4473 ipsamque

360 4518 798 4583 perseverantem
830 4506 883 4559 in
913 4504 1131 4557 dubium
1153 4500 1385 4569 conjicit.
1414 4497 1545 4552 Nam
1571 4510 1691 4549 cum
1714 4507 1874 4562 sagax
1898 4499 1953 4547 et

364 4602 567 4672 peritus
594 4600 663 4653 sit
690 4597 947 4657 medicus,
968 4592 1233 4649 centraria
1255 4590 1539 4644 contrariis
1566 4588 1761 4643 elicere
1783 4585 1951 4639 novit.

367 4692 437 4748 Et
464 4691 552 4746 hic
580 4688 794 4760 quidem
820 4702 914 4756 per
942 4694 1295 4755 spontaneum
1324 4682 1608 4736 adventum
1636 4724 1648 4743 ,
1684 4680 1791 4734 illic
1822 4693 1953 4733 vero

370 4799 465 4852 per
485 4780 790 4835 diuturnam
819 4777 1148 4835 dilationem.
1172 4782 1227 4828 et
1243 4773 1508 4842 repulsam
1534 4772 1690 4825 tidem
1714 4768 1954 4825 mulieris

370 4874 561 4943 aperit.
584 4872 673 4927 Sic
694 4870 857 4926 etiam
874 4883 999 4936 erga
1029 4866 1390 4920 Abrahamum
1414 4863 1533 4917 fecit
1563 4862 1749 4917 dicens
1784 4880 1796 4914 :
1833 4859 1953 4913 Non

369 4966 540 5021 celabo
561 4980 774 5035 puerum
796 4976 959 5025 meum
977 4958 1232 5013 Abraham
1262 4956 1411 5026 (Gen.
1439 4957 1524 5011 18.
1549 4957 1640 5025 i7)
1664 4974 1675 5008 :
1702 4964 1758 5009 ut
1780 4954 1956 5009 discas

372 5056 515 5111 illius
539 5069 772 5108 amorem
794 5094 811 5119 ,
840 5060 895 5107 et
916 5059 1166 5122 quautam
1196 5048 1263 5102 de
1290 5048 1539 5103 Sodomis
1566 5046 1954 5116 providentiam

373 5151 603 5216 gereret.
634 5143 702 5199 Et
720 5143 811 5213 qui
831 5142 897 5195 ad
922 5140 1111 5195 Lutum
1134 5138 1280 5193 missi
1303 5148 1476 5204 erant,
1506 5138 1711 5208 ingredi
1740 5136 1957 5192 domum

376 5237 497 5306 εἰη
528 5236 738 5300 nolunt,
770 5233 977 5302 ut‘justi
1005 5230 1420 5300 hospitalitatem
1452 5229 1743 5284 edisceres.

450 5326 768 5382 Centurionis
789 5324 936 5395 ﬁdes.
954 5353 1025 5363 —
1044 5323 1183 5389 Quid
1205 5323 1364 5393 igitur
1378 5324 1452 5377 ait
1470 5322 1747 5376 centurio?
1774 5323 1824 5376 .3.
1852 5320 1962 5375 Do-

379 5421 534 5483 mine,
558 5434 659 5472 non
684 5435 797 5472 sum
817 5417 1021 5487 dignus,
1050 5425 1104 5469 ut
1129 5417 1284 5470 intres
1310 5415 1403 5468 sub
1428 5424 1609 5468 tectum
1640 5429 1822 5466 metuit.
1854 5417 1961 5465 Att-

380 5510 590 5567 diamtts
632 5514 891 5576 quotquot
936 5506 1180 5560 volumus
1238 5503 1510 5559 Christum
1570 5505 1854 5573 excipere,
1903 5510 1963 5557 ut

384 5614 527 5655 nunc
565 5599 725 5653 etiam
766 5611 1066 5666 possumus.
1120 5596 1410 5650 Audiamus
1450 5606 1502 5651 ct
1550 5596 1852 5663 imitemur,
1901 5610 1963 5651 ac

455 5756 470 5787 ι
505 5753 720 5815 (,midam,
741 5751 962 5815 utrinque
986 5762 1116 5805 recta
1142 5754 1276 5818 (illex.

2041 1679 2164 1720 cum
2193 1667 2304 1737 pari
2336 1665 2487 1723 illum
2511 1668 2690 1724 studio
2710 1666 2729 1701 ί
2757 1670 3085 1741 excipiamus
3114 1688 3128 1726 :
3160 1686 3282 1728 eum
3320 1670 3464 1726 enim
3508 1686 3644 1742 pau-

2042 1772 2255 1829 perem,
2286 1759 2613 1816 esurientem
2634 1770 2689 1817 et
2718 1761 2920 1817 nudum
2947 1762 3154 1833 excipis
3174 1804 3188 1829 ,
3220 1763 3367 1817 illum
3395 1772 3451 1818 et
3479 1777 3644 1818 exce-

2043 1850 2170 1921 pisti
2197 1859 2251 1906 et
2278 1854 2478 1907 aintsti.
2508 1853 2617 1908 Sed
2640 1863 2837 1909 tantum
2859 1854 2941 1909 dic
2966 1856 3134 1918 verba,
3157 1864 3207 1911 et
3231 1856 3496 1911 sanabitur
3520 1871 3647 1926 puer

2044 1958 2213 1998 meus.
2252 1943 2387 1999 Vide
2412 1946 2783 2001 centurionem
2816 1946 3038 2016 perinde
3062 1956 3223 2017 atque
3250 1948 3523 2017 leprosum
3549 1961 3647 2002 ve-

2042 2049 2157 2088 ram
2186 2035 2254 2090 de
2280 2036 2492 2092 Christo
2518 2037 2767 2093 habuisse
2788 2039 3119 2109 opinionem.
3152 2038 3282 2093 Nam
3304 2049 3360 2094 et
3381 2040 3495 2107 ipse
3516 2053 3650 2107 quo-

2044 2138 2149 2194 que
2196 2140 2303 2181 non
2346 2127 2501 2191 dixit,
2537 2129 2717 2198 lioga;
2760 2145 2866 2183 non
2896 2129 3052 2197 dixit,
3087 2129 3333 2192 Precare,
3370 2127 3646 2198 supplies;

2044 2213 2139 2269 sed
2162 2215 2358 2281 solum,
2383 2216 2613 2287 Impera.
2638 2218 2844 2273 Deinde
2873 2218 3093 2282 timens,
3118 2234 3186 2274 ne
3207 2233 3304 2288 per
3329 2216 3648 2273 modestiam

2044 2316 2316 2369 renueret,
2347 2306 2482 2361 dixit
2511 2326 2523 2360 :
2553 2308 2607 2364 9.
2640 2307 2779 2362 Nam
2801 2320 2848 2363 et
2874 2326 2966 2381 ego
2987 2310 3138 2364 homo
3158 2326 3272 2365 sum
3291 2310 3381 2365 sub
3405 2318 3651 2381 potestate

2046 2396 2373 2463 constitutus,
2403 2398 2591 2452 habens
2610 2402 2701 2454 sub
2730 2416 2812 2454 me
2836 2400 3061 2467 milites;
3091 2410 3137 2454 et
3163 2400 3278 2455 dico
3304 2400 3443 2462 huic,
3482 2399 3646 2466 Vade,

2047 2497 2093 2541 et
2117 2488 2254 2541 vadit
2278 2504 2299 2542 .'
2323 2498 2371 2543 et
2398 2491 2509 2555 alii,
2547 2491 2689 2557 Veni,
2717 2502 2766 2546 et
2794 2494 2927 2547 venit
2955 2511 2972 2546 :
2998 2503 3044 2547 et
3070 2509 3212 2548 servo
3238 2509 3369 2559 meo,
3394 2492 3506 2547 Fac
3526 2495 3644 2558 hoc,

2048 2590 2095 2634 et
2125 2581 2269 2649 facit.
2304 2580 2372 2635 Et
2400 2582 2529 2651 quid
2552 2582 2694 2649 inde,
2717 2586 2946 2656 inquies,
2968 2586 3012 2641 si
3035 2586 3278 2641 centurio
3301 2586 3381 2641 sic
3406 2586 3652 2655 suspica-

2051 2680 2137 2724 tus
2161 2671 2274 2725 sitit.
2293 2670 2426 2726 Nam
2454 2673 2506 2727 id
2535 2674 2816 2743 quaeritur,
2850 2676 2894 2728 si
2927 2676 3029 2731 hoc
3057 2673 3303 2730 Christus
3330 2674 3649 2744 protulerit,

2050 2768 2104 2813 et
2128 2762 2542 2815 conﬁrmaverit.
2574 2762 2807 2818 Pulchre
2834 2773 2890 2818 et
2916 2765 3205 2819 admodum
3237 2765 3532 2834 prudenter
3565 2766 3652 2819 di-

2050 2849 2149 2903 cis.
2190 2850 2331 2920 Ergo
2362 2850 2464 2906 hoc
2494 2853 2666 2921 ipsum
2698 2854 2976 2909 videamus
3006 2873 3018 2907 :
3051 2870 3177 2909 nam
3207 2854 3540 2910 inveniemus
3569 2855 3653 2909 id-

2052 2944 2223 3012 ipsum
2250 2943 2393 3012 quod
2424 2945 2478 2999 in
2507 2947 2718 3016 lt-proso
2745 2946 2835 3002 hic
2868 2947 3069 3003 factum
3105 2962 3247 3003 esse.
3291 2948 3654 3016 Quemadmo-

2050 3035 2176 3089 dum
2204 3035 2346 3089 enim
2374 3038 2619 3106 leprosus
2644 3081 2658 3099 .
2691 3038 2860 3097 Siwis
2882 3081 2896 3103 ,
2939 3040 3073 3093 dixit
3102 3040 3122 3108 (
3139 3055 3312 3110 neque
3341 3055 3408 3094 ex
3438 3042 3654 3110 leproso

2053 3136 2255 3180 tantum
2297 3129 2645 3183 conﬁrmatur
2685 3129 2880 3184 Christi
2928 3130 3164 3198 potentia
3188 3172 3204 3195 ,
3248 3130 3344 3185 sed
3382 3132 3546 3187 etiam
3586 3149 3655 3189 ex

2049 3213 2248 3269 Christi
2280 3232 2410 3271 voce
2446 3236 2458 3270 :
2491 3234 2595 3271 non
2640 3220 2801 3273 modo
2841 3221 2985 3273 enim
3026 3221 3144 3289 ejus
3185 3220 3495 3290 Opinionem
3544 3238 3652 3279 non

2052 3306 2329 3372 rcfutavit,
2356 3308 2449 3362 sed
2482 3309 2643 3363 etiam
2672 3310 3032 3377 conﬁrmavit,
3060 3327 3182 3367 cum
3216 3312 3267 3367 id
3295 3313 3440 3383 quod
3464 3331 3655 3384 supcr-

2053 3400 2217 3455 ﬂuum
2245 3401 2521 3455 videbatur
2540 3417 2661 3456 esse
2685 3402 2898 3473 adjecit.
2928 3412 2982 3459 et
3011 3404 3168 3471 dixit,
3205 3403 3352 3471 Volo,
3381 3407 3652 3473 mundare,

2054 3500 2109 3546 ut
2138 3494 2252 3563 ejus
2280 3495 2602 3553 sententiam
2633 3493 2913 3565 ﬁrmaret)
2951 3518 2962 3551 :
2991 3497 3070 3551 sic
3098 3506 3151 3551 ct
3182 3497 3284 3554 hoc
3312 3499 3432 3554 loco
3463 3501 3655 3569 explo-

2053 3583 2279 3637 randum
2305 3595 2389 3637 est
2412 3625 2427 3649 ,
2460 3601 2587 3639 num
2616 3585 2742 3655 quid
2769 3587 2944 3641 simile
2975 3590 3169 3642 factum
3198 3590 3266 3642 sit
3298 3605 3312 3644 :
3346 3605 3469 3644 nam
3500 3590 3656 3647 inve-

2056 3673 2267 3729 niemus
2297 3674 2528 3745 idipsum
2558 3676 2643 3729 hic
2666 3677 2944 3732 accidisse.
2974 3679 3108 3733 Cum
3133 3682 3274 3735 enim
3305 3683 3548 3736 centurio
3572 3690 3653 3736 ta-

2053 3767 2123 3821 lia
2150 3767 2392 3833 dixisset,
2422 3778 2478 3824 et
2503 3776 2664 3823 tanta:
2697 3772 2944 3839 potestati
2978 3773 3342 3827 testimonium
3369 3774 3609 3831 dedisset
3634 3818 3649 3840 ,

2055 3875 2162 3915 non
2193 3860 2354 3914 modo
2387 3876 2492 3916 non
2524 3860 2870 3930 reprehendit
2891 3904 2903 3922 ,
2945 3864 3038 3918 sed
3077 3871 3130 3917 ct
3161 3865 3473 3933 approbarit
3495 3907 3509 3930 ,
3544 3865 3657 3920 imo

2056 3953 2285 4022 amplius
2316 3952 2586 4020 quidpiam
2618 3953 2761 4007 fecit.
2793 3950 2979 4022 Neque
3015 3955 3189 4008 solum
3221 3955 3356 4010 dixit
3381 3957 3655 4026 evangeli-

2056 4050 2159 4104 sta,
2190 4041 2465 4096 Christum
2496 4044 2613 4109 ejus
2637 4042 2778 4097 dieta
2811 4042 3089 4109 laudasse;
3118 4045 3215 4101 sed
3244 4056 3299 4100 et
3324 4048 3496 4102 laudis
3525 4048 3659 4102 sub-

2058 4133 2338 4188 limitatem
2370 4132 2612 4187 indicans
2636 4132 2790 4199 dixit,
2814 4149 2936 4189 eum
2962 4134 3282 4191 admiratum
3315 4152 3456 4201 esse,
3485 4152 3661 4210 neque

2061 4237 2263 4281 tantmn
2286 4225 2606 4281 admiratum
2638 4242 2780 4292 esse,
2801 4227 2893 4281 sed
2915 4228 3076 4283 etiam
3102 4230 3246 4283 omni
3273 4239 3538 4299 prmseute
3565 4246 3663 4302 po-

2060 4320 2206 4389 pulo,
2237 4319 2358 4373 aliis
2386 4318 2691 4387 exemplum
2724 4318 2939 4372 dedisse
2963 4359 2977 4381 ,
3014 4328 3069 4374 ut
3105 4320 3257 4375 illum
3297 4321 3658 4377 imitarentur.

2061 4410 2249 4465 Viden‘
2286 4409 2560 4479 quomodo
2585 4409 2777 4478 singuli
2808 4408 2899 4478 qui
2938 4409 3363 4466 testificabantur
3392 4412 3489 4481 ipsi
3519 4454 3533 4477 ,
3566 4428 3665 4483 po-

2062 4502 2282 4557 tentiam
2330 4502 2495 4571 ipsius
2541 4500 2907 4554 mirabantur?
2951 4500 3018 4555 Et
3058 4503 3342 4572 stupebant
3386 4504 3555 4559 turlnn
3592 4506 3664 4561 de

2059 4592 2303 4647 doctrina
2338 4590 2476 4658 ejus,
2518 4592 2639 4661 quia
2683 4600 2953 4661 tamquam
2984 4603 3302 4663 potestatem
3331 4595 3535 4651 habens
3565 4598 3663 4653 do-

2061 4685 2248 4749 cebat;
2283 4699 2382 4738 nec
2402 4684 2573 4737 solum
2605 4699 2708 4738 non
2739 4684 3107 4754 reprehendit,
3134 4689 3227 4741 sed
3250 4692 3410 4743 etiam
3433 4705 3554 4744 cum
3584 4692 3665 4746 eis

2064 4775 2133 4829 de
2165 4784 2347 4830 monte
2375 4774 2675 4841 descendit,
2704 4790 2767 4830 ac
2797 4776 3011 4845 leproso
3043 4779 3317 4841 mundata.
3352 4782 3567 4839 illorum
3595 4783 3665 4839 de

2063 4884 2122 4922 se
2151 4867 2457 4935 opinionem
2488 4866 2735 4920 ﬁrmavit.
2769 4867 2983 4921 Dicebat
3025 4869 3115 4922 ille
3135 4910 3149 4931 ,
3181 4870 3244 4923 Si
3283 4871 3385 4937 vis,
3418 4882 3560 4941 potes
3586 4890 3667 4929 me

2064 4958 2348 5022 mundare;
2395 4975 2493 5013 nec
2520 4957 2681 5013 modo
2710 4958 2854 5012 illum
2885 4975 2991 5012 non
3019 4960 3350 5029 increpavit,
3379 4963 3473 5018 sed
3498 4961 3668 5020 etiam

2068 5061 2124 5104 ut
2156 5052 2268 5119 ipse
2293 5052 2519 5113 dixerat,
2552 5050 2631 5104 sic
2656 5051 2744 5104 ille
2773 5051 2996 5105 curavit.
3028 5050 3261 5107 Rursum
3290 5052 3377 5108 hic
3404 5063 3664 5110 centena-

2068 5144 2179 5197 rius
2207 5142 2420 5197 dicebat.
2443 5160 2454 5194 :
2482 5140 2577 5195 llic
2598 5140 2744 5194 verba
2766 5150 3041 5208 tantum,et
3060 5142 3321 5197 sanabitur
3340 5161 3468 5214 puer
3487 5162 3628 5200 meus
3648 5162 3668 5202 :

2069 5243 2122 5287 et
2150 5233 2420 5288 admirans
2447 5232 2621 5301 ipsum
2643 5232 2855 5287 dicebat
2886 5249 2899 5284 :
2930 5232 3017 5287 10.
3050 5231 3170 5286 Non
3200 5234 3365 5291 inveni
3385 5244 3581 5289 tantam
3607 5237 3671 5305 [i-

2071 5326 2183 5382 dem
2214 5326 2267 5379 in
2296 5324 2482 5379 Israel.

2142 5418 2195 5471 ‘2.
2231 5417 2301 5471 Ut
2321 5427 2495 5471 autem
2522 5415 2792 5470 contrario
2821 5417 3066 5485 exemplo
3092 5417 3219 5471 illud
3246 5417 3455 5474 edistas
3488 5436 3500 5473 :
3528 5435 3666 5490 quo-

2072 5510 2214 5564 niam
2258 5506 2460 5562 Martha
2506 5506 2637 5561 nihil
2678 5506 2867 5561 horum
2903 5508 3131 5571 dixerat,
3182 5508 3275 5563 sed
3316 5509 3670 5575 contrarium,
3762 5570 3765 5573 Α

2079 5598 2445 5666 Quodcumque
2486 5598 2773 5666 poposceris
2812 5614 2843 5650 a
2889 5596 3015 5662 Deo,
3057 5599 3193 5653 dabit
3232 5599 3319 5653 tibi
3356 5597 3533 5671 (Jt'an.
3579 5600 3670 5655 II.

2142 5756 2158 5786 ι
2192 5751 2388 5815 quidam
2411 5751 2613 5813 habent,
2638 5749 2756 5815 fide,
2782 5766 2885 5817 pro,
2909 5751 3087 5805 studio.
