4110 6306
517 516 649 587 ﬂ):
678 527 783 571 non
813 505 971 566 modo
997 521 1102 562 nou
1132 500 1341 563 laudata
1364 506 1471 566 est,
1496 493 1704 552 etiamsi
1730 499 1853 546 nota
1878 490 2093 546 Christo

516 583 663 664 esset
686 605 754 660 ab
772 616 943 672 eoque
976 598 1301 669 diligeretur,
1341 602 1397 648 et
1429 591 1539 661 ipsa
1568 585 1853 643 admodum
1897 583 2098 638 coleret

519 712 677 757 eum:
708 696 801 753 sed
825 694 986 750 etiam
1015 689 1083 744 ab
1127 690 1244 758 ipso
1286 683 1566 740 emendata
1606 677 1707 733 fuit
1731 686 1788 732 ut
1827 689 1947 745 quin
1990 687 2097 726 non

522 788 661 845 bene
688 785 930 840 dixisset.
958 778 1090 837 Nam
1113 774 1327 831 dicebat
1354 771 1427 827 illi
1458 786 1472 820 :
1501 767 1689 825 Nam
1714 765 1935 820 dicebam
1962 762 2049 815 tibi
2078 774 2099 815 :

523 877 586 933 Si
610 872 901 937 credideris,
934 867 1117 923 videbis
1147 866 1362 937 gloriam
1396 859 1490 913 Dei
1521 858 1699 929 (tot...
1727 856 1813 911 ll.
1846 852 1980 923 to)?
2021 850 2100 904 sic.

522 968 669 1023 illam
717 959 1114 1033 reprehendens
1154 954 1298 1026 quod
1349 950 1585 1007 nondum
1630 945 1961 1004 credidisset.
2020 943 2099 996 Ac

522 1069 733 1111 rursum
755 1054 877 1122 quia
906 1049 1114 1106 dicebat
1146 1066 1161 1104 :
1190 1047 1531 1114 Quacumque
1557 1040 1754 1110 petieris
1780 1053 1814 1090 α
1846 1036 1969 1099 Deo,
2001 1034 2097 1089 da-

519 1147 591 1202 bit
620 1147 707 1202 tibi
736 1145 874 1202 Dm
906 1160 922 1197 :
946 1144 1091 1199 illam
1118 1157 1151 1196 ι
1179 1140 1269 1195 tali
1299 1136 1549 1209 opinione
1575 1134 1843 1188 abduccns
1869 1129 2099 1185 docens-

519 1251 646 1308 que,
674 1235 776 1291 sibi
801 1250 908 1291 non
934 1248 1068 1303 opus
1092 1245 1213 1287 esse
1240 1238 1298 1283 ut
1322 1229 1388 1283 ab
1413 1226 1517 1280 alio
1540 1224 1830 1293 miperet,
1858 1218 1952 1277 sed
1983 1232 2102 1275 esse

522 1342 585 1382 se
612 1328 871 1382 bonorum
916 1323 1136 1386 fontem,
1187 1319 1318 1375 dixit
1347 1315 1501 1387 :-Ego
1550 1330 1663 1368 sunt
1713 1312 2009 1366 resurrectio
2054 1317 2102 1363 et

522 1419 625 1471 vim
658 1416 816 1488 (Ibid.
843 1431 891 1470 ν.
925 1412 1039 1482 25).
1080 1410 1133 1465 ld
1160 1417 1262 1474 est,
1298 1407 1414 1483 Non
1459 1403 1527 1460 ab
1568 1406 1674 1460 alio
1700 1399 1954 1472 operandi
1992 1399 2100 1454 vim

523 1514 801 1573 exspecto,
828 1504 923 1558 sed
953 1518 1018 1559 ex
1046 1500 1252 1570 meipso
1274 1497 1452 1553 omnia
1480 1496 1635 1550 facio.
1663 1492 1948 1560 Propterea
1974 1503 2103 1545 cen-

526 1596 791 1650 turionem
836 1593 1079 1656 miratur,
1110 1590 1312 1660 totique
1360 1585 1554 1657 populo
1591 1584 1760 1654 ipsum
1802 1579 2099 1652 anteponit,

527 1687 672 1761 regni
696 1686 903 1740 honore
922 1683 1104 1747 donat,
1131 1682 1370 1751 aliosque
1392 1676 1456 1733 sd
1484 1691 1607 1733 eum
1638 1673 1953 1732 imitandum
1975 1686 2102 1739 pro-

526 1787 697 1832 vocat.
726 1774 794 1833 Ut
812 1788 939 1830 vero
963 1774 1140 1830 discas
1169 1774 1337 1843 ipsum
1369 1768 1490 1825 ideo
1512 1768 1627 1823 hinc
1658 1764 1877 1829 dixisse,
1915 1773 1973 1817 ut
1998 1774 2105 1815 cae-

526 1878 670 1923 teros
693 1864 760 1920 ad
784 1863 942 1921 iidem
969 1863 1194 1919 similem
1238 1860 1559 1923 institueret,
1598 1855 1721 1911 audi
1765 1852 2104 1923 evangelista

524 1957 871 2029 diligentiam,
914 1953 1193 2026 quomodo“
1219 1966 1413 2024 nempe
1461 1949 1687 2021 idipsum
1731 1946 2104 2002 subindieave-

525 2048 639 2104 rit:
669 2062 792 2103 nam
822 2047 917 2114 ait,
957 2046 1235 2101 Comma
1270 2042 1445 2106 Iesus.
1490 2039 1806 2111 sequentibus
1841 2054 1895 2092 se
1930 2037 2059 2091 dixit
2086 2052 2107 2090 :

524 2142 837 2199 Noninveni
881 2150 1073 2195 tantam
1118 2139 1272 2207 ﬁdem
1314 2138 1367 2191 in
1406 2136 1586 2191 Istud.
1627 2134 1768 2203 Ergo
1808 2146 1997 2203 magna
2036 2129 2106 2186 de

530 2214 979 2300 ‘snoex'numm,
1000 2232 1054 2288 id
1074 2232 1314 2299 maxime
1332 2228 1455 2286 lldei
1468 2236 1572 2295 est,
1587 2240 1924 2300 regnumque
1947 2225 2109 2280 calo-

522 2339 643 2380 rum
695 2333 750 2380 ct
774 2322 877 2378 alia
926 2321 1061 2377 bona
1109 2319 1381 2377 conciliat.
1424 2316 1606 2388 Neque
1633 2316 1777 2371 enim
1820 2312 2104 2369 verborum

521 2426 682 2471 tenus
717 2416 891 2483 ipsum
918 2411 1171 2478 laudavit,
1198 2408 1294 2465 sed
1330 2417 1543 2477 propter
1569 2405 1725 2462 ﬁdem
1752 2404 1870 2474 ejus
1905 2418 2106 2473 εει-ωτι

526 2506 630 2575 ipsi
657 2519 848 2559 sanum
874 2506 1127 2569 restituit,
1159 2498 1598 2569 splendidamqus
1634 2494 1729 2566 ipsi
1764 2495 1929 2548 nectit
1951 2506 2108 2547 coro-

526 2613 673 2664 nam,
694 2606 765 2652 ac
784 2610 972 2666 magna
997 2592 1258 2663 primittit
1279 2590 1418 2645 dona
1452 2589 1535 2643 his
1566 2587 1745 2642 verbis
1771 2604 1783 2639 :
1815 2586 1903 2639 ll.
1953 2583 2109 2636 Multi

538 2689 605 2741 ab
630 2688 826 2740 oriente
862 2695 911 2739 et
951 2686 1217 2740 occidcute
1250 2683 1473 2747 venient,
1502 2693 1554 2737 et
1587 2684 1883 2736 resonabant
1900 2683 1957 2733 in
1990 2683 2109 2731 sint

536 2780 807 2835 Abraham
818 2779 837 2810 ¹
848 2785 899 2833 et
913 2776 1071 2833 Isaac
1082 2788 1132 2832 et
1143 2775 1331 2831 Iacob:
1350 2776 1418 2829 l2
1429 2774 1529 2843 ﬁlii
1541 2783 1714 2828 autem
1736 2772 1881 2842 regni
1892 2771 2109 2839 ejicien-

524 2879 607 2925 ιω·
634 2870 790 2941 foras.
822 2869 954 2938 Quia
982 2868 1124 2924 enim
1155 2867 1317 2922 multa
1346 2864 1655 2921 exhibuerat
1684 2860 1956 2925 miracula,
1984 2872 2106 2912 cum

527 2963 717 3032 majori
742 2952 995 3031 deinceps
1022 2957 1216 3015 ﬁducia
1255 2967 1311 3014 et
1342 2957 1595 3013 libertate
1633 2955 1776 3022 ipsos
1799 2951 2104 3020 alloquitur.

526 3049 745 3117 Deinde;
778 3067 845 3108 ne
872 3052 993 3120 quis
1023 3060 1225 3119 putaret
1253 3064 1317 3103 se
1347 3063 1414 3102 ex
1442 3046 1745 3101 adulatione
1772 3045 1858 3098 illa
1884 3043 2102 3107 dixisse,

525 3151 688 3213 utque
710 3156 896 3197 omnes
923 3140 1207 3201 discerent,
1233 3138 1325 3192 illo
1351 3151 1472 3190 vere
1509 3136 1687 3190 animo
1731 3134 1895 3188 fuisse
1920 3142 2108 3187 cernu-

525 3233 751 3296 tionem,
781 3233 855 3285 ait
881 3247 896 3283 :
921 3232 1008 3285 l5.
1052 3229 1219 3291 Vane;
1246 3238 1301 3281 sit
1328 3226 1603 3291 credidisti,
1636 3225 1725 3293 ﬁat
1753 3224 1857 3278 tibi.
1887 3223 2108 3277 Statim-

525 3339 631 3394 que
658 3323 830 3391 ipsum
852 3335 988 3389 opus
1012 3331 1291 3387 sequutum
1322 3326 1424 3381 est,
1451 3315 1593 3385 quod
1629 3315 1770 3369 illius
1792 3314 2025 3367 animum
2049 3320 2106 3367 et

454 3484 457 3485 ν
526 3413 847 3467 voluntatem
880 3412 1270 3466 testiﬁcaretur.
1317 3406 1381 3460 Et
1411 3418 1617 3459 sromtns
1646 3416 1719 3458 est
1746 3420 1871 3472 puer
1907 3405 2016 3474 ejus
2043 3403 2105 3455 ab

526 3502 650 3577 hora
675 3503 784 3556 illa.
812 3501 963 3569 Quod
986 3501 1147 3556 etiam
1174 3502 1225 3553 in
1251 3498 1657 3570 Fyrophccaissa
1684 3491 1912 3566 ωσιιίςῆ
1940 3513 1954 3549 :
1982 3510 2103 3549 nam

523 3594 657 3649 dixit
682 3594 753 3647 illi
783 3610 796 3648 :
828 3592 873 3647 0
900 3592 1100 3653 mulier,
1132 3607 1314 3660 magna
1339 3599 1422 3642 est
1438 3589 1563 3656 [idet
1591 3598 1678 3641 tua
1702 3604 1720 3651 ;
1748 3588 1839 3656 ﬁat
1862 3586 1949 3640 tibi
1975 3586 2107 3641 situt

524 3686 618 3739 uis.
644 3683 710 3737 Et
736 3694 914 3737 sanata
937 3692 1011 3735 ert
1040 3682 1149 3750 [ilia
1174 3698 1283 3749 εληι
1313 3679 1525 3748 (.llatttt.
1557 3677 1785 3746 5:28.).
1817 3677 1947 3743 Quia
1973 3691 2105 3730 vero

522 3775 693 3831 Lucas
733 3776 883 3843 (Cap.
933 3776 986 3843 7)
1030 3774 1131 3827 hoc
1170 3772 1481 3825 miraculum
1527 3784 1764 3832 narrans,
1807 3770 1908 3823 alia
1938 3768 2102 3823 multa

523 3864 731 3927 inserit,
759 3880 876 3931 quac
918 3864 1163 3917 videntur
1203 3862 1434 3929 aliquam
1472 3859 1663 3937 (ἕπει-ιθ
1702 3858 2099 3923 dtilercutiam;

525 3956 638 4009 limo
679 3956 992 4010 excutienda
1024 3967 1076 4007 et
1117 3951 1369 4007 solvenda
1416 3950 1570 4005 nobis
1610 3961 1749 4005 sunt.
1792 3950 1929 4018 Quid
1972 3967 2100 4026 ergo

523 4045 652 4099 dicit
680 4044 888 4098 Lucas?
913 4044 1085 4112 Ipsum
1126 4042 1332 4095 misisse
1366 4040 1608 4096 seniores
1638 4039 1963 4103 ludatur-um,
2009 4058 2100 4095 ro-

520 4147 709 4205 gantes
749 4146 806 4188 ut
856 4135 1076 4188 veniret.
1136 4132 1412 4207 Mattiacas
1457 4146 1585 4184 κεῖνο
1636 4133 1706 4183 ait
1758 4131 2098 4185 accedentem

526 4226 697 4295 ipsum
728 4225 941 4287 dixisse,
987 4224 1105 4277 Non
1132 4240 1241 4277 sunt
1267 4223 1471 4291 dignus.
1502 4219 1726 4285 Quidam
1756 4234 1885 4273 vero
1922 4221 2105 4274 dicunt

526 4331 633 4368 non
658 4328 778 4367 esse
802 4312 1045 4367 eumdem
1076 4314 1266 4380 ipsum,
1294 4311 1392 4365 etsi
1422 4310 1585 4365 multa
1613 4310 1721 4363 sint
1756 4309 2004 4378 utrinque
2031 4309 2104 4364 si—

526 4406 689 4459 milia.
736 4404 809 4459 De
855 4406 945 4458 illo
988 4419 1211 4473 nanupte
1241 4402 1371 4457 dicit
1404 4420 1416 4455 :
1451 4402 1777 4473 Synagogmn
1806 4404 1949 4457 nobis
1973 4403 2099 4457 cedi»

526 4495 711 4562 litabit,
758 4504 805 4547 et
834 4506 1026 4564 gentem
1073 4495 1233 4563 diligit
1264 4490 1409 4561 (Luc.
1455 4493 1508 4546 Ἰ.
1550 4493 1643 4561 5);
1678 4494 1743 4547 de
1785 4494 1885 4548 hoc
1926 4488 2100 4564 autem

525 4563 876 4641 dicitJesus:
912 4582 1085 4651 Neque
1113 4583 1164 4635 in
1206 4583 1368 4636 Israel
1406 4591 1595 4636 tantam
1634 4582 1783 4649 ﬁdem
1814 4584 1998 4637 iuveni.

526 4674 619 4729 illo
647 4686 824 4729 autem
853 4690 955 4727 non
986 4672 1138 4739 dixit,
1169 4671 1320 4726 Multi
1355 4672 1548 4725 veniali!
1577 4688 1635 4725 in;
1674 4674 1860 4727 oriente
1891 4676 1935 4737 ',
1965 4678 2105 4729 unde

527 4766 812 4819 verisimile
834 4766 900 4818 sit
935 4764 1104 4833 ipsum
1140 4762 1381 4818 Judaeum
1416 4760 1598 4817 fuisse.
1632 4761 1766 4830 Quid
1810 4778 1936 4833 ergo
1961 4763 2106 4818 dicc-

528 4858 685 4923 mus?
712 4856 800 4910 Sic
834 4855 1042 4909 facilem
1072 4870 1191 4910 esse
1218 4855 1537 4909 solutionem
1574 4871 1585 4906 :
1615 4854 1869 4923 qumrilur
1900 4862 2101 4921 autem,

529 4956 704 5000 utrum
743 4946 813 4999 sit
855 4960 1001 4999 vera.
1045 4944 1169 4999 Mihi
1213 4952 1357 4999 certe
1397 4943 1606 4998 videtur
1640 4942 1883 4998 ettnidem
1931 4945 2103 5013 ipsum

528 5052 667 5093 esse.
720 5035 997 5103 Quomodo
1045 5050 1194 5106 ergo,
1242 5035 1475 5106 inquies,
1526 5032 1802 5089 Mattiucus
1840 5036 2103 5091 dicentem

528 5127 679 5184 illum
706 5128 965 5198 perhibet,
998 5128 1119 5182 Non
1156 5144 1265 5181 sum
1309 5128 1490 5198 dignm
1530 5138 1583 5180 ut
1624 5128 1777 5181 intres
1802 5129 1891 5181 sub
1924 5137 2105 5182 tectum

530 5238 691 5275 nterim
722 5237 739 5275 :
767 5222 933 5275 Lucas
958 5235 1088 5277 vero
1114 5221 1204 5284 ait,
1250 5221 1455 5274 misisse
1485 5231 1727 5272 vocatum
1771 5230 1823 5272 ut
1864 5221 2105 5275 veniret?

535 5313 752 5367 Videtur
794 5308 920 5368 mihi
951 5314 1120 5369 Lucas
1153 5313 1515 5372 adulationem
1553 5310 1826 5366 iudaicam
1870 5310 2108 5365 snliindi-

529 5420 671 5467 care,
704 5404 1051 5475 hominesque
1090 5405 1138 5459 in
1188 5404 1486 5459 calamitate
1515 5402 2107 5457 versantes'instabiles

541 5499 1312 5569 essc,subiudcqueconsilium
1336 5506 1561 5551 mutare.
1585 5495 1883 5551 Verisimile
1910 5497 2106 5566 quippe

578 5664 613 5730 _‘
656 5663 754 5721 Alii,
780 5664 1063 5730 recumbat
1113 5671 1244 5730 cttm_
1278 5660 1534 5730 Abraham.
1568 5659 1712 5730 Paulo
1728 5666 1839 5722 post
1854 5658 2021 5718 iidem,
2046 5655 2105 5718 ﬁ-

537 5724 587 5775 tii
611 5720 770 5774 autem
796 5727 931 5788 (equi
952 5723 1279 5788 eiicieutwin
1295 5725 1514 5788 tenebras
1541 5720 1822 5788 exteriores.

597 5790 615 5815 ²
648 5794 752 5837 uss.
776 5778 988 5849 plurimi,
1011 5786 1149 5836 multi
1168 5783 1230 5835 ab
1244 5784 1425 5836 oriente
1450 5790 1494 5835 et
1515 5780 1760 5838 occidam:
1777 5778 1980 5835 venient.

1239 387 1294 443 8.
1336 379 1611 441 JO.\NNIS
1647 369 2115 434 CllllYSOSTOill
2158 366 2470 423 ABClllEP.
2510 362 3046 423 CONSTANTINOP.

3685 349 3794 408 536

2205 492 2287 537 est
2320 482 2683 537 centurionem
2717 494 2837 536 cum
2868 476 3017 532 abire
3060 474 3215 530 vellet
3249 472 3522 529 detentum
3564 466 3731 523 fuisse
3761 483 3796 523 a

2201 572 2399 629 Juda‘is
2442 571 2781 626 adulantibus
2827 566 3232 636 dicentibusque
3273 580 3287 617 :
3333 561 3440 617 Nos
3492 560 3687 613 ibimus
3737 566 3794 610 et

2202 662 2529 718 adducemus
2554 676 2697 717 eum.
2731 658 2863 714 Vide
2907 659 3084 727 itaque
3111 652 3537 710 adhortationem
3571 649 3797 702 illorum

2202 753 2506 809 adulatione
2522 757 2753 823 plenam.
2785 748 2966 818 Diligit
2994 748 3148 812 etaim,
3180 746 3443 816 inquiunt,
3472 751 3667 814 gentem
3696 756 3795 793 no-

2202 855 2380 908 stram,
2409 855 2454 898 et
2494 856 2802 916 synagogatn
2838 839 2983 894 nobis
3034 837 3331 891 construxit.
3382 832 3563 902 Neque
3612 829 3795 885 scitust

2205 937 2347 992 unde
2371 938 2541 992 virum
2587 936 2803 993 laudare
2842 952 2938 1007 par
2981 935 3071 989 sit.
3123 930 3256 986 Nam
3300 943 3422 985 cum
3468 923 3800 997 oportuisset

2204 1027 2405 1094 dicere,
2442 1029 2617 1083 Voluit
2642 1029 2757 1099 ipse
2796 1029 2875 1083 ire
2918 1035 3178 1096 rogatum,
3216 1035 3315 1076 nos
3358 1027 3533 1073 autem
3563 1012 3802 1069 retinui-

2206 1136 2347 1185 mus,
2369 1121 2729 1177 calamitatem
2755 1118 3163 1176 considerantes
3191 1121 3246 1169 et
3272 1125 3468 1183 corpus
3490 1106 3619 1164 illud
3643 1104 3799 1160 donni

2202 1214 2382 1285 jacere
2416 1213 2696 1278 videntes;
2726 1221 2885 1283 atque
2924 1211 3003 1266 sic
3040 1208 3157 1277 eius
3205 1203 3331 1260 ﬁdei
3371 1197 3800 1271 magnitudinem

2205 1318 2473 1374 exponere
2506 1321 2520 1357 :
2549 1303 2623 1359 illi
2666 1304 2851 1374 utique
2886 1302 2991 1357 hoc
3032 1313 3138 1354 non
3175 1297 3386 1359 dicunt;
3439 1306 3613 1361 neque
3647 1288 3801 1345 enim

2208 1397 2475 1461 volebant,
2507 1396 2703 1452 invidia
2738 1410 2933 1466 nempe
2968 1393 3121 1458 moti,
3153 1390 3252 1445 viri
3292 1386 3450 1443 tidem
3471 1382 3749 1439 declarare
3783 1399 3801 1434 :

2206 1486 2301 1544 sed
2331 1488 2634 1543 maluerunt
2658 1486 2776 1557 ejus
2811 1486 3061 1541 virtutem
3095 1481 3368 1551 obtegere,
3394 1490 3494 1547 pro
3523 1487 3631 1544 quo
3666 1485 3806 1538 snp-

2210 1578 2373 1649 plices
2398 1577 2743 1645 accedebant,
2777 1592 2846 1634 ne
2887 1576 3161 1632 videretur
3201 1583 3425 1641 magnus
3462 1581 3583 1623 esse
3625 1565 3671 1618 is
3707 1562 3803 1632 qui

2207 1678 2440 1736 rogaret,
2482 1685 2585 1726 neu
2629 1669 2784 1739 ﬁdem
2823 1668 2943 1740 ejus
2987 1666 3360 1737 praedicantes,
3402 1659 3480 1716 sic
3517 1672 3653 1721 rem,
3700 1667 3805 1724 pro

2157 1792 2165 1799 -
2207 1776 2310 1831 qua
2341 1767 2619 1822 venerant,
2646 1758 2984 1828 perlicerent.
3010 1757 3168 1811 Livor
3196 1753 3338 1809 enim
3361 1758 3595 1806 mentem
3626 1757 3796 1800 excto-

2207 1866 2332 1907 care
2354 1850 2511 1906 solet.
2542 1848 2649 1905 Sed
2677 1848 2771 1919 qui
2811 1857 3018 1903 secreta
3065 1846 3234 1910 novit,
3278 1840 3458 1896 invitis
3494 1837 3600 1892 illis
3624 1835 3805 1889 virum

2208 1941 2513 1997 celebravit.
2541 1941 2695 2009 Quod
2723 1950 2901 1994 autem
2929 1937 3057 1993 illud
3095 1945 3279 1991 verum
3312 1932 3403 1996 sit,
3436 1928 3558 1985 audi
3598 1926 3805 1982 Lucam

2211 2033 2383 2104 ipsum
2434 2034 2779 2103 interpretem
2823 2032 2915 2102 qui
2966 2031 3045 2085 sic
3103 2028 3179 2083 ait
3205 2045 3219 2082 :
3249 2025 3341 2080 illo
3372 2037 3481 2078 non
3512 2022 3673 2091 longe
3715 2018 3805 2071 tli-

2209 2133 2407 2185 stante.
2439 2124 2652 2179 misisse
2678 2121 2746 2177 ad
2774 2120 2921 2175 illum
2960 2119 3051 2190 qui
3077 2118 3321 2172 dicerent
3361 2134 3375 2169 :
3418 2110 3657 2173 Domine,
3691 2107 3803 2161 noti

2209 2215 2420 2270 mari:
2444 2231 2548 2269 non
2600 2214 2733 2268 enim
2784 2229 2897 2268 sunt
2948 2212 3132 2283 dignus
3173 2217 3229 2262 ut
3278 2207 3371 2262 sub
3408 2213 3590 2259 tectum
3633 2216 3805 2255 meum

2211 2306 2366 2360 intres
2408 2304 2579 2377 (Luc.
2627 2306 2680 2359 7.
2713 2304 2811 2373 6).
2855 2302 2991 2358 Cum
3030 2302 3174 2356 enim
3207 2311 3239 2353 ι
3282 2296 3586 2354 Iudaeorum
3626 2292 3804 2348 mole-

2212 2395 2312 2449 SIia
2338 2395 2472 2457 liber
2498 2393 2617 2459 fuit,
2650 2404 2775 2449 tunc
2798 2392 2944 2447 misit
2968 2390 3058 2462 qui
3097 2388 3343 2445 dicerent
3370 2405 3384 2440 :
3407 2385 3484 2442 Nc
3516 2395 3676 2455 putes
3714 2396 3803 2437 nte

2211 2502 2275 2541 ex
2303 2485 2529 2556 segnitie
2568 2500 2673 2540 non
2711 2483 2962 2547 venisse;
2991 2480 3087 2537 sed
3118 2496 3205 2536 me
3232 2494 3337 2534 non
3368 2477 3586 2549 dignum
3611 2473 3803 2529 existi-

2214 2580 2374 2644 mavi,
2400 2580 2491 2648 qui
2522 2588 2573 2633 te
2602 2577 2897 2646 reciperem
2924 2574 3092 2629 domi.

2281 2671 2334 2725 3.
2363 2670 2476 2726 Etsi
2506 2684 2634 2726 vero
2662 2668 2944 2724 “animus
2977 2666 3117 2722 dicat
3154 2679 3261 2720 non
3302 2678 3403 2733 per
3440 2659 3662 2727 amicos,
3703 2656 3802 2713 sed

2210 2762 2358 2816 illum
2390 2761 2564 2832 ipsum
2591 2759 2705 2815 hac
2732 2758 2953 2824 dixisse,
2981 2758 3114 2812 nihil
3144 2755 3196 2810 id
3223 2753 3290 2809 ad
3318 2768 3433 2809 rem
3456 2751 3581 2807 facit
3606 2768 3621 2805 :
3647 2766 3803 2821 qua:—

2212 2854 2345 2908 ritur
2370 2853 2513 2908 enim
2534 2854 2706 2908 solum
2738 2866 2864 2907 num
2893 2861 3120 2920 uterque
3150 2848 3252 2904 viri
3292 2847 3583 2903 studiosam
3606 2842 3802 2900 volun-

2214 2952 2375 2997 tatem
2400 2941 2774 3007 declaraverit,
2803 2950 3328 3009 consentaneamque
3355 2937 3496 2994 circa
3522 2935 3801 2992 Christum

2211 3034 2329 3104 ejus
2380 3033 2710 3106 opinionem.
2772 3032 3076 3088 Verisimile
3120 3038 3299 3086 autem
3345 3035 3461 3094 est,
3514 3035 3801 3097 postquam

2210 3126 2411 3181 amicos
2431 3126 2686 3191 misisset,
2715 3126 2929 3181 venisse
2953 3125 3124 3195 ipsum
3147 3121 3382 3192 illudque
3404 3120 3623 3175 dixisse.
3644 3116 3801 3184 Quod

2208 3216 2255 3271 si
2276 3217 2377 3270 huc
2403 3230 2512 3271 non
2539 3216 2737 3271 dixerit
2762 3216 2952 3277 Lucas,
2991 3224 3049 3268 at
3090 3229 3264 3285 neque
3296 3212 3427 3269 illud
3468 3210 3751 3266 Hatthteus
3779 3225 3798 3263 :

2211 3322 2317 3361 non
2345 3307 2491 3377 quod
2537 3315 2722 3363 mutuo
2759 3308 2813 3363 in
2856 3310 3165 3363 narratione
3216 3313 3473 3376 pugnent,
3515 3300 3801 3374 sedquod

2210 3401 2347 3455 alter
2375 3402 2733 3467 praetermissa
2771 3399 2841 3454 ab
2868 3399 3040 3453 altero
3072 3408 3273 3452 narret.
3318 3397 3449 3451 Vide
3474 3404 3654 3450 autem
3690 3407 3801 3463 quo

2211 3498 2367 3559 pacto
2394 3488 2550 3544 ﬁdem
2581 3490 2697 3558 ejus
2740 3487 2911 3544 Lucas
2946 3487 3053 3542 alio
3089 3486 3248 3542 modo
3287 3485 3543 3557 przcdicet
3567 3484 3751 3539 dicens
3782 3523 3799 3537 .

2212 3578 2493 3634 Horitarum
2517 3589 2625 3632 erat
2653 3596 2796 3647 puer.
2826 3580 3074 3633 Attamen
3100 3594 3275 3647 neque
3303 3578 3405 3631 hoc
3427 3578 3573 3631 illum
3615 3578 3666 3630 in
3698 3574 3786 3629 de-

2208 3670 2568 3739 sperationem
2618 3668 2877 3740 coniecit,
2943 3684 3013 3725 ne
3069 3685 3100 3724 a
3142 3682 3239 3739 spe
3279 3669 3540 3732 detrusit;
3582 3668 3678 3723 sed
3718 3669 3799 3723 sic

2207 3760 2368 3815 etiam
2399 3759 2741 3829 superstitem
2783 3761 2895 3815 fore
2932 3761 3191 3831 speravit.
3231 3759 3381 3829 Quod
3419 3761 3463 3813 si
3512 3759 3801 3813 Matthmus

2208 3851 2422 3921 quidem
2462 3859 2646 3906 narret
2666 3847 2935 3905 Christum
2966 3851 3186 3919 dixisse,
3224 3865 3284 3906 se
3313 3860 3514 3905 tantam
3542 3850 3594 3903 in
3634 3848 3800 3905 Israel

2210 3958 2313 3997 non
2343 3945 2611 3999 invenisse
2648 3941 2828 4008 ﬁdem,
2856 3957 2962 4013 quo
3009 3943 3246 3997 declarat
3285 3942 3459 4009 ipsum
3498 3940 3800 3996 lsraelitam

2209 4052 2312 4090 non
2364 4036 2559 4102 fuisse;
2612 4036 2779 4092 Lucas
2826 4050 2975 4099 vero,
3026 4035 3199 4104 ipsum
3246 4047 3570 4106 synagogam
3624 4033 3796 4088 aedili-

2206 4140 2361 4179 casse
2390 4142 2404 4177 :
2438 4142 2609 4196 neque
2642 4126 2759 4181 lucc
2800 4126 3084 4196 pugnantia
3115 4134 3258 4180 sunt.
3305 4125 3484 4180 Potuit
3511 4124 3653 4178 enim
3686 4139 3796 4178 non

2208 4216 2423 4272 Judaaus
2450 4231 2771 4286 synagogam
2815 4227 3043 4279 struere,
3074 4226 3395 4286 gentemque
3432 4214 3674 4283 diligere.
3714 4213 3795 4268 Tu

2209 4322 2336 4361 vero
2362 4323 2427 4362 ne
2458 4307 2815 4375 perfunctorie
2854 4308 2994 4363 dicta
3025 4307 3141 4377 ejus
3166 4308 3435 4377 explores,
3464 4307 3561 4361 sed
3599 4306 3763 4376 priore
3782 4334 3799 4346 r

2205 4410 2410 4452 eturam
2441 4399 2554 4467 ejus
2581 4398 2773 4468 adjiec,
2804 4410 2860 4453 et
2889 4409 3011 4453 tunc
3056 4400 3152 4452 viri
3189 4399 3437 4454 virtutem
3481 4398 3795 4466 persliicies.

2208 4492 2412 4546 Etenim
2443 4501 2620 4545 tantus
2655 4492 2814 4559 vulgo
2846 4501 2929 4543 est
2974 4506 3159 4544 eorum
3195 4493 3284 4558 qui
3323 4489 3664 4558 praefecturas
3705 4504 3801 4558 ge-

2208 4593 2327 4635 runt
2360 4580 2544 4649 fastus,
2577 4591 2730 4635 utne
2760 4580 2971 4650 quidem
3014 4580 3064 4632 in
3111 4577 3499 4633 calamitatibus
3539 4592 3662 4633 sese
3696 4577 3799 4634 tle-

2210 4675 2458 4739 primaut.
2511 4676 2638 4729 Nam
2677 4674 2756 4734 is,
2808 4672 2897 4744 qui
2939 4670 3078 4739 apud
3130 4670 3392 4741 Joannem
3444 4679 3794 4732 memoratur,

2212 4763 2360 4817 illum
2387 4765 2437 4817 in
2463 4764 2683 4819 domum
2715 4760 2878 4815 trahit
2903 4770 2958 4816 et
2981 4762 3112 4816 dicit
3144 4779 3159 4817 :
3192 4760 3467 4823 Descende,
3500 4762 3796 4832 priusquam

2211 4857 2349 4923 [ilius
2379 4874 2515 4910 meus
2546 4857 2789 4915 moriatur
2814 4854 2993 4923 (locis.
3025 4856 3079 4911 ι.
3109 4855 3223 4924 δυ).
3251 4854 3351 4910 Hic
3381 4870 3509 4911 vero
3538 4869 3645 4910 non
3672 4855 3794 4909 ita:

2210 4946 2303 5002 sed
2333 4956 2437 4999 tam
2468 4946 2573 5010 illo,
2601 4960 2758 5015 quam
2785 4946 2869 5011 iis,
2891 4946 2979 5016 qui
3001 4960 3094 5015 per
3116 4954 3315 5002 tectum
3346 4945 3598 5001 lectulum
3626 4944 3801 5000 demi-

2212 5047 2415 5100 serunt,
2447 5032 2781 5105 pnrstantiOr
2822 5044 2921 5092 est.
2950 5036 3065 5092 Non
3110 5036 3251 5091 enim
3288 5039 3619 5106 corporalem
3660 5052 3799 5107 pm-

2211 5131 2433 5183 sentiam
2466 5130 2712 5199 requirit,
2744 5144 2914 5199 neque
2944 5143 3113 5198 prope
3134 5128 3400 5189 medicum
3418 5138 3677 5198 aegrotum
3702 5131 3803 5183 de-

2212 5222 2360 5279 tulit;
2395 5221 2443 5274 id
2472 5222 2611 5289 quod
2642 5231 2939 5275 tamennon
2972 5236 3188 5290 parvam
3215 5221 3662 5276 existimationem
3687 5235 3799 5290 pne

2211 5323 2270 5363 se
2300 5310 2488 5375 ferret;
2520 5309 2615 5364 scd
2641 5324 2701 5363 ea
2733 5323 2851 5377 qua:
2892 5310 3059 5364 Deum
3098 5310 3321 5366 decebat
3346 5310 3597 5379 opinione
3636 5311 3799 5367 fultus

2212 5402 2283 5455 ait
2317 5418 2329 5453 :
2366 5400 2459 5455 Dic
2489 5401 2631 5454 verba
2670 5402 2851 5453 solum.
2901 5398 3084 5470 Neque
3116 5400 3266 5455 initio
3292 5400 3443 5469 diett,
3494 5401 3591 5456 Dic
3626 5404 3794 5469 verba,

2212 5494 2304 5549 sed
2327 5492 2693 5562 u‘gtitudinem
2717 5501 2917 5547 tantum
2934 5492 3171 5547 declarat
3201 5509 3214 5545 :
3242 5492 3311 5548 ob
3330 5508 3576 5563 magnam
3602 5494 3799 5564 quinte

2212 5586 2561 5649 humiLitatem
2590 5598 2695 5637 non
2744 5584 2959 5653 putabat
2999 5581 3271 5639 Christum
3309 5584 3487 5639 statim
3521 5601 3631 5640 rem
3661 5601 3797 5639 con—

2213 5690 2507 5733 cessurum.
2542 5685 2598 5731 et
2624 5673 2841 5729 domum
2866 5674 3152 5748 petiturum
3173 5688 3313 5729 esse.
3341 5674 3467 5729 Ideo
3484 5689 3603 5729 cum
3625 5676 3800 5744 ipsum

2214 5769 2418 5826 audivit
2445 5768 2727 5834 dicentem,
2773 5766 2880 5838 Ego
2910 5766 3108 5823 amicus
3136 5765 3320 5823 curabo
3360 5782 3493 5835 eum,
3532 5777 3657 5821 tunc
3711 5765 3814 5830 ait,
