4110 6306
240 402 341 460 337

241 513 339 568 Die
365 511 530 568 verba.
559 508 742 582 Neque
763 508 910 564 illum
934 507 1006 562 ita
1033 519 1234 562 maror
1253 505 1506 571 turbavit,
1532 504 1627 560 sed
1660 505 1821 559 etiam

238 606 293 660 in
319 604 627 661 calamitate
673 598 1168 673 philbsopbabatur,
1220 612 1328 652 non
1376 606 1484 651 tam
1533 596 1829 666 respiciens

235 695 304 752 ad
334 696 483 767 pueri
514 692 894 760 valetudinem,
924 703 1083 762 quam
1111 703 1178 744 ne
1204 687 1333 758 quid
1366 688 1481 758 ipse
1521 687 1698 742 minus
1728 685 1826 742 de-

237 796 423 843 center
464 785 684 841 t‘aceret.
734 782 1068 852 Quamquam
1107 795 1214 834 non
1267 780 1383 849 ipse
1432 780 1681 848 petebat,
1732 777 1826 834 sed

234 877 482 932 Christus
507 890 627 931 sese
650 873 844 929 obtulit
871 890 885 926 :
915 879 1147 926 attamen
1177 869 1254 925 sic
1298 884 1511 939 quoque
1555 869 1730 924 timuit
1759 884 1827 924 ne

237 968 373 1023 ultra
419 981 577 1035 quam
606 966 835 1036 dignitas
882 978 976 1019 sua
1017 962 1309 1034 postularet
1349 962 1636 1031 acciperet,
1688 976 1826 1016 neve

234 1073 350 1112 rem
378 1072 596 1128 gravem
623 1056 847 1110 subiret.
869 1053 1118 1108 Vidistin’
1144 1053 1262 1121 ejus
1285 1045 1663 1122 brudentiam?
1692 1052 1823 1106 Per-

236 1147 411 1218 pende
433 1146 738 1202 Judreorum
760 1145 1042 1200 stultitiam
1072 1143 1384 1223 dicentium,
1417 1141 1615 1213 Dignus
1644 1153 1716 1196 est
1744 1143 1826 1195 cui

232 1240 452 1311 gratiam
476 1242 711 1309 conferas
737 1235 889 1306 (Luc.
913 1235 965 1288 7.
990 1235 1069 1304 ι).
1098 1233 1234 1289 Cum
1263 1242 1535 1303 oporteret
1561 1231 1628 1287 ad
1658 1233 1822 1288 mise-

232 1330 519 1386 ricordiam
544 1327 671 1384 Jesu
702 1327 1006 1398 confugere,
1051 1325 1126 1380 illi
1156 1325 1468 1395 dignitatem
1506 1324 1820 1388 obtendunt,

234 1437 407 1490 neque
429 1436 536 1491 quo
575 1428 730 1490 pacto
771 1417 1063 1473 obtendere
1105 1417 1339 1486 Oportuit
1378 1419 1576 1471 sciunt.
1625 1417 1820 1471 Verum

231 1527 339 1568 non
370 1513 438 1566 ita
468 1511 589 1575 ille;
622 1509 715 1566 sed
752 1525 813 1564 se
851 1508 1071 1564 omnino
1114 1508 1388 1577 indignum
1427 1507 1638 1563 dicebat
1679 1521 1819 1574 esse,

231 1618 338 1657 non
381 1602 542 1658 modo
586 1600 854 1666 beneﬁcii,
900 1600 994 1656 sed
1035 1599 1194 1654 etiam
1235 1598 1323 1669 qui
1376 1596 1648 1654 Christum
1676 1597 1821 1652 domi

231 1694 515 1762 reciperet.
548 1691 906 1759 Quamobrem
935 1706 1057 1744 cum
1098 1689 1341 1752 dixisset,
1392 1688 1528 1743 Puer
1556 1706 1692 1744 meus
1726 1692 1820 1760 ja-

227 1795 327 1849 cet,
359 1798 462 1836 non
497 1782 789 1852 subjunxit,
839 1782 952 1847 Dic,
985 1790 1251 1847 metuens,
1282 1797 1348 1836 ne
1395 1781 1640 1851 indignus
1678 1790 1824 1838 esset

227 1878 323 1932 tali
346 1877 490 1931 dono
524 1894 537 1930 :
566 1876 659 1930 sed
700 1875 1057 1930 calamitatem
1104 1873 1275 1929 solum
1323 1873 1631 1929 declaravit.
1685 1873 1818 1941 Quia

227 1985 362 2028 vero
393 1967 520 2022 vidit
559 1966 831 2021 Christum
876 1980 995 2021 sese
1039 1964 1104 2020 ad
1143 1965 1377 2020 eundum
1412 1979 1710 2034 parantem,
1752 1980 1821 2021 ne

223 2065 306 2118 sic
330 2063 546 2133 quidem
576 2057 667 2116 ille
695 2059 749 2112 in
777 2072 890 2111 rem
919 2056 1152 2112 oblatam
1186 2054 1392 2122 insiliit,
1421 2056 1516 2112 scd
1560 2056 1735 2112 adhuc
1766 2059 1817 2111 in

221 2154 393 2223 gradu
420 2153 520 2208 sibi
552 2148 866 2224 congruenti
891 2148 1103 2205 mansit.
1129 2146 1184 2204 Si
1214 2148 1333 2217 quis
1363 2163 1492 2202 vero
1521 2147 1681 2212 dicat,
1710 2148 1820 2203 Cur

219 2245 472 2301 Christus
512 2245 662 2300 illum
707 2259 812 2299 non
855 2245 1057 2314 pariter
1084 2239 1405 2297 lmnoravit?
1438 2241 1662 2295 dixerim
1694 2254 1816 2312 ego,

221 2338 600 2408 magnumipsi
625 2337 882 2393 honorem
912 2336 1180 2393 retulisse.
1208 2333 1392 2392 Primo
1413 2334 1650 2403 quidem,
1677 2334 1818 2403 quod

221 2427 462 2481 animum
494 2441 822 2497 prcuamque
848 2427 1172 2482 voluntatem
1204 2423 1519 2488 ostenderit,
1550 2440 1668 2492 qua:
1700 2439 1814 2478 ma-

221 2519 369 2572 xime
391 2517 656 2587 apparuit,
686 2518 808 2588 quia
848 2517 964 2586 ipse
1001 2517 1056 2572 in
1081 2517 1302 2572 domum
1345 2517 1460 2586 ejus
1490 2532 1596 2572 non
1631 2515 1813 2579 venit;

221 2607 481 2674 secundo,
514 2607 657 2678 quod
697 2608 844 2662 illum
892 2608 943 2662 in
991 2622 1214 2677 regnum
1260 2606 1636 2673 introduxerit,
1665 2625 1817 2663 eum-

221 2718 327 2770 que
350 2702 444 2756 toti
471 2699 708 2757 Iudaica:
742 2700 883 2769 genti
913 2701 1282 2770 praeposuerit.
1313 2699 1447 2767 Quia
1476 2701 1618 2754 enim
1651 2715 1710 2756 se
1735 2701 1816 2755 in-

220 2796 442 2864 dignum
490 2792 822 2863 iudicaverat
863 2793 952 2862 qui
1003 2791 1274 2846 Christum
1327 2793 1471 2846 domi
1528 2793 1811 2862 reciperet,

220 2887 386 2940 etiam
417 2898 581 2955 regno
605 2884 796 2954 dignus
819 2883 1042 2939 ell‘ectus
1070 2893 1169 2946 est,
1201 2893 1255 2936 et
1274 2882 1458 2937 eadem
1484 2898 1604 2953 qua:
1639 2883 1814 2937 Abra-

223 2976 347 3030 ham
376 2985 734 3045 consequutus
756 2983 841 3029 est
866 2975 1021 3029 bona.
1047 2973 1115 3027 Et
1135 2989 1238 3043 qua
1274 2973 1340 3027 de
1366 2989 1544 3038 causa,
1585 2973 1813 3042 inquies,

221 3066 493 3135 leprosus,
539 3067 625 3134 qui
671 3066 755 3120 his
792 3066 992 3134 majora
1037 3065 1369 3129 exhibuerat,
1419 3079 1525 3118 non
1576 3064 1817 3120 laudatus

209 3146 339 3214 cst?
369 3157 552 3227 Neque
574 3158 713 3213 enim
738 3157 870 3212 dixit
896 3157 1004 3225 ille,
1030 3156 1128 3210 Dic
1154 3156 1298 3211 verba
1321 3173 1340 3221 ;
1375 3157 1466 3210 Sed
1497 3157 1637 3226 quod
1661 3158 1818 3228 longe

222 3253 399 3322 tnajns
426 3263 561 3317 erat,
594 3250 738 3306 Velis
768 3249 1136 3304 tantununodo
1168 3266 1180 3300 :
1213 3249 1263 3302 id
1291 3249 1431 3318 quod
1460 3249 1528 3304 de
1551 3250 1706 3304 Patre
1744 3250 1819 3304 ait

221 3343 484 3414 propheta
516 3359 528 3395 :
564 3339 784 3404 Omnia,
839 3355 1163 3409 quaecumque
1215 3339 1404 3399 voluit,
1471 3341 1589 3410 fecit
1643 3338 1814 3409 (Psnl.

223 3433 349 3489 “3.
379 3432 431 3487 3.
466 3430 627 3501 [11]).
661 3431 853 3485 Verum
885 3429 978 3487 ille
1006 3443 1217 3498 quoque
1251 3429 1500 3482 laudatus
1539 3437 1641 3483 est.
1683 3427 1815 3484 Cum

221 3523 367 3578 cnim
391 3523 555 3584 dixit;
578 3519 721 3586 Oﬂcr
739 3512 959 3584 donum,
975 3521 1111 3590 quod
1131 3520 1368 3589 prazcepit
1398 3520 1621 3590 Moyses,
1653 3521 1706 3574 in
1747 3531 1820 3574 te-

221 3615 516 3668 stimonium
555 3614 677 3678 illis,
710 3611 844 3666 nihil
870 3612 1012 3666 aliud
1043 3620 1158 3667 erat
1193 3627 1350 3682 quam
1380 3611 1579 3677 dicere,
1620 3613 1700 3666 Tu
1725 3629 1816 3668 ac-

221 3704 442 3759 cusabis
478 3704 614 3768 illos,
657 3703 778 3774 quia
817 3703 1114 3758 credidisti.
1160 3703 1410 3773 Alioquin
1450 3719 1554 3757 non
1597 3704 1817 3772 perinde

221 3805 340 3851 erat
387 3795 653 3857 Judaeum,
699 3803 858 3864 atque
905 3803 1216 3848 extraneum
1268 3793 1519 3863 gentilem
1573 3794 1816 3850 credere.

221 3886 381 3956 Quod
408 3887 551 3941 enim
577 3885 818 3940 centurio
846 3884 1062 3940 Judteus
1093 3899 1197 3938 non
1225 3894 1388 3950 esset,
1428 3883 1478 3938 ld
1526 3886 1694 3954 liquet
1735 3885 1820 3941 vel

222 3994 286 4035 ex
312 3994 383 4035 eo
403 3978 544 4048 quod
572 3978 814 4032 centurio
842 3983 1004 4041 esset,
1037 3983 1092 4030 et
1131 3974 1271 4045 quod
1306 3975 1548 4030 Christus
1574 3975 1768 4030 dixerit
1803 3995 1816 4030 :

225 4067 410 4140 Neque
437 4070 490 4121 in
523 4066 546 4120 1
551 4068 682 4121 srael
707 4077 898 4120 tantam
924 4067 1077 4135 [idem
1104 4066 1289 4120 inveni.

293 4163 354 4217 4.
385 4160 618 4230 Eratque
655 4160 892 4229 profecto
931 4173 1016 4213 res
1047 4172 1258 4228 magna,
1300 4157 1569 4212 hominem
1610 4159 1696 4227 qui
1728 4173 1823 4213 ex-

224 4264 304 4310 tra
336 4253 644 4308 Judzeorum
665 4252 963 4321 catalogum
991 4259 1127 4317 erat,
1155 4258 1306 4304 tanta
1324 4249 1393 4304 de
1427 4249 1645 4305 Christo
1672 4251 1822 4320 cogi-

225 4356 393 4401 tasse.
423 4344 578 4408 Nam,
607 4351 665 4398 ut
699 4343 828 4397 mihi
868 4341 1095 4405 videtur,
1122 4355 1387 4410 supernos
1427 4339 1516 4395 ille
1554 4343 1824 4396 exercitus

227 4445 414 4492 mente
441 4443 793 4503 conceperat;
842 4432 1183 4500 morbosque,
1218 4443 1443 4485 mortem
1471 4431 1681 4501 aliaque
1708 4446 1824 4485 om-

227 4530 316 4584 nia
349 4528 421 4582 ita
446 4525 661 4582 Christo
699 4524 937 4594 subjecta
967 4538 1105 4588 esse,
1138 4532 1197 4577 ut
1228 4523 1424 4578 milites
1464 4524 1585 4580 sibi.
1622 4524 1823 4591 Quam-

227 4622 418 4677 obrem
448 4619 657 4675 dicebat
685 4634 698 4671 :
731 4616 869 4671 Nam
884 4595 986 4687 'ego
1016 4617 1165 4671 homo
1185 4633 1296 4672 sum
1321 4617 1411 4671 sub
1442 4628 1684 4687 potestate
1707 4635 1826 4672 cou-

228 4717 478 4778 stitutus;
527 4713 628 4766 hac
674 4722 777 4776 est,
824 4710 904 4764 Tu
952 4710 1110 4773 Deus,
1159 4725 1258 4780 ego
1300 4711 1460 4764 homo
1508 4729 1521 4765 :
1574 4725 1675 4782 ego
1728 4711 1828 4765 sub

232 4813 524 4877 potestate,
555 4813 609 4858 tu
639 4819 744 4857 non
772 4802 871 4856 sub
910 4809 1194 4870 potestate.
1221 4799 1276 4855 Si
1305 4816 1405 4870 ego
1441 4801 1621 4870 igitur,
1667 4801 1828 4856 homo

229 4907 287 4952 et
316 4894 421 4951 sub
465 4901 748 4962 potestate,
787 4901 932 4946 tanta
978 4905 1192 4960 possum
1227 4907 1240 4942 :
1273 4893 1440 4944 multo
1488 4894 1656 4963 magis
1691 4893 1826 4960 ipse,

233 4990 329 5060 qui
358 4997 413 5043 ct
444 4986 582 5042 Deus
607 4993 693 5042 est
715 4995 771 5039 et
798 4984 896 5040 sub
942 4991 1204 5053 potestate
1241 4997 1348 5037 non
1393 4993 1508 5049 est;
1544 4987 1658 5039 vult
1686 4986 1827 5039 enim

235 5099 304 5138 ex
352 5095 558 5134 summa
607 5077 1006 5148 prmemincntia
1050 5076 1156 5132 hoc
1197 5076 1271 5130 illi
1325 5077 1573 5143 suadere,
1615 5094 1674 5134 se
1720 5095 1826 5134 non

236 5173 418 5228 simile
446 5170 749 5240 exemplum
802 5168 1012 5232 all‘erre,
1054 5169 1147 5224 sed
1176 5171 1250 5235 rei
1294 5169 1454 5240 longe
1481 5171 1827 5227 sublimioris.

238 5264 376 5321 Nam
418 5263 463 5317 si
494 5276 620 5332 ego,
646 5261 836 5330 inquit,
888 5260 979 5330 qui
1021 5274 1115 5328 par
1144 5260 1398 5330 subjectis
1443 5276 1583 5326 sum,
1638 5271 1691 5317 et
1731 5263 1832 5318 sub

241 5363 511 5426 potestate
553 5354 890 5415 constitutus,
921 5352 990 5406 ob
1019 5366 1232 5422 parvam
1282 5363 1457 5407 tamen
1507 5353 1833 5422 praelectum

241 5446 638 5510 auctoritatem,
673 5453 817 5498 tanta
850 5458 1064 5514 possum
1097 5445 1309 5497 nemine
1347 5455 1707 5514 repugnante:
1738 5446 1833 5501 sed

242 5555 364 5609 qua!
394 5539 601 5607 impero
644 5537 844 5600 omnia,
894 5536 1109 5589 diversa
1151 5535 1274 5589 licet
1303 5536 1426 5599 sint,
1463 5535 1834 5606 exsequutioni

244 5627 597 5690 mandantur;
632 5627 734 5679 Alii
761 5628 892 5679 enim
919 5625 1052 5688 dico,
1084 5624 1242 5688 Vade,
1269 5636 1313 5679 et
1335 5627 1470 5678 vadit
1499 5643 1516 5680 :
1541 5628 1650 5691 alii,
1689 5626 1834 5695 Veni,

246 5726 292 5773 et
319 5718 449 5772 venit
483 5733 502 5770 :
533 5717 689 5787 longe
726 5717 926 5782 majora
973 5727 1026 5770 tu
1066 5719 1284 5786 poteris.
1313 5715 1537 5783 Quidam
1580 5715 1722 5771 hunc
1760 5718 1840 5773 lo-

248 5822 368 5864 cum
391 5809 463 5865 ita
490 5810 671 5880 legunt
700 5829 714 5866 :
749 5808 810 5864 Si
840 5809 972 5862 enim
999 5823 1090 5879 ego
1119 5807 1267 5862 homo
1294 5823 1406 5861 cum
1431 5809 1550 5876 sint,
1579 5817 1633 5864 ct
1671 5808 1839 5863 inter-

1196 393 1264 450 IN
1301 342 1708 450 MATTIUEUM
1750 386 1976 444 llOMlL.
2023 387 2210 443 XXVI.
2252 391 2323 446 al.
2367 390 2579 447 XXVII.

3430 399 3535 450 δῖε

1934 501 2224 570 punctione
2246 504 2419 574 posita
2447 504 2795 574 subjungunt,
2833 505 2928 559 sub
2954 516 3196 573 potestate
3219 506 3409 564 habens
3441 512 3536 565 sub

1932 609 2014 649 me
2038 595 2239 651 milites.
2260 595 2343 652 Tu
2368 612 2498 653 vero
2513 597 2826 653 consideres
2855 599 3046 671 velim,
3059 599 3334 670 quomodo
3349 609 3534 658 osten-

1931 683 2024 740 dat
2047 685 2221 754 ipsum
2253 687 2411 742 etiam
2440 689 2598 742 morti
2631 697 2688 742 ut
2725 703 2883 744 servo
2932 689 3218 759 imperare,
3256 698 3310 745 et
3337 691 3532 760 prteci-

1931 790 2063 844 pere
2088 784 2147 830 ut
2169 775 2466 832 dominum.
2498 775 2633 832 Cum
2654 779 2798 833 enim
2825 778 2973 842 dicit,
3013 774 3161 844 Veni,
3193 790 3242 834 et
3272 781 3424 846 venit,
3453 791 3530 846 et,

1941 864 2102 930 Vade,
2130 875 2176 920 et
2209 867 2367 934 cadit,
2415 868 2470 923 id
2514 867 2782 938 signiﬁcat
2813 889 2825 923 :
2859 869 2916 924 Si
2942 869 3171 938 jusseris
3200 885 3306 925 non
3348 872 3533 926 venire

1930 965 2159 1012 mortem
2191 972 2354 1027 super
2387 975 2529 1023 eum,
2558 975 2663 1014 non
2699 961 2896 1016 veniet.
2940 961 3124 1016 Viden'
3152 977 3311 1032 quam
3359 962 3531 1018 ﬁdelis

1929 1050 2108 1103 esset?
2132 1049 2286 1118 Quod
2321 1052 2466 1107 enim
2515 1053 2764 1107 omnibus
2817 1055 2998 1123 postea
3040 1054 3246 1108 clarum
3292 1054 3528 1110 futurum

1930 1147 2066 1202 erat,
2091 1141 2454 1211 omnibusque
2481 1154 2693 1207 omum,
2725 1143 2813 1198 hic
2836 1144 2947 1212 jam
2977 1145 3150 1213 palam
3180 1143 3325 1211 facit,
3355 1146 3528 1215 ipsum

1930 1243 2126 1300 nempe
2166 1230 2365 1288 habere
2401 1242 2716 1302 potestatem
2770 1234 2958 1290 mortis
2995 1243 3050 1289 et
3090 1236 3232 1302 vitm,
3267 1252 3532 1307 posseque

1928 1320 1994 1374 ad
2031 1330 2210 1389 portas
2236 1324 2424 1378 tnortis
2444 1323 2714 1380 deducere
2741 1340 2804 1380 ac
2824 1325 3100 1382 reducere.
3132 1326 3317 1396 Neque
3343 1327 3409 1387 de
3433 1329 3533 1382 mi-

1932 1413 2111 1469 litibus
2141 1416 2314 1472 solum
2358 1415 2512 1481 dixit,
2541 1417 2636 1471 sed
2668 1417 2827 1471 etiam
2858 1416 2927 1472 de
2953 1419 3143 1483 servis,
3176 1418 3319 1488 quod
3361 1419 3532 1488 majoo

1929 1508 2002 1562 ris
2033 1507 2401 1580 obsequentia:
2421 1517 2557 1564 erat.
2601 1510 2850 1564 Attamen
2881 1519 3084 1565 tantam
3115 1509 3320 1565 habens
3345 1510 3526 1576 tidem,

1929 1613 1989 1654 se
2033 1598 2306 1670 indignum
2334 1601 2552 1670 putabat
2578 1616 2592 1665 ;
2637 1601 2883 1656 Christus
2913 1610 3090 1656 autem
3122 1602 3416 1658 ostendens
3446 1603 3529 1656 di—

1927 1703 2092 1758 gnum
2134 1690 2280 1744 illum
2322 1705 2466 1756 esse,
2498 1693 2652 1760 cujus
2677 1690 2896 1746 domum
2929 1693 3174 1758 intraret,
3210 1693 3379 1746 multo
3417 1709 3531 1746 ma-

1923 1779 2040 1850 jora
2092 1782 2141 1836 ei
2190 1775 2643 1852 contulitﬁipsum
2697 1783 2970 1839 admirans
3015 1793 3174 1854 atque
3209 1785 3524 1854 prtedicans,

1927 1871 2188 1940 pluraque
2235 1871 2372 1926 dans
2409 1887 2569 1942 quam
2599 1873 2848 1942 petierat.
2899 1872 3058 1928 Venit
3086 1874 3232 1929 enim
3286 1875 3530 1944 corporis

1925 1964 2154 2017 salutem
2189 1979 2354 2034 puero
2393 1978 2660 2040 quaerens,
2692 1974 2746 2019 et
2791 1974 3014 2035 accepto
3052 1980 3220 2036 regno
3256 1966 3525 2021 discessit.

1929 2053 2118 2109 Viden”
2157 2054 2427 2126 quomodo
2453 2053 2563 2124 jam
2607 2041 2894 2124 impletum
2951 2066 3062 2110 erat
3118 2055 3270 2120 illud,
3306 2055 3532 2120 Qumite

1925 2162 2136 2217 regnum
2155 2146 2415 2209 calorum,
2443 2155 2487 2199 et
2509 2145 2616 2200 hac
2640 2147 2812 2199 omnia
2826 2146 3135 2215 adjicientur
3152 2144 3289 2200 vobis
3312 2145 3528 2217 (Matth.

1928 2237 1980 2292 6.
2010 2238 2141 2309 '53)?
2179 2237 2316 2304 Quia
2342 2237 2484 2293 enim
2515 2237 2736 2291 multam
2774 2236 2931 2292 iidem
2963 2246 3017 2291 et
3053 2238 3407 2292 humilitatem
3434 2253 3530 2292 ex.
3607 2275 3619 2289 .

1928 2329 2196 2394 hibuerat.
2226 2339 2282 2386 et
2309 2330 2500 2386 caelum
2526 2327 2696 2395 dedit,
2719 2337 2774 2383 et
2799 2329 2951 2400 pueri
2973 2329 3255 2385 sanitatem
3288 2329 3484 2399 adjecit
3510 2347 3523 2382 :

1925 2438 2025 2477 nec
2048 2424 2219 2492 ipsum
2247 2422 2339 2476 illo
2367 2430 2572 2476 tantum
2596 2406 2754 2475 modo
2777 2421 3080 2486 honoravit,
3104 2420 3198 2475 sed
3221 2422 3381 2474 etiam
3407 2437 3529 2474 eum

1924 2515 2158 2570 ostendit
2206 2515 2402 2584 quibus
2445 2514 2632 2584 ejectis
2684 2513 2773 2568 ille
2827 2512 3281 2569 introduceretur.
3352 2512 3528 2581 Atque

1923 2607 2118 2663 exinde
2147 2607 2398 2662 omnibus
2442 2616 2626 2662 notum
2669 2605 2813 2672 facit,
2846 2620 2911 2662 ex
2967 2604 3070 2661 [ide
3113 2606 3339 2660 salutem
3387 2619 3526 2669 esse,

1922 2715 2030 2756 non
2062 2716 2126 2753 ex
2155 2699 2218 2754 iis
2248 2714 2366 2770 qute
2395 2698 2688 2753 secundum
2717 2698 2889 2767 legem
2920 2705 3073 2752 erant
3091 2696 3361 2766 operibus.
3391 2696 3530 2763 Qua-

1924 2803 2140 2868 propter
2171 2793 2501 2851 nonJudzeis
2539 2801 2767 2860 tantum,
2810 2797 2904 2848 sed
2932 2794 3090 2847 etiam
3140 2793 3388 2863 gentibus
3430 2793 3531 2846 hoc

1922 2886 2124 2940 dttllum
2181 2889 2510 2957 propositum
2551 2890 2683 2949 erit;
2732 2882 2840 2941 imo
2871 2881 2955 2938 bis
2984 2883 3160 2951 potius
3200 2898 3359 2952 quam
3403 2882 3528 2936 illis.

1922 2977 1999 3034 Ne
2022 2978 2218 3047 putetis
2256 2979 2419 3044 enim,
2467 2979 2656 3048 inquit,
2689 2978 2740 3033 id
2784 2983 2837 3034 in
2867 2974 3180 3029 centurione
3221 2984 3422 3026 tantum
3457 2971 3534 3025 fa-

1923 3077 2066 3124 ctum
2096 3084 2237 3132 esse,
2271 3070 2363 3123 sed
2395 3071 2444 3123 in
2480 3079 2593 3124 toto
2622 3070 2754 3125 orbe
2777 3071 3005 3139 idipsum
3047 3065 3170 3124 erit.
3211 3066 3323 3119 Hoc
3353 3073 3529 3118 autem

1923 3159 2076 3216 dixit.
2125 3175 2220 3228 per
2255 3162 2588 3230 prophetiam
2633 3161 2701 3216 de
2730 3161 2978 3231 gentibus
3020 3163 3266 3232 loquens,
3295 3158 3532 3231 ipsisque

1925 3249 2118 3302 bonam
2173 3265 2322 3318 spem
2364 3249 2618 3305 offerens.
2661 3251 2870 3305 Etenim
2920 3267 2987 3306 ex
3035 3252 3256 3307 Galilma
3285 3254 3526 3322 gentium

1925 3349 2079 3395 erant
2100 3341 2186 3408 qui
2215 3341 2576 3410 sequebantur
2613 3357 2756 3396 eum.
2786 3341 2913 3396 Hmc
2938 3357 3101 3412 porro
3129 3342 3362 3408 dicebat,
3395 3358 3528 3412 geu-

1927 3435 2010 3482 tes
2039 3444 2144 3482 non
2190 3430 2374 3484 sinens
2413 3429 2652 3484 animum
2707 3429 3066 3499 despondere,
3115 3430 3532 3500 Judteornmque

1928 3518 2120 3572 fastum
2151 3518 2477 3587 deprimens.
2506 3519 2586 3575 Ne
2612 3530 2791 3576 autem
2821 3521 2904 3575 his
2929 3520 3086 3576 dictis
3112 3520 3412 3577 offenderet
3437 3537 3531 3575 au-

1926 3609 2149 3670 dilorcs,
2183 3625 2319 3664 neve
2352 3611 2688 3666 occasionem
2721 3611 2988 3680 praeberet
3013 3611 3210 3677 ullam;
3242 3629 3345 3666 non
3381 3613 3532 3683 prius

1928 3699 1996 3752 de
2021 3700 2265 3769 gentibus
2294 3699 2565 3770 loquutus,
2599 3701 2693 3757 sed
2738 3704 3021 3757 occasione
3051 3713 3203 3771 capta
3231 3718 3296 3758 ex
3336 3714 3527 3757 centu-

1927 3790 2099 3854 rione,
2131 3805 2198 3844 ne
2223 3806 2417 3845 nomen
2440 3791 2655 3861 quidem
2672 3792 2910 3862 gentium
2937 3804 3122 3862 aperte
3150 3792 3318 3862 ponit.
3343 3791 3529 3861 Neque

1927 3882 2072 3937 enim
2101 3881 2253 3948 dixit,
2279 3883 2422 3937 Multi
2453 3899 2520 3938 ex
2561 3884 2846 3954 gentibus;
2891 3884 3007 3951 sed,
3037 3884 3192 3938 Multi
3239 3901 3302 3938 ea:
3338 3885 3532 3940 oriente

1929 3985 1975 4026 et
2005 3973 2279 4040 occidente,
2312 3974 2454 4042 quod
2494 3987 2685 4047 gentes
2727 3977 2912 4046 utique
2956 3977 3312 4046 signiﬁcabat,
3357 3994 3532 4047 neque

1927 4075 2106 4122 tamen
2135 4067 2445 4123 oll'endehat
2473 4069 2778 4133 auditores;
2815 4068 3114 4124 involutum
3140 4069 3285 4125 enim
3311 4080 3429 4125 erat
3455 4069 3531 4124 di-

1928 4168 2093 4214 ctum.
2125 4159 2308 4231 Neque
2340 4160 2443 4215 hoc
2483 4171 2687 4216 tantum
2715 4162 2876 4217 modo
2905 4163 3037 4218 lenit
3063 4163 3204 4218 banc
3229 4179 3422 4222 novam
3445 4164 3532 4219 in-

1929 4252 2249 4321 solitamque
2285 4250 2607 4320 doctrinam,
2639 4252 2732 4307 sed
2773 4253 2914 4324 quod
2961 4255 3136 4309 sinum
3165 4255 3396 4310 Abrahm
3437 4272 3534 4326 pro

1931 4358 2098 4412 regno
2129 4345 2390 4413 posuerit.
2422 4343 2607 4414 Neque
2635 4345 2778 4400 enim
2820 4345 2923 4400 hoc
2950 4346 3079 4416 ipsis
3109 4356 3292 4401 notum
3333 4364 3532 4403 nomen

1930 4446 2048 4490 erat
2079 4454 2093 4490 :
2125 4437 2400 4506 magisque
2433 4437 2555 4492 illos
2585 4437 2869 4493 mordebat
2899 4438 3169 4494 Abraham
3200 4440 3254 4494 in
3296 4441 3532 4494 medium

1931 4526 2211 4581 adductus.
2263 4527 2602 4595 Quapropter
2638 4527 2872 4583 Joannes
2918 4529 3051 4583 nihil
3090 4530 3270 4584 statim
3326 4529 3394 4585 de
3438 4546 3534 4601 ge-

1933 4618 2109 4674 henna
2153 4617 2324 4682 dixit;
2354 4618 2448 4673 sed
2497 4619 2636 4688 quod
2670 4621 2836 4689 magis
2880 4619 3000 4674 illos
3041 4621 3308 4691 pungebat
3334 4623 3532 4689 attulit,

1937 4711 2116 4766 Nolite
2136 4713 2316 4774 dicere,
2357 4709 2563 4773 Patrem
2585 4712 2826 4768 habemus
2846 4713 3101 4767 Abraham
3134 4713 3346 4785 (Matth.
3372 4715 3422 4768 5.
3456 4715 3531 4785 9).

1935 4803 2182 4860 Cunthis
2207 4801 2352 4858 aliud
2378 4805 2540 4859 etiam
2574 4805 2836 4874 providet,
2867 4821 2936 4859 ne
2961 4804 3207 4860 videatur
3247 4807 3412 4862 veteri
3454 4809 3534 4860 vi-

1935 4895 2093 4952 vendi
2121 4895 2364 4950 instituto
2389 4897 2690 4950 contrarius
2719 4911 2862 4951 esse.
2895 4895 3028 4950 Nam
3071 4897 3162 4966 qui
3206 4896 3540 4966 patriarchas

1936 4986 2255 5053 admiratur,
2284 5001 2577 5056 eorumque
2617 4988 2765 5041 sinus
2793 4997 2995 5042 sortem
3047 4988 3311 5043 bonorum
3351 4977 3538 5057 appel—

1938 5077 2034 5143 lat,
2083 5080 2219 5131 hanc
2260 5078 2619 5147 suspicionem
2664 5079 2889 5132 omnino
2960 5085 3014 5133 et
3073 5078 3328 5137 radicitus
3375 5080 3534 5134 tollit.

1937 5167 2106 5224 Nemo
2140 5168 2317 5237 itaque
2354 5184 2512 5222 unam
2557 5183 2678 5222 esse
2709 5178 2857 5237 putet
2897 5170 3370 5226 eomminationem
3399 5187 3412 5223 :
3443 5171 3535 5226 du.

1939 5263 2061 5332 plex
2088 5262 2283 5330 quippe
2316 5269 2400 5316 est
2446 5261 2554 5316 illis
2571 5259 3141 5332 supplicium,duplex
3185 5263 3268 5317 his
3310 5263 3534 5319 laatnia:

1941 5353 2048 5409 "lis
2073 5353 2306 5422 quidem,
2352 5367 2458 5407 non
2498 5352 2640 5422 quod
2676 5352 2976 5408 exciderint
3007 5365 3236 5420 tantum,
3266 5355 3357 5410 sed
3398 5357 3545 5426 quod

1942 5459 2008 5498 ex
2039 5445 2268 5513 propriis
2297 5445 2621 5507 exciderint;
2653 5444 2736 5498 his
2766 5458 2896 5501 vero
2926 5461 3035 5517 non
3060 5447 3201 5516 quod
3229 5457 3428 5516 sortem
3458 5464 3543 5503 ac-

1941 5537 2206 5604 ceperint,
2252 5536 2346 5589 sed
2375 5534 2515 5605 quod
2547 5550 2706 5605 quam
2749 5552 2853 5590 non
2901 5539 3283 5606 exspectabant
3319 5531 3544 5608 accepe-

1944 5629 2052 5682 rint
2085 5644 2097 5680 :
2133 5625 2214 5681 his
2238 5627 2391 5681 tertia
2412 5624 2682 5694 adjicitur,
2712 5628 2854 5696 quod
2881 5625 2933 5680 hi
2962 5642 3025 5682 ea
3052 5643 3172 5698 qua:
3203 5628 3267 5683 ad
3292 5630 3411 5684 illos
3436 5645 3544 5698 per-

1947 5718 2190 5773 tinebant
2220 5717 2544 5786 acceperint.
2589 5716 2756 5772 Filios
2799 5727 2978 5774 autem
3023 5720 3170 5790 regni
3217 5731 3374 5774 Vocat
3406 5721 3542 5785 illos,

1952 5809 2146 5881 quibus
2161 5823 2385 5882 regnum
2417 5817 2658 5881 paratum
2689 5817 2842 5877 erat;
2872 5808 3014 5881 quod
3045 5812 3277 5868 maxime
3300 5811 3418 5868 illos
3442 5811 3545 5866 tio-
