4110 6306
593 323 699 383 339

594 440 708 497 lore
732 439 1014 497 afﬁciebat.
1044 439 1328 511 Postquam
1360 444 1588 499 ostendit
1611 446 1750 499 enim
1776 445 1894 500 illos
1936 459 2000 500 ex
2045 460 2168 513 pro~

593 532 849 588 missione
875 532 925 585 in
947 532 1067 587 sinu
1105 533 1335 588 Abrahae
1365 550 1501 599 esse,
1543 535 1667 591 hinc
1705 537 1825 589 illos
1850 536 2031 589 statim
2072 550 2168 590 ex-

589 621 776 676 cludit.
816 621 1035 688 Deinde,
1073 625 1194 693 quia
1243 624 1344 679 hoc
1390 625 1589 680 dictum
1615 627 1716 680 lata
1742 628 2004 683 sententia
2031 636 2166 693 erat,

590 711 642 767 id
668 714 819 784 signo
841 714 1139 781 continuat,
1175 717 1617 786 quemadmodum
1648 728 1701 772 et
1747 720 1894 788 signa
1933 734 2000 774 ex
2031 732 2168 789 prze-

589 802 827 860 dictione
854 821 1029 860 rerum
1053 822 1170 877 qua:
1191 818 1370 876 postea
1397 818 1687 862 evenerunt
1716 820 2043 863 asseruntur.

581 937 587 940 ·
662 914 716 968 5.
763 915 862 983 Qui
910 916 1065 985 igitur
1124 932 1229 972 non
1276 920 1441 972 credit
1491 928 1617 974 tunc
1663 933 1906 976 sanatum
1946 934 2165 990 puerum

588 1002 773 1069 fuisse,
803 1006 850 1059 is
873 1006 953 1059 vel
984 1022 1047 1060 ex
1077 1006 1371 1075 prophetia.
1407 996 1525 1077 qua:
1543 1011 1653 1079 jam
1687 1012 1899 1079 impleta
1933 1011 2045 1074 fuit,
2078 1012 2162 1065 in-

585 1094 812 1150 ducatur
838 1105 893 1149 ut
918 1095 1119 1151 credat.
1168 1097 1298 1152 Nam
1328 1099 1606 1167 prophetia
1638 1110 1762 1156 ante
1804 1112 2050 1156 eventum
2098 1114 2163 1155 ex

583 1188 737 1257 signo
754 1199 884 1243 tunc
914 1186 1051 1245 facto
1074 1200 1196 1244 nota
1225 1191 1470 1246 omnibus
1498 1192 1610 1247 fuit.
1647 1192 1873 1262 Ideoque
1895 1210 2013 1247 eum
2050 1192 2167 1247 hrcc

581 1288 709 1332 ante
736 1277 1074 1346 praedixisset
1105 1323 1118 1345 ,
1148 1290 1273 1334 tunc
1299 1283 1647 1353 paralytieum
1680 1284 1874 1348 erexit,
1905 1295 1960 1337 ut
1992 1284 2163 1337 futura

582 1381 647 1420 ex
676 1368 1029 1437 prmsentibus
1055 1382 1425 1427 assererentur
1452 1414 1465 1435 ,
1496 1384 1543 1426 et
1578 1388 1604 1425 a
1638 1373 1823 1441 majori
1856 1376 2031 1427 minus
2069 1375 2165 1426 llr-

582 1468 835 1512 maretur.
869 1458 999 1514 Nam
1030 1460 1171 1529 quod
1203 1460 1415 1517 virtute
1449 1464 1650 1531 pra~diti
1683 1464 1836 1517 bonis
1884 1464 2122 1540 fruantur
2144 1504 2162 1528 ,

584 1546 771 1617 hisque
810 1549 1036 1618 oppositi
1084 1564 1266 1619 poenas
1300 1552 1488 1618 luant,
1540 1554 1588 1605 id
1635 1569 1662 1605 a
1704 1552 2165 1610 verisimilitudine

580 1653 688 1691 non
716 1638 1005 1695 abhorret:
1040 1641 1147 1695 imo
1175 1652 1227 1695 et
1259 1644 1445 1695 rationi
1476 1651 1529 1697 et
1556 1644 1728 1711 legum
1771 1645 2004 1713 mqt’titati
2037 1658 2166 1699 cono

582 1736 892 1783 sentanentn
919 1741 1027 1791 est;
1062 1733 1407 1803 paralytiCum
1430 1742 1605 1787 autem
1634 1733 1928 1788 llrmare‘et
1953 1749 2160 1801 curare,

580 1818 752 1885 majus
771 1832 927 1887 quam
958 1831 1140 1874 natura
1171 1823 1329 1877 ferret
1353 1831 1489 1877 erat.
1518 1823 1766 1877 Attamen
1793 1824 1857 1877 ad
1886 1840 2000 1879 rem
2020 1825 2160 1879 illam

581 1923 824 1978 magnam
864 1918 1021 1980 atque
1058 1912 1353 1967 mirabilem
1388 1928 1490 1967 non
1536 1929 1721 1983 parum
1770 1915 1995 1969 contulit
2032 1930 2161 1970 ceu-

583 2002 756 2063 turio;
804 2000 853 2054 id
899 2001 1037 2068 quod
1082 2003 1241 2056 etiam
1292 2002 1536 2057 Christus
1575 2003 1853 2065 declarans
1900 2005 2159 2060 dicebat:

592 2090 729 2145 Vade
756 2131 770 2154 ,
817 2094 1029 2151 utsicut
1078 2093 1334 2147 credidisti
1378 2096 1468 2161 fiat
1498 2095 1862 2150 tibi.Vidistin‘
1892 2096 2163 2165 quomodo

582 2184 822 2237 restituta
846 2199 1009 2250 puero
1035 2184 1237 2238 sanitas
1282 2196 1336 2239 et
1357 2186 1555 2240 Christi
1589 2190 1872 2257 potentiam
1901 2198 1953 2243 et
1978 2199 2163 2245 centu-

579 2272 745 2326 rionis
776 2273 931 2326 [idem
962 2274 1344 2340 prmdicaverit,
1373 2287 1426 2331 et
1456 2277 1593 2345 quod
1626 2277 1861 2332 futurum
1887 2288 2003 2335 erat
2032 2294 2160 2335 con-

579 2361 893 2417 ﬁrmaverit.
944 2364 1052 2421 lmo
1082 2381 1206 2421 vero
1246 2368 1422 2421 omnia
1464 2368 1661 2423 Christi
1695 2371 1983 2439 potentiam
2026 2388 2162 2441 pra:-

574 2452 846 2507 dieabant.
878 2452 990 2507 Non
1022 2456 1162 2508 enim
1191 2471 1385 2525 corpus
1412 2468 1614 2511 tantum
1647 2462 1796 2528 pueri
1834 2463 2162 2528 sanavit,sed

574 2542 735 2594 etiam
762 2544 1088 2598 centurionis
1124 2545 1353 2599 animam
1387 2548 1437 2601 in
1472 2547 1627 2603 ﬁdem
1660 2565 1753 2619 per
1783 2551 2035 2606 miracula
2076 2562 2162 2607 at~

576 2633 759 2686 traxit.
792 2633 869 2687 Tu
902 2650 1027 2690 vero
1073 2651 1141 2690 ne
1180 2636 1231 2691 id
1272 2647 1473 2693 tantum
1514 2644 1814 2711 perpendas
1838 2686 1852 2708 ,
1900 2646 2042 2714 quod
2076 2646 2162 2702 hic

574 2720 885 2789 crediderit,
928 2724 1017 2779 ille
1041 2733 1257 2782 sanatus
1283 2728 1370 2792 sit,
1403 2731 1495 2784 sed
1523 2732 1598 2785 rei
1624 2733 1953 2789 celeritatem
1997 2737 2160 2790 mira-

576 2826 675 2875 re;
720 2828 841 2866 nam
883 2812 986 2869 hoc
1032 2818 1353 2888 evangelista
1403 2820 1690 2879 declaravit
1719 2844 1731 2878 :
1761 2825 1827 2880 Et
1855 2840 2063 2883 sanatus
2087 2841 2159 2884 est

582 2917 709 2967 puer
733 2905 784 2957 in
829 2906 919 2958 illa
968 2907 1093 2961 hora
1122 2924 1141 2961 :
1169 2910 1308 2979 quod
1339 2911 1498 2966 etiam
1542 2914 1609 2970 de
1652 2916 1866 2984 leproso
1906 2920 2114 2976 dicebat
2141 2964 2156 2989 ,

581 2990 855 3059 Confestim
885 2998 1155 3051 mundatus
1199 3010 1290 3053 est.
1340 3000 1453 3054 Non
1500 3005 1639 3057 enim
1672 3008 1907 3063 curando
1943 3010 2114 3065 solum
2144 3052 2159 3078 ,

580 3082 672 3135 sed
701 3085 859 3138 etiam
904 3085 954 3139 id
985 3087 1346 3155 inexspectato
1392 3094 1549 3146 modo
1591 3105 1645 3149 et
1693 3098 1744 3151 in
1787 3111 2058 3156 momento
2088 3104 2162 3158 la-

580 3171 789 3236 cicndo,
822 3175 1111 3241 potentiam
1138 3178 1472 3257 ostendebat.
1506 3182 1686 3253 Neque
1716 3187 1815 3243 hoc
1847 3189 2007 3244 modo
2039 3202 2159 3246 tau-

581 3266 689 3313 tum
714 3261 865 3329 juvat
904 3265 1153 3335 utilisque
1182 3277 1263 3322 est
1287 3309 1300 3332 ,
1347 3271 1441 3324 sed
1484 3274 1624 3341 quod
1652 3276 1809 3331 etiam
1855 3279 2160 3350 frequenter

577 3349 701 3406 dum
736 3351 985 3410 miracula
1029 3365 1198 3421 patrat
1218 3398 1231 3418 ,
1259 3356 1325 3411 de
1353 3376 1515 3429 regno
1541 3378 1845 3421 sermonem
1878 3349 2078 3438 aperiat
2108 3382 2162 3428 et

579 3458 765 3499 omnes
799 3444 866 3500 ad
895 3443 1020 3501 illud
1050 3448 1300 3504 attrahat.
1335 3447 1539 3507 Etenim
1568 3469 1687 3509 cum
1715 3472 1774 3513 se
1811 3458 2025 3515 Judzeos
2052 3464 2161 3533 eje-

581 3542 785 3588 cturutn
811 3537 1128 3604 minabatur,
1162 3557 1266 3597 non
1291 3552 1346 3598 ut
1374 3546 1592 3615 ejiceret
1620 3549 1952 3614 minabatur;
1981 3555 2073 3607 sed
2107 3563 2163 3608 ut

580 3635 724 3679 metu
772 3627 887 3683 illos
934 3630 985 3683 in
1039 3647 1259 3701 regnum
1314 3651 1411 3705 per
1461 3639 1619 3693 verba
1665 3656 1759 3695 sua
1806 3644 2159 3712 pertraheret.

581 3717 729 3783 Quod
756 3721 797 3773 si
828 3721 955 3774 nihil
987 3723 1108 3778 hinc
1140 3725 1270 3779 lucri
1298 3727 1579 3798 fecerunt,
1610 3732 1661 3787 id
1694 3734 1927 3803 ipsorum
1954 3739 2157 3793 crimen

579 3818 692 3871 est,
739 3812 1080 3880 omniumque
1124 3816 1212 3883 qui
1268 3818 1382 3885 pari
1428 3820 1616 3876 morbo
1666 3821 1992 3880 laborarunt.
2042 3828 2156 3882 Non

580 3901 719 3953 enim
745 3901 940 3956 ludatis
960 3905 1127 3957 solum
1153 3906 1201 3959 id
1226 3909 1438 3976 accidit,
1466 3912 1557 3968 sed
1586 3914 1766 3969 multis
1786 3919 1945 3971 etiam
1972 3934 2155 3974 eorum

580 3992 667 4060 qui
707 3994 1067 4049 crediderunt.
1114 3995 1244 4051 Nam
1274 3998 1437 4055 Judas
1484 4002 1623 4059 lilius
1651 4008 1800 4077 regni
1832 4018 1947 4063 erat
1974 4019 2028 4064 et
2064 4026 2160 4065 att-

581 4080 709 4136 divit
754 4099 873 4137 cum
906 4085 1199 4155 discipulis,
1232 4088 1482 4146 Sedebitis
1524 4110 1676 4164 super
1716 4099 1857 4153 sedes
1894 4100 2157 4156 duodecim

580 4172 812 4240 (Matth.
866 4175 950 4229 l9.
1006 4177 1134 4247 28);
1186 4180 1279 4233 sed
1326 4179 1492 4236 lactus
1534 4197 1613 4239 est
1665 4189 1921 4256 gehennae
1978 4192 2154 4258 lilius;

580 4263 832 4335 Ethiups
860 4276 1035 4321 autem
1067 4269 1172 4330 ille,
1202 4269 1459 4326 barbarus
1483 4288 1603 4328 cum
1636 4286 1812 4342 esset,
1844 4294 1908 4332 ex
1938 4296 2159 4336 numero

580 4367 763 4407 eorum
810 4356 898 4424 qui
935 4357 1003 4409 ab
1052 4359 1255 4413 oriente
1283 4368 1339 4413 et
1366 4363 1644 4419 occidente
1690 4379 1988 4433 venerunt,
2036 4387 2156 4426 cum

583 4442 885 4509 Abraham,
928 4443 1073 4499 Isaae
1124 4454 1180 4500 et
1219 4446 1385 4503 .laeob
1431 4464 1630 4506 corona
1673 4454 1975 4510 donabitur.
2009 4458 2061 4512 Id
2104 4469 2160 4515 et

581 4548 721 4587 nunc
747 4535 936 4603 agitur.
970 4534 1123 4590 Multi
1142 4538 1304 4604 enim,
1335 4539 1523 4610 inquit,
1556 4554 1701 4597 erunt
1727 4547 1877 4614 primi
1901 4550 2158 4605 novissimi

578 4631 625 4675 et
646 4624 902 4679 nouissimi
944 4625 1093 4695 primi
1122 4626 1282 4697 (Ibid.
1314 4645 1362 4682 υ.
1395 4631 1504 4700 50).
1554 4632 1663 4687 lloc
1708 4647 1884 4691 autem
1921 4639 2153 4707 dicebat,

580 4729 637 4769 ut
667 4732 837 4785 neque
865 4716 917 4771 hi
962 4719 1230 4788 negligant
1254 4759 1269 4783 ,
1299 4734 1364 4775 ac
1392 4720 1437 4775 si
1466 4736 1570 4776 non
1598 4725 1799 4792 possint
1827 4730 2024 4795 redire,
2064 4747 2157 4787 ne-

579 4821 681 4875 que
708 4806 782 4860 illi
810 4807 960 4877 quasi
1002 4816 1206 4863 stantes
1233 4810 1524 4867 confidant.
1572 4813 1685 4869 lloe
1726 4826 1779 4871 et
1816 4817 2047 4875 Joannes
2086 4821 2154 4877 ab

578 4896 800 4951 exordio
839 4898 1468 4965 prmnnutiabatdicens:
1511 4903 1686 4959 Potest
1724 4906 1855 4963 Deus
1881 4926 1943 4963 ea:
1967 4910 2154 4981 lapidi-

578 4986 669 5040 bus
714 4986 791 5041 Itis
832 4989 1073 5043 suscitare
1114 4990 1248 5057 ﬁlios
1298 4992 1515 5048 Abt-altat
1565 4994 1585 5065 (
1606 4994 1763 5059 Ibid.
1793 4999 1846 5053 3.
1878 4999 1972 5072 9).
2018 5004 2151 5071 Quia

579 5076 721 5131 enim
751 5077 852 5131 hoc
874 5086 1185 5133 eventurum
1212 5090 1347 5146 erat,
1378 5083 1468 5139 diu
1499 5095 1624 5143 ante
1654 5093 2061 5160 prtenuntiatur,
2094 5106 2152 5152 ut

579 5182 738 5221 nemo
766 5166 832 5221 de
853 5169 928 5221 rei
954 5169 1231 5224 insolentia
1262 5174 1580 5232 turbaretur.
1609 5179 1799 5234 Verum
1830 5182 1936 5246 ille,
1966 5194 2150 5257 utpote

578 5257 760 5324 homo,
808 5259 1099 5329 secundum
1140 5270 1351 5329 captum
1433 5278 1592 5321 suum
1882 5276 2147 5349 dicebat;

572 5341 828 5397 Christus
858 5349 1060 5405 autem,
1102 5356 1213 5395 rem
1246 5353 1300 5396 ut
1340 5346 1644 5401 certissime
1684 5346 1922 5402 futuram
1963 5341 2169 5421 operi.“

575 5446 678 5488 nus
698 5440 753 5488 et
778 5432 1040 5502 exemplis
1078 5432 1421 5491 conﬁrmavit
1444 5436 1542 5506 (α).

648 5591 719 5654 (a)
743 5592 917 5667 Grece
948 5594 1370 5667 ediderat_Moutl.
1401 5615 1429 5667 :_
1450 5600 1578 5667 ‘Ap.’
1602 5603 1779 5667 iusim
1824 5604 1910 5667 μξν
1933 5607 1999 5663 ὡς
2021 5605 2149 5655 ινδε-

1333 328 1386 386 S.
1424 329 1697 387 JOANNIS
1735 329 2203 388 CHRYSOSTOMI
2242 332 2553 392 ARCHIEP.
2594 337 3127 401 CONSTANTINOP.

3760 360 3865 417 540

2352 453 2700 521 Prtesumptio
2716 459 2821 513 vita
2830 465 2955 515 nda'.
2978 463 3173 518 Contra
3190 466 3679 530 Manicheam—Ne
3700 475 3867 547 igitur

2281 544 2531 616 ﬁdamus,
2556 553 2658 607 etsi
2696 564 2923 619 stemus,
2959 560 3053 613 sed
3084 560 3240 615 nobis
3274 563 3405 631 ipsis
3435 563 3683 621 dicamus
3713 544 3745 619 :v
3760 566 3864 633 Qui

2278 638 2482 693 videtur
2492 650 2650 709 stare,
2671 646 2844 699 videat
2860 664 2922 701 ne
2938 652 3094 703 cadat
3109 653 3153 722 (l
3170 692 3183 704 .
3201 652 3320 708 Cor.
3342 655 3425 709 i0.
3451 655 3561 725 i2).
3578 656 3656 711 Ne
3674 659 3865 730 despe-

2279 742 2483 796 remus,
2512 732 2603 801 qui
2637 736 2893 803 prostrati
2926 738 3203 807 jaeemus,
3238 745 3335 797 sed
3362 744 3607 801 dicamus
3636 766 3649 800 :
3686 748 3863 803 Nunt-

2279 819 2403 904 quid
2424 821 2512 890 qui
2536 825 2693 885 radit,
2728 840 2831 878 non
2862 829 3273 900 resurgetHJer.
3294 832 3433 904 8.4).
3466 837 3678 892 Etenim
3703 840 3858 895 multi

2274 903 2364 971 qui
2393 904 2459 959 ad
2487 906 2658 974 ipsum
2685 908 2800 961 caeli
2833 912 3087 965 verticem
3114 903 3473 970 ascenderant
3499 956 3515 981 ,
3544 916 3635 987 qui
3661 918 3870 986 patieno

2274 995 2401 1050 tiam
2433 1012 2675 1067 magnam
2704 999 3059 1057 exhibuerant
3081 1046 3094 1069 ,
3126 1004 3399 1061 desertum
3428 1018 3829 1080 occupaverant
3848 1052 3864 1076 ,

2272 1087 2548 1142 mulierem
2581 1104 2649 1142 ne
2691 1092 2742 1144 in
2770 1094 2973 1149 somnis
3013 1096 3229 1163 quidem
3258 1097 3540 1167 viderant,
3587 1117 3653 1157 ex
3701 1116 3865 1173 parra

2272 1177 2593 1247 negligentia
2634 1181 2955 1251 supplantati
3002 1196 3143 1249 sunt,
3191 1198 3244 1240 et
3282 1188 3334 1240 in
3376 1188 3549 1258 ipsum
3601 1192 3859 1262 nequitia:

2273 1268 2591 1345 barathrum.
2609 1272 2835 1341 dejecti;
2880 1277 2969 1330 alii
3004 1288 3188 1333 contra
3216 1296 3283 1334 ex
3309 1282 3499 1338 eodem
3527 1285 3782 1341 barathro
3811 1288 3866 1343 in

2271 1360 2459 1415 caelum
2504 1365 2902 1429 ascenderunt,
2930 1378 3089 1437 atque
3130 1385 3161 1425 a
3202 1387 3361 1427 scena
3389 1383 3442 1429 et
3474 1376 3757 1433 orchestra
3796 1379 3864 1435 ad

2271 1454 2562 1523 angelicam
2594 1456 2757 1511 vitam
2800 1464 3045 1515 conversi
3084 1472 3237 1529 sunt;
3273 1474 3580 1538 tantamque
3608 1470 3865 1527 virtutem

2268 1543 2627 1601 exbibuerunt
2649 1589 2665 1607 .
2698 1557 2756 1603 ut
2792 1544 3069 1607 dmmon‘as
3108 1554 3404 1623 pellerent,
3436 1559 3716 1630 multaque
3761 1561 3863 1617 alia

2268 1633 2461 1688 similia
2492 1637 2641 1707 signa
2672 1638 2914 1695 ederent.
2946 1641 3041 1697 His
3065 1645 3325 1713 exemplis
3354 1647 3525 1716 plenae
3556 1659 3683 1704 sunt
3711 1649 3862 1707 Scri-

2269 1733 2459 1793 ptum,
2490 1727 2646 1797 plena
2677 1729 2952 1787 hominum
2982 1733 3111 1788 vita.
3143 1733 3260 1789 Jam
3287 1734 3561 1793 fornicarii
3588 1749 3638 1793 et
3671 1741 3864 1796 molles

2268 1816 2678 1875 Maniehttzorunt
2719 1839 2811 1878 ora
2842 1828 3224 1896 comprimunt,
3267 1829 3359 1899 qui
3388 1814 3574 1885 dicunt
3600 1832 3861 1889 malitiam

2267 1923 2389 1963 esse
2417 1912 2690 1967 immotam
2723 1955 2737 1979 ,
2785 1915 2981 1972 diaboli
3023 1933 3138 1973 rem
3165 1930 3419 1990 agentes,
3467 1933 3523 1977 et
3551 1939 3742 1979 eorum
3773 1928 3861 1995 qui

2265 2002 2450 2055 virtuti
2477 2014 2697 2071 operam
2727 2007 2856 2062 dare
2883 2009 3082 2065 vellent
3108 2026 3298 2067 manus
3337 2012 3699 2071 dissolveutes
3726 2059 3741 2079 ,
3787 2019 3863 2072 vi-

2270 2102 2481 2164 tamque
2507 2111 2720 2153 omnem
2749 2109 3071 2156 evertentes.
3100 2101 3232 2157 Nam
3262 2105 3351 2174 qui
3381 2104 3493 2159 haec
3531 2107 3863 2175 persuadere

2266 2198 2530 2242 conantur
2550 2230 2564 2254 ,
2596 2205 2701 2244 non
2742 2192 2917 2246 futura
2950 2203 3151 2249 tantum
3176 2198 3555 2266 pessutndant;
3588 2200 3684 2254 sed
3718 2217 3863 2267 νην

2264 2280 2435 2333 sentia
2463 2296 2673 2352 quoque
2696 2298 2793 2352 pro
2814 2285 2949 2339 virili
2980 2300 3072 2342 sus
3108 2287 3282 2358 deque
3312 2300 3548 2347 vertunt.
3578 2292 3862 2358 Quomodo

2265 2369 2409 2424 enim
2454 2372 2505 2424 in
2550 2373 2787 2442 nequitia
2833 2374 3018 2431 vivens
3064 2360 3328 2447 quispiam
3354 2420 3369 2443 ,
3410 2382 3592 2436 virtuti
3636 2398 3857 2453 operam

2266 2459 2397 2516 dare
2440 2464 2684 2531 studeat,
2732 2464 2776 2519 si
2820 2480 2881 2521 se
2920 2467 2987 2521 ad
3034 2468 3179 2523 illam
3225 2474 3499 2527 revertere
3544 2489 3652 2528 non
3702 2490 3860 2544 posse

2269 2561 2433 2619 putet,
2466 2554 2508 2607 si
2541 2568 2647 2607 non
2674 2554 2857 2610 credat
2886 2571 2944 2611 se
2983 2558 3034 2612 in
3066 2559 3256 2612 melius
3281 2575 3435 2629 posse
3460 2564 3701 2618 mutari?
3724 2564 3857 2621 Nam

2266 2642 2309 2695 si
2338 2659 2498 2706 nunc,
2531 2645 2797 2698 stantibus
2826 2646 3052 2718 legibus,
3085 2649 3299 2707 indictis
3326 2655 3623 2723 suppliciis,
3657 2673 3860 2728 propo—

2265 2736 2363 2787 sita
2391 2734 2557 2805 gloria
2581 2778 2595 2800 ,
2641 2752 2761 2805 qua:
2790 2738 2987 2795 multos
3016 2744 3251 2797 excitare
3295 2745 3502 2813 possit;
3525 2762 3648 2802 eum
3677 2758 3736 2805 et
3762 2765 3857 2820 ge-

2266 2825 2440 2882 henna
2473 2838 2834 2898 exspectetur,
2867 2840 2921 2887 et
2946 2847 3165 2903 regnum
3197 2836 3539 2904 promittatur
3561 2880 3576 2905 ,
3604 2854 3730 2895 cum
3759 2842 3862 2896 im-

2265 2918 2416 2987 probi
2446 2918 2729 2986 dedecore,
2783 2922 2907 2977 boni
2946 2923 3191 2987 laudibus
3232 2926 3556 2992 afﬁciantur,
3608 2932 3697 2986 vix
3738 2932 3861 3004 qui-

2267 3011 2409 3079 piam
2443 3012 2607 3066 velint
2633 3014 2844 3069 virtutis
2869 3017 3095 3072 sudores
3114 3017 3261 3075 adire
3285 3036 3302 3075 :
3330 3020 3412 3075 his
3450 3023 3701 3093 sublatis,
3729 3026 3860 3097 quid

2268 3102 2520 3171 impediet
2545 3106 2830 3173 quominus
2854 3108 3032 3161 omnia
3064 3122 3280 3177 pessum
3301 3113 3465 3167 eant?

2338 3194 2386 3246 6.
2433 3192 2560 3247 Cum
2588 3196 2778 3262 ﬁducia
2825 3205 2873 3250 et
2902 3199 3081 3256 timore
3122 3217 3212 3270 per
3239 3216 3509 3273 captiuam
3551 3208 3685 3262 viam
3714 3212 3860 3266 ince-

2264 3282 2769 3356 dendumExemplo
2794 3286 3002 3344 Davidis
3029 3292 3367 3362 vigilantiam,
3394 3296 3639 3362 ﬁduciam
3669 3311 3719 3367 et
3748 3319 3861 3370 pc-

2264 3376 2525 3431 nitentiam
2550 3379 3144 3439 docemur.—Videntes
3173 3387 3355 3455 itaque
3381 3384 3625 3443 fraudem
3666 3393 3863 3463 nequi-

2266 3469 2499 3538 tiamque
2536 3470 2853 3526 diabolieam
2879 3513 2895 3538 ,
2938 3473 3192 3544 ipsosque
3230 3491 3440 3532 necnon
3485 3494 3580 3536 eos
3623 3485 3717 3552 qui
3763 3484 3862 3541 fati

2267 3558 2411 3626 leges
2440 3566 2676 3615 statuere
2704 3572 2970 3632 satagunt,
3002 3564 3226 3621 adversa
3256 3569 3477 3635 sentire,
3505 3582 3561 3625 et
3585 3578 3860 3631 contraria

2268 3646 2660 3716 legislatoribus
2680 3658 3047 3720 externorum,
3070 3663 3125 3708 et
3146 3655 3236 3710 Dei
3258 3657 3275 3688 ¹
3292 3660 3547 3726 oraculis,
3570 3672 3627 3717 et
3649 3674 3861 3721 natura

2264 3738 2581 3803 ratiociniis,
2624 3749 2678 3793 et
2704 3743 2975 3796 communi
3010 3745 3245 3800 omnium
3277 3749 3553 3817 opinioni,
3588 3753 3858 3823 barbaris,

2261 3839 2315 3883 et
2344 3829 2574 3900 Scythis,
2606 3840 2656 3884 et
2685 3830 3001 3899 Thracibus,
3029 3834 3353 3909 demumque
3378 3842 3590 3897 caeteris
3616 3844 3859 3902 homini-

2264 3926 2383 3990 bus,
2411 3928 2711 3994 vigi!emus,
2741 3926 2921 3983 dilecti
2952 3970 2968 3995 ,
3014 3939 3176 4000 atque
3206 3933 3309 3987 illis
3351 3936 3602 3991 omnibus
3627 3940 3745 3996 vale
3766 3940 3857 3996 di-

2260 4028 2475 4083 centes,
2521 4020 2829 4074 ineedamus
2870 4036 2967 4091 per
2995 4032 3272 4092 angustam
3318 4027 3458 4083 viam
3497 4044 3620 4085 eum
3660 4031 3858 4090 ﬁducia

2261 4118 2314 4164 et
2344 4110 2566 4173 timore;
2595 4126 2717 4165 eum
2765 4114 2954 4168 timore
2980 4115 3213 4183 quidem,
3246 4118 3317 4171 ob
3354 4121 3643 4191 pra-cipitia
3676 4127 3858 4180 utrin-

2262 4218 2365 4269 que
2391 4204 2558 4270 posita
2583 4219 2598 4267 ;
2627 4218 2747 4256 cum
2779 4204 2966 4287 ﬁducia
2995 4222 3122 4261 vero
3145 4249 3159 4274 ,
3191 4210 3260 4265 ob
3283 4210 3474 4267 ducem
3506 4214 3605 4270 viae
3640 4216 3853 4274 Jesum.

2264 4289 2369 4345 lter
2397 4306 2616 4363 agamus
2658 4295 2821 4350 sobrii
2852 4310 2915 4352 ac
2952 4297 3157 4368 vigiles.
3196 4301 3329 4355 Nam
3360 4304 3404 4358 si
3448 4304 3531 4358 vel
3576 4309 3852 4374 paululum

2262 4383 2378 4451 quis
2407 4384 2691 4453 dormitet,
2748 4388 2924 4441 Statim
2954 4404 3011 4443 se
3043 4393 3364 4462 prateipitem
3407 4394 3516 4451 dat.
3545 4398 3663 4453 Non
3705 4402 3852 4457 enim

2260 4487 2445 4528 sumus
2477 4475 2821 4543 pcrl‘cetiores
2855 4477 3070 4545 Davide,
3112 4482 3202 4546 qui
3229 4498 3293 4537 ex
3320 4500 3479 4552 parva
3524 4490 3851 4561 negligentia

2263 4563 2313 4616 in
2347 4564 2545 4631 peccati
2574 4564 2884 4621 barathrum
2917 4569 3019 4623 ruit
3047 4612 3063 4637 ,
3105 4572 3409 4629 sed'statim
3461 4583 3719 4636 surrexit.
3767 4584 3859 4642 Ne

2260 4668 2387 4722 ergo
2412 4661 2717 4723 peccantem
2744 4658 2917 4712 solum
2948 4660 3222 4728 reSpicias,
3251 4664 3346 4718 sed
3374 4666 3533 4721 etiam
3566 4680 3847 4738 peccatum

2259 4742 2581 4800 abluentem.
2609 4746 2724 4802 Non
2764 4750 2907 4804 enim
2940 4749 3061 4806 ideo
3088 4760 3290 4809 tantum
3318 4756 3435 4813 hinc
3461 4759 3683 4817 historia
3704 4767 3848 4821 scri-

2258 4842 2347 4902 pta
2374 4844 2454 4889 est
2478 4876 2493 4900 ,
2528 4847 2585 4890 ut
2608 4836 2812 4907 lapsum
2844 4841 3119 4908 respicias,
3150 4845 3242 4899 sed
3274 4855 3330 4901 ut
3357 4862 3665 4919 surgentem
3691 4858 3851 4917 mire-

2257 4924 2332 4977 ris
2375 4941 2389 4977 :
2451 4932 2509 4978 ut
2547 4925 2723 4981 discas
2782 4936 2902 4997 post
2945 4929 3149 4999 lapsum
3175 4974 3191 4998 ,
3238 4941 3510 5006 quomodo
3559 4959 3844 5017 resurgens

2255 5027 2516 5085 oporteat.
2569 5020 3026 5089 Quemadmodum
3067 5028 3209 5083 enim
3257 5020 3452 5089 medici
3494 5038 3845 5104 gravissimos

2255 5108 2471 5164 morbos
2517 5112 2568 5165 in
2614 5112 2807 5169 libellis
2852 5114 3201 5187 describunt,
3260 5130 3425 5192 atque
3467 5125 3542 5181 ita
3586 5130 3844 5188 medendi

2319 5223 2337 5254 ί
2372 5220 2485 5281 Alii,
2509 5221 2703 5274 Christi.

2244 5304 2343 5366 est,
2364 5302 2425 5349 ad
2452 5299 2672 5374 litteram
2695 5320 2707 5354 :
2738 5307 2919 5359 Verum
2942 5307 3028 5361 ille
3048 5308 3138 5384 ltoc
3172 5315 3403 5378 tit-edicit
3421 5325 3607 5373 tantum
3631 5335 3686 5377 ut
3705 5341 3797 5391 pos

2244 5357 2420 5409 διὸιιεε
2443 5369 2551 5412 erat
2592 5379 2721 5415 enim
2741 5367 2885 5416 homo
2909 5385 2927 5416 :
2957 5375 3175 5416 Chrsalus
3213 5386 3373 5416 mbm
3439 5390 3489 5416 ιιι
3521 5390 3719 5416 ,ιι-..λω-
3753 5393 3797 5416 τ..

2244 5374 2420 5409 sume:
2443 5374 2571 5432 erat.
2592 5379 2721 5415 enim
2741 5374 2885 5437 (temo
2909 5385 2927 5421 :
2957 5374 3183 5426 Christus
3213 5386 3402 5445 autem,
3438 5390 3489 5433 ut
3520 5374 3813 5483 amiciad];-

2241 5424 2963 5504 aurumioppIFodetctorum)
2999 5437 3414 5500 confirmationem
3438 5447 3689 5501 exhibens.
3717 5454 3820 5504 Ln-

2240 5479 2305 5528 de
2327 5479 2472 5543 pat'et'
2492 5479 2821 5559 interpretem
2834 5479 2840 5480 ⁷
2854 5479 3136 5563 aberrasse"

2240 5544 2315 5577 υου
2356 5543 2570 5577 rode-Icum
2605 5551 2812 5577 θυινθυε-ι
2840 5556 3100 5577 ---δημαιι
3151 5563 3325 5577 --μμηλ
3532 5576 3535 5577 ,

2238 5544 2334 5601 νον,
2356 5543 2575 5615 reddere
2605 5543 2817 5601 credidit
2839 5543 3122 5631 scribendo,
3145 5543 3813 5643 secundum..de

2239 5597 2351 5647 MSS.
2379 5606 2575 5647 nlunmt
2600 5622 2689 5647 nm
2706 5611 2945 5647 ἇνῆηΜι-ηρ
2970 5618 3059 5647 συὶ...
3094 5636 3153 5647 ..η
3193 5623 3374 5647 aut“...
3418 5644 3470 5647 _-
3661 5637 3669 5647 .
3740 5636 3759 5647 .

2286 5614 2351 5649 ss.
2378 5606 2579 5665 ριιπίηιί
2600 5622 2689 5668 pro
2706 5611 3059 5684 ἀνορωποςχάρ
3094 5606 3811 5705 ἦνῑιλςεέιῑῑ;τᾷέῖτῖξῖρξς;

2286 5667 2415 5705 tunc.
2436 5677 2615 5705 ςρηςιις
2639 5676 2714 5705 ut
2756 5679 3006 5705 unum“...
3031 5690 3311 5705 ..η-...μμ
3342 5687 3423 5705 με.
3468 5691 3523 5705 ,υ
3595 5699 3606 5705 -
3645 5696 3680 5705 ..
3737 5697 3751 5705 .
3774 5698 3785 5705 .

579 5652 779 5714 χόμείρον
814 5654 927 5703 αὐτὸ
948 5654 1095 5717 λέγεθ’
1122 5660 1362 5723 ἅνθρωπος
1382 5663 1471 5725 γὰρ
1490 5663 1564 5723 ἦν·
1587 5667 1614 5712 ὁ
1646 5665 1697 5713 δὲ
1718 5652 1920 5730 xiiii-e3;
2025 5652 2143 5716 ieci;-

579 5726 672 5749 «ωι-
694 5714 918 5749 Imm-um
958 5719 1043 5749 «tu
1081 5721 1174 5749 ιο).
1217 5723 1311 5749 -:...
1345 5724 1490 5749 μαι...
1533 5724 1998 5749 a-n-.z.___n_1..-___
2038 5727 2143 5749 ιι--

2264 5666 2291 5749 rl3
2298 5652 2428 5749 tpﬁ
2436 5652 2621 5749 1%qu
2625 5652 2737 5749 Est“,

576 5726 672 5767 τως
694 5714 937 5798 ἐσρμενον,
958 5714 1043 5777 τήν
1079 5721 1175 5769 ἀπὸ
1208 5714 1311 5769 ’τῶν
1343 5714 1490 5787 ἓρῆὡν
1509 5714 2017 5792 Ἂπὸδειξιθπψάὼῦ.
2230 5722 2294 5769 ad
2321 5723 2498 5774 locum
2530 5714 2667 5780 EDlT:
