4110 6306
180 396 275 452 Sil
1135 384 1201 441 IN
1239 374 1654 439 ΜΑΤΤηιΕυΜ
1693 373 1772 430 illi

1882 372 1927 429 ι.
1973 372 2162 429 XXVI.
2203 376 2275 430 al.
2319 374 2537 432 XXVII.

179 508 500 567 methodum
526 508 665 562 alios
703 506 897 572 docent
916 545 931 568 ,
961 515 1021 558 ut
1046 503 1100 557 in
1144 497 1436 570 majoribus
1460 492 1776 555 exercitati,

179 604 420 659 minores
444 599 797 673 {egritudith
828 596 1035 652 facilius
1072 603 1331 664 superent
1362 612 1375 647 :
1421 592 1501 647 sic
1531 580 1598 647 'et
1640 591 1783 647 Deus

177 694 499 766 gravissima
543 700 761 761 peccata
804 690 858 744 in
903 686 1138 744 medium
1182 684 1447 751 adduxit,
1496 684 1685 753 utqui
1728 683 1781 736 in

177 786 391 858 exiguis
455 785 590 854 lapsi
642 791 827 839 essent
851 822 867 846 ,
924 794 1115 837 eorum
1164 777 1417 847 exemplo
1483 776 1780 832 faciliorem

176 875 505 933 emendandi
551 874 814 930 rationem
852 870 1178 928 invenirent.
1203 869 1260 925 Si
1286 869 1430 924 enim
1460 867 1659 937 majora
1693 884 1781 924 re-

176 968 418 1040 medium
450 966 774 1031 habuerunt,
805 956 976 1020 multo
1000 962 1207 1018 facilius
1232 962 1463 1016 minora.
1497 959 1783 1015 Videamus

174 1057 343 1128 igitur
374 1072 478 1128 qua
510 1057 718 1113 ratione
743 1054 1118 1126 :egrotavcrit,
1163 1044 1284 1123 qua
1306 1050 1665 1106 valetudinem
1692 1065 1781 1104 re-

175 1150 518 1220 cuperaverit
550 1150 632 1203 vir
675 1148 766 1202 ille
810 1147 1017 1201 beatus.
1065 1143 1196 1212 Qua:
1237 1143 1397 1213 igitur
1425 1140 1598 1195 morbi
1642 1141 1781 1195 ratio

172 1241 325 1296 fuit?
354 1239 649 1296 Mmcltatus
678 1247 781 1305 est,
810 1246 863 1292 et
880 1235 1103 1292 occidit.
1129 1235 1247 1291 Non
1277 1236 1419 1291 enim
1447 1248 1641 1288 vereor
1664 1233 1781 1288 haec

174 1347 374 1403 magna
421 1347 557 1387 voce
585 1331 876 1402 publicare.
908 1330 1041 1385 Nam
1076 1330 1121 1384 si
1153 1328 1385 1399 Spiritus
1415 1336 1633 1383 sanctus
1670 1341 1779 1381 non

173 1435 336 1496 turpe
363 1426 691 1481 existimavit
740 1439 885 1487 esse,
916 1424 1054 1479 hanc
1084 1432 1249 1481 totam
1292 1422 1571 1477 historiam
1597 1420 1779 1493 publi-

171 1532 326 1584 care,
359 1518 530 1572 multo
560 1517 731 1587 magis
756 1531 854 1570 nos
876 1516 1023 1569 illam
1057 1530 1163 1570 non
1190 1510 1421 1569 obscure
1456 1512 1660 1568 referre
1686 1502 1781 1566 at-

168 1609 388 1665 bemus.
416 1610 755 1678 Quapropter
798 1624 904 1663 non
936 1608 1098 1663 modo
1137 1607 1254 1662 haec
1281 1606 1584 1678 praedicabo
1622 1646 1637 1671 ,
1681 1604 1777 1661 sed

171 1703 324 1758 aliud
352 1718 568 1773 quoque
613 1701 883 1771 adjiciam.
928 1700 1142 1755 Etenim
1169 1700 1258 1768 qui
1302 1699 1421 1753 lucc
1458 1698 1773 1761 occultant,

170 1796 275 1851 viri
326 1794 468 1850 illius
517 1796 771 1849 virtutem
811 1794 1139 1849 obscurant:
1168 1806 1233 1846 ac
1276 1792 1415 1847 sicut
1465 1791 1501 1845 ii
1540 1789 1629 1860 qui
1659 1788 1778 1857 ejus

168 1903 299 1945 cum
339 1887 592 1943 Goliatbo
654 1901 885 1958 pugnam
931 1895 1349 1951 tacerent,-non
1395 1884 1643 1954 exiguam
1672 1882 1774 1952 ipsi

166 1997 430 2037 coronam
481 1980 811 2046 adimerent,
845 1978 1067 2049 perinde
1094 1978 1330 2034 facerent
1371 1978 1459 2047 qui
1502 1978 1638 2031 hanc
1690 1977 1774 2030 lti-

167 2077 399 2130 storiam
429 2081 920 2143 praetercurrcrent.
954 2073 1147 2127 Annon
1176 2087 1293 2127 rem
1338 2053 1491 2126 vobis
1522 2071 1774 2139 inexspe-

166 2176 373 2225 Ctatam
422 2167 582 2221 dico?
612 2165 717 2221 Sed
760 2164 1024 2220 tantillum
1069 2162 1473 2234 praestolamiui,
1512 2170 1567 2215 et
1592 2161 1775 2216 scietis

170 2274 275 2316 nos
305 2258 423 2313 inec
470 2258 592 2327 jure
632 2260 683 2313 in
731 2256 967 2313 medium
1011 2255 1317 2326 protulisse.
1369 2252 1493 2307 Ideo
1545 2266 1776 2320 namque

164 2361 453 2421 peccatum
484 2351 770 2419 atnplilico,
796 2349 955 2418 idque
986 2349 1356 2417 inexspectata
1388 2344 1639 2415 loquendi
1666 2345 1770 2407 via,

166 2452 231 2496 nt
261 2441 549 2511 pharmaca
574 2456 756 2511 parem
785 2439 1109 2507 copiosiora.
1132 2436 1270 2503 Quid
1301 2438 1477 2505 itaque
1500 2432 1774 2503 prepono?

167 2533 438 2588 Virtutem
487 2530 626 2594 viri;
662 2531 713 2586 id
743 2529 884 2602 quod
922 2530 1138 2600 gravius
1180 2528 1383 2583 crimen
1424 2525 1611 2581 efﬁcit.
1654 2524 1772 2579 Non

162 2622 316 2678 enim
361 2638 455 2693 par
482 2632 567 2679 est
606 2624 658 2677 itt
714 2623 963 2677 omnibus
1002 2632 1056 2677 et
1098 2621 1237 2676 circa
1268 2634 1458 2675 omnes
1489 2618 1671 2673 hacin
1715 2633 1774 2673 re

158 2714 429 2783 judicium
465 2733 477 2766 :
512 2713 753 2768 Potentes
782 2714 926 2768 enim
951 2753 967 2778 ,
1012 2714 1225 2782 inquit,
1260 2720 1486 2779 potenter
1524 2716 1773 2762 tormenta

164 2810 424 2879 potientur
455 2808 609 2879 (Sap.
640 2809 692 2863 6.
718 2808 810 2876 7);
838 2816 911 2871 et,
945 2806 1047 2871 Qui
1073 2805 1209 2858 novit
1237 2804 1541 2857 voluntatem
1579 2802 1773 2854 domini

162 2899 270 2964 uti,
302 2910 348 2952 et
382 2914 486 2952 non
510 2900 671 2966 facit,
702 2898 960 2968 vapulabit
992 2896 1166 2949 multis
1214 2893 1367 2966 (Luc.
1400 2893 1486 2946 12.
1520 2893 1636 2963 47).
1673 2891 1774 2944 Ita-

162 3005 273 3061 que
304 2989 474 3060 major
521 2990 754 3060 cognitio
784 2989 1004 3056 majoris
1031 2997 1114 3042 cst
1159 3001 1322 3040 causa
1350 2984 1613 3054 supplicii.
1647 2982 1771 3037 ideo

163 3083 424 3138 sacerdos
450 3082 539 3152 qui
569 3084 619 3136 in
653 3082 820 3152 paria,
852 3091 1014 3149 atque
1043 3079 1239 3133 subditi
1262 3120 1275 3141 ,
1309 3077 1500 3132 incidit
1525 3087 1769 3147 peccata,

165 3189 276 3228 non
308 3189 484 3243 pares,
517 3173 612 3227 sed
644 3173 816 3227 multo
864 3171 1141 3243 graviores
1181 3170 1330 3224 dabit
1375 3183 1583 3239 poenas.
1637 3168 1771 3222 For-

164 3276 314 3321 tasse
357 3266 485 3320 dum
531 3281 617 3320 me
644 3265 838 3321 videtis
880 3265 1209 3333 amplificare
1238 3264 1441 3317 crimen
1477 3303 1491 3327 ,
1543 3263 1771 3319 tremitis

162 3370 220 3413 ct
248 3358 565 3421 formidatis,
610 3366 666 3412 et
710 3372 799 3412 me
840 3354 991 3426 quasi
1033 3370 1129 3424 per
1173 3354 1466 3424 pnccipitia
1516 3353 1766 3407 inceden-

166 3461 278 3504 tem
330 3450 622 3504 miramini.
667 3449 780 3518 Ego
822 3457 953 3503 vero
992 3455 1199 3501 tantum
1239 3448 1380 3501 circa
1421 3447 1551 3515 justi
1606 3446 1773 3501 virtu-

165 3550 276 3594 tem
305 3548 361 3594 et
379 3527 570 3594 merita
596 3537 830 3603 confido,
859 3546 917 3591 ut
942 3537 1104 3593 etiam
1133 3536 1355 3591 ulterius
1410 3537 1723 3606 progrediar
1755 3555 1767 3590 :

161 3640 369 3704 quanto
424 3633 570 3686 enim
614 3630 785 3701 magis
828 3629 1033 3685 crimen
1072 3629 1279 3699 augebo
1307 3670 1322 3694 ,
1366 3637 1514 3684 tanto
1548 3628 1770 3697 majori-

165 3725 270 3779 bus
316 3724 568 3778 Davidem
636 3723 882 3777 laudibus
924 3721 1200 3777 celebrare
1252 3731 1459 3789 potero.
1522 3722 1587 3776 Et
1639 3721 1768 3791 quid

166 3818 255 3873 his
306 3816 525 3886 majus,
579 3814 821 3884 inquies,
871 3811 1111 3882 proferre
1147 3812 1369 3883 possis?
1412 3812 1576 3866 Multo
1621 3824 1771 3868 certe

167 3908 397 3977 majora.
446 3904 908 3975 Quemadmodum
970 3904 1115 3959 enim
1170 3903 1319 3957 Caini
1389 3903 1595 3959 crimen
1662 3919 1767 3957 non

166 4000 347 4056 caedes
386 3999 548 4054 modo
589 4008 701 4053 erat
732 4040 747 4062 ,
794 3996 890 4052 sed
936 3996 1124 4051 multis
1152 3996 1392 4051 caedibus
1435 3997 1626 4065 pejus;
1660 4011 1767 4050 non

167 4092 316 4149 enim
344 4092 599 4153 alienum,
632 4090 727 4145 sed
756 4088 1012 4151 fratrem;
1046 4098 1103 4143 et
1128 4090 1368 4151 fratrem,
1403 4102 1510 4141 non
1563 4086 1771 4143 laeden-

168 4196 279 4240 tem
313 4225 327 4251 ,
374 4182 469 4238 sed
520 4183 706 4236 laesum
741 4171 973 4245 occidit;
1007 4194 1113 4234 non
1161 4189 1282 4248 post
1307 4179 1500 4233 multas
1532 4187 1769 4247 patratas

166 4275 369 4339 czedes,
402 4272 496 4328 sed
537 4273 650 4341 ipse
689 4271 1081 4326 exsecrandum
1129 4271 1307 4325 scelus
1338 4271 1483 4339 prior
1512 4271 1718 4326 invenit
1750 4286 1763 4325 :

166 4367 249 4422 sic
275 4366 327 4420 in
353 4363 455 4418 hoc
485 4380 591 4433 quo
619 4363 687 4418 dc
720 4364 926 4431 agimus
1020 4362 1219 4431 euntis,
1262 4378 1368 4416 non
1395 4364 1574 4417 czedes
1606 4363 1767 4417 modo

170 4459 377 4513 facinus
403 4456 503 4511 hoc
523 4464 670 4521 erat;
701 4471 806 4509 non
830 4455 972 4509 enim
1000 4455 1069 4508 vit
1104 4470 1131 4508 e
1156 4456 1311 4509 trivio
1342 4454 1606 4510 homicida
1629 4466 1765 4521 erat,

166 4552 267 4607 sed
308 4549 603 4619 propheta;
649 4563 755 4601 non
785 4546 1068 4601 lmdeutem
1094 4587 1109 4610 ,
1157 4547 1251 4600 sed
1290 4547 1477 4601 ltcsum
1522 4548 1762 4603 occidit:

170 4643 330 4697 iresus
354 4640 549 4710 quippe
590 4638 763 4693 fuerat
794 4651 860 4691 ex
884 4636 1150 4691 adulterio
1189 4651 1310 4690 cum
1343 4650 1511 4692 uxore
1558 4654 1573 4691 :
1608 4646 1768 4707 atque

172 4734 274 4789 hoc
308 4734 472 4787 etiam
502 4732 676 4787 secius
707 4730 932 4784 addidit.
981 4729 1257 4784 Videtisne
1308 4729 1577 4798 quomodo
1620 4731 1768 4797 justo

172 4826 289 4878 viro
312 4839 422 4877 non
455 4838 689 4893 parcam,
724 4831 776 4877 et
800 4826 915 4875 sine
956 4822 1064 4875 ullo
1101 4830 1527 4890 temperamento
1558 4821 1765 4877 scelera

170 4916 290 4986 ejus
315 4916 683 4971 recenseam?
727 4917 975 4967 Attamen
1023 4914 1093 4966 ita
1136 4914 1204 4967 de
1260 4912 1405 4967 illius
1449 4913 1769 4984 purgatione

168 5006 417 5073 conﬁdo,
470 5015 527 5058 ut
557 5016 674 5075 post
719 5016 922 5060 tantum
967 5005 1232 5059 scelerum
1278 5004 1490 5058 culmen
1517 5046 1532 5069 ,
1583 5014 1766 5073 optem

170 5099 364 5153 adesse
393 5096 741 5161 Manichaeos,
786 5096 875 5166 qui
922 5096 1036 5150 Ιιιιξα
1075 5095 1310 5150 maxime
1347 5095 1670 5161 traducunt,
1714 5107 1768 5149 et

170 5189 542 5245 Marcionistas
568 5228 585 5254 ,
618 5196 675 5241 ut
718 5187 931 5241 illorum
975 5201 1070 5241 ora
1113 5187 1329 5256 egregie
1385 5188 1652 5241 claudam.
1687 5187 1767 5242 llli

174 5297 405 5351 namque
421 5282 605 5336 dicunt
621 5281 793 5349 ipsum
816 5292 869 5335 et
884 5280 1146 5335 occidisse
1167 5289 1221 5334 et
1236 5280 1559 5335 mtechatum
1580 5279 1764 5345 fuisse;

170 5390 273 5445 ego
299 5389 428 5430 vero
459 5372 649 5427 nonid
691 5381 896 5427 tantum
941 5371 1096 5437 dico,
1148 5372 1242 5427 sed
1294 5371 1559 5440 duplicem
1605 5371 1769 5425 fuisse

171 5465 379 5522 caedem
406 5464 771 5521 demonstravi
797 5503 812 5525 ,
863 5474 973 5517 tum
1002 5463 1142 5533 quod
1174 5464 1260 5518 ille
1296 5464 1405 5532 jam
1437 5474 1561 5518 ante
1610 5465 1768 5518 laesus

172 5559 260 5621 sit,
291 5567 404 5615 tum
429 5555 572 5628 quod
603 5564 762 5610 tanta:
790 5555 1065 5626 dignitatis
1091 5564 1236 5609 esset
1268 5556 1311 5608 is
1340 5556 1430 5624 qui
1463 5556 1673 5609 occidit.

244 5652 298 5706 7.
339 5650 616 5706 Peccatum
649 5649 856 5703 Doridis
893 5657 1157 5717 quantum.
1200 5646 1373 5717 Ipsius
1423 5657 1532 5716 post
1564 5650 1766 5718 lapsum

170 5752 359 5807 quanta
391 5742 573 5796 virtus.
624 5769 697 5781 ——
746 5740 861 5794 Non
905 5740 1047 5795 enim
1094 5755 1191 5809 par
1233 5750 1317 5793 est
1355 5741 1558 5795 crimen
1595 5744 1769 5796 virum

171 5836 366 5906 Spiritu
392 5844 585 5892 sancto
613 5832 908 5903 dignatum,
952 5840 1029 5887 tot
1056 5831 1334 5888 beneficiis
1360 5832 1627 5899 affectum,
1674 5835 1765 5904 qui

3397 385 3503 443 3ιὲ

1899 498 2099 545 Lautam
2138 498 2461 567 potestatem
2504 500 2622 547 erat
2666 492 2911 562 adeptus,
2962 494 3017 548 in
3048 494 3138 549 tali
3184 505 3342 553 :etate
3386 497 3502 554 lucc

1894 581 2127 638 facinora
2154 582 2393 653 aggredi,
2422 591 2581 654 atque
2610 582 2841 653 idipsum
2864 587 3160 655 perpetrari
3188 602 3217 639 a
3244 589 3381 655 viro,
3412 592 3499 645 cui

1893 674 2027 730 nihil
2055 688 2245 730 eorum
2273 684 2563 746 competat.
2615 676 2866 731 Attamen
2898 675 3025 732 hinc
3051 678 3349 735 mirabilior
3373 696 3503 736 eva-
3588 724 3599 735 ς

1890 765 1970 821 dit
2001 766 2086 821 vir
2128 766 2221 822 ille
2263 766 2438 832 fortis,
2479 767 2621 838 quod
2672 767 2724 822 in
2771 768 3092 839 profundum
3129 773 3382 844 nequitia:
3423 775 3497 827 la~

1891 869 2039 927 psus,
2081 873 2189 912 non
2215 859 2397 913 animo
2420 857 2699 925 defecerit,
2749 875 2857 915 non
2883 860 3206 931 desperarit,
3252 878 3359 920 non
3405 880 3498 921 se-

1893 947 2064 1015 ipsum
2095 949 2346 1021 supinum
2378 951 2689 1021 projecerit,
2734 952 2876 1008 letali
2908 951 3130 1010 vulnere
3154 954 3439 1013 confossus
3464 971 3497 1012 ι

1889 1041 2127 1122 diabolo,
2179 1044 2274 1100 sed
2301 1045 2429 1108 cito,
2465 1048 2573 1100 imo
2599 1046 2804 1114 statim,
2837 1061 3029 1117 magna
3055 1060 3178 1102 cum
3199 1048 3498 1105 vehemen-

1892 1138 1963 1189 tia
1993 1135 2165 1207 majus
2195 1136 2449 1192 iullixerit
2478 1137 2694 1203 vulnus,
2736 1153 2898 1208 quam
2931 1148 3232 1209 acceperat.
3264 1126 3500 1199 Perinde

1891 1236 2052 1297 atque
2087 1227 2129 1281 si
2172 1228 2223 1281 in
2252 1229 2371 1283 acie
2399 1227 2661 1283 barbarus
2689 1229 2954 1307 quispiam
2995 1229 3048 1285 in
3080 1246 3176 1287 cor
3208 1232 3288 1288 vel
3319 1230 3371 1289 i'n
3400 1234 3503 1292 lie--

1888 1333 1987 1389 par
2013 1320 2217 1374 strenui
2248 1320 2345 1374 viri
2377 1319 2584 1395 hastam
2620 1320 2876 1389 inﬁxerit,
2916 1331 2973 1377 et
3000 1323 3291 1379 secundam
3325 1328 3494 1397 magis

1887 1412 2100 1466 letalem
2133 1412 2338 1484 pingant
2371 1415 2657 1482 addiderit,
2702 1424 2813 1469 tum
2846 1416 2935 1472 ille
2974 1418 3157 1487 lapsus
3184 1419 3488 1490 plagarum-

1885 1517 1991 1573 que
2020 1505 2278 1573 sanguine
2303 1505 2679 1573 circumfusus,
2709 1508 2817 1563 cito
2838 1511 3148 1573 surrexerit,
3180 1512 3492 1583 hastamque

1885 1595 2102 1651 vibrans
2133 1597 2343 1653 hostem
2373 1599 2695 1667 confoderit,
2738 1610 2793 1655 et
2839 1602 3074 1656 occisum
3118 1605 3299 1659 statim
3343 1605 3489 1660 humi

1886 1700 2213 1760 prostratum
2244 1692 2520 1763 reliquerit
2551 1710 2566 1747 :
2599 1692 2678 1748 sic
2705 1704 2758 1748 ct
2786 1710 2947 1761 nunc,
2976 1711 3083 1765 quo
3103 1697 3359 1766 majorem
3388 1699 3487 1753 Da-

1883 1783 2023 1838 vidis
2049 1785 2256 1855 plagam
2296 1785 2520 1853 dixeris,
2567 1802 2635 1841 eo
2675 1787 3061 1845 mirabiliorem
3088 1791 3323 1847 confossi
3366 1796 3487 1848 ani-

1885 1888 2030 1928 mum
2078 1875 2350 1939 ostendis,
2398 1877 2539 1947 quod
2581 1887 2703 1948 post
2749 1880 2942 1935 vulnus
2984 1891 3091 1937 tam
3134 1898 3333 1953 grave,
3394 1902 3488 1955 ρει.

1884 1967 2046 2022 tuerit
2074 1975 2130 2023 et
2171 1982 2416 2038 surgere,
2450 1977 2504 2024 et
2537 1970 2590 2024 in
2621 1970 2802 2027 fronte
2830 1973 2951 2027 valli
2973 1983 3137 2041 stare,
3173 1975 3487 2049 hostemque

1881 2068 2247 2129 prosternere.
2278 2060 2392 2117 Hoc
2420 2078 2553 2119 vero
2581 2074 2840 2133 quantum
2868 2066 2958 2127 sit.
2982 2070 3157 2123 sciunt
3184 2085 3374 2127 omnes
3394 2078 3486 2143 qui

1878 2151 1935 2206 in
1954 2152 2134 2222 gravia
2167 2152 2303 2224 lapsi
2328 2162 2455 2210 sunt
2484 2164 2723 2225 peccata.
2748 2155 2867 2211 Non
2892 2159 3038 2213 enim
3067 2160 3136 2213 ita
3168 2160 3321 2215 fortis
3347 2174 3483 2217 strc-

1888 2244 2093 2315 nitique
2118 2244 2286 2300 animi
2313 2254 2398 2299 est
2424 2255 2573 2300 recta
2594 2244 2934 2299 incedentem
2958 2258 3184 2299 cursum
3220 2244 3482 2314 perﬁcere

1887 2336 1957 2406 (is
1973 2337 2119 2392 enim
2134 2337 2397 2392 comitem
2417 2335 2747 2406 habetspem
2762 2335 2962 2392 bonam
2976 2336 3348 2391 concitantem
3361 2351 3483 2391 ner-

1888 2442 1988 2484 vos
2008 2436 2064 2483 et
2084 2427 2430 2481 alacritatem
2459 2425 2795 2496 addentem),
2823 2435 2883 2480 ut
2900 2436 3022 2495 post
3040 2426 3192 2481 mille
3218 2440 3478 2494 coronas,

1888 2526 2116 2587 tropaea,
2133 2518 2413 2583 victorias,
2428 2518 2666 2588 graviter
2679 2516 2891 2589 lapsum
2910 2532 3074 2587 posse
3090 2518 3346 2573 eumdem
3360 2533 3480 2573 cur-

1886 2625 2009 2665 sum
2026 2609 2208 2665 denuo
2224 2605 2757 2678 repetere.Utautcm
2776 2609 2829 2663 id
2843 2610 2990 2679 quod
3006 2609 3133 2665 dico
3144 2610 3481 2666 clariuseva-

1878 2700 1989 2767 dat,
2040 2701 2189 2756 aliud
2232 2703 2409 2773 priore
2453 2718 2561 2758 non
2604 2704 2784 2761 minus
2826 2705 3134 2776 exemplum
3166 2708 3219 2761 in
3248 2708 3484 2763 medium

1880 2796 2033 2852 vobis
2081 2795 2324 2866 proferre
2368 2796 2608 2853 tentabo.
2663 2796 2850 2870 Cogita
2891 2798 3023 2854 mihi
3065 2799 3483 2871 gubernatorem

1879 2888 2047 2942 maria
2094 2887 2241 2943 mille
2284 2903 2587 2955 emensum,
2643 2901 2767 2959 post
2811 2892 3483 2963 tantam_navigatioucm,

1881 2988 2001 3047 post
2046 2979 2241 3034 multas
2292 2990 2660 3050 tempestates,
2712 2982 2987 3052 scopulos,
3031 2960 3255 3050 littctus,
3305 2960 3487 3040 multis

1881 3071 2198 3126 instructum
2245 3073 2502 3136 mercium
2552 3073 2798 3139 sorcinis,
2834 3074 2885 3128 in
2936 3074 3055 3145 ipso
3101 3085 3290 3145 portus
3344 3079 3484 3133 ostio

1878 3164 2210 3229 demersum,
2251 3167 2340 3235 qui
2384 3168 2468 3219 vix
2500 3181 2532 3220 e
2561 3175 2708 3219 tanto
2734 3166 3013 3234 naufragio
3052 3169 3225 3223 nudus
3246 3169 3486 3241 eﬁ‘ugere

1880 3259 2111 3326 potuerit
2140 3276 2155 3318 ;
2184 3273 2291 3327 quo
2322 3257 2411 3314 ille
2440 3258 2624 3312 animo
2652 3257 2816 3313 fuerit
2840 3273 2967 3329 erga
3001 3260 3395 3331 navigationem
3431 3272 3485 3319 et

1880 3348 2082 3403 marina
2106 3348 2383 3419 pericula?
2410 3364 2537 3404 num
2563 3348 2654 3403 ille
2676 3349 2903 3404 voluerit
2929 3364 3206 3421 umquam,
3241 3354 3342 3408 nisi
3371 3355 3488 3409 ani-

1879 3442 1949 3496 mi
1977 3443 2048 3496 sit
2074 3441 2361 3497 admodum
2384 3442 2612 3508 strenui,
2634 3443 2719 3513 vel
2744 3442 2891 3509 litus,
2916 3443 3003 3499 vel
3021 3455 3257 3513 portum,
3276 3447 3364 3502 vel
3391 3463 3486 3503 na-

1882 3551 1998 3590 vem
2030 3536 2190 3591 ullam
2220 3535 2537 3603 respicere?
2570 3534 2687 3589 Non
2714 3535 2899 3603 utique
2925 3543 3053 3606 puto
3082 3554 3093 3588 :
3127 3536 3221 3592 sed
3250 3539 3485 3594 occulta-

1879 3636 1966 3681 tus
1985 3627 2202 3695 jacebit,
2234 3628 2377 3682 diem
2402 3628 2452 3681 in
2482 3637 2695 3682 noctem
2716 3635 2955 3693 vertens,
2979 3631 3235 3701 omnique
3261 3647 3357 3701 spe
3387 3633 3483 3687 dc-

1878 3720 2131 3781 stitutus;
2177 3720 2446 3787 maletque
2473 3719 2637 3771 vitam
2666 3717 2946 3773 mendicus
2970 3735 3152 3789 agere,
3178 3736 3335 3791 quam
3370 3724 3482 3792 pri-

1878 3811 2048 3863 stinos
2073 3810 2223 3862 adire
2252 3809 2484 3863 labores.
2517 3811 2586 3863 At
2612 3825 2718 3863 non
2754 3809 2876 3864 talis
2907 3809 3005 3864 fuit
3032 3811 3118 3866 hic
3142 3815 3221 3867 vir
3252 3816 3437 3871 beatus
3470 3836 3485 3873 :

1878 3901 1972 3955 sed
2018 3911 2139 3969 post
2168 3884 2373 3954 tantum
2403 3900 2759 3971 naufragium,
2808 3914 2925 3968 post
2960 3912 3036 3957 tot
3066 3905 3277 3961 labores
3305 3917 3360 3962 et
3389 3923 3483 3963 su-

1877 3991 2061 4058 dores,
2112 4006 2219 4045 non
2264 3992 2457 4046 mansit
2505 3992 2788 4058 occultus;
2840 3992 2932 4047 sed
2994 3996 3173 4051 navim
3225 4001 3479 4067 extraxit,

1876 4085 2235 4153 expausisque
2276 4083 2430 4151 velis,
2480 4092 2535 4139 et
2581 4094 2805 4154 accepto
2851 4087 3239 4156 gubernaculo,
3276 4091 3485 4148 labores

1876 4178 2027 4243 adiit,
2068 4186 2125 4231 et
2167 4175 2399 4245 majores
2442 4192 2601 4247 quam
2656 4177 2803 4247 prius
2846 4178 3060 4235 divitias
3099 4183 3328 4251 adeptus
3377 4198 3477 4239 est.

1878 4267 2030 4335 Quod
2076 4266 2121 4321 si
2167 4276 2314 4321 stare
2368 4277 2423 4321 et
2474 4265 2683 4336 lapsum
2733 4282 2839 4321 non
2884 4284 3100 4339 semper
3140 4272 3325 4339 jacere
3381 4276 3485 4330 mi-

1877 4360 2044 4414 rabile
2075 4368 2177 4424 est,
2212 4358 2391 4414 denuo
2418 4359 2644 4425 excitari
2674 4368 2730 4415 et
2764 4359 2890 4414 talia
2919 4362 3200 4432 perﬁcere,
3232 4376 3366 4436 quot
3394 4382 3487 4424 co-

1877 4454 2023 4509 ronis
2049 4452 2271 4522 dignum
2299 4466 2403 4506 non
2426 4451 2570 4506 erit?
2591 4451 2751 4520 Atqui
2782 4452 2947 4507 multa
2978 4463 3133 4509 erant
3159 4470 3281 4526 qua:
3309 4458 3485 4528 ipsum

1877 4548 1931 4601 in
1969 4546 2400 4613 desperationem
2445 4542 2814 4613 conjicerent?
2865 4546 3061 4615 primo,
3109 4550 3316 4617 peccati
3366 4567 3484 4606 ma-

1872 4638 2095 4707 gnitudo
2118 4634 2420 4701 psecundo,
2450 4634 2594 4704 quod
2623 4650 2729 4691 non
2762 4635 2813 4690 in
2842 4637 3097 4707 primmva
3117 4650 3297 4707 :etate,
3318 4658 3485 4712 quan-

1872 4729 1947 4786 do
1990 4728 2164 4799 major
2204 4736 2321 4782 erat
2354 4740 2481 4797 spes
2521 4728 2867 4789 reversionis,
2902 4729 2995 4785 sed
3028 4730 3338 4789 declinante
3374 4734 3483 4804 jam

1880 4834 2039 4879 artato
2072 4822 2121 4878 id
2149 4836 2338 4891 passus
2365 4832 2541 4877 "esset.
2589 4821 2774 4893 Neque
2802 4826 2946 4879 enim
2982 4836 3269 4894 mercator,
3299 4831 3389 4899 qui
3421 4848 3486 4885 ex

1877 4922 2034 4982 portu
2080 4927 2332 4983 egressus
2376 4916 2556 4969 statim
2600 4914 2936 4986 naufragium
2988 4918 3206 4986 patitur,
3262 4923 3488 4990 perinde

1877 5005 2103 5059 afﬁcitur
2150 5004 2357 5071 dolore,
2412 5015 2572 5075 atque
2619 5006 2663 5060 is
2707 5008 2795 5076 qui
2843 5018 2967 5078 post
2998 5012 3194 5066 multas
3242 5027 3486 5084 peractas

1880 5098 2269 5165 negotiationes
2325 5100 2376 5152 in
2420 5100 2699 5168 scopulum
2745 5100 3014 5173 impingit.
3069 5104 3287 5172 Tertio,
3342 5111 3484 5177 quod

1881 5200 1997 5259 post
2030 5200 2203 5244 tantas
2247 5190 2504 5245 collectas
2552 5192 2767 5247 divitias
2812 5193 2864 5249 id
2911 5211 3100 5263 passus
3136 5199 3207 5253 sit
3241 5218 3253 5252 :
3283 5202 3481 5256 etenim

1879 5300 1984 5338 non
2017 5299 2191 5350 parvae
2220 5283 2292 5337 illi
2327 5294 2453 5337 tunc
2478 5284 2703 5340 aderant
2740 5289 3003 5341 mercium
3031 5291 3293 5356 sarcime;
3331 5310 3482 5347 nem-

1880 5389 1947 5443 pe
1983 5373 2071 5429 illa
2101 5389 2221 5443 qua:
2252 5375 2301 5426 in
2337 5374 2585 5442 prinueva
2618 5387 2776 5447 aetate
2806 5388 3074 5447 gesserat,
3128 5397 3252 5437 cum
3306 5394 3487 5453 pastor

1878 5476 2056 5531 esset;
2108 5482 2284 5536 pugna
2326 5478 2515 5523 contra
2572 5469 2905 5539 Goliathum,
2972 5490 3095 5529 cum
3142 5478 3486 5546 splendidum

1878 5562 2049 5616 erexit
2077 5571 2335 5629 tropaeum
2370 5580 2382 5613 :
2419 5563 2755 5632 philosophia
2790 5566 2877 5619 illa
2908 5582 3066 5636 quam
3093 5569 3335 5626 exhibuit
3358 5588 3485 5643 erga

1877 5652 2113 5708 Saftiem.
2135 5652 2505 5722 Evangelicam
2537 5654 2679 5707 enim
2707 5657 2944 5711 OStendit
2966 5660 3483 5728 magnanimitatem,

1878 5759 1999 5798 cum
2047 5745 2349 5799 sexcenties
2390 5744 2598 5812 hostem
2646 5762 2757 5813 pra:
2797 5749 3044 5804 manibus
3084 5750 3349 5817 habuerit,
3398 5755 3483 5809 cui

1882 5849 2095 5905 semper
2120 5836 2393 5905 pepercit;
2428 5836 2721 5907 maluitquc
2745 5841 2988 5908 patriam,
3023 5842 3347 5913 libertatem,
3373 5843 3482 5902 imo
