4110 6306
652 303 754 357 M5

654 424 810 469 vitam
841 415 1106 479 amittere,
1135 429 1293 486 quam
1324 413 1421 468 sibi
1467 415 1661 484 injuste
1703 414 2032 468 insidiantem
2056 413 2227 467 inter-

653 508 832 562 licere.
856 502 984 558 Post
1010 504 1257 574 adeptum
1285 520 1495 575 quoque
1515 519 1732 574 regnum
1759 518 1862 556 non
1894 518 2051 571 parva
2085 513 2229 556 recte

653 597 841 666 gessit.
890 597 1062 666 Supra
1108 595 1416 650 memoratis
1461 595 1700 650 addemla
1726 593 1840 662 ejus
1875 592 2014 662 apud
2041 606 2228 646 omnes

647 686 990 753 existimatio,
1025 701 1145 740 nam
1172 685 1313 758 quod
1341 701 1371 740 a
1403 694 1546 741 tanta
1573 685 1734 756 gloria
1761 684 2063 749 excidisset,
2120 699 2224 738 non

651 792 868 844 parvum
917 776 1077 831 animi
1118 787 1318 832 motum
1364 778 1598 833 excitare
1641 784 1869 847 poterat.
1922 775 2037 830 Non
2082 775 2223 831 enim

649 876 852 922 tantum
882 867 1104 921 ornabat
1132 881 1378 936 purpura:
1399 867 1582 928 decus.
1607 875 1860 939 quantum
1887 866 2090 937 pudore
2112 865 2224 921 suf-

648 957 896 1013 fundebat
927 958 1124 1028 peccati
1153 959 1281 1012 tanti
1309 959 1533 1014 macula.

714 1048 767 1103 8.
809 1046 970 1104 Scitis
1020 1064 1180 1119 porro
1231 1066 1389 1118 quam
1437 1065 1675 1105 amarum
1721 1051 1790 1104 sit
1835 1064 1955 1105 cum
2008 1059 2221 1119 peccata

645 1139 981 1210 evnlgantur,
1032 1151 1084 1194 et
1129 1149 1326 1210 quanto
1367 1141 1436 1194 sit
1478 1156 1611 1210 opus
1649 1142 1846 1205 animo,
1882 1149 1995 1195 uta
2041 1139 2223 1193 multis

642 1244 921 1291 accusatus
960 1236 1058 1299 vir,
1108 1243 1291 1304 totque
1338 1233 1539 1290 habens
1579 1235 1838 1290 scelerum
1885 1243 2070 1300 testes,
2116 1248 2221 1286 non

645 1340 860 1395 prorsus
886 1325 1151 1380 concidat.
1184 1329 1429 1379 Attamen
1457 1334 1705 1381 strenuus
1744 1324 1831 1378 ille
1858 1327 1959 1391 vir,
1989 1325 2090 1377 tela
2125 1325 2215 1377 ist-

643 1417 757 1472 hmc
786 1417 960 1470 omnia
999 1416 1068 1470 ab
1098 1416 1272 1469 anima
1301 1431 1392 1468 sua
1421 1415 1634 1480 evulsit,
1678 1414 1975 1483 deindeque
2006 1415 2073 1466 ita
2107 1414 2218 1467 ela-

641 1509 766 1571 ruit,
814 1507 883 1562 ita
927 1507 1159 1562 maculas
1202 1507 1370 1572 eluit,
1414 1507 1485 1560 ita
1545 1505 1769 1560 mundus
1807 1505 2088 1575 apparuit,
2162 1513 2217 1556 ut

639 1600 797 1653 etiam
848 1610 965 1668 post
1014 1607 1238 1651 mortem
1283 1607 1534 1667 nepotum
1562 1612 1780 1653 suorum
1816 1606 2032 1667 peccata
2061 1597 2215 1651 abte.

637 1699 787 1759 geret
814 1706 828 1743 :
858 1698 910 1744 et
935 1690 1074 1758 quod
1107 1689 1174 1744 de
1205 1689 1509 1744 Abrahamo
1535 1690 1746 1744 dixerat
1771 1689 1926 1752 Deus,
1976 1688 2027 1742 id
2056 1688 2215 1742 etiam

635 1783 702 1837 de
747 1783 836 1836 illo
883 1781 1176 1851 proferret;
1219 1783 1324 1836 imo
1370 1783 1534 1836 multo
1578 1784 1744 1851 magis
1785 1781 1852 1836 de
1887 1781 2106 1836 Davide.
2143 1781 2218 1835 De

637 1874 934 1943 patriarcha
977 1875 1118 1928 enim
1157 1874 1230 1926 ait
1281 1892 1292 1927 :
1342 1872 1651 1927 Recordatns
1673 1889 1783 1926 sum
1815 1873 2095 1926 testamenti
2122 1874 2218 1925 mei

633 1966 768 2033 quod
797 1967 892 2035 fuit
920 1966 988 2018 ad
1011 1965 1264 2018 Abraham
1289 1963 1480 2034 (Exod.
1504 1964 1558 2017 2.
1584 1963 1712 2031 2i);
1742 1962 1827 2017 hic
1854 1977 1981 2018 vero
2010 1977 2113 2016 non
2136 1963 2215 2015 lo-

634 2055 812 2123 quitur
835 2055 904 2109 de
933 2063 1253 2111 testamento
1287 2071 1300 2107 :
1331 2055 1424 2108 sed
1455 2053 1619 2123 quid?
1651 2052 1869 2122 Propter
1900 2053 2066 2106 David
2087 2070 2214 2121 pue-

634 2162 748 2199 rum
787 2161 951 2197 meum
996 2155 1254 2215 protegam
1299 2145 1428 2198 hanc
1470 2145 1718 2198 civitatem
1763 2145 1782 2213 (
1803 2141 1930 2198 Isai.
1964 2145 2051 2199 37.
2080 2145 2148 2199 55
2171 2142 2208 2214 ).

630 2237 966 2289 Salomonem
992 2234 1151 2288 etiam
1179 2235 1268 2303 qui
1301 2243 1442 2287 tanta
1479 2231 1678 2288 scelera
1702 2233 1941 2300 admisit,
1969 2233 2039 2289 ob
2063 2247 2212 2288 suam

632 2340 757 2395 erga
805 2325 1053 2379 Dat-idem
1094 2325 1517 2381 benevolentiam
1569 2340 1676 2380 non
1715 2326 1957 2396 permisit
2004 2325 2144 2380 Deus
2185 2341 2215 2381 e

633 2430 796 2486 regno
834 2415 1100 2470 excidere.
1154 2415 1430 2483 Tantaque
1469 2425 1584 2470 erat
1617 2416 1715 2469 viri
1763 2415 2108 2478 existimatio,
2160 2424 2217 2469 ut

634 2515 748 2574 post
782 2516 855 2558 tot
893 2519 1060 2559 annos
1105 2505 1292 2560 Petrus
1333 2506 1385 2560 in
1419 2507 1674 2561 concione
1716 2507 1784 2560 ad
1821 2505 2034 2561 Judzcos
2073 2507 2213 2560 dieeo

633 2609 716 2653 ret
753 2613 767 2651 :
802 2596 970 2651 Liceat
1010 2598 1255 2651 audenter
1280 2598 1446 2652 dicere
1485 2597 1554 2651 ad
1583 2613 1666 2651 vos
1695 2597 1758 2652 de
1786 2598 2076 2667 patriarcha
2100 2597 2212 2650 Da-

631 2689 735 2754 vid,
770 2688 1004 2757 quoniam
1050 2688 1312 2754 defunctus
1347 2696 1418 2741 est
1465 2697 1512 2741 et
1567 2688 1790 2758 sepultus
1846 2687 1980 2758 (Act.
2010 2685 2062 2743 2.
2093 2687 2208 2757 29).

628 2765 873 2834 Christus
925 2795 1136 2850 quoque
1186 2779 1399 2834 Iudaeos
1450 2778 1751 2848 alloquens,
1806 2778 2041 2834 ostendit
2090 2795 2209 2834 eum

630 2871 789 2924 etiam
832 2878 951 2940 post
993 2879 1268 2939 peceatum
1313 2871 1383 2924 ita
1429 2870 1659 2938 Spiritus
1703 2871 1870 2938 gratia
1913 2869 2208 2940 dignatum,

631 2974 684 3016 ut
732 2963 892 3016 etiam
941 2960 1008 3016 de
1059 2961 1224 3030 ipsius
1270 2960 1544 3016 divinitate
1591 2960 1922 3030 prophetiam
1971 2961 2213 3016 emittere

631 3053 881 3108 meruerit
932 3069 945 3106 :
991 3050 1220 3121 indeque
1265 3051 1498 3120 ipsorum
1526 3065 1620 3106 ora
1647 3052 1904 3106 obturans
1951 3052 2158 3106 dicebat
2195 3069 2206 3104 :

634 3143 898 3212 Quomodo
940 3159 1058 3214 ergo
1097 3141 1264 3196 David
1305 3143 1358 3196 in
1399 3143 1581 3212 spiritu
1603 3151 1747 3197 vocat
1774 3159 1887 3196 eum
1914 3142 2208 3206 Dominum,

628 3238 817 3302 dicens,
864 3234 1005 3289 Dixit
1048 3233 1289 3288 Dominus
1337 3233 1556 3288 Domino
1597 3251 1737 3298 meo,
1782 3233 1916 3288 Sede
1960 3250 1992 3286 a
2020 3235 2210 3288 dextris

627 3328 747 3380 meis
782 3324 990 3396 (Matth.
1018 3324 1110 3378 ἓξ.
1143 3325 1280 3394 ιόγί
1309 3324 1377 3378 Et
1400 3325 1536 3393 quod
1572 3327 1621 3378 in
1645 3325 1822 3396 Moyse
1849 3323 2044 3379 factum
2085 3334 2167 3380 est
2192 3367 2207 3392 ,

629 3415 730 3469 huc
757 3416 914 3468 etiam
945 3414 996 3467 in
1025 3413 1243 3468 Davide.
1291 3411 1747 3478 Quemadmodum
1791 3416 1932 3468 enim
1967 3413 2206 3480 Mariam,

626 3506 790 3559 invito
819 3505 977 3560 etiam
1005 3503 1203 3575 Moyse,
1231 3505 1509 3574 castigavit
1555 3505 1712 3572 Deus,
1735 3520 1800 3559 eo
1826 3505 1966 3575 quod
1990 3506 2207 3560 fratrem

1389 304 1445 358 S.
1485 301 1762 358 ,ιοιιΝῖηε
1798 297 2268 358 CHRYSOSTOMI
2305 297 2617 354 ARClllEl’.
2659 294 3192 352 CONSTANTINOP.

3819 304 3916 360 3M

2336 415 2663 472 contumelia
2684 414 2970 477 affecisset,
2996 416 3120 485 quia
3146 430 3342 485 nempe
3365 424 3614 469 sancitum
3639 413 3794 469 illum
3819 415 3914 469 ad-

2337 508 2556 560 modum
2586 506 2840 578 diligebat
2871 524 2884 560 :
2917 507 3016 568 sic,
3049 516 3105 560 et
3134 507 3237 561 hoc
3270 507 3510 571 nolente,
3543 505 3714 560 lilium
3744 505 3917 560 rebel-

2333 599 2437 652 lem
2461 599 2607 654 ultus
2634 611 2736 654 est.
2762 598 2886 653 ll:ec
2910 615 3033 653 cum
3055 599 3195 662 aliis,
3230 599 3342 652 imo
3369 615 3479 668 pra:
3505 599 3645 664 aliis,
3679 599 3780 652 viri
3810 599 3918 650 vir-

2333 699 2500 744 tutem
2537 693 2666 747 satis
2705 691 2995 746 declarant.
3045 688 3176 743 Nam
3211 705 3338 743 cum
3376 689 3516 745 Deus
3548 689 3654 744 fert
3689 698 3916 744 senten-

2333 779 2481 839 tiam.
2514 780 2650 834 nihil
2678 781 2816 834 ultra
2848 780 3260 847 exp'oraudum.
3298 779 3356 833 Si
3389 779 3552 834 vultis
3586 787 3774 833 autem
3802 778 3914 846 ejus

2331 865 2716 936 philosophiam
2759 863 3058 918 minutatim
3089 862 3356 929 ediscere,
3395 863 3520 918 licet
3546 862 3916 932 percurrenti-

2329 956 2426 1012 hus
2478 955 2750 1010 historiam
2807 968 2992 1010 eorum
3039 969 3156 1022 quia:
3203 963 3323 1022 past
3368 961 3646 1022 peccatum
3699 950 3916 1020 gessit,

2327 1049 2508 1104 videre
2551 1059 2798 1116 quantam
2847 1045 2935 1098 ille
2973 1043 3110 1112 apud
3144 1045 3305 1097 Deum
3349 1041 3594 1097 fiduciam
3623 1042 3914 1104 habuerit,

2325 1148 2520 1209 quanta
2559 1138 2677 1206 ejus
2719 1135 3089 1192 benemlentia
3126 1135 3375 1206 dignatus
3415 1135 3505 1199 sit,
3553 1142 3818 1204 quantum
3863 1132 3913 1184 in

2326 1233 2519 1287 virtute
2540 1231 2844 1299 profecerit,
2873 1245 3032 1300 quam
3059 1238 3207 1286 recte
3234 1228 3301 1284 a’d
3330 1228 3572 1283 ultimum
3602 1242 3778 1296 usque
3807 1226 3916 1295 spi-

2324 1324 2482 1378 ritum
2503 1322 2713 1376 vixerit.
2745 1322 2838 1377 llis
2865 1323 3026 1392 igitur
3045 1319 3308 1390 exemplis
3334 1319 3580 1382 instituti,
3601 1318 3911 1386 vigilemus,

2322 1427 2711 1482 caveamusque
2739 1428 2806 1467 ne
2836 1412 3082 1467 labamur
3113 1428 3128 1465 :
3167 1409 3309 1482 quod
3337 1412 3381 1464 si
3408 1408 3621 1480 quando
3647 1407 3757 1462 labi
3785 1421 3916 1462 cono

2322 1506 2509 1574 tingat,
2557 1519 2626 1559 ne
2673 1504 2922 1573 prostrati
2955 1503 3247 1572 jaceamus.
3306 1502 3486 1572 Neque
3525 1503 3667 1554 enim
3692 1509 3912 1570 peccata

2324 1595 2537 1649 Davidis
2565 1597 2808 1664 exposui,
2851 1603 2909 1649 ut
2937 1610 3031 1649 vos
3063 1594 3112 1648 in
3140 1595 3419 1664 segnitiem
3447 1593 3730 1662 conjiciam
3756 1607 3773 1655 ;
3817 1591 3912 1645 sed

2322 1695 2379 1740 ut
2409 1686 2652 1741 timorem
2681 1687 2954 1741 incutiam.
2990 1685 3122 1740 Nam
3153 1686 3196 1740 si
3224 1685 3399 1754 justus
3431 1684 3542 1752 ille,
3570 1685 3696 1754 quia
3726 1698 3914 1753 parum

2321 1778 2585 1847 neglexit,
2636 1785 2712 1832 tot
2753 1778 2964 1847 excepit
3006 1778 3247 1843 vulnera,
3298 1775 3424 1847 quid
3464 1777 3675 1846 passuri
3726 1789 3916 1829 sumus

2321 1884 2438 1936 nos,
2467 1871 2555 1940 qui
2583 1869 2818 1940 quotidie
2847 1884 3037 1938 segnes
3064 1870 3292 1924 sumus?
3334 1867 3410 1924 Ne
3434 1869 3640 1939 cogites
3679 1882 3813 1937 ergo
3841 1867 3916 1921 la-

2321 1978 2472 2034 psum
2514 1963 2658 2016 illum
2695 1977 2836 2026 esse,
2869 1971 2925 2016 ut
2973 1963 3094 2016 hinc
3137 1962 3411 2031 negligens
3435 1960 3673 2018 evadas:
3708 1959 3806 2015 sed
3834 1969 3911 2011 te.-

2319 2068 2438 2109 cum
2470 2062 2655 2122 reputa
2685 2063 2814 2123 quot
2837 2064 3137 2122 quantaque
3164 2062 3347 2121 postea
3382 2051 3583 2114 fecerit,
3639 2058 3777 2120 quot
3822 2052 3914 2105 lle-

2320 2156 2424 2211 tus,
2456 2154 2709 2216 quantam
2750 2146 3116 2214 paenitentiam
3164 2153 3317 2198 nocte
3351 2143 3543 2213 dieque
3569 2142 3914 2208 exhibuerit,

2317 2237 2491 2292 fontes
2533 2237 2888 2308 laerymarum
2940 2237 3211 2302 emittens,
3261 2235 3430 2304 iisque
3479 2235 3665 2290 lavans
3717 2234 3911 2289 lectum

2316 2345 2501 2392 suum;
2552 2339 2606 2384 et
2643 2329 2755 2382 hzcc
2801 2342 2957 2382 sacco
3008 2327 3244 2381 indutus.
3300 2325 3355 2381 Si
3397 2334 3574 2379 autem
3623 2325 3716 2380 ille
3765 2310 3910 2379 tanta

2317 2421 2522 2490 eguerit
2551 2415 3055 2488 eonversiorTe;~qiia
3088 2417 3295 2471 ratione
3325 2416 3617 2486 poterimus
3645 2429 3748 2469 nos
3771 2418 3911 2469 salu-

2319 2523 2423 2568 tem
2455 2512 2729 2581 censequi,
2779 2521 2900 2580 post
2940 2519 3018 2564 tot
3049 2520 3264 2579 peccata
3298 2509 3447 2562 nullo
3472 2507 3785 2577 compuncti
3814 2505 3909 2560 do-

2316 2601 2467 2659 lore?
2496 2602 2625 2656 Nam
2658 2602 2744 2672 qui
2793 2600 2973 2654 multis
3001 2601 3256 2668 Operibus
3284 2598 3440 2654 bonis
3467 2600 3762 2653 instructus
3809 2607 3909 2660 est,

2316 2695 2468 2750 facile
2510 2695 2676 2764 possit
2725 2694 2850 2748 hinc
2891 2703 3107 2763 peccata
3153 2708 3248 2747 sua
3277 2692 3532 2762 obtegere
3563 2707 3578 2744 :
3609 2691 3703 2760 qui
3730 2699 3910 2743 autem

2317 2786 2488 2842 nudus
2530 2795 2633 2851 est,
2680 2798 3015 2854 quocumque
3055 2784 3161 2838 telo
3199 2784 3510 2852 impetatur,
3542 2782 3761 2837 letalem
3795 2779 3910 2850 pla-

2315 2893 2433 2947 gam
2465 2877 2678 2944 accipit.
2730 2874 2808 2929 Ne
2836 2874 2994 2944 igitur
3021 2873 3121 2927 hoc
3151 2874 3378 2938 accidat,
3412 2888 3512 2927 nos
3540 2871 3700 2926 bonis
3727 2871 3909 2942 operi-

2315 2969 2414 3025 bus
2442 2971 2457 2999 ¹
2508 2967 2830 3032 muniamus,
2882 2977 2937 3021 et
2980 2967 3024 3020 si
3066 2965 3208 3034 quod
3250 2975 3530 3035 peccatum
3557 2963 3907 3026 admittatur,

2314 3057 2596 3114 confestim
2625 3072 2724 3112 nos
2753 3057 3068 3119 abluamus;
3104 3067 3160 3110 ut
3191 3055 3290 3110 hac
3327 3055 3432 3109 vita
3463 3055 3529 3109 ad
3561 3054 3654 3109 Dei
3682 3054 3911 3125 gloriam

2314 3159 2551 3221 peracta,
2599 3150 2773 3204 futura
2806 3149 2892 3203 illa
2928 3148 3167 3203 fruamur
3193 3149 3300 3202 vita
3332 3165 3345 3200 :
3374 3162 3534 3216 quam
3577 3161 3677 3201 nos
3718 3159 3912 3201 omnes

2312 3242 2532 3310 assequi
2563 3241 2856 3311 contingat.
2885 3239 3051 3309 gratia
3080 3248 3134 3294 et
3155 3238 3482 3309 benignitate
3507 3238 3718 3292 Domini
3741 3239 3910 3292 nostri

2311 3332 2436 3387 .lesu
2468 3331 2688 3398 Christi,
2718 3331 2802 3386 cui
2823 3331 2997 3401 gloria
3025 3339 3080 3385 et
3107 3331 3390 3399 imperium
3421 3330 3474 3383 in
3503 3329 3702 3383 secula
3732 3342 3908 3383 szecu-

2316 3426 2510 3477 lut‘ttm.
2545 3426 2737 3477 Amen.

2379 3516 2395 3545 ¹
2436 3513 2490 3562 1η
2513 3512 2676 3561 Morel.
2702 3511 2824 3571 solo,
2843 3510 2920 3559 hac
2946 3523 3108 3569 voces,
3133 3509 3265 3560 bonis
3285 3507 3528 3571 operibus,
3551 3508 3785 3559 demat.

1697 3733 2043 3796 HOMILIA
2093 3735 2358 3797 XXVII.
2404 3734 2489 3796 al.
2538 3732 2835 3793 XXVIII.

626 3854 752 3906 lite.
812 3855 860 3905 8.
917 3867 966 3904 γ.
1020 3852 1104 3906 Ν.
1161 3850 1226 3904 Et
1277 3867 1391 3904 cum
1447 3852 1659 3905 venisset
1699 3850 1846 3907 Iesus
1891 3857 1944 3907 in
2002 3855 2206 3908 domum

701 3943 858 4004 l’elri,
904 3943 1025 3995 vidit
1063 3959 1260 3996 socrum
1305 3947 1414 4012 ejus
1449 3944 1699 4010 jacentem
1725 3953 1770 3998 et
1805 3947 2207 4016 febricitantem:

701 4035 779 4088 l3.
824 4043 869 4084 et
909 4035 1065 4102 tetigit
1097 4049 1300 4084 umnam
1340 4038 1470 4102 ejus,
1501 4043 1547 4086 et
1573 4036 1774 4105 reliquit
1804 4053 1914 4091 eam
1944 4038 2096 4107 febris
2119 4055 2137 4092 :
2163 4050 2208 4092 ct

695 4125 910 4176 surrexit
939 4133 983 4174 et
1013 4123 1323 4176 ministrabat
1350 4124 1414 4176 ei.

698 4216 748 4266 l.
795 4213 1000 4266 Marcus
1048 4223 1102 4265 ut
1145 4221 1354 4281 tempus
1402 4213 1763 4282 significaret,
1801 4215 1973 4280 dixit,
2026 4216 2210 4269 Statim

625 4302 830 4372 (Mere.
866 4304 914 4357 l.
946 4303 1005 4357 5|
1031 4304 1082 4371 )z
1121 4303 1208 4357 hic
1239 4317 1362 4356 vero
1406 4304 1613 4372 signum
1649 4307 1983 4360 solummodo
2017 4310 2209 4375 posuit,

629 4408 941 4464 tempusque
971 4410 1073 4448 non
1103 4394 1323 4448 notavit.
1355 4395 1456 4448 Alii
1483 4405 1658 4449 autem
1688 4395 1888 4464 dicunt,
1908 4414 2105 4468 a-gram
2128 4400 2214 4454 de-

627 4487 965 4539 rumbentem
1013 4500 1230 4555 rogasse
1278 4485 1423 4539 illum
1465 4504 1475 4538 :
1524 4487 1609 4541 hic
1659 4503 1818 4557 porro
1873 4490 1997 4544 illud
2053 4494 2210 4546 etiam

628 4577 810 4632 tacuit.
860 4576 913 4629 ln
957 4591 1058 4645 qua
1099 4591 1156 4629 re.
1187 4587 1360 4631 tamen
1412 4579 1552 4631 nulla
1588 4582 1668 4631 eSt
1695 4579 2084 4649 discrepantia;
2117 4585 2210 4638 sed

626 4669 768 4721 aliud
810 4677 894 4721 est
939 4667 1232 4733 brevitatis,
1277 4669 1418 4722 aliud
1462 4671 1712 4738 plenioris
1741 4675 2077 4728 narrationis.
2105 4674 2210 4730 Sed

630 4777 724 4814 cur
755 4764 1025 4831 ingressus
1053 4762 1211 4815 estin
1257 4761 1470 4814 domum
1516 4763 1695 4815 Petri?
1733 4764 1853 4816 Mihi
1886 4765 2096 4833 quidem
2131 4770 2210 4822 vi-

631 4852 783 4905 detur
811 4893 828 4918 ,
859 4859 917 4905 ut
958 4851 1136 4905 cibum
1177 4861 1413 4906 sumeret
1444 4871 1456 4904 :
1487 4853 1534 4906 id
1581 4853 1721 4922 quod
1768 4854 2046 4923 signiﬁcat,
2089 4873 2207 4912 cum

629 4945 703 4994 ait
732 4959 743 4994 :
777 4941 1028 5007 Surrexit,
1061 4952 1107 4994 et
1138 4943 1450 4996 ministrabat
1486 4945 1549 4997 ei.
1581 4943 1709 4997 Nam
1751 4945 1886 5013 apud
1925 4946 2211 5016 discipulos

629 5032 948 5097 divertebat,
983 5040 1112 5087 utet
1139 5033 1276 5103 apud
1307 5033 1628 5100 Mattbzeum,
1653 5037 1864 5104 quando
1888 5036 2030 5091 illum
2059 5055 2211 5092 voca-

631 5129 724 5190 vit,
750 5129 952 5179 honore
982 5125 1099 5179 illos
1119 5127 1358 5180 alliciens
1388 5136 1442 5179 ut
1462 5129 1804 5181 studiosiores
1836 5129 2097 5182 redderet.
2131 5133 2208 5185 'l‘n

638 5233 761 5270 vero
791 5216 875 5271 hic
900 5216 1028 5270 mibi
1056 5218 1362 5272 consideres
1391 5221 1544 5273 velim
1576 5219 1713 5272 Petri
1740 5235 1861 5288 erga
1887 5221 2033 5274 illum
2063 5239 2209 5276 reve-

633 5307 877 5363 rentiam.
910 5307 1039 5363 Cum
1082 5309 1221 5364 enim
1252 5325 1464 5365 socrum
1510 5310 1727 5366 haberet
1765 5312 1907 5364 dumi
1948 5313 2208 5380 jaceutem

635 5411 684 5451 et
712 5399 994 5455 admodum
1030 5399 1438 5466 febricitantem,
1479 5418 1583 5456 non
1627 5404 1784 5456 traxit
1823 5418 1944 5458 eum
1972 5404 2208 5472 domum,

635 5491 728 5544 sed
776 5493 1102 5561 exspectavit
1145 5493 1318 5549 donec
1355 5494 1609 5550 doctrinae
1643 5498 1946 5564 praedicatio
1971 5498 2212 5554 abSoIve-

635 5594 804 5646 retur,
845 5586 1130 5655 exterique
1169 5601 1354 5640 omnes
1399 5597 1734 5648 sanarentur.
1766 5597 1818 5644 et
1843 5599 1967 5642 tunc
1997 5589 2208 5643 demum

636 5665 757 5725 cum
788 5674 1055 5740 intrasset,
1086 5675 1231 5729 illutn
1262 5679 1482 5745 rogavit.
1510 5677 1594 5729 Sic
1623 5677 1687 5730 ab
1708 5680 1858 5734 initio
1895 5681 2202 5734 institueba-

2316 3864 2415 3917 tur,
2446 3864 2505 3907 ut
2536 3869 2619 3908 res
2658 3853 2885 3906 aliorum
2922 3853 3031 3907 suis
3057 3862 3427 3922 anteponeret.
3454 3853 3636 3925 Itaque
3666 3872 3775 3910 non
3807 3849 3910 3905 Pe-

2316 3956 2426 4000 trus
2453 3947 2623 4014 ipsmn
2644 3944 2876 4006 induxit,
2900 3942 2993 3996 sed
3011 3944 3123 4012 ipse
3144 3955 3337 4013 sponte
3354 3945 3591 4013 intravit,
3624 3959 3909 4018 postquam

2313 4038 2555 4091 centurio
2577 4037 2781 4090 dixerat
2813 4054 2823 4086 :
2855 4032 2973 4088 Non
2994 4051 3105 4086 sum
3123 4038 3327 4103 dignus,
3355 4047 3408 4088 ul
3429 4038 3585 4092 intres
3603 4039 3700 4092 sub
3723 4050 3910 4093 tectum

2317 4142 2517 4188 incum;
2557 4127 2836 4180 declarans
2891 4136 3145 4194 quantum
3190 4126 3576 4196 gratificaretur
3616 4129 3888 4200 discipulo

2319 4219 2473 4288 Atqui
2501 4219 2806 4274 consideres
2837 4220 2994 4274 velim
3024 4221 3210 4288 quales
3232 4229 3415 4274 essent
3450 4220 3778 4290 piscatorum
3811 4223 3907 4276 ho-

2318 4327 2499 4365 rumce
2522 4312 2693 4375 ardes;
2726 4320 2958 4366 attamen
2990 4311 3041 4365 in
3092 4313 3303 4368 illorum
3333 4315 3538 4385 tuguria
3570 4315 3777 4370 intrare
3805 4333 3906 4372 non

2315 4404 2627 4474 dedignatus
2656 4415 2769 4464 est:
2796 4420 2902 4474 quo
2925 4421 3020 4460 nos
3041 4405 3263 4462 doceret
3289 4415 3347 4461 nt
3371 4407 3423 4461 in
3446 4407 3697 4475 omnibus
3712 4407 3908 4464 fastum

2318 4497 2579 4551 Calcemtts
2611 4499 2919 4550 humanum.
2971 4497 3034 4550 Et
3062 4497 3222 4551 modo
3250 4498 3466 4569 quidem
3495 4499 3674 4554 verbis
3703 4510 3907 4556 tantum

2318 4598 2487 4650 sanat,
2525 4589 2681 4642 modo
2720 4603 2936 4644 manum
2978 4591 3223 4660 porrigit,
3256 4591 3418 4646 modo
3449 4601 3737 4664 utrumque
3771 4610 3905 4664 pra:-

2317 4686 2439 4739 stat,
2475 4678 2789 4732 medicinam
2818 4677 2888 4731 ob
2920 4679 3106 4733 oculos
3131 4678 3352 4734 ducens.
3385 4679 3501 4735 Non
3521 4682 3666 4736 enim
3695 4683 3906 4740 Volebat

2318 4785 2528 4838 semper
2576 4769 2836 4839 stupendo
2878 4771 3037 4825 modo
3089 4772 3341 4825 miracula
3389 4774 3572 4828 edere.
3613 4775 3904 4844 Oportebat

2316 4864 2508 4930 quippe
2533 4863 2740 4916 interim
2764 4863 2949 4924 latere,
2974 4864 3204 4917 maxime
3224 4866 3580 4933 prmsentibus
3603 4865 3901 4938 discipulis,

2317 4955 2403 5023 qui
2435 4969 2496 5006 ex
2532 4955 2691 5008 nimio
2731 4955 2926 5023 gaudio
2953 4956 3125 5010 omnia
3165 4957 3563 5024 pnedicassent.
3599 4959 3734 5014 illud
3784 4978 3905 5016 vero

2317 5047 2436 5100 hinc
2468 5049 2632 5114 palmi
2662 5057 2763 5112 est,
2797 5049 2936 5116 quod
2971 5060 3245 5119 postquam
3295 5054 3527 5106 venisset
3563 5052 3614 5106 in
3645 5063 3902 5120 montem,

2316 5139 2625 5206 prseciperet
2654 5141 2949 5206 discipulis,
2989 5156 3055 5194 ne
3081 5143 3164 5194 cui
3194 5142 3244 5195 id
3275 5143 3534 5198 dicerent.
3555 5143 3758 5216 Tetigit
3783 5164 3902 5216 ergo

2315 5229 2530 5296 curpus‘,
2565 5247 2738 5298 neque
2767 5230 2924 5283 modo
2956 5232 3144 5286 febrim
3177 5235 3454 5294 exstinxit.
3490 5235 3582 5290 sed
3613 5247 3670 5292 et
3704 5239 3901 5294 valetu-

2316 5321 2494 5374 dinem
2538 5322 2692 5389 plene
2733 5323 2999 5377 restituit:
3029 5325 3151 5394 quia
3179 5326 3322 5379 enim
3364 5327 3495 5381 levis
3519 5338 3636 5383 erat
3663 5331 3897 5394 morbus,

2316 5427 2378 5466 ex
2405 5412 2650 5466 medendi
2690 5411 2849 5467 modo
2874 5414 3160 5482 potentiam
3201 5430 3353 5472 suam
3378 5417 3642 5484 ostendit;
3685 5419 3740 5474 id
3769 5419 3900 5491 quod

2315 5517 2402 5556 ars
2433 5503 2707 5558 medicinze
2735 5518 2840 5557 non
2868 5503 3100 5560 fecisset.

2389 5593 2629 5648 Christus
2645 5595 2878 5648 celeriter
2894 5597 3094 5650 morbos
3111 5598 3643 5669 auferebat.—Scitis
3659 5612 3899 5656 cessante

2260 5757 2264 5762 '
2321 5684 2468 5737 febre
2495 5686 2662 5738 multo
2692 5696 2931 5757 tempore
2961 5705 3095 5758 opus
3115 5706 3255 5752 esse,
3293 5702 3347 5744 ut
3371 5693 3494 5762 a‘gri
3527 5691 3578 5746 in
3615 5694 3894 5764 pristinam

3978 5877 3981 5987 Ι
