4110 6306
253 459 616 517 valetudinem
645 455 1014 514 restituantur.
1037 449 1143 508 Sed
1172 459 1297 507 tunc
1318 447 1498 504 omnia
1523 445 1681 501 simul
1707 443 1846 499 facta

251 559 404 608 sunt.
432 549 550 606 Non
591 548 682 604 hic
706 553 884 602 autem
924 543 1124 609 solum,
1157 539 1252 595 sed
1278 539 1438 594 etiam
1471 537 1522 590 in
1551 535 1707 590 mari.
1738 532 1851 588 Illic

251 642 398 697 enim
427 656 532 696 non
563 647 754 694 ventos
784 645 989 691 tantum
1014 647 1072 690 et
1097 638 1468 701 tempestatem
1494 627 1726 688 sedavit,
1753 619 1854 680 sed

253 734 419 789 etiam
440 739 647 787 motum
664 728 916 784 ﬂuctuum
941 727 1121 781 statim
1144 721 1483 792 compressit,
1511 717 1653 788 quod
1676 718 1851 786 ipsum

253 825 418 881 etiam
445 821 718 878 insolitum
743 827 860 874 erat
888 834 904 872 :
933 816 1142 874 etiamsi
1170 814 1314 869 enim
1342 818 1632 882 tempestas
1652 817 1847 872 cesset,

254 916 426 970 multo
453 920 642 984 postea
686 921 932 981 tempore
973 908 1130 964 unda:
1169 906 1449 961 ﬂuctuant.
1487 902 1595 958 Sed
1631 916 1737 956 non
1781 900 1853 955 ita

253 1005 456 1061 Christi
496 1002 666 1074 jussio
705 1009 995 1073 operatur:
1022 999 1204 1056 omnia
1227 998 1371 1054 enim
1401 995 1580 1052 statim
1616 1001 1851 1058 cessant,

256 1105 318 1151 ut
343 1095 398 1151 in
421 1095 644 1152 muliere
669 1094 867 1150 factum
890 1103 994 1150 est.
1021 1092 1088 1148 Et
1107 1091 1211 1147 hoc
1230 1091 1513 1146 declarans
1529 1085 1854 1156 evangelista

251 1188 468 1244 dicebat
492 1205 507 1242 :
534 1187 789 1252 Surrexit,
829 1195 878 1240 et
902 1185 1216 1240 ministrabat
1241 1184 1320 1247 ei;
1344 1181 1486 1252 quod
1512 1178 1714 1235 Christi
1741 1179 1853 1232 vir-

257 1280 389 1334 tutis
415 1278 626 1348 signum
668 1270 821 1343 erat,
855 1291 1067 1332 necnon
1110 1274 1333 1330 aﬂ‘ectus
1377 1271 1641 1336 mulieris,
1691 1284 1852 1340 quem

253 1385 384 1440 erga
411 1370 680 1426 Christum
701 1368 964 1425 exhibuit.
1006 1367 1172 1423 Aliud
1196 1380 1408 1436 quoque
1440 1364 1564 1418 hinc
1594 1361 1853 1448 perspici-

254 1479 398 1529 mus,
432 1477 624 1532 nempe
662 1461 888 1516 aliorum
911 1459 1033 1516 ﬂdei
1065 1459 1338 1516 Christum
1361 1460 1589 1513 aliorum
1615 1455 1852 1511 curatio.

253 1569 379 1608 nem
391 1553 710 1609 concedere.
723 1552 856 1608 Nam
871 1551 956 1607 hic
968 1551 1059 1606 alii
1073 1552 1243 1621 ipsum
1255 1549 1534 1622 rogabant,
1555 1548 1780 1603 utetiam
1800 1548 1853 1602 in

253 1659 425 1716 puero
436 1645 784 1701 centurionis.
802 1643 1119 1713 Hujusmodi
1133 1658 1261 1698 vero
1279 1644 1504 1712 gratiam
1517 1641 1746 1696 aliorum
1761 1655 1853 1696 ro-

249 1749 380 1809 gatu
396 1736 723 1793 concedebat
740 1734 1064 1806 (dummodo
1084 1735 1131 1790 is
1154 1734 1247 1805 qui
1258 1732 1545 1789 curabatur
1560 1729 1852 1803 crederet),

249 1846 378 1886 eum
395 1846 500 1885 non
522 1838 883 1900 poteratseger
895 1833 1067 1900 ipsum
1081 1828 1388 1891 convenire.
1402 1825 1490 1882 vel
1503 1841 1624 1882 cum
1638 1834 1856 1896 propter

253 1923 610 1994 ignorantiam
653 1937 760 1978 non
801 1935 1053 1991 magnum
1073 1920 1203 1990 quid
1233 1917 1501 1975 sentiebat
1522 1917 1591 1974 de
1615 1915 1852 1983 Christo,

251 2014 344 2071 vel
367 2030 489 2070 eum
510 2024 641 2069 aetas
663 2013 791 2083 aegri
813 2012 1093 2067 immatura
1119 2020 1254 2067 erat.
1305 2009 1395 2066 16.
1451 2009 1671 2081 Vespere
1688 2017 1856 2064 autem

253 2108 416 2176 facta,
442 2104 730 2158 obtulerunt
758 2103 804 2158 ei
832 2102 1019 2158 multos
1037 2103 1290 2158 immania
1319 2101 1574 2166 habentes,
1603 2109 1651 2157 et
1687 2102 1856 2173 ejicie-

251 2195 342 2249 bat
363 2195 570 2264 spiritus
594 2210 769 2250 eorum
793 2194 857 2248 ab
885 2195 957 2248 eis
979 2194 1147 2261 verbo,
1183 2203 1233 2248 et
1257 2209 1430 2248 omnes
1464 2194 1596 2248 male
1620 2192 1857 2248 habentes

251 2287 484 2349 curabat,
519 2288 604 2342 I7.
634 2295 691 2340 ut
705 2286 1066 2360 adimpleretur
1085 2285 1221 2355 quod
1238 2285 1429 2339 dictum
1445 2297 1516 2339 est
1543 2301 1634 2354 per
1663 2282 1857 2340 Isaiam

253 2379 561 2449 prophetam
583 2393 602 2431 :
627 2375 752 2446 Ipse
767 2377 1091 2445 inﬁrmitates
1117 2385 1318 2431 nostras
1337 2377 1550 2446 accepit,
1577 2385 1624 2431 et
1648 2376 1858 2446 agritu-

252 2469 402 2524 dines
427 2468 645 2539 portavit
665 2469 685 2534 (
701 2468 832 2522 lsai.
856 2469 946 2524 53.
977 2469 1064 2538 ι).
1095 2468 1280 2524 Viden‘
1309 2467 1661 2524 multitudinis
1695 2467 1854 2523 Iidem

251 2561 512 2632 deinceps
541 2561 862 2617 adauctam?
890 2560 1074 2630 Neque
1098 2562 1264 2626 enim,
1295 2572 1520 2633 urgente
1566 2563 1690 2617 licet
1716 2570 1854 2618 tem-

254 2667 410 2722 pore,
439 2652 693 2708 recedere
725 2653 1001 2716 volebant,
1031 2667 1207 2722 neque
1234 2651 1669 2722 intempestivum
1699 2662 1851 2722 puta-

256 2745 387 2801 bant
415 2745 460 2801 si
502 2760 727 2814 vespere
763 2753 995 2815 :egrotos
1039 2759 1168 2801 suos
1208 2745 1558 2801 adducerent.
1601 2746 1679 2800 Tu
1732 2761 1858 2801 vero

255 2835 392 2890 mihi
447 2835 739 2907 perpende,
789 2843 1044 2904 quantam
1099 2835 1494 2890 multitudinem
1548 2851 1733 2891 eorum
1765 2837 1856 2905 qui

253 2930 543 2985 sanitatem
572 2936 896 2998 acceperunt
924 2935 1335 2997 prmtereurrant
1355 2927 1716 2996 evangelistzn,
1749 2943 1855 2982 non

254 3021 531 3092 sigillatim
571 3031 937 3083 recensentes,
979 3020 1073 3074 sed
1118 3033 1225 3074 uno
1265 3019 1430 3074 verbo
1474 3019 1856 3074 miraculorum

257 3113 480 3184 pelagus
527 3113 848 3168 immensum
893 3110 1210 3168 referentes.
1254 3111 1459 3166 Deinde
1506 3126 1575 3166 ne
1612 3111 1857 3165 miraculi

256 3204 572 3274 magnitudo
611 3203 1040 3260 incredulitatem
1081 3211 1312 3272 pareret,
1347 3204 1488 3271 quod
1518 3211 1722 3256 tantum
1764 3217 1860 3270 po-

257 3297 444 3364 pulum
484 3305 590 3349 tam
631 3295 792 3350 variis
820 3293 1066 3349 aﬂ‘eetum
1111 3295 1313 3357 morbis
1343 3293 1396 3346 in
1425 3303 1700 3348 momento
1724 3301 1857 3348 tem-

259 3389 406 3462 poris
448 3388 672 3444 solverit
714 3395 769 3442 et
810 3387 1097 3449 curaverit,
1158 3387 1235 3440 rei
1269 3394 1456 3439 testem
1491 3385 1706 3441 adducit
1737 3401 1860 3456 pro-

260 3482 497 3552 phetam,
545 3494 790 3551 magnam
838 3477 1034 3548 ubique
1069 3492 1136 3531 ex
1168 3475 1460 3546 Scripturis
1502 3491 1678 3532 rerum
1715 3492 1857 3547 pra:-

256 3572 548 3629 dictionem
595 3569 905 3634 ostendens,
951 3569 1118 3639 signis
1165 3570 1296 3637 ipsis
1344 3584 1450 3623 non
1499 3568 1856 3638 inferiorem:

260 3667 407 3733 Ilarc,
437 3665 626 3742 inquit,
660 3661 824 3718 Isaias
852 3661 1018 3716 dicit:
1051 3659 1388 3726 Inﬁrmitates
1412 3668 1610 3714 nostras
1639 3662 1856 3729 accepit,

255 3776 305 3820 et
329 3762 657 3836 (egritudines
681 3761 918 3832 portavit.
947 3759 1062 3814 Non
1088 3757 1238 3823 dixit,
1273 3757 1474 3819 Solvit;
1504 3756 1620 3820 sed,
1654 3756 1859 3824 Accepit

254 3867 307 3913 et
353 3856 610 3926 portavit:
636 3853 778 3925 quod
826 3852 894 3908 de
940 3851 1176 3922 peccatis
1217 3850 1392 3920 potius
1437 3847 1567 3902 mihi
1597 3848 1798 3902 dictum
1827 3862 1858 3901 a

257 3947 523 4021 prepheta
551 3945 779 4010 videtur,
810 3958 968 4014 quam
1001 3942 1069 3998 de
1090 3939 1313 4004 morbis,
1337 3947 1392 3995 et
1417 3954 1538 3994 cum
1569 3937 1670 3993 hoc
1697 3937 1860 3992 Joan-

257 4044 346 4098 nis
361 4041 507 4096 dicto
528 4047 822 4100 consonat;
853 4035 980 4090 Ecce
997 4051 1158 4105 agnus
1186 4033 1300 4102 Dei,
1327 4032 1415 4102 qui
1444 4031 1575 4086 tollit
1599 4041 1859 4101 peccatum

257 4131 439 4186 mundi
471 4128 649 4196 (loca.
675 4130 727 4184 1.
756 4127 871 4200 29).

328 4225 386 4283 9.
428 4223 704 4278 Peccatum
746 4219 1035 4274 morborum
1082 4233 1255 4272 causa.
1299 4215 1488 4271 Christi
1530 4215 1777 4269 modestia
1814 4224 1861 4269 et

259 4314 611 4388 pulchritudo.
628 4341 702 4353 —
719 4310 999 4379 Quomodo
1026 4325 1154 4380 ergo
1183 4309 1414 4378 idipsum
1449 4309 1518 4364 de
1543 4307 1746 4363 morbis
1774 4307 1861 4361 hic

259 4410 414 4483 ponit
442 4406 800 4477 evangelista?
825 4405 919 4460 Vel
943 4405 1083 4475 quod
1106 4404 1362 4460 historico
1393 4419 1544 4459 more
1573 4414 1627 4460 et
1649 4405 1713 4459 ad
1738 4404 1863 4458 lite~

258 4518 377 4558 ram
406 4501 510 4556 hoc
539 4496 900 4554 testimonium
934 4497 1094 4567 legat,
1123 4498 1202 4552 vel
1230 4506 1286 4550 ut
1310 4497 1557 4550 ostendat
1578 4495 1862 4566 plerosque

262 4594 488 4658 morbos
517 4606 580 4647 cr
627 4589 860 4660 peccatis
888 4590 1081 4642 animae
1122 4587 1407 4657 proficisci.
1441 4585 1573 4640 Nam
1605 4588 1650 4641 si
1692 4602 1859 4651 mors,

259 4701 386 4756 qua:
414 4691 574 4752 caput
597 4689 680 4738 est
705 4679 967 4744 omnium,
995 4694 1063 4734 ex
1091 4686 1312 4748 peccato
1332 4677 1592 4746 originem
1620 4681 1862 4732 occasio-

261 4789 496 4844 nemque
539 4771 744 4838 habuit,
777 4770 946 4825 multo
988 4769 1157 4839 magis
1195 4767 1539 4838 aegritudines
1569 4767 1693 4822 hinc
1730 4777 1863 4823 ortae

261 4875 394 4922 sunt
421 4883 436 4920 :
465 4863 898 4937 quandoquidem
925 4862 1052 4917 hinc
1075 4862 1234 4916 etiam
1257 4860 1457 4925 evenit,
1488 4871 1544 4913 ut
1572 4875 1668 4914 nos
1697 4861 1866 4929 passi-

261 4962 406 5017 biles
427 4959 614 5014 simus.
641 4957 728 5013 18.
764 4955 952 5010 Videas
979 4954 1014 5009 J
1019 4972 1133 5009 esus
1159 4957 1330 5008 turbas
1357 4954 1542 5008 multas
1569 4954 1761 5006 circum
1786 4971 1859 5019 se,

261 5054 418 5124 iussit
437 5053 785 5122 transfretare.
811 5047 1001 5105 Viden‘
1016 5064 1226 5102 rursum
1258 5063 1416 5117 quam
1447 5048 1514 5102 sit
1536 5048 1604 5101 ab
1629 5056 1866 5100 ostenta-

263 5148 416 5202 tione
457 5138 702 5200 alienus?
746 5140 880 5196 Nam
923 5139 1102 5195 caeteri
1143 5139 1344 5203 dicunt,
1376 5140 1548 5208 ipsum
1592 5128 1864 5192 (immunes

266 5239 580 5302 increpasse
600 5248 669 5289 ne
692 5231 932 5288 dicerent
956 5229 1073 5300 quis
1097 5237 1241 5283 esset
1267 5245 1280 5280 :
1305 5228 1392 5282 hic
1424 5243 1546 5282 vero
1568 5228 1663 5292 ait,
1691 5229 1861 5297 ipsum

263 5327 537 5381 amovisse
577 5325 778 5379 turbas.
813 5319 947 5375 Illud
983 5329 1161 5374 autem
1188 5319 1397 5388 agebat,
1427 5327 1538 5372 tum
1565 5327 1622 5371 ut
1651 5334 1746 5372 nos
1786 5318 1864 5369 in-

263 5420 518 5473 stitueret
540 5415 865 5484 duceretque
894 5411 1232 5475 modestiam,
1266 5421 1374 5464 tum
1410 5419 1467 5462 ut
1494 5409 1747 5462 invidiam
1772 5424 1862 5462 se-

266 5511 422 5564 daret
463 5507 760 5571 Judaicam,
810 5505 1133 5572 doceretque
1177 5501 1308 5554 nihil
1353 5499 1421 5554 ad
1448 5500 1862 5554 ostentationem

266 5616 393 5658 esse
437 5597 755 5653 faciendum.
790 5595 906 5650 Non
952 5594 1094 5648 enim
1124 5606 1351 5662 corpora
1395 5599 1596 5645 tantum
1619 5589 1860 5654 curabat,

266 5693 367 5749 sed
396 5693 555 5745 etiam
582 5687 901 5743 emendabat
927 5686 1180 5740 animam.
1216 5686 1490 5752 ipswmque
1516 5681 1580 5736 ad
1623 5681 1862 5750 philoso-

267 5785 447 5855 phiam
497 5781 839 5837 instituebat-
873 5795 991 5834 sese
1039 5789 1262 5845 utroque
1307 5773 1465 5828 modo
1503 5773 1780 5836 exhibens,
1810 5782 1862 5827 et

1239 330 1304 388 IN
1337 326 1749 387 MATTHEUM
1787 324 2015 382 ΙΙΟΜΙΙ..
2061 323 2273 381 XXVII.
2313 324 2384 381 aI.
2431 324 2666 382 XXVIII.

3474 327 3578 385 516

1963 441 2183 497 morbos
2208 451 2511 511 curantem,
2559 451 2615 499 et
2659 441 2791 498 nihil
2836 457 2903 500 ex
2931 444 3073 501 fastu
3114 455 3386 518 agentem.
3420 447 3572 504 Multi

1959 534 2158 605 quippe
2201 535 2304 604 ipsi
2351 534 2627 590 hazrebant
2675 550 2861 592 amore
2903 536 3368 606 admirationeque
3401 541 3574 608 ducti,

1959 637 2122 697 atque
2175 627 2350 698 ipsum
2403 643 2618 698 semper
2669 628 2854 686 videre
2895 631 3196 701 cupientes.
3243 632 3374 700 Quis
3422 634 3568 688 enim

1960 718 2335 785 abscessisset,
2385 718 2511 774 dum
2546 720 2635 777 ille
2667 731 2814 778 tanta
2856 721 3114 779 miracula
3157 726 3434 796 patraret?
3477 735 3571 780 aut

1959 808 2081 876 quis
2110 808 2370 864 noluisset
2413 809 2602 866 faciem
2629 819 2684 867 et
2720 826 2784 868 os
2827 812 2952 868 talia
2985 813 3257 885 loquentis
3285 815 3570 886 aspicere?

1960 898 2145 969 Neque
2189 901 2332 955 enim
2377 916 2445 957 ex
2491 903 2746 974 prodigiis
2803 912 3011 960 tantum
3051 905 3423 974 admirandus,
3471 907 3570 963 sed

1961 991 2129 1060 ipsius
2153 992 2327 1048 solum
2350 1003 2674 1064 conspectus
2697 997 2866 1067 gratia
2897 997 3066 1052 multa
3099 998 3291 1068 plenus
3330 1005 3486 1055 erat:
3517 999 3572 1054 id

1961 1083 2104 1154 quod
2135 1085 2378 1141 indicans
2426 1087 2685 1157 propheta
2741 1088 2958 1145 dicebat
3003 1106 3018 1142 :
3069 1089 3352 1160 Speciosus
3401 1095 3574 1162 [arma

1963 1194 2072 1246 pm
2099 1179 2222 1246 ﬁliis
2250 1178 2512 1234 hominum
2564 1179 2749 1252 (Psai.
2791 1182 2882 1238 41.
2911 1182 2946 1237 5
2965 1181 3007 1252 ).
3035 1182 3190 1250 Quod
3217 1182 3266 1237 si
3299 1182 3463 1240 Isaias
3486 1183 3571 1244 di-

1962 1278 2070 1336 cat,
2098 1268 2219 1325 Non
2242 1270 2456 1325 habebat
2474 1273 2692 1340 speciem
2715 1289 2873 1342 neque
2895 1272 3129 1327 decorem
3159 1272 3323 1345 (Isai.
3353 1274 3443 1331 55.
3471 1273 3508 1328 2
3524 1273 3569 1346 ),

1959 1369 2054 1415 aut
2085 1361 2214 1416 illud
2243 1361 2311 1417 de
2336 1361 2630 1418 divinitatis
2652 1363 2824 1433 gloria
2864 1363 3122 1420 ineffabili
3161 1365 3444 1436 intelligit;
3478 1375 3570 1421 aut

1963 1469 2026 1508 ea
2051 1469 2170 1528 quae
2197 1455 2248 1508 in
2280 1455 2531 1524 passione
2556 1465 2706 1526 gesta
2727 1463 2854 1511 sunt
2882 1465 3086 1524 narrat,
3112 1457 3573 1528 ignominiamque

1963 1547 2110 1602 illam
2135 1563 2296 1618 quam
2335 1548 2512 1604 crucis
2544 1558 2790 1618 tempore
2813 1549 3088 1613 sustinuit,
3121 1559 3213 1604 aut
3254 1551 3570 1605 tenuitatem

1963 1640 2107 1694 illam
2148 1656 2306 1710 quam
2337 1649 2451 1695 toto
2487 1641 2624 1695 vitae'
2640 1649 2886 1710 tempore
2928 1641 2980 1695 in
3027 1643 3276 1697 omnibus
3305 1642 3569 1697 exhibuit.

1961 1731 2078 1786 Non
2102 1741 2281 1786 autem
2330 1731 2476 1800 prius
2523 1730 2876 1786 transfretare
2916 1731 3097 1802 jussit,
3145 1748 3306 1803 quam
3348 1733 3572 1788 morbos

1961 1831 2226 1879 curasset.
2255 1822 2508 1892 Alioquin
2558 1837 2665 1878 non
2711 1823 2762 1878 id
2807 1822 2952 1882 ferre
2976 1824 3300 1894 potuissent.
3328 1824 3399 1882 Ut
3426 1829 3571 1882 enim

1962 1915 2016 1971 in
2044 1924 2228 1971 monte
2270 1930 2378 1971 non
2420 1915 2766 1972 concionanti
2810 1915 2972 1971 modo
3000 1916 3246 1983 aderant,
3275 1918 3372 1973 sed
3407 1919 3572 1974 etiam

1961 2009 2208 2065 silentem
2229 2007 2595 2079 sequebantur
2621 2025 2636 2063 :
2679 2007 2757 2063 sic
2795 2007 2958 2064 etiam
2992 2023 3136 2063 nunc
3167 2025 3272 2063 non
3301 2010 3568 2066 miracula

1961 2101 2144 2156 edenti
2174 2110 2377 2156 tantum
2404 2100 2718 2166 hmrebant;
2747 2100 2841 2157 sed
2868 2102 3032 2157 etiam
3064 2111 3186 2171 post
3223 2102 3367 2158 edita
3396 2103 3574 2174 signa,

1963 2192 2050 2249 vel
2074 2208 2139 2248 ex
2165 2193 2280 2263 ejus
2306 2193 2456 2248 vultu
2483 2201 2537 2248 et
2561 2204 2854 2263 conspectu
2878 2209 3128 2264 magnam
3153 2194 3450 2265 carpebant
3470 2196 3576 2251 nti-

1964 2285 2354 2341 litatem..Nam
2383 2285 2430 2341 si
2456 2285 2668 2358 Moyses
2695 2287 2868 2356 gloria
2907 2287 3304 2357 splendentem,
3338 2287 3576 2359 Stepha-

1962 2394 2064 2434 nus
2106 2379 2408 2447 angelicum
2454 2378 2659 2432 vultum
2712 2379 2918 2444 habuit,
2965 2380 3141 2450 cogita
3183 2383 3396 2451 qualem
3448 2391 3576 2438 tunc

1963 2470 2274 2540 apparuisse
2289 2484 2632 2526 communem
2652 2469 2936 2526 Dominum
2965 2473 3256 2530 verisimile
3281 2484 3385 2529 est.
3413 2474 3578 2532 Forte

1962 2577 2092 2617 vero
2123 2562 2272 2617 multi
2296 2562 2408 2632 jam
2438 2562 2555 2632 ejus
2587 2561 2830 2618 videnda:
2871 2563 3118 2635 imaginis
3147 2565 3443 2635 cupiditate
3491 2569 3576 2621 in-

1963 2654 2110 2708 censi
2135 2663 2261 2708 sunt
2290 2672 2303 2707 :
2335 2653 2432 2709 sed
2459 2655 2503 2708 si
2535 2655 2783 2719 velimus,
2813 2655 2969 2726 longe
2998 2657 3422 2728 splendidiorem
3458 2659 3576 2730 ipsa

1963 2744 2284 2800 videbimus.
2306 2743 2440 2800 Nam
2488 2745 2532 2799 si
2559 2760 2682 2799 cum
2721 2745 2910 2800 fiducia
2941 2756 2997 2800 et
3026 2747 3220 2803 uirtute
3259 2749 3422 2803 vitam
3457 2765 3580 2819 per-

1963 2852 2206 2907 agamus,
2252 2836 2304 2891 in
2338 2835 2571 2892 nubibus
2616 2836 2790 2906 ipsum
2835 2837 3190 2907 excipiemus,
3219 2839 3433 2894 obviam
3475 2841 3582 2910 ipsi

1964 2928 2242 2983 venientes
2263 2927 2317 2980 in
2343 2927 2631 2981 immortali
2655 2937 2712 2982 et
2738 2927 3131 2997 incorruptibili
3160 2943 3409 3001 corpore.
3442 2931 3576 2986 Per-

1965 3019 2141 3088 pende
2168 3027 2349 3073 autem
2375 3033 2534 3088 quam
2567 3019 2760 3073 leniter
2800 3019 2945 3087 ipsos
2967 3029 3236 3086 amoveat,
3269 3037 3368 3076 nec
3395 3021 3580 3078 deter-

1966 3117 2102 3164 reat.
2144 3107 2263 3164 Non
2287 3107 2432 3162 enim
2461 3107 2617 3171 dixit,
2664 3107 2957 3172 Recedite;
2990 3109 3085 3164 sed
3115 3109 3465 3166 transfretare
3489 3111 3579 3180 ju-

1967 3203 2078 3267 bet,
2107 3216 2257 3270 spem
2283 3200 2488 3256 faciens
2524 3214 2584 3254 se
2615 3200 2709 3253 illo
2740 3200 3088 3270 trajecturum
3119 3216 3260 3260 esse.
3288 3203 3378 3258 Sic
3409 3204 3580 3260 turba:

1966 3293 2182 3364 quidem
2231 3293 2458 3347 multum
2497 3291 2828 3347 exhibebant
2867 3294 3091 3359 amoris,
3135 3305 3340 3350 etcum
3381 3297 3578 3354 aﬂ‘ectu

1967 3401 2161 3456 magno
2190 3384 2589 3456 sequebantur;
2620 3400 2760 3440 unus
2778 3394 2959 3440 autem
2984 3389 3330 3456 pecuniarum
3361 3405 3576 3455 servus,

1965 3479 2378 3550 arrogantisque
2405 3478 2597 3547 plenus
2621 3479 2850 3533 accessit
2874 3493 2938 3533 ac
2962 3478 3100 3534 dixit
3127 3498 3139 3534 :
3175 3480 3262 3535 I9.
3306 3480 3576 3554 Magister,

1965 3588 2149 3641 sequar
2179 3581 2225 3624 te
2248 3585 2565 3640 quocumque
2588 3569 2728 3624 ieris.
2760 3569 3219 3640 Vidistin’quauta
3246 3573 3580 3642 arrogantia?

1967 3666 2045 3718 Ac
2097 3663 2141 3718 si
2196 3677 2303 3717 non
2351 3662 2665 3732 dignaretur
2708 3675 2769 3716 se
2816 3675 2940 3716 cum
2983 3662 3135 3717 turba
3186 3678 3576 3731 annumerare,

1965 3770 2135 3825 seque
2165 3764 2442 3809 ostentans
2483 3755 2634 3822 quasi
2676 3767 2783 3808 non
2811 3753 2866 3808 in
2895 3754 3034 3824 vulgi
3071 3755 3224 3811 turba
3262 3766 3580 3826 computari-

1965 3846 2088 3911 dus,
2117 3846 2194 3901 sic
2217 3845 2446 3900 accedit.
2477 3843 2635 3898 Tales
2663 3852 2788 3899 sunt
2814 3843 3020 3900 Judaici
3066 3860 3266 3911 mores,
3310 3846 3580 3917 intempe-

1967 3939 2105 3994 stiva
2164 3937 2306 4007 pleni
2353 3935 2567 3990 liducia.
2619 3935 2709 3990 Sic
2755 3945 2812 3992 et
2855 3936 2992 3992 alius
3053 3948 3236 4007 postea
3295 3939 3580 3996 silentibus

1965 4029 2218 4083 erunibus
2264 4027 2528 4095 insiliens,
2559 4027 2677 4080 ait:
2714 4026 2865 4095 Quod
2903 4039 2978 4082 est
3005 4029 3229 4096 primum
3277 4031 3579 4084 mandatum

1968 4120 2183 4193 (Matth.
2215 4119 2305 4175 ἐξ.
2334 4120 2468 4190 '56)?
2498 4121 2751 4175 Attamen
2803 4120 3065 4176 Dominus
3112 4124 3476 4192 importunam
3510 4126 3578 4178 li-

1968 4215 2229 4269 bertatcm
2255 4227 2359 4266 non
2389 4211 2669 4280 corripuit,
2700 4218 2758 4266 ut
2783 4225 2882 4268 nos
2907 4211 2974 4266 ad
3001 4213 3306 4282 liujusmodi
3333 4217 3579 4271 homines

1969 4303 2219 4360 ferendos
2264 4303 2586 4373 institueret.
2638 4301 2764 4357 Ideo
2811 4317 2918 4357 non
2964 4305 3138 4373 palam
3181 4306 3454 4375 redarguit
3481 4323 3578 4361 eos

1968 4397 2059 4468 qui
2100 4398 2237 4450 mala
2264 4397 2566 4466 cogitarent
2589 4405 2603 4450 ε
2632 4395 2730 4451 sed
2757 4411 2946 4451 eorum
2969 4398 3208 4467 Opinioni
3228 4397 3576 4469 'respondet,

1970 4491 2100 4559 ipsis
2136 4489 2268 4545 solis
2305 4489 2726 4544 confutationem
2773 4489 3161 4559 inspiciendam
3223 4491 3536 4563 relinquens
3561 4536 3578 4560 ,

1969 4579 2344 4651 duplicemque
2375 4581 2507 4650 ipsis
2534 4595 2731 4651 parens
2758 4583 3064 4650 utilitatem,
3098 4593 3154 4638 ut
3186 4599 3380 4656 nempe
3405 4587 3583 4642 sciant

1971 4689 2031 4729 se
2055 4671 2404 4728 conscientia:
2428 4681 2638 4728 secreta
2671 4687 2854 4740 nosse,
2884 4685 3049 4744 utque
3078 4684 3198 4744 post
3226 4676 3410 4731 datum
3442 4676 3582 4732 indi-

1971 4767 2113 4818 cium
2144 4764 2277 4819 illud
2321 4763 2498 4818 adhuc
2543 4763 2731 4828 lateat,
2776 4765 2910 4820 dans
2951 4766 3129 4820 locum
3156 4767 3224 4821 ad
3252 4769 3581 4839 resipiscen-

1969 4863 2119 4927 dum,
2161 4861 2206 4914 si
2247 4859 2451 4914 velint:
2485 4857 2537 4912 id
2570 4858 2712 4927 quod
2743 4873 2886 4914 nunc
2915 4859 3077 4913 etiam
3116 4859 3264 4915 fecit.
3307 4861 3403 4917 Hic
3433 4863 3579 4917 enim

1971 4953 2138 5007 multa
2166 4953 2313 5021 signa
2349 4950 2554 5015 videns,
2611 4949 2930 5020 turbamque
2959 4949 3294 5017 afﬂuentem,
3327 4952 3584 5021 sperabat

1970 5060 2028 5100 se
2055 5060 2121 5098 es
2157 5053 2232 5098 tot
2279 5037 2548 5108 iniraciilis
2575 5041 2854 5096 ditandum
2883 5057 3026 5107 esse,
3059 5042 3286 5112 ideoque
3310 5043 3460 5098 illum
3491 5059 3577 5100 sc~

1969 5137 2059 5207 qui
2080 5135 2351 5204 cupiebat.
2387 5133 2665 5190 Undenam
2691 5132 2793 5187 hoc
2821 5133 2978 5188 nobis
3010 5134 3234 5201 patebit?
3255 5135 3335 5188 Ex
3357 5150 3582 5204 respon—

1971 5227 2390 5301 sione-Christi,
2434 5226 2526 5296 qui
2581 5241 2685 5279 non
2729 5225 2908 5280 verbis
2958 5225 3250 5295 loquentis,
3289 5225 3386 5281 sed
3413 5228 3582 5282 menti

1972 5317 2283 5389 respondet.
2326 5317 2462 5386 Quid
2489 5317 2669 5370 enim?
2700 5317 2905 5386 inquit;
2937 5331 3004 5369 an
3036 5318 3289 5385 pecunias
3331 5327 3384 5371 te
3415 5319 3584 5373 colle-

1971 5422 2178 5466 cturum
2211 5426 2416 5479 speras,
2453 5411 2496 5465 si
2529 5426 2613 5464 me
2647 5410 2934 5480 sequaris?
2961 5426 3139 5464 annon
3169 5411 3319 5465 vides
3352 5411 3480 5468 mihi
3517 5429 3585 5468 ne

1971 5504 2328 5560 diversorium
2356 5503 2570 5573 quidem
2602 5519 2721 5557 esse
2749 5503 2906 5572 quale
2935 5503 3064 5570 ipsis
3080 5502 3270 5556 avibus
3301 5503 3425 5555 est?
3448 5501 3582 5557 Nam

1973 5599 2067 5663 ait,
2099 5596 2188 5652 20.
2233 5595 2419 5664 Vulpes
2449 5599 2618 5666 foveas
2670 5595 2875 5662 habent,
2904 5603 2949 5648 et
2985 5592 3212 5650 volucres
3246 5592 3360 5648 σωιί
3389 5594 3533 5652 uides
3559 5610 3582 5658 ε

2042 5784 2054 5809 ι
2094 5777 2206 5838 Alii,
2237 5782 2550 5838 art‘oganttw.
