4110 6306
623 355 724 412 sn

1408 346 1465 400 S.
1503 338 1782 400 JOANNIS
1818 331 2171 391 ειιίιγδυδτ
2177 329 2294 384 0111
2330 329 2651 387 ARCllllSl’.
2688 333 3219 392 CONSTANTINOP.

628 471 791 526 Icilius
818 477 983 523 autem
1007 465 1220 520 hominis
1249 477 1350 516 non
1375 461 1519 514 habet
1545 458 1630 512 ubi
1655 462 1806 526 caput
1830 453 2051 508 reclinet.
2079 448 2203 503 "mc
2309 447 2401 515 ris,
2429 447 2571 517 quod
2601 463 2696 519 pro
2719 465 2779 506 re
2807 459 2913 506 tam
2943 451 3243 507 necessaria
3269 447 3450 507 desum
3477 453 3767 522 rogaverit,
3793 469 3901 508 no-

623 575 729 616 non
752 557 1058 627 repellentis
1081 561 1254 619 erant,
1282 551 1377 608 sed
1404 551 1597 606 malam
1628 556 1862 603 mentem
1888 542 2204 610 redarguen-

623 654 691 706 tis
714 690 732 717 ,
759 657 812 705 et
844 654 1161 720 potestatem
1181 645 1357 700 dantis
1377 657 1497 698 cum
1520 640 1611 694 tali
1635 653 1729 709 spe
1755 636 1926 706 sequi,
1950 635 1994 689 si
2015 634 2198 689 vellet.

632 745 705 805 Bt
756 760 940 804 autem
985 751 1103 817 ejus
1140 749 1433 818 nequitiam
1465 745 1675 800 ediscas
1700 744 1739 810 ⁸,
1772 744 1857 799 his
1908 742 2112 798 auditis
2142 751 2198 796 et

627 841 709 897 sic
748 840 1060 897 confutatus
1084 880 1101 905 ,
1143 853 1248 894 non
1296 837 1471 896 dixit.
1502 836 1583 890 Ad
1619 835 1931 907 sequendun
1977 843 2197 905 paratus

621 948 914 1066 mgnum
953 1025 1164 1080 quoque
1192 1023 1336 1077 sazpe
1367 1007 1597 1077 idipsum
1626 1004 1869 1059 Christus
1904 1001 2060 1064 facit;
2090 1016 2196 1056 non

619 1112 806 1170 aperte
857 1099 1159 1170 redarguit,
1207 1099 1302 1153 sed
1347 1115 1410 1153 ex
1454 1101 1797 1165 responsione
1835 1093 2196 1149 accedentium

619 1202 850 1247 mentem
876 1193 1063 1261 aperit.
1083 1191 1216 1246 Nam
1243 1202 1297 1245 et
1328 1191 1404 1244 illi
1429 1191 1514 1259 qui
1539 1188 1775 1242 dicebat:
1806 1185 2049 1256 Magister
2075 1185 2200 1238 bone

622 1285 788 1355 (Luc.
822 1285 908 1340 18.
939 1285 1062 1356 18),
1091 1294 1144 1339 et
1174 1301 1236 1338 ex
1265 1283 1568 1338 adulatione
1588 1281 1838 1350 Sperabat
1867 1293 1925 1333 se
1949 1279 2096 1334 illum
2121 1277 2200 1332 al-

623 1378 886 1432 lecturum
927 1391 1048 1431 esse
1074 1376 1138 1430 ad
1179 1390 1328 1430 suam
1377 1374 1714 1435 sententiam,
1746 1371 2016 1438 respondit
2048 1388 2061 1421 :
2096 1373 2198 1422 Cur

620 1484 702 1521 me
734 1468 859 1520 dicis
899 1467 1123 1521 bonum?
1150 1465 1312 1518 Nemo
1352 1464 1526 1525 bonus,
1561 1464 1656 1515 nisi
1693 1477 1821 1514 unus
1850 1459 1986 1514 Deus
2017 1458 2194 1530 (Ibid.

621 1575 669 1614 υ.
700 1559 821 1631 19).
849 1560 911 1614 Et
940 1574 1057 1613 cum
1103 1557 1342 1612 dicerent
1369 1556 1438 1620 ei,
1469 1555 1601 1608 Ecce
1641 1564 1798 1608 mater
1829 1563 1915 1605 tuo
1939 1562 1986 1606 et
2016 1553 2197 1621 fratres

619 1653 696 1706 tui
735 1659 1005 1721 querentes
1050 1660 1097 1703 te
1125 1649 1334 1720 (Matth.
1367 1647 1452 1701 12.
1490 1646 1578 1717 47)
1603 1688 1614 1708 ,
1639 1646 1757 1714 quia
1797 1646 1871 1698 illi
1909 1646 2194 1697 humanum

619 1742 743 1812 quid
774 1742 1141 1812 patiebantur,
1186 1756 1355 1809 neque
1385 1739 1525 1792 utilia
1566 1738 1663 1791 sibi
1690 1737 1874 1791 audire
1913 1737 2193 1802 volebant,

618 1837 711 1888 sed
742 1833 1024 1888 Ostendere
1065 1848 1124 1886 se
1160 1833 1257 1901 ipsi
1287 1846 1481 1900 genere
1515 1830 1783 1898 proximos
1805 1843 1943 1889 esse,
1970 1827 2196 1895 hincque

619 1938 806 1976 vanam
828 1923 1045 1993 gloriam
1069 1938 1306 1991 carpere,
1335 1921 1453 1974 audi
1479 1921 1599 1988 quid
1624 1921 1764 1974 dicat
1793 1937 1805 1970 :
1839 1918 1964 1984 Quw
1991 1927 2062 1969 est
2090 1933 2197 1968 ma-

619 2023 693 2067 ter
717 2030 846 2079 utea,
871 2022 916 2066 et
940 2013 1026 2083 qui
1046 2024 1160 2066 sunt
1200 2018 1382 2081 fratres
1411 2013 1505 2064 mei
1533 2009 1692 2078 (Ibid.
1723 2025 1770 2062 υ.
1796 2008 1926 2072 48ζ1¹3
1959 2007 2197 2075 ipsisque

615 2105 825 2157 demum
851 2102 1096 2158 fratribus
1116 2105 1224 2155 suis
1247 2101 1565 2164 dicentibus,
1587 2099 1804 2153 Ostende
1818 2101 2029 2177 teipsnm
2047 2113 2193 2150 mun-

615 2195 682 2245 do
711 2191 890 2262 (Joan.
921 2193 971 2248 7.
998 2193 1074 2260 4),
1103 2201 1160 2246 ut
1189 2191 1312 2246 hinc
1338 2207 1524 2246 vanam
1556 2190 1652 2244 sibi
1677 2190 1899 2259 gloriam
1926 2197 2191 2258 parerent,

616 2284 861 2339 dicebat:
906 2282 1130 2338 Vestrum
1169 2293 1363 2352 tempus
1411 2299 1603 2352 semper
1629 2291 1698 2335 est
1728 2291 1961 2350 paratum
1989 2321 2001 2340 ,
2029 2295 2192 2333 meum

615 2383 783 2427 autem
804 2373 1028 2427 nondum
1051 2374 1191 2428 adest
1217 2373 1376 2441 (Ibid.
1401 2390 1448 2425 υ.
1473 2371 1547 2442 6).
1579 2372 1678 2425 Per
1701 2372 1963 2425 contraria
1986 2384 2196 2439 quoque

616 2470 843 2542 idipsum
870 2471 1014 2539 facit,
1042 2486 1162 2527 cum
1179 2471 1245 2527 de
1268 2469 1591 2526 Nathanaele
1609 2468 1684 2522 ait
1708 2486 1720 2522 :
1747 2466 1875 2520 Ecce
1895 2482 2005 2520 vere
2024 2465 2050 2517 1
2059 2481 2196 2519 sme-

616 2562 729 2626 lita,
760 2562 814 2615 in
856 2577 954 2632 quo
991 2562 1140 2615 dolus
1169 2576 1268 2616 non
1310 2569 1381 2615 est
1427 2559 1446 2631 (
1477 2559 1610 2610 Ibid.
1639 2559 1689 2611 1.
1721 2558 1847 2625 47).
1879 2556 1942 2609 Et
1972 2570 2151 2609 rursus
2175 2596 2191 2620 ,

619 2652 809 2706 Euntes
830 2653 1125 2709 annuntiate
1149 2651 1340 2705 Joanm'
1361 2666 1474 2719 qua:
1502 2649 1714 2702 audistis
1741 2657 1788 2700 et
1817 2647 2020 2701 ridistis-
2040 2645 2188 2714 (Luc.

615 2743 665 2795 7.
684 2743 795 2811 22).
816 2744 994 2813 Neque
1015 2741 1158 2797 enim
1186 2743 1270 2796 hic
1296 2742 1491 2806 verbis,
1511 2740 1602 2794 sed
1631 2740 1791 2792 menti
1823 2739 2080 2792 mittentis
2107 2752 2194 2791 re-

614 2835 847 2901 spondit.
875 2834 1210 2903 Rursumque
1240 2834 1432 2902 populo
1452 2830 1741 2885 secundum
1765 2830 1904 2883 illius
1917 2828 2194 2883 conscien-

615 2928 740 2979 tiam
767 2927 844 2980 sic
872 2925 1133 2994 loquitur:
1153 2924 1287 2989 Quid
1314 2925 1485 2976 existis
1499 2923 1552 2974 in
1577 2921 1826 2976 desertum
1844 2918 2188 2988 oidereUln'd.

615 3030 661 3066 ιο.
695 3014 827 3081 24η
853 3013 953 3080 Qui
981 3013 1121 3066 enim
1153 3012 1364 3065 videbat
1385 3026 1476 3064 eos
1501 3011 1567 3065 de
1588 3011 1794 3065 Joanne
1820 3010 1966 3077 quasi
1993 3009 2061 3064 de
2091 3009 2188 3062 levi

614 3116 668 3160 et
715 3105 950 3161 versatili
997 3105 1225 3174 quodam
1275 3103 1488 3157 homine
1526 3103 1779 3173 cogitare,
1827 3100 1963 3155 hanc
2002 3114 2189 3156 eorum

615 3194 920 3264 opinionem
969 3196 1244 3265 corrigens
1287 3194 1445 3248 dicit:
1481 3193 1615 3259 Quid
1639 3193 1810 3248 existis
1846 3193 1899 3246 in
1941 3193 2190 3247 desertum

613 3287 820 3342 sidere?
845 3287 1146 3341 arundinem
1173 3297 1318 3341 vento
1343 3287 1606 3356 agitatam,
1628 3297 1714 3339 aut
1739 3286 1986 3340 hominem
2017 3285 2188 3339 molli-

613 3376 706 3430 lnts
731 3377 954 3430 vestitum
971 3377 997 3429 ?
1022 3391 1118 3446 per
1145 3385 1428 3445 utrumque
1456 3375 1754 3446 signiﬁcans
1772 3418 1786 3442 ,
1816 3377 1988 3446 ipsum
2018 3391 2190 3445 neque

613 3480 678 3520 ex
702 3480 762 3521 se
777 3466 1078 3521 versatilem
1099 3480 1236 3533 esse,
1262 3480 1433 3535 neque
1460 3465 1728 3535 voluptate
1755 3468 1999 3536 quapiam
2023 3468 2163 3521 emol

615 3555 869 3611 liendum.
896 3555 984 3611 Sic
1011 3557 1187 3627 itaque
1211 3572 1354 3612 nunc
1378 3555 1669 3612 secondum
1703 3565 1935 3612 mentem
1965 3557 2191 3627 loquen-

614 3646 686 3700 tis
722 3647 1026 3716 respondet.
1058 3649 1135 3702 Ac
1160 3647 1279 3702 vide
1302 3657 1552 3718 quantam
1595 3663 1740 3702 nunc
1762 3663 1974 3718 quoque
2004 3649 2190 3703 mode-

613 3736 870 3791 rationem
898 3737 1161 3793 exhibeat.
1189 3739 1367 3808 Neque
1390 3739 1533 3792 enim
1563 3738 1711 3804 dicit,
1747 3739 1926 3793 Habeo
1953 3739 2185 3808 quidem,

615 3827 710 3882 sed
729 3829 998 3896 despicio;
1023 3844 1204 3883 verum
1234 3828 1376 3892 dicit,
1412 3828 1527 3882 Non
1555 3829 1744 3883 habeo.
1764 3830 2003 3884 Vidistin‘
2024 3845 2191 3899 quian-

617 3932 724 3974 tam
753 3919 1140 3973 accurationem
1162 3934 1283 3973 cum
1311 3918 1630 3987 indulgentia
1653 3921 1992 3988 conjunctam
2013 3930 2189 3974 osten-

616 4010 746 4063 dat?
772 4009 840 4066 Ut
863 4009 1021 4065 etiam
1052 4026 1171 4065 cum
1199 4009 1503 4066 comederet
1541 4019 1594 4066 et
1639 4011 1865 4077 biberet,
1888 4028 1952 4069 ac
1975 4022 2191 4068 contra-

617 4104 783 4166 riam,
825 4113 881 4157 ut
923 4103 1226 4168 videbatur,
1255 4104 1441 4157 Joanni
1485 4103 1606 4156 vita:
1655 4106 1913 4160 rationem
1964 4115 2189 4160 teneret.

618 4191 748 4247 Illud
771 4201 947 4246 autem
978 4192 1102 4246 facit
1127 4206 1225 4261 pro
1251 4190 1578 4257 Judmorum,
1611 4192 1718 4246 imo
1745 4194 1904 4247 tolius
1931 4194 2075 4248 orbis
2104 4210 2193 4247 sa-

622 4283 760 4345 lute,
795 4280 1165 4337 liarreticorum
1213 4282 1372 4335 simul
1400 4295 1491 4336 ora
1520 4283 1908 4351 comprimens,
1957 4285 2196 4354 aliosque

617 4373 705 4439 qui
728 4371 946 4425 aderant
967 4372 1180 4440 insuper
1197 4371 1462 4426 attrahere
1483 4371 1723 4441 cupiens.
1744 4373 1893 4426 Alius
1908 4374 2190 4442 quispiam,

618 4463 713 4524 ait,
759 4461 968 4515 dicebat
1009 4463 1104 4526 illi,
1134 4462 1222 4515 21.
1253 4461 1494 4526 Domine,
1535 4465 1766 4534 permitte
1801 4465 1926 4518 milii
1976 4468 2194 4535 primum

618 4551 757 4603 abire
777 4589 792 4612 ,
820 4558 867 4603 et
894 4549 1107 4620 sepelire
1132 4561 1321 4617 patrem
1362 4567 1544 4605 meum.
1577 4553 1760 4608 Viden‘
1798 4555 2193 4613 dill‘erentiam?

623 4643 686 4696 Et
711 4641 977 4711 quomodo
1020 4641 1306 4711 impudens.
1340 4644 1428 4699 ille
1474 4644 1704 4711 dicebat,
1739 4647 1932 4717 Sequar
1970 4659 2037 4714 te,
2063 4666 2193 4720 quo-

620 4747 832 4797 cumque
855 4733 998 4797 ieris;
1023 4731 1108 4786 hic
1136 4747 1281 4796 vero,
1311 4735 1550 4790 etsirem
1580 4746 1818 4791 sanctam
1860 4746 2067 4808 petens,
2097 4741 2191 4808 ait,

623 4821 867 4877 Permitte
903 4823 1028 4875 mihi
1047 4842 1065 4886 ;
1105 4839 1287 4878 verum
1326 4840 1432 4879 non
1471 4826 1749 4894 permisit;
1777 4827 1880 4884 sed.
1913 4829 2040 4899 quid
2084 4831 2195 4886 ait?

618 4911 707 4966 22.
743 4913 867 4967 Sine
906 4922 1128 4966 mortuos
1168 4914 1377 4982 sepelire
1417 4925 1640 4970 mortuos
1682 4934 1819 4985 suos,
1850 4926 1904 4972 tu
1927 4930 2091 4974 autem
2117 4937 2196 4976 me

622 5020 842 5073 sequere.
869 5002 1068 5074 Ubique
1089 5007 1231 5059 enim
1261 5005 1580 5063 voluntatem
1599 5009 1926 5078 inspiciebat.
1945 5013 2050 5069 Sed
2076 5030 2192 5082 cur,

627 5095 833 5163 inquies
857 5136 873 5161 ,
909 5110 1012 5149 non
1057 5096 1328 5166 permisit?
1367 5097 1500 5164 Quia
1539 5109 1693 5156 erant
1729 5104 1816 5172 qui
1863 5103 1964 5161 hoc
2005 5123 2194 5164 munus

627 5191 926 5260 implerent,
967 5207 1138 5261 neque
1182 5193 1474 5264 insepultus
1516 5213 1798 5253 mansurus
1838 5211 1997 5256 erat:
2037 5214 2194 5274 atque

626 5281 765 5337 hunc
786 5298 849 5337 es
876 5283 1038 5338 rebus
1058 5285 1222 5355 magis
1250 5290 1561 5343 necessariis
1586 5291 1740 5346 avelli
1765 5306 1872 5346 non
1899 5307 2033 5361 opus
2059 5305 2188 5348 erat.

625 5371 757 5426 Cum
797 5372 924 5426 dicit
955 5381 1152 5438 autem,
1181 5375 1410 5431 Mortuus
1451 5395 1585 5443 suos,
1622 5382 1858 5436 ostendit
1900 5382 2041 5437 hunc
2087 5399 2191 5438 non

629 5476 751 5516 esse
772 5474 1035 5517 mortuum
1067 5481 1220 5519 smim
1247 5485 1259 5518 :
1286 5483 1406 5521 nam
1441 5467 1543 5533 hic,
1578 5480 1634 5523 ut
1660 5471 1928 5538 existimo,
1955 5482 2196 5529 mortuus

625 5564 693 5605 es
736 5547 1020 5606 inlidelium
1049 5570 1271 5611 numero
1298 5566 1430 5611 erat.
1461 5558 1511 5613 Si
1554 5575 1710 5629 porro
1747 5562 1998 5631 juvenem
2037 5565 2197 5621 mira-

705 5718 721 5748 ³
747 5716 869 5767 Vide
894 5727 1057 5771 notam
1086 5722 1325 5776 Friderici
1365 5731 1376 5778 l
1403 5729 1517 5780 icid.

2306 556 2409 611 que
2447 550 2638 612 sponte
2677 541 2904 598 abierit:
2934 542 3106 598 multo
3138 542 3306 613 magis
3340 544 3550 609 mirare,
3582 543 3739 614 quod
3771 560 3903 613 pro-

2308 632 2504 689 hibitus
2546 635 2820 690 manserit.
2858 635 3051 690 Annon
3074 675 3090 702 ,
3122 635 3366 704 inquies,
3409 637 3755 707 ingratissimi
3795 637 3898 691 lilii

2303 734 2438 792 erat,
2473 726 2638 796 patris
2661 724 2928 795 exsequiis
2954 741 3061 780 non
3106 726 3405 783 interesse?
3435 727 3490 784 Si
3536 727 3588 783 id
3618 742 3683 783 es
3716 727 3899 798 negli-

2302 817 2480 884 gentia
2522 815 2754 881 fecisset.
2787 815 2976 886 ingrati
3003 817 3169 872 animi
3197 818 3430 874 futui-itm
3457 829 3604 880 erat:
3632 819 3680 875 si
3707 828 3898 874 autem

2303 925 2389 966 res
2433 913 2600 982 magis
2642 911 2940 967 necessaria
2975 911 3222 976 instabat.
3267 912 3620 982 improbitatis
3661 927 3900 968 summa:

2303 998 2461 1056 fuerit
2489 1002 2705 1057 abiisse.
2735 1001 2867 1057 Nam
2894 1002 3051 1058 Jesus
3089 1003 3145 1058 id
3168 1002 3440 1072 prohibuit
3464 1003 3587 1074 ipsi,
3610 1019 3715 1060 non
3743 1001 3895 1073 quod

2298 1092 2507 1159 jnbcret
2530 1093 2784 1148 honorem
2814 1094 3118 1162 parentibus
3145 1093 3384 1149 debitum
3410 1103 3775 1160 contemnere,
3794 1093 3895 1149 sed

2303 1197 2357 1238 ut
2403 1186 2726 1250 ostenderet,
2760 1186 2890 1240 nihil
2943 1186 3095 1240 nobis
3132 1201 3284 1253 atque
3323 1186 3685 1240 necessarium
3732 1199 3893 1248 esse,

2301 1290 2460 1350 atque
2481 1295 2565 1335 res
2591 1282 2853 1346 caalestes,
2888 1281 3059 1350 iisque
3085 1294 3289 1333 summa
3315 1295 3437 1333 cum
3457 1279 3728 1348 diligentia
3767 1292 3896 1332 esse

2304 1371 2732 1435 incumbentium,
2757 1387 2856 1426 nec
2885 1371 2966 1425 vel
2993 1371 3258 1424 tantillum
3284 1369 3654 1431 dilfercndum,
3675 1369 3892 1423 etiamsi

2299 1463 2584 1518 admodum
2624 1466 2861 1533 urgentia
2894 1464 3175 1519 videantur
3217 1479 3335 1519 esse
3371 1479 3434 1520 ea
3474 1480 3592 1534 quae
3629 1465 3738 1518 alio
3778 1473 3893 1517 tra-

2301 1557 2452 1610 hunt.
2486 1556 2622 1625 Quid
2652 1557 2792 1611 enim
2834 1557 3002 1626 magis
3045 1557 3404 1611 necessarium
3426 1595 3442 1620 ,
3470 1570 3628 1626 quam
3655 1554 3895 1623 sepelire

2301 1650 2543 1716 patrem?
2565 1648 2690 1718 quid
2729 1649 2969 1704 facilius?
3006 1648 3188 1718 Neque
3214 1648 3354 1703 enim
3379 1648 3600 1702 multum
3630 1645 3894 1715 temporis

2300 1739 2671 1794 insumendum
2697 1747 2830 1794 erat.
2864 1739 2920 1794 Si
2949 1753 3110 1808 porro
3140 1754 3245 1792 non
3281 1746 3487 1792 tantum
3516 1736 3777 1805 temporis
3804 1736 3892 1788 in-

2300 1847 2512 1886 sumere
2541 1832 2662 1886 licet
2689 1840 2942 1900 quantum
2970 1832 3035 1885 ad
3067 1831 3432 1899 sepeliendum
3460 1839 3665 1898 patrem
3690 1834 3776 1882 est
3796 1841 3894 1881 ne-

2299 1924 2609 1989 cessarium,
2639 1934 2694 1978 et
2713 1924 2756 1978 si
2789 1938 2856 1977 ne
2879 1923 3083 1977 tantillo
3107 1921 3322 1992 quidem
3365 1932 3602 1988 tempore
3627 1918 3892 1988 spiritua-

2300 2014 2370 2068 lia
2402 2015 2703 2084 relinquere
2741 2022 2909 2069 tutum
2949 2021 3035 2068 est
3063 2030 3077 2066 :
3109 2013 3282 2083 cogita
3306 2010 3498 2084 quibus
3540 2009 3710 2064 simus
3741 2008 3890 2076 digni

2300 2107 2490 2175 pceuis,
2521 2107 2611 2176 qui
2637 2121 2698 2162 ea
2737 2121 2856 2176 quae
2883 2105 2948 2160 ad
2977 2103 3249 2159 Christum
3296 2109 3538 2172 spectant
3568 2109 3680 2155 toto
3717 2099 3892 2154 ferme

2301 2207 2540 2266 tempore
2586 2196 2902 2259 deserimus,
2930 2204 2986 2250 et
3027 2192 3345 2255 necessariis
3373 2191 3629 2246 vilissima
3670 2201 3893 2260 antepo-

2299 2291 2492 2353 nimus,
2513 2289 2762 2357 nullaque
2790 2303 2848 2342 re
2871 2295 3093 2355 urgente
3120 2285 3329 2341 desides
3345 2298 3547 2338 sumus.
3571 2283 3702 2337 Inde
3721 2296 3892 2352 porro

2297 2379 2554 2433 doctrina:
2583 2379 2803 2448 hujusce
2833 2377 3221 2447 philosophiam
3252 2374 3436 2429 mirari
3463 2382 3708 2444 oportet,
3738 2373 3888 2443 quod

2293 2469 2540 2538 juvenem
2567 2470 2729 2525 verbo
2758 2469 2848 2524 Dei
2874 2468 3122 2530 alliserit,
3155 2467 3220 2520 ad
3252 2465 3366 2521 haec
3389 2465 3551 2519 etiam
3573 2463 3756 2519 multis
3779 2463 3890 2517 «ει-1ο

2297 2565 2472 2631 puerit
2507 2563 2678 2626 malis,
2710 2563 2940 2623 ﬂetibus.
2973 2559 3134 2616 luctui
3163 2599 3176 2624 ,
3205 2558 3429 2627 aliisque
3458 2555 3580 2611 inde
3607 2555 3887 2624 sequenti-

2297 2654 2414 2708 bus.
2431 2652 2560 2707 Nam
2586 2662 2704 2724 post
2728 2653 3054 2722 sepulturam
3082 2665 3215 2721 Opus
3241 2658 3360 2704 erat
3389 2657 3766 2719 testamentum
3791 2662 3887 2703 ex—

2294 2755 2512 2810 cutere,
2557 2754 2731 2800 sortes
2773 2744 3084 2801 hereditatis
3119 2742 3476 2808 distribuere,
3521 2749 3576 2795 et
3611 2741 3716 2794 alia
3761 2753 3886 2809 qua

2296 2836 2408 2892 haec
2431 2839 2790 2908 sequebantur
2817 2826 2993 2892 omnia
3025 2837 3235 2890 facere:
3265 2833 3448 2903 sicque
3473 2831 3721 2887 ﬂuctibus
3747 2833 3886 2886 alios

2295 2929 2486 2984 ﬂuctus
2509 2929 2913 3000 excipientibus,
2949 2927 3134 2999 procul
3159 2943 3186 2980 a
3213 2925 3452 2981 veritatis
3481 2934 3636 2995 portu
3667 2925 3756 2979 ille
3781 2925 3880 2979 ab—

2295 3021 2483 3075 ductus
2523 3020 2729 3076 fuisset.
2760 3020 2886 3076 Ideo
2933 3019 3105 3090 ipsum
3156 3017 3407 3082 attrahit,
3456 3025 3508 3072 et
3545 3015 3648 3070 sibi
3683 3014 3880 3084 jungit.

2293 3111 2445 3178 Quod
2489 3112 2533 3166 si
2570 3109 2744 3166 adhuc
2771 3110 2981 3164 miraris
3007 3118 3060 3162 et
3080 3122 3220 3177 :rgre
3244 3108 3369 3173 fers,
3409 3105 3550 3176 quod
3577 3104 3884 3175 prohibitus

2293 3202 2449 3257 fuerit
2477 3210 2698 3271 paterno
2722 3200 2913 3257 adesse
2928 3199 3097 3255 funeri
3120 3216 3133 3264 ;
3155 3198 3282 3254 illud
3309 3200 3510 3268 cogites
3536 3197 3716 3262 velim,
3735 3198 3879 3251 mul-

2293 3300 2374 3345 tos
2404 3305 2525 3346 esse
2560 3293 2648 3362 qui
2693 3306 2813 3345 cum
2856 3290 3028 3347 sciant
3066 3291 3340 3360 quospiam
3380 3288 3656 3344 molestius
3690 3287 3881 3344 funera

2292 3382 2495 3438 laturos
2523 3397 2665 3449 esse,
2697 3398 2790 3438 seu
2819 3382 3005 3451 patris,
3037 3396 3131 3436 seu
3172 3379 3377 3446 matris,
3407 3393 3501 3435 seu
3530 3378 3644 3444 lilii,
3675 3395 3772 3433 seu
3803 3379 3884 3433 al-

2293 3473 2456 3527 terius
2481 3473 2882 3542 cujuscumque,
2902 3486 3006 3525 non
3035 3471 3343 3540 permittere
3370 3485 3434 3524 ea
3461 3470 3591 3538 ipsis
3620 3469 3878 3534 nuntiari,

2295 3576 2466 3632 neque
2494 3563 2639 3633 ipsos
2681 3562 2748 3617 ad
2786 3562 3088 3632 sepulcrum
3119 3563 3303 3617 venire
3333 3578 3345 3613 :
3376 3577 3549 3631 neque
3578 3561 3700 3615 ideo
3736 3562 3881 3632 ipsos

2294 3653 2626 3708 crudelitatis
2654 3652 3124 3708 inhumanitatisve
3143 3667 3495 3707 accusamus:
3525 3661 3580 3707 et
3600 3651 3723 3722 jure
3757 3652 3877 3720 qui.

2293 3743 2435 3798 dem.
2466 3743 2599 3798 Nam
2637 3754 2821 3798 contra
2863 3743 3042 3799 facere
3096 3743 3442 3799 inhumanum
3487 3753 3650 3809 esset,
3683 3759 3878 3815 nctnpe

2292 3835 2371 3890 sic
2397 3835 2617 3890 allectos
2642 3835 2708 3890 ad
2740 3837 2938 3891 luctum
2967 3837 2983 3867 ⁸
3014 3835 3264 3892 educere.

2363 3928 2416 3982 4.
2456 3929 2583 3996 Quae
2624 3930 2694 3982 ad
2732 3929 2948 3983 salutem
2992 3936 3218 3997 spectant
3263 3937 3382 3982 sunt
3425 3929 3619 3982 ceteris
3661 3938 3870 3997 antepo-

2294 4022 2478 4074 nenda.
2513 4019 2602 4074 Vir
2630 4023 2681 4074 in
2709 4023 2931 4091 nequitia
2968 4021 3156 4087 vivens,
3187 4030 3260 4074 est
3302 4030 3502 4074 mortuo
3543 4021 3782 4074 deterior.
3809 4049 3843 4060 -
3865 4047 3880 4056 -

2295 4110 2445 4177 Quod
2473 4112 2517 4163 si
2555 4111 2880 4181 propinquos
2906 4112 2976 4166 ita
3014 4112 3192 4182 lugere
3233 4121 3287 4166 et
3310 4113 3545 4166 animum
3571 4113 3727 4166 atteri
3759 4127 3871 4166 ma-

2299 4203 2404 4254 lum
2430 4211 2530 4266 est,
2556 4202 2708 4271 longe
2738 4202 2888 4270 pejus
2915 4214 2996 4258 est
3020 4218 3049 4257 a
3077 4203 3437 4272 spiritualibus
3465 4203 3657 4258 abduci
3680 4203 3874 4258 verbis.

2297 4288 2524 4361 Ideoque
2541 4292 2665 4346 alibi
2688 4293 2809 4348 dicit
2837 4311 2851 4347 :
2881 4293 3044 4347 Nemo
3065 4295 3262 4349 mittens
3283 4311 3487 4347 manum
3502 4311 3646 4348 suam
3674 4295 3745 4348 ad
3762 4311 3878 4348 ara-

2297 4395 2447 4448 trum,
2477 4395 2525 4438 et
2565 4402 2828 4440 conversus
2852 4388 2920 4440 ad
2947 4389 3256 4456 posteriora,
3287 4397 3435 4457 aptus
3476 4399 3550 4442 est
3576 4389 3646 4440 ad
3670 4405 3878 4458 regnant

2299 4476 2534 4530 calorum
2557 4475 2707 4547 (Luc.
2731 4477 2785 4533 9.
2813 4477 2926 4548 62).
2959 4475 3093 4531 Nam
3131 4479 3288 4549 longe
3316 4478 3508 4533 melius
3541 4490 3625 4534 est
3656 4495 3875 4549 regnum

2299 4565 2619 4635 pra-dieare.
2659 4566 2901 4639 aliosque
2942 4581 2972 4621 a
3004 4577 3176 4622 morte
3219 4567 3519 4634 retrahere,
3548 4585 3709 4639 quam
3743 4571 3876 4630 nihil

2294 4651 2564 4725 juvantem
2598 4665 2865 4713 mortuum
2893 4657 3157 4727 sepelire;
3189 4673 3309 4714 cum
3341 4660 3572 4714 maxime
3588 4673 3880 4730 supersunt

2298 4747 2386 4800 alii
2437 4747 2526 4817 qui
2565 4749 2770 4818 possint
2817 4749 2920 4804 hoc
2961 4747 3196 4806 ofﬁcium
3245 4750 3486 4821 implere.
3529 4751 3673 4808 Nihil
3724 4754 3880 4822 igitur

2297 4837 2438 4893 aliud
2471 4839 2594 4894 inde
2619 4839 2892 4904 discimus,
2913 4855 3073 4911 quam
3101 4840 3245 4911 quod
3269 4856 3337 4898 ne
3361 4842 3638 4898 minimum
3664 4844 3876 4914 quidem

2299 4931 2555 5000 temporis
2596 4941 2771 4987 terere
2817 4940 3099 4998 oporteat:
3126 4933 3331 4988 etiamsi
3362 4945 3611 4992 sescenta
3643 4936 3748 4990 alia
3794 4953 3879 4991 ur-

2299 5032 2474 5095 geant,
2498 5023 2786 5092 spiritualia
2809 5035 2933 5080 sunt
2959 5039 3176 5094 semper
3193 5026 3402 5081 cmteris
3423 5026 3508 5081 vel
3528 5029 3763 5082 maxime
3787 5046 3877 5083 nc-

2298 5114 2548 5168 cessariis
2585 5114 2955 5184 anteponenda
2978 5156 2993 5181 ,
3037 5116 3418 5188 scicndumquc
3445 5127 3530 5172 est
3553 5159 3566 5182 ,
3594 5120 3720 5188 quid
3754 5121 3874 5183 vita,

2298 5205 2426 5274 quid
2457 5218 2601 5294 mors
2626 5206 2713 5260 sit.
2741 5205 2884 5260 Multi
2907 5208 3048 5261 enim
3077 5209 3236 5262 etiam
3257 5224 3321 5263 ex
3348 5209 3434 5273 iis,
3465 5209 3553 5278 qui
3589 5211 3769 5265 vivere
3800 5213 3876 5265 \i-

2300 5294 2510 5361 dentur,
2543 5311 2572 5349 a
2615 5297 2839 5351 mortuis
2885 5297 3016 5352 nihil
3043 5297 3317 5365 ditiorum,
3336 5299 3388 5356 si
3428 5299 3480 5352 in
3524 5302 3757 5369 nequitia
3799 5305 3874 5354 vi-

2300 5399 2455 5451 vant;
2489 5389 2596 5441 imo
2637 5388 2931 5443 deteriores
2972 5390 3133 5443 etiam
3175 5385 3400 5445 uiortuis
3441 5399 3583 5444 sunt.
3619 5389 3760 5443 Nam
3797 5395 3876 5460 qui

2303 5490 2526 5531 mortuus
2555 5490 2647 5544 est,
2684 5481 2869 5549 inquit,
2893 5482 3202 5549 justi/italus
3228 5491 3300 5536 est
3325 5498 3356 5533 α
3391 5493 3591 5548 peccato
3621 5482 3798 5550 (Rom.
3826 5485 3873 5538 li.

2302 5569 2356 5635 7)
2382 5587 2396 5628 ;
2431 5570 2515 5624 hic
2537 5578 2713 5623 autem
2737 5570 2983 5638 nequitia:
3014 5573 3194 5627 servit.
3229 5571 3304 5628 Ne
3332 5573 3460 5626 inihi
3481 5573 3706 5641 dixeris,
3733 5572 3876 5627 11111111

2368 5724 2380 5754 ¹
2418 5722 2629 5784 Qtudam,
2654 5723 2718 5772 ad
2739 5726 2898 5784 tinnis.
