4110 6306
377 323 480 380 519

374 451 404 490 a
437 432 710 489 vermibus
737 447 846 487 non
880 429 1112 495 corrodi,
1138 445 1242 483 non
1265 427 1317 481 in
1343 427 1616 496 sandapila
1641 425 1847 496 jacere,
1867 439 1972 478 non

375 525 566 579 oculos
604 523 896 583 clausisse,
929 535 1100 590 neque
1158 517 1354 573 institis
1399 517 1617 588 ligatum
1661 531 1803 573 esse.
1838 515 1971 570 Nam

374 617 617 687 graviora
655 614 874 685 patitur,
905 629 1063 682 quam
1112 619 1382 673 mortuus,
1418 625 1524 664 non
1555 609 1830 663 vermibus
1853 623 1976 662 cor-

376 707 720 770 rodcntibus,
753 705 849 761 sed
888 704 1013 759 feris
1056 701 1460 758 immanioribus
1493 701 1656 755 animi
1695 699 1976 754 alfcctlbus

377 801 549 868 ipsum
573 798 1014 867 diseerpentibus.
1036 797 1090 851 Si
1111 805 1288 850 autem
1311 804 1525 864 apertos
1550 793 1742 847 habeat
1766 791 1971 856 oculos,

378 890 478 944 hoc
509 889 632 944 item
659 890 816 960 longe
859 890 1011 959 pejus
1037 897 1140 952 est,
1173 902 1331 956 quam
1372 887 1416 939 si
1443 885 1610 940 clausi
1654 894 1852 938 essent.
1882 885 1975 938 Et-

375 981 680 1035 enim'oculi
704 980 898 1034 mortui
921 979 1054 1033 nihil
1074 979 1194 1032 mali
1221 977 1434 1040 vident;
1465 977 1550 1031 hic
1574 986 1754 1030 autem
1777 974 1976 1043 apertis

374 1073 545 1127 oculis
583 1072 895 1126 innumeros
936 1070 1036 1125 sibi
1073 1068 1294 1123 attrahit
1331 1067 1567 1122 morbos.
1614 1066 1707 1120 Ille
1734 1066 1881 1136 jacet
1920 1065 1973 1120 in

374 1161 650 1232 sandapila
678 1162 744 1216 ad
775 1161 952 1217 omnia
997 1159 1321 1222 immobilis;
1347 1157 1434 1212 hic
1469 1159 1520 1212 in
1549 1158 1808 1228 sepulcro
1831 1172 1976 1211 mor-

374 1254 565 1308 borum
593 1253 740 1308 mille
772 1267 938 1307 onere
963 1250 1187 1306 obrutus
1225 1259 1325 1305 est.
1360 1251 1430 1302 At
1452 1263 1558 1303 non
1605 1250 1753 1303 vides
1777 1263 1974 1316 corpus

373 1349 492 1415 ejus
535 1342 849 1414 putridum?
877 1341 945 1396 Et
972 1341 1098 1412 quid
1143 1340 1280 1394 hoc?
1304 1339 1399 1394 Hie
1426 1339 1622 1409 quippe
1641 1378 1657 1400 ,
1685 1347 1970 1407 antequam

372 1451 572 1506 corpus
596 1437 713 1505 ejus
743 1443 1032 1506 putrescat,
1056 1434 1288 1488 animam
1313 1433 1471 1486 habet
1495 1440 1823 1500 corruptam,
1845 1446 1972 1501 per-

372 1527 565 1595 ditam,
593 1527 783 1584 fauore
823 1527 1055 1596 plurimo
1086 1524 1476 1580 labefactatam.
1497 1523 1588 1579 Ille
1629 1523 1845 1594 quidem
1878 1538 1974 1591 per

372 1619 559 1675 decem
582 1619 694 1675 dies
723 1619 894 1683 fdatet,
925 1617 1012 1671 hic
1042 1631 1171 1671 vero
1200 1632 1297 1687 per
1323 1625 1487 1669 totam
1528 1617 1689 1669 vitam
1723 1615 1970 1669 fauorem

370 1710 591 1772 emittit,
613 1724 675 1764 os
705 1709 909 1764 habens
935 1708 1133 1763 cloacis
1151 1706 1638 1776 ipsisimmundius.
1656 1705 1776 1762 Uno
1805 1705 1974 1760 verbo

375 1809 580 1857 tantum
596 1800 664 1855 ab
693 1801 796 1855 hoc
817 1800 907 1854 ille
928 1798 1125 1865 differt,
1149 1810 1404 1868 quantum
1425 1797 1514 1852 ille
1544 1797 1758 1868 quidem
1782 1813 1972 1852 corru-

375 1893 612 1961 ptiooent
636 1901 838 1945 natura:
866 1890 1097 1946 debitam
1124 1891 1337 1958 patitur,
1364 1890 1448 1943 hic
1469 1905 1597 1944 vero
1617 1905 1737 1943 cum
1763 1888 1847 1941 illa
1873 1904 1974 1958 pu-

375 1984 604 2046 tredine,
623 1999 741 2038 eam
774 1983 933 2036 etiam
957 1997 1074 2051 qua:
1108 1997 1174 2036 ex
1205 1981 1408 2050 perdita
1435 1983 1607 2036 oritur
1630 1981 1738 2036 vita
1765 1980 1864 2035 sibi
1895 1991 1977 2034 at-

379 2075 568 2140 trahit;
591 2083 873 2130 sexcentas
901 2075 1000 2130 sibi
1030 2075 1270 2144 quotidie
1296 2077 1600 2144 excogitans
1615 2075 1974 2145 corruptionis

373 2165 600 2235 species.
622 2165 729 2220 Sed
751 2166 840 2220 ille
863 2180 1002 2235 equo
1020 2164 1223 2219 fertur?
1243 2165 1380 2232 Quid
1405 2167 1504 2220 hoc
1527 2176 1610 2222 est
1626 2167 1649 2220 ἲ
1668 2165 1798 2220 Nam
1818 2166 1902 2221 hic
1920 2168 1972 2220 in

372 2255 514 2310 lecto
536 2254 838 2319 decumbit;
867 2255 1117 2324 quodque
1137 2255 1351 2324 gravius
1381 2265 1484 2317 est,
1510 2255 1636 2308 dum
1674 2255 1820 2309 illum
1856 2271 1976 2310 cor-

375 2353 590 2414 ruptum
631 2355 687 2400 et
713 2345 988 2400 fetentem
1033 2360 1190 2398 nemo
1226 2345 1390 2409 videt,
1414 2360 1536 2400 cum
1578 2361 1755 2400 arcam
1783 2346 1977 2401 habeat

375 2435 497 2490 velo
525 2444 799 2504 opertam;
849 2436 936 2490 bie
975 2435 1160 2491 vivens
1200 2451 1264 2490 ac
1304 2437 1519 2492 fmtidus
1557 2437 1975 2509 circumquaque

373 2535 616 2596 vagatur,
647 2535 911 2581 mortuam
940 2527 1170 2581 animam
1197 2528 1249 2581 in
1275 2543 1501 2598 corpore
1526 2530 1678 2599 quasi
1715 2531 1768 2584 in
1794 2531 1975 2600 sepul-

374 2631 468 2672 cro
494 2619 895 2673 circumferens.
925 2621 1004 2674 Ac
1033 2623 1076 2673 si
1114 2631 1296 2689 posset
1320 2623 1494 2676 anima
1522 2625 1758 2693 conspici
1795 2626 1892 2679 viri
1920 2627 1975 2680 in

373 2708 584 2764 deliciis
625 2719 680 2765 et
707 2710 760 2764 in
796 2712 1029 2782 nequitia
1059 2714 1314 2780 viventis,
1347 2715 1557 2770 videres
1585 2717 1743 2786 longe
1781 2718 1974 2772 melius

372 2814 495 2856 esse
537 2801 588 2855 in
614 2801 860 2872 sepulcro
887 2803 1100 2872 ligatum
1120 2804 1335 2872 jacere,
1364 2822 1519 2873 quam
1548 2807 1750 2860 catenis
1781 2822 1972 2875 pecea-

375 2903 550 2949 torum
577 2896 908 2965 constringi;
939 2910 1002 2950 ac
1049 2897 1275 2965 lapidem
1307 2900 1704 2967 superpositum
1748 2899 1966 2966 habere,

372 3002 532 3056 quam
561 3003 724 3058 grave
762 2989 890 3044 illud
916 2989 1340 3046 insensibilitatis
1365 2993 1695 3060 operculum.
1727 2996 1972 3064 Quapro-

375 3089 492 3145 pter
522 3080 772 3133 comenit
799 3089 857 3134 ut
886 3090 1218 3136 mortuorum
1242 3081 1500 3138 horumce
1517 3084 1826 3154 propinqui,
1845 3101 1974 3156 quo-

378 3170 524 3222 niam
563 3168 641 3221 illi
673 3169 752 3222 sic
789 3170 909 3224 sine
937 3185 1102 3224 sensu
1125 3172 1334 3239 jaceat,
1367 3173 1435 3227 ad
1474 3173 1660 3229 Jesum
1699 3177 1964 3234 accedant

372 3272 470 3326 pro
500 3258 604 3312 illis
628 3300 642 3324 ,
669 3268 724 3313 ut
747 3261 874 3314 olim
902 3260 1064 3315 Maria
1095 3277 1190 3330 pro
1219 3263 1441 3319 Lazaro.
1476 3267 1699 3322 Etiamsi
1728 3269 1966 3337 fmtidus,

372 3349 582 3402 etiamsi
604 3352 988 3419 quatriduauus
1009 3355 1099 3419 sit,
1125 3371 1190 3408 ne
1222 3355 1514 3426 desperes:
1546 3359 1638 3413 sed
1668 3361 1884 3426 accede;
1915 3374 1969 3418 et

369 3438 602 3506 lapidem
647 3441 792 3508 prius
827 3457 1063 3497 remove.
1088 3444 1217 3497 Nam
1264 3453 1390 3500 tunc
1419 3449 1624 3503 videbis
1660 3451 1961 3518 jacentem,

367 3530 518 3596 quasi
551 3530 602 3584 in
629 3532 896 3600 sepulcro,
930 3543 985 3588 et
1007 3536 1184 3590 fasciis
1212 3537 1450 3607 ligatum.
1483 3540 1548 3594 Et
1595 3543 1637 3596 si
1685 3545 1877 3611 placet,
1913 3546 1963 3600 in

369 3620 601 3675 medium
641 3625 942 3694 quempiam
987 3642 1052 3680 ex
1097 3629 1223 3683 viris
1270 3631 1564 3686 illustribus
1611 3634 1962 3693 adducamus.

366 3715 438 3767 At
465 3729 534 3768 ne
555 3716 819 3782 timentis;
852 3719 1012 3772 tacito
1041 3722 1235 3790 quippe
1266 3723 1482 3778 nomine
1508 3728 1810 3796 exemplum
1841 3746 1965 3798 pro-

368 3805 568 3867 feram;
603 3805 730 3873 imo,
768 3808 812 3860 si
849 3824 1042 3863 nomen
1083 3811 1338 3880 dicerem,
1370 3829 1437 3868 ne
1480 3815 1557 3870 sic
1584 3817 1798 3886 quidem
1846 3836 1960 3875 nte-

365 3898 619 3952 tueudum
648 3909 812 3954 esset.
842 3901 972 3967 Quis
999 3904 1142 3957 enim
1173 3921 1421 3975 umquam
1452 3919 1722 3964 mortuum
1749 3911 1959 3967 timuit?

1275 313 1342 372 IN
1376 310 1785 370 MATTHIEUM
1828 301 2058 363 IlOMIL.
2102 306 2339 364 XXVIII.
2381 312 2452 366 aI.
2495 312 2687 368 XXIX.

3576 316 3684 374 350

2083 396 2298 496 Siquid
2317 426 2458 480 enim
2491 425 2695 490 fecerit,
2725 435 2968 481 mortuus
3000 435 3175 483 tamen
3204 436 3418 494 manet;
3441 437 3684 484 mortuus

2082 535 2212 575 vero
2239 521 2505 574 viventem
2547 520 2744 575 lmdere
2788 519 2936 574 nullo
2966 530 3122 590 pacto
3162 532 3357 591 potest.
3393 520 3682 578 Videamus

2083 613 2262 681 itaque
2283 623 2444 683 caput
2463 613 2582 682 ejus
2613 613 2854 683 ligatum.
2877 612 3010 668 Nam
3037 630 3157 669 cum
3183 614 3376 670 crebro
3396 615 3505 671 sint
3524 617 3683 686 ebrii,

2082 705 2306 774 perinde
2348 715 2508 775 atque
2544 699 2953 760 mortui'multis
2993 706 3347 761 velaminibus
3385 716 3438 763 et
3477 705 3681 772 fasciis,
3765 697 3772 702 ’

2080 798 2157 851 sic
2187 811 2376 852 omnes
2416 796 2636 850 istorum
2661 811 2852 851 sensus
2875 797 3230 852 occluduntur
3250 807 3304 853 et
3342 793 3592 870 ligantur.
3623 797 3684 856 Si

2080 887 2230 942 lubet
2269 887 2431 941 etiam
2461 903 2650 940 atauus
2692 887 2895 953 videre,
2929 887 3046 941 illas
3070 888 3373 958 conspicias
3395 889 3682 944 ventri‘al-

2080 978 2287 1046 ligatas,
2311 988 2366 1032 ut
2392 976 2766 1050 defunctorum
2794 993 3004 1042 manus,
3021 988 3074 1032 et
3094 978 3323 1043 vinctas,
3343 996 3450 1034 non
3480 979 3684 1048 fasciis,

2079 1067 2174 1124 sed
2201 1068 2442 1122 avaritia:
2473 1069 2717 1132 vinculis,
2743 1069 2884 1138 quod
2913 1069 3069 1138 longe
3099 1069 3335 1125 deterius
3359 1082 3476 1136 est;
3508 1085 3685 1142 neque

2079 1160 2221 1214 enim
2251 1161 2512 1229 permittit
2551 1160 2638 1214 illa
2667 1169 2722 1214 ut
2762 1160 2828 1213 ad
2869 1160 3304 1231 elcemosynam,
3337 1161 3421 1214 vel
3447 1160 3513 1215 ad
3539 1161 3682 1215 aliud

2078 1250 2365 1320 quodpiam
2407 1266 2544 1321 opus
2573 1252 2768 1306 bonum
2811 1250 3204 1317 extendantur;
3241 1251 3336 1307 sed
3384 1252 3686 1309 inutiliores

2079 1341 2279 1406 efﬁcit,
2310 1357 2468 1410 quam
2513 1353 2847 1395 mortuorum
2879 1356 3091 1396 manus.
3123 1340 3288 1396 Visne
3313 1352 3370 1395 ut
3395 1342 3558 1397 etiam
3592 1358 3685 1411 pe-

2079 1435 2176 1490 des
2205 1435 2456 1490 similiter
2483 1436 2694 1489 vinctos
2734 1433 3051 1488 videamus?
3080 1434 3207 1489 Illos
3232 1421 3446 1506 quoque
3476 1435 3685 1506 respice

2077 1527 2223 1581 curis
2255 1527 2575 1580 constrictos
2599 1566 2613 1591 ,
2657 1521 2746 1595 qui
2775 1524 2894 1579 ideo
2923 1540 3030 1578 non
3059 1527 3266 1593 possint
3294 1525 3360 1580 ad
3397 1525 3683 1581 ecclesiam

2081 1618 2175 1673 Dei
2218 1633 2524 1688 properare.
2564 1617 2749 1671 Vidisti
2793 1619 3099 1671 mortuum?
3127 1617 3506 1678 Pollinctorem
3540 1617 3681 1674 vide.

2078 1710 2210 1777 Quis
2253 1710 2441 1763 horum
2492 1710 2779 1777 pollinctor
2815 1709 2937 1762 est?
2969 1707 3220 1762 Diabolus
3258 1707 3350 1776 qui
3399 1706 3684 1777 diligenter

2079 1802 2224 1870 ipsos
2248 1801 2584 1870 constringit,
2621 1815 2717 1854 nec
2746 1800 2873 1853 sinit
2898 1809 2956 1853 ut
2987 1798 3150 1852 homo
3175 1813 3302 1853 vere
3327 1797 3493 1851 homo
3516 1811 3684 1868 appa-

2079 1904 2230 1958 reat,
2261 1893 2354 1947 sed
2397 1895 2593 1963 lignum
2633 1894 2862 1946 aridum.
2895 1892 2993 1947 Ubi
3021 1892 3166 1947 enim
3204 1907 3305 1946 nec
3347 1892 3537 1945 oculus
3582 1905 3682 1947 nec

2080 2002 2293 2052 manus,
2326 2002 2425 2042 nec
2459 1986 2642 2056 pedes,
2679 2001 2776 2040 nec
2801 1985 2944 2039 aliud
2976 1985 3280 2054 Itujusmodi
3310 1995 3392 2040 est
3413 1983 3683 2054 quomodo

2079 2095 2198 2134 csse
2223 2094 2378 2148 posse
2394 2079 2554 2132 homo
2577 2079 2860 2133 videatur?
2881 2078 2969 2134 Sic
2991 2079 3229 2148 ipsorum
3252 2079 3483 2131 animam
3508 2076 3685 2130 fasciis

2079 2170 2382 2225 devinctam
2415 2171 2731 2239 conspicere
2763 2179 2878 2234 est,
2928 2169 3132 2222 idolum
3165 2169 3334 2237 magis
3364 2182 3522 2236 quam
3566 2167 3684 2220 ani-

2080 2278 2242 2317 mam.
2275 2261 2538 2328 Quoniam
2574 2262 2732 2331 igitur
2765 2261 2866 2330 ipsi
2911 2261 3029 2332 sine
3057 2275 3218 2314 sensu
3243 2259 3423 2328 jaccnt
3461 2257 3682 2322 mortui,

2081 2371 2179 2424 pro
2205 2354 2308 2407 illis
2336 2354 2402 2407 ad
2423 2353 2608 2408 Jesum
2631 2333 2966 2414 accedamus,
2993 2365 3276 2420 precemur
3299 2359 3355 2402 ut
3381 2357 3682 2416 resurgant,

2079 2442 2983 2514 amoveamuslapidem,solvamus
3015 2439 3226 2494 fascias.
3257 2438 3312 2494 Si
3339 2441 3482 2493 enim
3503 2439 3684 2493 abstu~
3745 2455 3748 2457 λ

2081 2536 2208 2592 leris
2234 2535 2486 2605 lapidem,
2512 2535 2563 2588 id
2591 2542 2694 2599 est,
2720 2533 2862 2588 illam
2892 2533 2942 2586 iit
2967 2532 3122 2586 malis
3145 2546 3400 2585 sensuum
3431 2529 3684 2598 privatio-

2080 2645 2224 2692 nem,
2254 2630 2361 2682 cito
2390 2629 2509 2681 illos
2536 2643 2566 2681 e
2592 2625 2840 2693 sepulcro
2864 2624 3116 2680 eduxeris
3146 2641 3158 2675 :
3191 2625 3418 2678 eductos
3449 2639 3575 2676 vero
3601 2620 3684 2675 fa-

2080 2721 2238 2774 cilius
2265 2734 2295 2772 a
2342 2719 2569 2772 vinculis
2611 2716 2881 2772 liberabis.
2915 2715 3067 2770 Tune
3109 2726 3159 2769 te
3198 2712 3476 2772 Christum
3515 2728 3684 2784 agno-

2081 2817 2214 2873 scet,
2241 2823 2363 2862 cum
2407 2807 2737 2872 sui-rexeris;
2762 2821 2883 2860 cum
2913 2804 3123 2860 solutus
3155 2803 3342 2867 fueris,
3383 2813 3507 2856 tunc
3536 2815 3587 2856 te
3618 2803 3684 2856 ad

2078 2918 2289 2958 C(enam
2334 2917 2485 2956 suam
2525 2899 2758 2957 vocabit.
2783 2900 3056 2968 Quotquot
3091 2897 3252 2966 igitur
3291 2895 3490 2951 Christi
3527 2895 3684 2950 amici

2077 2997 2228 3058 estis,
2261 3002 2522 3066 quotquot
2548 2991 2817 3062 discipuli,
2845 2999 3106 3062 quotquot
3136 2999 3405 3046 mortuum
3431 2988 3684 3059 diligitis,

2077 3086 2146 3141 ad
2183 3085 2366 3141 Jesum
2410 3086 2680 3154 supplices
2717 3083 2956 3138 accedite
2997 3093 3051 3137 et
3095 3082 3408 3151 supplicate.
3460 3079 3684 3133 Etiatttsi

2073 3182 2220 3238 enim
2261 3191 2611 3246 summopere
2641 3176 2862 3231 fmtidus
2889 3175 2990 3240 sit,
3045 3183 3281 3230 attamen
3329 3190 3434 3228 non
3483 3173 3685 3228 debent

2078 3265 2361 3342 propinqui
2393 3269 2511 3339 ejus
2536 3269 2708 3337 ipsum
2737 3266 3010 3329 deserere,
3039 3266 3135 3320 sed
3165 3273 3310 3319 tanto
3337 3268 3504 3336 magis
3529 3281 3684 3320 acce-

2075 3365 2205 3420 dere
2232 3405 2246 3428 ,
2277 3374 2480 3433 quanto
2520 3361 2690 3430 magis
2721 3359 2950 3428 putredo
2979 3366 3203 3427 augetur
3231 3373 3243 3411 :
3284 3367 3340 3410 ut
3378 3368 3504 3410 tunc
3543 3356 3683 3411 fece-

2077 3465 2199 3509 runt
2225 3453 2412 3508 Lazari
2437 3466 2689 3516 sorores;
2719 3466 2894 3520 neque
2934 3457 3057 3504 ante
3083 3448 3381 3513 discedere,
3406 3455 3680 3516 rogantes,

2075 3556 2356 3616 precantes
2380 3588 2395 3612 ,
2436 3543 2800 3613 supplicantes
2820 3583 2834 3606 ,
2867 3557 3025 3610 quam
3057 3540 3204 3594 illum
3234 3540 3499 3594 viventem
3529 3555 3682 3594 rece-

2074 3641 2329 3710 perimus.
2357 3638 2490 3693 Nam
2516 3639 2560 3691 si
2590 3638 2666 3690 sic
2698 3653 2785 3690 res
2811 3645 3026 3690 nostras
3051 3644 3105 3689 et
3135 3636 3498 3703 proximorum
3526 3650 3681 3688 cure-

2072 3748 2216 3792 mus,
2253 3729 2482 3784 futuram
2524 3730 2630 3782 cito
2662 3729 2822 3780 vitam
2851 3741 3288 3793 consequemur:
3321 3738 3424 3794 qua
3471 3726 3673 3777 utinam

2072 3837 2170 3877 nos
2199 3822 2298 3875 frui
2326 3820 2619 3889 contingat,
2643 3819 2809 3888 gratia
2840 3827 2894 3871 et
2924 3816 3250 3886 benignitate
3273 3816 3482 3870 Domini
3507 3818 3677 3872 nostri

2068 3914 2196 3968 Jesu
2222 3913 2442 3975 Christi,
2465 3912 2547 3964 cui
2572 3911 2737 3978 gloria
2767 3910 2817 3961 in
2844 3908 3038 3962 smeula
3070 3908 3409 3962 surculorum.
3445 3909 3638 3963 Amen.

1440 4117 1789 4179 HOMILIA
1833 4121 2130 4184 XXVIII.
2174 4123 2259 4184 aI.
2307 4121 2551 4182 XXIX.

356 4254 489 4310 Car.
529 4256 582 4310 8.
635 4273 686 4309 ν.
730 4256 819 4312 R5.
875 4257 942 4311 Et
983 4259 1278 4313 ascendente
1322 4277 1379 4314 eo
1417 4260 1470 4313 in
1518 4261 1824 4326 naviculam,
1868 4279 1952 4316 se-

428 4349 572 4416 quuti
600 4360 714 4403 sunt
736 4367 847 4403 eum
870 4351 1108 4419 discipuli
1134 4353 1266 4419 ejus.
1289 4353 1380 4404 ‘24.
1411 4350 1480 4404 Et
1508 4369 1619 4407 ecce
1649 4363 1813 4406 motus
1840 4371 1948 4406 ma-

429 4458 560 4511 gnus
589 4444 754 4510 factus
800 4453 874 4496 est
921 4443 973 4496 in
1004 4444 1153 4507 mari,
1186 4444 1260 4496 ita
1308 4453 1361 4496 ut
1391 4444 1627 4498 navicula
1672 4447 1950 4515 operiretur

427 4533 662 4598 ﬂuctibus
687 4548 706 4585 .°
725 4533 833 4598 ipse
851 4547 964 4586 vero
993 4533 1290 4587 dormiebat.

428 4621 481 4675 I.
513 4620 564 4674 Ν
573 4622 676 4675 ulla
704 4624 833 4676 inter
856 4625 1184 4694 evangelistas
1211 4627 1546 4681 dissonantia.
1569 4657 1638 4666 —
1656 4625 1845 4690 Lticas,
1880 4642 1948 4681 ne

355 4711 477 4780 quis
507 4713 574 4765 ab
603 4714 718 4779 ipso
746 4723 1046 4784 temporum
1085 4718 1328 4772 ordinem
1381 4721 1654 4789 exigeret,
1705 4721 1783 4773 sic
1829 4721 1941 4773 ait:

359 4799 577 4854 Factum
603 4813 675 4855 est
700 4805 750 4857 in
771 4821 872 4857 una
897 4805 1112 4868 dierum,
1147 4818 1193 4860 et
1246 4809 1353 4876 ipse
1407 4810 1633 4862 ascendit
1659 4811 1713 4862 in
1743 4810 1945 4862 navicu-

353 4894 482 4956 lam,
514 4902 560 4946 et
580 4893 820 4960 discipuli
842 4898 950 4966 ejus
980 4895 1130 4967 (Luc.
1162 4898 1214 4954 8.
1238 4900 1354 4968 2‘2).
1390 4900 1598 4956 Marcus
1623 4917 1834 4972 quoque
1867 4906 1944 4955 si-

353 4985 578 5040 militer.
603 4980 698 5040 llic
714 5002 841 5041 vero
887 5003 993 5042 non
1017 4989 1166 5055 item,
1197 4992 1288 5044 sed
1327 5000 1628 5061 temporum
1654 4991 1946 5061 quamdam

351 5085 534 5129 servat
565 5077 779 5153 seriem.
801 5076 984 5146 Neque
1005 5080 1147 5132 enim
1166 5083 1342 5150 omnia
1364 5097 1554 5137 omnes
1571 5082 1759 5136 eodem
1785 5083 1943 5135 modo

351 5169 664 5222 describunt
695 5188 708 5222 :
743 5169 794 5222 id
824 5170 963 5239 quod
995 5189 1022 5224 a
1057 5187 1143 5225 me
1177 5168 1283 5241 jam
1314 5189 1472 5243 supra
1505 5175 1706 5229 dictum
1746 5186 1847 5237 esu
1875 5191 1941 5229 ne

349 5259 471 5327 quis
499 5275 565 5313 ex
595 5261 885 5315 mitissione
912 5262 1295 5318 dissonantiam
1343 5267 1480 5320 inter
1522 5268 1666 5336 ipsos
1693 5283 1812 5322 esse
1843 5283 1938 5334 pu-

351 5359 508 5404 taret.
539 5349 733 5405 Turbis
764 5353 943 5421 itaque
975 5357 1288 5422 prmmissis,
1327 5356 1620 5426 discipulos
1649 5373 1829 5412 secum
1849 5373 1938 5411 as-

347 5439 616 5507 sumpsit:
646 5457 767 5494 nam
798 5441 898 5497 hoc
929 5444 1001 5498 illi
1029 5445 1234 5499 dicunt.
1265 5449 1572 5516 Assumpsit
1605 5459 1785 5502 autem
1832 5464 1936 5499 non

333 5532 541 5584 "frustra
565 5561 606 5595 ,κ
631 5547 729 5586 nec
771 5533 885 5586 sine
912 5549 1069 5588 causa
1101 5576 1115 5599 ,
1149 5536 1242 5590 sed
1271 5547 1328 5590 ut
1359 5537 1517 5591 ftttttri
1548 5540 1787 5592 miraculi
1818 5553 1939 5604 spc-

343 5635 580 5681 rtatorcs
610 5633 807 5677 essent.
837 5626 1297 5689 Quemadmodum
1346 5630 1487 5683 enim
1525 5630 1787 5696 palatstrm
1820 5645 1935 5680 ma-

339 5719 512 5785 gister
537 5717 791 5776 Optimus.
823 5716 888 5770 ad
922 5725 1205 5783 utrumque
1241 5720 1358 5775 illos
1405 5722 1690 5776 exercebat
1718 5762 1732 5780 ,
1776 5729 1832 5772 ut
1881 5721 1930 5773 in

2067 4264 2222 4318 malis
2263 4261 2611 4332 imperterriti
2641 4268 2823 4316 essent
2843 4301 2858 4324 ,
2907 4267 2961 4314 et
2993 4259 3043 4313 in
3074 4258 3372 4313 honoribus
3406 4258 3662 4312 modesti.

2062 4355 2141 4410 Ne
2164 4355 2330 4409 altum
2352 4354 2495 4408 enim
2527 4348 2804 4421 saperent,
2836 4350 3001 4420 quod,
3027 4350 3211 4404 missis
3231 4349 3372 4414 aliis,
3406 4350 3559 4418 ipsos
3579 4366 3663 4404 re-

2063 4447 2328 4510 tinuisset,
2379 4452 2752 4514 tempestatem
2806 4441 3087 4512 permittit,
3115 4448 3226 4493 tum
3259 4450 3316 4492 ut
3349 4440 3449 4493 hoc
3476 4440 3663 4494 effice-

2058 4548 2162 4604 ret,
2185 4548 2294 4592 tum
2320 4544 2376 4590 ttt
2399 4549 2495 4590 eos
2527 4534 2590 4588 ad
2617 4533 2870 4588 ferendas
2893 4532 3103 4585 fortiter
3131 4545 3402 4585 aerumnas
3429 4545 3663 4584 excree-

2060 4637 2162 4685 rct.
2193 4628 2324 4683 Nam
2352 4641 2542 4696 magna
2569 4624 2786 4696 quidem
2816 4634 2971 4677 erant
2998 4623 3174 4692 priora
3201 4622 3374 4691 signa,
3401 4620 3494 4674 sed
3520 4637 3656 4690 prae-

2055 4736 2180 4776 sens
2198 4722 2408 4790 signum
2432 4733 2536 4772 nou
2559 4732 2780 4788 parvatn
2805 4715 3088 4786 quamdam
3112 4705 3554 4770 exercitationem
3575 4711 3659 4765 af-

2055 4811 2262 4866 ferebat
2287 4853 2302 4877 ,
2348 4825 2412 4865 ac
2444 4808 2608 4863 veteri
2640 4807 2851 4860 cuidam
2881 4806 3034 4876 signo
3057 4805 3234 4858 simile
3260 4814 3396 4857 erat.
3425 4802 3657 4872 Ideoque

2053 4902 2199 4957 solos
2241 4913 2423 4958 secum
2453 4899 2674 4955 adducit
2722 4897 3036 4966 discipulos.
3075 4896 3206 4949 Nam
3256 4895 3346 4950 ubi
3394 4895 3654 4949 miracula

2053 4992 2373 5056 edebantur,
2426 4993 2678 5062 populum
2702 4989 3081 5044 sinitadesse:
3117 4988 3204 5040 ubi
3253 5001 3381 5040 vero
3413 4987 3652 5055 pericula

2053 5092 2108 5136 et
2137 5093 2376 5136 terrores
2400 5123 2415 5145 ,
2445 5081 2739 5150 discipulos
2762 5119 2776 5142 ,
2811 5079 3044 5132 athletas
3077 5093 3269 5148 nempe
3305 5078 3485 5143 orbis,
3514 5092 3652 5146 quos

2053 5176 2450 5228 exercitaturus
2479 5182 2616 5238 erat,
2662 5172 2810 5225 solos
2838 5186 3021 5226 secum
3067 5169 3312 5225 assumit.
3365 5167 3650 5224 Mattiacas

2052 5267 2224 5321 solum
2249 5265 2400 5328 dicit,
2431 5265 2603 5332 ipsum
2634 5261 2982 5326 dormivisse,
3017 5261 3188 5315 Lucas
3222 5276 3350 5314 vero
3395 5258 3560 5323 addit,
3591 5259 3648 5313 in

2050 5354 2304 5411 cervicali
2337 5356 2436 5424 (τι),
2462 5352 2934 5421 οειεηάωιςιιυςιηι
2960 5360 3106 5406 esset
3147 5367 3177 5403 a
3212 5349 3348 5404 fastu
3385 5350 3600 5404 alienus
3622 5389 3642 5417 ,

2047 5459 2100 5502 et
2127 5447 2192 5502 ad
2237 5462 2484 5516 magnam
2540 5444 2664 5498 inde
2725 5442 3120 5513 philosophiam
3176 5457 3274 5496 nos
3335 5442 3641 5495 instituens.

2106 5603 2179 5662 (a)
2213 5602 2286 5649 sic
2307 5615 2482 5649 omnes
2515 5600 2632 5647 Ρλιὶιὶ
2659 5606 2711 5648 et
2750 5598 3056 5659 manuscripti
3092 5596 3315 5662 Calices.
3353 5604 3404 5645 et
3429 5598 3492 5644 ita
3517 5593 3640 5662 legit

2039 5659 2652 5723 (Itan-gius'rrapezuutius.
2680 5661 2821 5723 Atqui
2841 5674 2933 5708 non
2959 5659 3222 5723 l_.ueas.sed
3251 5666 3432 5706 Marcus
3446 5667 3539 5715 est,
3556 5659 3639 5720 qui

2041 5720 2208 5785 habet,
2234 5724 2280 5786 4,
2305 5725 2366 5773 38
2384 5720 2403 5773 ἐ
2427 5734 2578 5786 super
2598 5720 2802 5774 cervical
2821 5720 3080 5771 dormiens.
