4110 6306
191 5993 398 6047 ..μήτ

510 334 609 393 851
1236 324 1291 379 S.
1332 319 1608 379 10.“le
1645 307 2124 375 ειιιιῑεοοδτυιιι
2164 308 2480 368 Αηοιιιεῐι.
2521 309 3054 369 CONSTANTINOP.

508 446 709 504 Oberta
732 445 910 513 itaque
935 447 1249 508 tempestate
1265 451 1386 493 cum
1411 435 1608 489 fureret
1629 444 1797 495 mare,
1822 427 1967 484 illum
1990 443 2056 482 ex

509 542 675 595 citant
694 537 967 594 dicentes:
995 533 1087 590 25.
1119 531 1335 587 Domine
1353 529 1536 602 ,gsalva
1563 543 1675 591 nos,
1706 524 1941 596 perimus.
1966 520 2082 590 Ipso

515 643 643 684 vero
667 629 787 683 illos
817 626 1069 696 primum,
1100 622 1297 678 deinde
1322 635 1469 676 mare
1491 616 1810 686 increpavit.
1841 613 1994 674 Nam,
2024 618 2080 663 ut

514 721 640 786 dixi,
667 717 1070 789 exercitationis
1099 730 1258 770 causa
1310 712 1423 768 tunc
1445 707 1902 781 permittebantur,
1933 713 1986 758 et
2018 702 2077 755 fi-

514 829 658 881 gura:
687 819 843 868 erant
869 809 1241 868 tentationum,
1292 820 1411 874 qua:
1439 805 1584 870 ipsos
1611 809 1771 853 erant
1799 798 2079 852 invasurzu.

519 904 729 964 Etenim
760 911 942 972 lmstea
970 915 1113 968 saepe
1143 896 1381 968 permisit
1409 909 1503 950 eos
1528 895 1579 948 in
1607 892 1879 963 graviores
1922 901 2084 952 nego-

520 998 714 1056 tiorum
759 988 1312 1060 procellasincidere,
1381 990 1436 1035 et
1468 995 1792 1036 succurrere
1843 976 2080 1034 distulit.

514 1084 665 1141 [inde
693 1083 888 1141 Paulus
917 1081 1164 1135 dicebat:
1197 1077 1334 1132 Nolo
1363 1085 1529 1130 autem
1556 1089 1640 1128 vos
1673 1073 1928 1144 ignorare,
1972 1073 2082 1139 fra-

512 1186 630 1242 tres,
661 1173 894 1241 quoniam
925 1171 1068 1225 valde
1092 1170 1283 1240 gravati
1329 1181 1498 1220 sumus
1543 1179 1699 1230 supra
1729 1161 1878 1226 vires,
1909 1159 1980 1213 ita
2031 1165 2084 1210 ut

513 1283 602 1320 uos
629 1265 829 1320 taederet
856 1264 1007 1320 etiam
1037 1263 1197 1317 vivere
1219 1259 1295 1332 (2.
1325 1259 1442 1313 Cor.
1471 1259 1522 1311 1.
1549 1256 1605 1324 8)
1631 1271 1646 1318 ;
1668 1262 1723 1308 et
1751 1262 1955 1322 postea,
1985 1249 2086 1311 Qui

514 1364 664 1413 extat
691 1355 934 1409 mortibus
964 1369 1055 1409 nos
1079 1353 1264 1420 eripuit
1294 1348 1452 1418 (Ibid.
1483 1364 1532 1400 υ.
1565 1348 1674 1413 f0).
1723 1343 1794 1400 Ut
1838 1338 2085 1397 oatettdat

515 1445 693 1516 igitur,
720 1443 919 1502 ﬁducia
939 1443 1013 1497 uti
1038 1451 1305 1510 oportere,
1328 1437 1535 1491 etiamsi
1557 1433 1730 1502 magni
1752 1432 2087 1487 concitentur

515 1539 735 1601 fluctus,
758 1538 1046 1606 ipsumque
1061 1532 1239 1590 omnia
1253 1531 1471 1587 .utiliter
1491 1528 1824 1597 dispensare,
1855 1525 2084 1592 primum

515 1631 660 1696 ipsos
680 1631 935 1697 increpat.
967 1625 1100 1679 Nam
1123 1623 1261 1692 quod
1295 1621 1487 1675 turbati
1514 1618 1730 1683 fuerint,
1756 1615 1805 1668 id
1835 1615 1937 1668 illis
1961 1612 2088 1666 utile

518 1720 636 1786 fuit,
659 1730 716 1776 ut
742 1721 1059 1787 majusesse
1083 1713 1395 1770 miraculum
1426 1710 1717 1771 videretur,
1752 1717 1804 1762 et
1831 1713 2083 1776 perpetua

513 1821 814 1866 servaretur
838 1811 912 1864 rei
943 1808 1216 1862 memoria.
1248 1803 1470 1873 Quando
1490 1803 1632 1857 enim
1661 1800 2084 1868 inexspectatum

515 1903 783 1972 quidpiam
812 1899 1048 1956 futurum
1089 1908 1189 1959 est,
1225 1896 1388 1949 multa
1418 1899 1780 1961 pra‘parantur
1809 1886 2086 1942 servanda:

515 1994 590 2048 rei
613 1990 883 2046 memoria:
901 1999 1220 2059 opportuna,
1254 1999 1321 2039 ne
1345 1984 1546 2037 editum
1570 1990 1756 2050 postea
1771 1978 2086 2033 miraculum

515 2083 567 2136 in
595 2082 913 2138 oblivionem
945 2077 1142 2133 veniat.
1193 2075 1284 2132 Sic
1325 2074 1535 2143 Moyses
1569 2079 1872 2140 serpentem
1917 2070 2090 2140 primo

513 2171 846 2233 formidavit,
895 2183 992 2224 nec
1028 2167 1185 2220 modo
1220 2163 1544 2228 formidavit,
1602 2161 1696 2216 sed
1734 2176 1854 2217 cum
1895 2175 2087 2229 magno

511 2262 672 2317 animi
716 2272 939 2325 terrore,
987 2269 1218 2326 tuncque
1245 2253 1376 2309 vidit
1401 2252 1717 2321 stupendum
1749 2249 1874 2305 illud
1903 2248 2083 2321 prodi-

509 2352 676 2422 gium.
704 2351 779 2406 Ita
802 2357 856 2404 et
878 2345 1146 2417 discipuli,
1188 2359 1308 2400 cum
1337 2344 1446 2410 jam
1480 2341 1547 2395 de
1574 2343 1746 2395 salute
1788 2339 1955 2394 ferme
1987 2340 2087 2393 de-

511 2448 840 2512 sperassent,
875 2448 1000 2492 tunc
1031 2437 1344 2497 liberantur,
1383 2441 1441 2486 ut
1473 2431 1766 2503 periculum
1803 2427 2033 2484 confessi
2067 2467 2084 2492 ,

513 2530 754 2586 miraculi
785 2526 1199 2599 magnitudinem
1239 2522 1558 2578 ediscerent.
1589 2520 1816 2589 Ideoque
1850 2517 2085 2574 dormit:

517 2637 640 2681 nam
668 2621 710 2674 si
742 2619 991 2689 vigilante
1016 2617 1106 2671 illo
1136 2615 1186 2668 id
1215 2616 1406 2668 factum
1451 2620 1612 2675 esset,
1639 2610 1722 2664 vel
1743 2624 1847 2664 non
1877 2609 2086 2663 timuis—

517 2718 658 2775 sent,
687 2709 770 2764 vel
809 2722 916 2761 non
940 2713 1236 2777 rogassent,
1264 2702 1346 2757 vel
1375 2717 1479 2757 non
1514 2709 1788 2771 putassent
1825 2713 1980 2768 posse
2020 2697 2086 2751 il-

513 2800 621 2855 lum
650 2799 702 2854 id
729 2797 966 2853 efﬁcere.
1015 2795 1138 2850 Ideo
1162 2794 1377 2856 dormit,
1411 2801 1467 2846 ut
1490 2792 1581 2846 det
1606 2789 1824 2851 timendi
1852 2791 2088 2843 occasiu-

513 2903 658 2954 nem,
686 2895 741 2943 et
768 2883 1232 2953 validioremjpsis
1263 2882 1603 2951 praesentium
1625 2893 1844 2934 sensum
1870 2876 2083 2931 efiiciat.

509 2976 694 3046 Neque
744 2975 888 3030 enim
935 2975 1056 3045 quis
1099 2971 1319 3044 perinde
1351 2970 1494 3025 videt
1535 2984 1612 3024 ea.
1638 2984 1758 3039 qua:
1806 2969 1858 3023 in
1897 2967 2088 3023 alienis

509 3066 822 3138 corporibus
851 3065 1001 3129 fiunt,
1029 3072 1188 3132 atque
1216 3077 1280 3121 ea
1316 3076 1434 3130 qua:
1479 3061 1533 3113 in
1562 3073 1788 3128 corpore
1812 3074 1928 3113 suo.
1953 3058 2086 3126 Quia

511 3157 671 3228 igitur
716 3171 905 3212 omnes
944 3154 1192 3209 videbant
1231 3151 1491 3207 beneficio
1543 3149 1762 3205 affectos
1813 3149 1995 3214 fuisse,
2029 3164 2088 3204 se

511 3262 638 3303 vero
678 3246 811 3302 nihil
855 3248 1130 3316 accepisse
1178 3243 1421 3298 beneficii
1455 3282 1472 3306 ,
1509 3241 1663 3311 quasi
1692 3240 1866 3310 supini
1898 3255 2083 3294 mane-

509 3342 673 3405 bant;
697 3354 871 3409 neque
894 3339 1037 3393 enim
1065 3334 1434 3397 claudierant.
1454 3333 1540 3388 vel
1566 3332 1672 3400 alio
1701 3331 1873 3387 affecti
1895 3346 2086 3401 corpo-

509 3434 585 3489 ris
610 3434 774 3488 vitio:
802 3431 1184 3501 oportehatque
1213 3437 1386 3482 tamen
1417 3427 1533 3481 illos
1555 3425 1931 3482 beneﬂcion
1962 3439 2086 3480 seu-

508 3538 571 3577 su
600 3522 772 3587 affici;
797 3529 1163 3590 tempestatem
1187 3518 1316 3572 oriri
1345 3515 1614 3582 concedit,
1647 3525 1706 3570 ut
1732 3530 1793 3571 ea
1827 3514 2034 3569 liberati
2063 3555 2081 3580 ,

506 3615 787 3669 clariorem
820 3611 1060 3667 beneficii
1090 3620 1305 3664 sensum
1333 3609 1689 3680 perciperent.
1719 3604 1948 3676 Ideoque
1977 3620 2083 3659 non

507 3701 857 3777 pauentibus
887 3699 1057 3760 turbis
1087 3699 1137 3753 id
1169 3699 1315 3769 agit,
1350 3712 1418 3753 ne
1446 3707 1503 3750 ut
1529 3695 1752 3750 modica:
1775 3694 1894 3749 fidei
1938 3694 2084 3750 dam-

508 3802 801 3856 narentur;
845 3789 939 3847 sed
985 3790 1131 3844 solos
1157 3788 1427 3853 emendat,
1469 3797 1523 3841 et
1571 3783 1899 3855 increpando
1934 3787 2082 3855 prius

508 3883 703 3938 mentis
731 3881 966 3951 ipsorum
993 3895 1149 3948 quam
1181 3891 1436 3946 aquarum
1467 3883 1836 3944 tempestatem
1886 3873 2080 3940 sedat,

506 3975 696 4029 dicens
728 3971 858 4026 :26.
889 3971 1025 4036 Quid
1071 3970 1232 4023 timidi
1264 3967 1402 4030 estis,
1437 3967 1646 4020 modica:
1686 3965 1806 4030 ﬁdei
1828 3966 1854 4018 7
1896 3966 2083 4020 simul-

506 4080 609 4134 que
640 4062 817 4130 docet,
861 4063 1104 4115 timorem
1141 4075 1247 4114 non
1273 4060 1341 4111 ab
1367 4057 1622 4110 immissis
1651 4057 2032 4112 tentationibus
2063 4097 2077 4122 ,

505 4155 597 4211 sed
623 4155 692 4209 ab
716 4153 879 4208 animi
912 4151 1218 4205 infirmitate
1267 4149 1416 4201 oriri.
1440 4146 1592 4213 Quod
1623 4147 1666 4200 si
1696 4149 1815 4216 quis
1843 4147 2080 4211 dixerit,

517 4262 710 4302 mutes
759 4244 950 4300 titnore
978 4242 1061 4294 vel
1098 4255 1161 4295 ex
1205 4238 1411 4293 modica
1446 4236 1549 4290 fide
1587 4245 1758 4291 motos
1794 4236 2083 4305 discipulos

511 4340 656 4393 illum
684 4338 947 4402 excitasse
983 4350 997 4389 :
1031 4329 1366 4400 respondebo
1409 4327 1536 4384 illud
1585 4328 1820 4382 maxime
1870 4328 2079 4397 signum

507 4444 653 4493 esse,
679 4441 774 4482 eos
790 4441 898 4481 non
925 4430 1307 4494 congruentem
1334 4419 1403 4474 de
1420 4419 1508 4474 illo
1532 4419 1836 4488 opinionem
1868 4419 2084 4473 habuis-

507 4534 587 4576 se.
616 4519 871 4575 Sciebant
896 4517 1116 4586 quidem
1153 4514 1324 4583 ipsum
1345 4511 1776 4581 expergefactum
1801 4513 2082 4583 increpare

507 4624 702 4680 posse;
728 4607 1088 4663 dormientem
1124 4619 1254 4659 vero
1281 4604 1515 4657 nondum
1547 4603 1819 4672 putabant.
1850 4603 1915 4658 Et
1953 4604 2078 4672 quid

509 4701 720 4757 miraris
761 4699 808 4756 si
838 4713 980 4754 nunc
1010 4700 1255 4760 timeant,
1289 4695 1508 4766 quando
1539 4703 1660 4764 post
1695 4697 1873 4751 multa
1917 4697 2077 4764 etiam

506 4791 605 4846 alia
655 4789 911 4847 miracula
965 4788 1287 4844 infirmiores
1331 4786 1506 4840 adhuc
1533 4778 1718 4841 erant?
1746 4787 2080 4857 Quapropter

506 4898 649 4954 sa-pe
702 4883 1046 4951 increpantur
1072 4921 1087 4946 ,
1128 4887 1185 4935 ut
1221 4877 1432 4948 quando
1476 4877 1604 4932 dicit
1636 4877 1855 4948 :Adhuc
1885 4863 1950 4931 iet
1994 4894 2079 4933 vos

506 4975 796 5044 insipientes
837 4974 953 5027 estis
986 4970 1194 5041 (Matth.
1228 4971 1314 5024 l5.
1348 4968 1479 5038 16)?
1506 4968 1582 5023 Ne
1618 4969 1792 5038 itaque
1835 4970 2076 5034 mireris,

508 5081 632 5120 cum
658 5062 902 5135 discipuli
947 5072 1051 5116 tam
1082 5061 1379 5116 imbecilles
1424 5069 1617 5123 erant,
1649 5059 1694 5112 si
1739 5059 1909 5114 turbae
1949 5059 2076 5113 nihil

510 5171 756 5224 magnum
778 5154 848 5210 de
875 5155 989 5223 ipso
1005 5152 1392 5222 opinabantur;
1425 5151 1756 5209 mirabantur
1780 5151 1974 5220 quippe
1999 5151 2079 5205 di-

507 5254 697 5300 centes
719 5261 732 5299 :
759 5243 850 5299 27.
881 5243 1060 5310 Qualis
1089 5243 1262 5297 esthic
1287 5241 1435 5296 homo
1458 5283 1472 5306 ,
1496 5243 1613 5311 quia
1641 5251 1688 5294 et
1715 5258 1853 5294 utare
1874 5251 1920 5294 et
1949 5245 2077 5295 uenti

506 5336 743 5392 obediuut
787 5334 872 5390 ei?
899 5333 1145 5389 Christus
1193 5346 1321 5388 vero
1350 5346 1454 5386 non
1485 5332 1749 5400 corripuit
1773 5345 1888 5395 eos,
1937 5333 2076 5402 quod

510 5427 780 5481 hominem
809 5441 932 5481 esse
975 5426 1144 5495 ipsum
1165 5424 1439 5488 dicerent;
1477 5422 1570 5477 sed
1612 5422 1953 5490 exspectabat
1997 5423 2077 5475 iu-

512 5523 664 5574 terim
696 5537 789 5590 per
812 5521 1063 5575 miracula
1094 5519 1299 5574 docens
1339 5519 1458 5573 illos
1500 5518 1681 5572 falsam
1707 5517 1843 5572 hanc
1874 5517 2078 5587 opinio-

513 5628 632 5665 num
655 5628 792 5667 esse
825 5611 1103 5668 Undenam
1139 5612 1406 5666 hominem
1452 5611 1597 5665 illum
1640 5625 1760 5666 esse
1783 5610 2080 5680 putabant?

516 5706 584 5759 lis
621 5719 834 5772 aspectu
857 5745 872 5772 ,
901 5721 962 5760 cx
1010 5719 1198 5758 somno
1219 5747 1231 5770 ,
1263 5704 1398 5774 quod
1430 5704 1546 5757 navi
1595 5713 1848 5759 uteretur.
1878 5702 2077 5758 Idcirco

3662 309 3770 367 353

2194 425 2246 477 in
2269 434 2546 495 stuporem
2574 426 3003 495 conjiciebantur
3027 425 3266 482 dicentes
3297 441 3310 478 :
3343 423 3525 489 Qualis
3549 437 3620 479 es!
3643 425 3726 478 hic
3746 424 3773 479 .’

2184 515 2418 573 Somnus
2443 520 2636 589 quippe
2663 527 2718 574 et
2740 518 2995 589 quidquid
3038 520 3332 589 apparebat
3379 518 3649 574 hominem
3682 519 3770 572 in-

2187 609 2442 666 dicabat:
2471 625 2619 665 mare
2658 619 2717 664 et
2767 619 2914 680 parta
2947 609 3307 680 tranquillitas
3330 609 3505 665 Deum
3525 609 3768 665 declara-

2188 699 2298 756 bat.

2259 794 2315 848 2.
2348 791 2577 849 Christus
2605 803 2658 846 ut
2685 792 2942 857 dominas,
2991 791 3195 866 lapses
3219 804 3276 848 ut
3296 811 3488 858 servus,
3520 794 3770 853 utiroeals

2190 887 2477 942 satrabaut.
2511 885 2852 957 anngeliste
2880 903 3152 957 natuenatu
3204 888 3297 942 alii
3341 903 3462 943 cunt
3510 887 3626 942 aliis
3668 902 3740 954 pst
3754 915 3769 927 -

2187 988 2363 1046 guant.
2379 1008 2450 1018 —
2472 977 2801 1048 Quamquam
2827 979 2969 1033 enim
2994 977 3203 1048 Moyses
3217 977 3416 1048 aliquid
3435 977 3612 1036 simile
3636 977 3770 1034 olim

2190 1069 2412 1136 fecerat,
2470 1071 2556 1125 vcl
2604 1071 2727 1126 hinc
2771 1069 2968 1126 Christi
3023 1070 3312 1126 eminentia
3361 1071 3767 1137 declarabatur,

2189 1163 2333 1232 quod
2370 1163 2460 1217 ille
2489 1174 2546 1216 ut
2575 1178 2784 1229 servus,
2817 1164 2902 1217 hic
2930 1173 2988 1219 ut
3015 1163 3265 1226 dominus
3293 1165 3554 1224 miracula
3586 1172 3769 1231 patra-

2190 1261 2292 1308 ret.
2325 1253 2438 1308 Non
2477 1256 2620 1308 enim
2653 1256 2856 1324 virgam
2887 1253 3132 1311 extendit
3157 1263 3214 1309 ut
3239 1253 3348 1318 ille,
3378 1269 3552 1322 neque
3575 1269 3770 1308 manus

2191 1343 2447 1414 expandit
2475 1360 2660 1401 versus
2682 1347 2870 1401 tta-lum
2896 1387 2912 1413 ,
2942 1361 3117 1416 neque
3166 1345 3474 1416 precatione
3499 1361 3634 1414 opus
3671 1346 3770 1399 ha-

2191 1436 2334 1488 buit:
2366 1437 2467 1490 sed.
2505 1445 2564 1489 ut
2597 1451 2688 1505 par
2716 1445 2799 1491 cst
2819 1436 3097 1491 dominum
3123 1435 3352 1499 ancillis,
3385 1445 3773 1499 etcreatorem

2200 1526 2418 1595 epificio
2441 1529 2752 1597 praecipere,
2780 1527 2858 1583 sic
2887 1527 3030 1582 illam
3055 1526 3578 1584 sedavitetfrenavit
3605 1529 3775 1583 verbo

2191 1628 2244 1671 et
2272 1627 2539 1688 praecepto
2561 1628 2765 1672 tantum
2797 1637 2809 1670 :
2833 1631 2994 1687 atque
3021 1621 3198 1672 omnis
3226 1618 3401 1672 subito
3431 1617 3604 1676 soluta
3637 1626 3772 1677 tem-

2195 1719 2372 1779 pestas
2397 1721 2499 1774 est,
2530 1725 2630 1764 nec
2652 1710 2929 1780 vestigium
2948 1710 3197 1779 procella».
3221 1710 3437 1767 mansit.
3461 1708 3598 1763 illud
3626 1709 3773 1761 enim

2190 1799 2482 1854 declaravit
2507 1800 2833 1869 evangelista
2874 1799 3058 1855 dicens
3085 1818 3098 1853 :
3128 1799 3198 1854 Et
3227 1804 3454 1870 factaest
3481 1797 3775 1869 tranquilli-

2192 1899 2268 1943 tas
2293 1905 2497 1959 magna.
2532 1889 2685 1956 Quod
2723 1889 2791 1944 de
2821 1888 2983 1944 Patre
3011 1891 3164 1961 quasi
3197 1905 3286 1946 res
3312 1891 3533 1959 grandis
3567 1890 3773 1945 dictum

2193 1983 2364 2036 fuerat
2384 2023 2399 2045 ,
2427 1982 2479 2036 id
2508 1982 2622 2050 ipse
2666 1982 2918 2050 operibus
2944 1981 3208 2038 exhibuit.
3236 1982 3372 2048 Quid
3399 1982 3467 2036 de
3489 1983 3649 2036 Patre
3685 1982 3775 2036 ui-

2192 2081 2334 2125 ctum
2365 2070 2585 2126 fuerat?
2613 2071 2760 2126 Dixit
2787 2083 2833 2125 et
2860 2073 2996 2126 stetit
3042 2072 3536 2142 spiriturprocellte.
3584 2073 3675 2128 Sic
3719 2081 3774 2127 ct

2195 2162 2294 2215 hoc
2345 2163 2464 2218 loco
2529 2162 2695 2228 dixit,
2758 2161 2826 2215 Et
2871 2167 3010 2232 facta
3047 2172 3118 2216 est
3170 2163 3513 2233 tranquillitas
3564 2179 3774 2233 magna.

2197 2252 2370 2323 (Psal.
2401 2253 2519 2308 l06.
2546 2253 2659 2321 25).
2699 2253 2989 2322 Propterea
3031 2252 3200 2309 turbae
3239 2252 3390 2307 illum
3428 2268 3636 2307 summe
3667 2255 3775 2307 mi-

2191 2347 2447 2399 rabantur
2473 2364 2486 2400 :
2519 2361 2644 2414 qua:
2673 2360 2781 2400 non
2805 2346 2881 2400 ita
2904 2345 3111 2400 mirata:
3135 2343 3384 2410 fuissent,
3406 2345 3449 2400 si
3480 2344 3689 2399 fecisset
3720 2353 3775 2398 ut

2192 2436 2420 2500 Moyses.
2456 2437 2790 2508 Postquama
2825 2437 2960 2497 mari
2982 2435 3524 2503 discessissenaiiud
3562 2437 3774 2492 ωτι-ἰδία

2194 2524 2630 2579 liusmiraculum
2647 2519 3008 2590 subsequitur.
3043 2519 3360 2572 Daeinuuiaci
3384 2518 3551 2579 enim,
3579 2528 3777 2584 quem-

2189 2614 2476 2673 admodum
2523 2613 2727 2684 fugitivi
2775 2612 3006 2684 improbi
3056 2611 3299 2666 videntes
3344 2611 3645 2677 dominum.
3684 2607 3778 2667 di-

2187 2706 2412 2761 cebant:
2440 2704 2531 2760 29.
2563 2704 2698 2771 Quid
2734 2705 2876 2758 nobis
2919 2712 2968 2757 et
2995 2702 3104 2769 tibi,
3134 2701 3261 2756 Jan
3292 2698 3418 2760 Filii
3445 2699 3582 2758 Dei?
3613 2697 3775 2755 Vmi-

2184 2798 2251 2850 sti
2278 2796 2377 2848 huc
2419 2805 2535 2848 ante
2576 2805 2770 2864 tempus
2815 2803 3048 2862 torquere
3089 2808 3205 2848 stes.
3251 2793 3382 2860 Quia
3412 2793 3553 2846 enim
3599 2790 3772 2847 turbat

2190 2888 2363 2956 ipsum
2409 2886 2677 2940 hominem
2723 2900 2843 2940 esse
2886 2883 3300 2950 confitebantur,
3345 2892 3610 2944 venerunt
3650 2883 3769 2942 ds-

2187 2995 2376 3036 mones
2421 2980 2750 3034 divinitatem
2779 2979 2897 3047 ejus
2937 2978 3289 3049 pradicantes
3313 2994 3327 3031 :
3354 2987 3411 3034 et
3452 2978 3541 3048 qui
3568 2978 3774 3049 agitato

2190 3083 2477 3145 posteaque
2504 3073 2689 3127 sedato
2717 3073 2849 3128 mari
2890 3087 2997 3126 non
3030 3070 3329 3137 audierant,
3359 3070 3632 3126 dtenionas
3663 3069 3772 3126 hoc

2185 3165 2481 3220 clamantes
2508 3163 2809 3230 audierunt,
2849 3164 2992 3234 quod
3019 3178 3168 3219 mare
3197 3164 3538 3234 tranquillum
3566 3164 3767 3220 factum

2186 3254 2580 3324 pmdicaverat.
2613 3254 2813 3309 Deinde
2839 3269 2906 3310 ne
2937 3253 3039 3309 hoc
3065 3269 3161 3325 per
3179 3254 3539 3310 adulationem
3559 3253 3764 3311 dictum

2185 3347 2477 3414 videretur,
2506 3362 2568 3401 ex
2597 3362 2778 3401 rerum
2801 3347 3170 3417 esperimento
3193 3348 3430 3402 clamant
3451 3348 3535 3402 his
3558 3346 3764 3405 verbis:

2197 3434 2384 3491 Venisti
2406 3436 2505 3489 hac
2546 3446 2663 3490 ante
2690 3444 2886 3507 tentpsts
2907 3446 3137 3507 torquere
3162 3453 3276 3492 nos.
3314 3437 3438 3493 ldeo
3466 3439 3615 3507 prius
3654 3438 3763 3493 ini-

2187 3528 2441 3585 micitiam
2466 3527 2723 3597 fatentur,
2753 3545 2820 3586 ne
2845 3539 3093 3600 suspecta
3119 3544 3307 3586 eorum
3338 3532 3661 3601 supplicatio
3685 3529 3766 3586 vi-

2186 3621 2426 3679 deretur.
2455 3622 2667 3676 Etenim
2694 3623 3037 3677 invisibiliter
3066 3624 3509 3688 verberabantur,
3556 3631 3612 3679 et
3641 3623 3770 3695 plus

2184 3728 2342 3784 quam
2372 3728 2520 3768 mare
2544 3712 2874 3769 fluctuabant
2896 3713 3119 3780 confixi,
3165 3715 3452 3782 combusti,
3486 3726 3649 3786 atque
3694 3731 3766 3771 es

2176 3804 2631 3879 sola‘prteseutia
2681 3806 3042 3862 intolerabilia
3093 3808 3378 3876 patientes.
3426 3808 3560 3872 L‘uia
3612 3822 3763 3864 enim

2182 3897 2541 3952 dazmoniacos
2573 3897 2692 3952 illos
2719 3913 2876 3954 nemo
2901 3898 3095 3954 offerre
3125 3900 3376 3965 audebat,
3423 3900 3669 3958 Christus
3698 3902 3764 3958 il-

2184 3987 2264 4041 los
2293 3987 2423 4043 adit.
2459 3988 2522 4043 Et
2545 3987 2826 4045 Matthzeus
2856 3991 3074 4060 quidem
3127 3992 3315 4048 scribit
3339 3992 3542 4048 dixisse
3586 3993 3711 4049 illos
3744 4011 3763 4048 :

2192 4075 2383 4131 Venisti
2410 4079 2508 4131 huc
2534 4088 2652 4132 ante
2691 4090 2888 4150 tempus
2918 4090 3149 4150 torquere
3187 4098 3315 4148 uos;
3343 4083 3431 4139 alii
3464 4101 3591 4140 vero
3611 4086 3768 4142 addi-

2184 4174 2393 4231 derunt,
2428 4183 2525 4224 eos
2573 4169 2848 4240 adjurasse
2904 4186 2968 4226 ac
3020 4188 3239 4244 rogasse
3287 4174 3436 4231 illum
3496 4193 3564 4233 ne
3611 4193 3673 4233 se
3709 4178 3770 4234 in

2181 4260 2434 4329 abysstun
2461 4261 2792 4331 conjiceret:
2823 4265 3080 4333 putabant
3102 4267 3246 4322 enim
3286 4266 3397 4338 iam
3429 4270 3631 4327 instare
3659 4269 3764 4328 sibi

2182 4357 2502 4426 supplicium
2550 4367 2604 4413 et
2629 4359 2888 4416 timebant
2913 4363 3065 4432 quasi
3087 4362 3199 4432 jam
3245 4364 3299 4419 in
3347 4373 3614 4421 tormenta
3659 4365 3767 4424 de—

2184 4446 2348 4501 missi.
2372 4447 2522 4514 Quod
2548 4452 2592 4505 si
2613 4449 2785 4506 Lucas
2806 4450 2956 4524 (Cap.
2974 4453 3030 4523 8)
3053 4469 3215 4508 unum
3239 4465 3444 4510 tantum
3467 4469 3764 4527 memoret,

2188 4538 2272 4592 hic
2300 4548 2477 4609 autem
2502 4542 2658 4608 duos,
2692 4557 2867 4612 neque
2895 4545 2971 4598 sic
2996 4544 3322 4600 dissonantia
3350 4549 3525 4619 aliqua
3554 4549 3764 4605 indica-

2188 4642 2294 4686 tur.
2338 4632 2391 4688 Si
2414 4635 2556 4688 enim
2585 4634 2833 4703 dixisset,
2868 4652 3029 4691 unum
3059 4647 3262 4694 tantum
3287 4637 3472 4703 fuisse,
3505 4657 3604 4699 nec
3632 4645 3764 4700 alte-

2185 4742 2300 4779 rum
2330 4727 2619 4792 exstitisse,
2651 4737 2777 4783 tunc
2798 4728 3067 4784 videretur
3092 4745 3131 4785 a
3152 4729 3404 4786 Matthmo
3431 4732 3651 4790 differre
3692 4738 3713 4768 '
3740 4753 3769 4798 τ,

2181 4831 2302 4871 cum
2326 4832 2453 4872 vero
2471 4817 2561 4873 ille
2600 4835 2786 4885 unum,
2820 4819 2907 4876 hic
2936 4821 3364 4879 duosmemorat
3383 4865 3401 4890 ,
3427 4839 3535 4881 non
3583 4829 3770 4896 pttgua‘

2185 4906 2301 4962 tunc
2327 4917 2410 4964 est
2431 4949 2446 4974 ,
2497 4909 2593 4965 sed
2620 4909 2920 4966 differentia
2953 4913 3224 4969 narrandi.
3258 4913 3387 4970 Mihi
3431 4917 3578 4971 enim
3607 4916 3761 4973 vide-

2183 5010 2268 5055 tur
2310 4999 2480 5054 Lucas
2504 5002 2768 5057 acriorem
2815 5002 2900 5057 hic
2952 5002 3360 5060 memorandum
3405 5023 3468 5062 su
3500 5010 3710 5078 cepisse
3745 5026 3762 5074 ;

2179 5100 2507 5163 quapropter
2533 5095 2700 5163 magis
2744 5095 2998 5164 tragicam
3044 5097 3303 5154 describit
3349 5101 3760 5166 calamitatem,

2180 5182 2320 5251 quod
2367 5199 2560 5254 nempe
2590 5186 2794 5240 vincula
2820 5196 2874 5240 et
2917 5197 3134 5243 arterias
3160 5190 3493 5260 dirumpens,
3529 5209 3624 5262 per
3659 5194 3761 5247 de-

2181 5286 2384 5327 sertum
2419 5287 2663 5331 erraret:
2697 5277 2903 5332 Marcus
2953 5295 3081 5334 vero
3110 5283 3238 5336 dicit
3286 5282 3461 5353 ipsum
3515 5301 3636 5341 sese
3680 5287 3756 5341 la-

2182 5365 2392 5433 pidibus
2421 5368 2770 5434 percussisse.
2807 5369 2977 5425 Verba
3020 5381 3198 5428 autem
3239 5390 3424 5429 eorum
3455 5376 3760 5432 immanita-

2184 5457 2287 5510 tein
2341 5457 2837 5530 impudentiamque
2873 5460 3169 5521 declarant.
3233 5464 3427 5522 Venisti
3479 5476 3615 5524 enim
3655 5471 3758 5526 lius:

2250 5706 2270 5736 ι
2310 5639 2666 5763 ῗιξιὶίσιῖἲίὶἱέἀυιιὲ
2842 5694 3082 5748 rideretur
3107 5690 3325 5742 multum
3342 5683 3690 5755 contradicer
