4110 6306
259 390 365 447 353

259 514 383 561 ante
409 513 617 573 tempus
669 485 899 568 torqtiere
943 507 1068 556 nos,
1123 479 1561 558 inquiunts-Nou
1606 482 1857 548 poterant

257 603 407 658 enim
435 598 619 655 dicere
639 611 700 651 se
742 606 850 646 non
888 598 1176 660 peccasse;
1207 585 1401 648 rogant
1429 589 1557 630 vero
1602 586 1670 626 ne
1721 579 1850 623 ante

244 704 482 764 tempus
502 703 691 762 punias
717 659 1048 747 luant.Quia
1080 675 1222 731 enim
1250 663 1611 739 deprehendit
1638 675 1734 718 eos
1770 659 1856 712 in-

260 747 564 842 tolei'abilia
579 789 636 834 et
661 775 842 844 iniqua
874 776 1149 839 operatus,
1176 777 1244 818 ac
1261 769 1536 816 creaturas
1563 769 1690 809 suas
1709 747 1856 806 omni

261 887 484 945 prorsus
541 865 700 921 modo
739 843 1115 917 subvertentcs
1148 863 1204 909 et
1247 849 1567 932 cruciantes,
1601 843 1860 912 putabant

261 979 383 1022 eum
403 963 475 1018 ob
494 960 790 1015 facinorum
811 951 1144 1008 atrocitatem
1158 961 1265 1000 non
1282 948 1714 1012 exspecuiturum
1737 946 1859 988 esse

261 1052 514 1128 supplicii
543 1061 757 1118 tempus
781 1065 794 1100 :
829 1045 1030 1100 idcirco
1059 1038 1318 1110 rogabant
1345 1044 1400 1089 et
1430 1028 1804 1100 supplicabant
1836 1042 1850 1079 :

262 1121 437 1218 ινιῠῷιί
465 1161 533 1201 ne
564 1142 756 1198 ferreis
779 1136 997 1210 quidem
1047 1130 1276 1186 vinculis
1301 1121 1535 1181 detineri
1582 1126 1854 1189 poterant,

264 1214 412 1310 liga-ti
468 1237 726 1294 veniunt;
767 1231 856 1301 qui
899 1235 1114 1283 montes
1156 1217 1569 1292 percurrebant,
1614 1214 1666 1267 in
1707 1226 1859 1266 cam-

266 1300 365 1400 pos
392 1335 628 1390 exeunt;
658 1322 748 1393 qui
775 1300 910 1375 alios
937 1332 966 1371 a
991 1311 1218 1370 transitu
1247 1305 1520 1369 arcebant,
1553 1317 1674 1356 cum
1707 1300 1855 1354 illum

262 1391 405 1475 viam
433 1419 532 1474 sibi
590 1391 962 1468 obstruentem
995 1405 1273 1466 viderent,
1303 1404 1590 1452 steterunt.
1625 1391 1732 1447 Sed
1759 1404 1859 1445 cur

262 1514 318 1570 iu
346 1509 613 1582 sepulcris
661 1507 889 1561 libenter
915 1494 1241 1556 versantur?
1271 1501 1330 1548 ιιι
1358 1488 1710 1562 perniciosam
1762 1483 1858 1538 do-

261 1606 494 1661 ctrinam
543 1599 834 1654 multorum
881 1591 1152 1649 mentibus
1197 1588 1480 1647 inserant;
1512 1591 1709 1648 nempe
1737 1574 1858 1629 ani-

263 1713 380 1754 mas
411 1702 741 1752 mortuorum
772 1689 1048 1742 dannonas
1075 1681 1188 1736 fieri
1231 1676 1345 1750 (a);
1388 1672 1533 1745 quod
1561 1685 1631 1726 ne
1661 1668 1862 1737 cogitet

262 1787 533 1859 quispiam
555 1781 715 1837 absit.
749 1777 856 1833 Sed
885 1775 1015 1846 quid
1059 1772 1228 1834 dicas,
1258 1767 1526 1836 inquiunt,
1553 1762 1622 1817 de
1652 1761 1859 1859 pratsti-

258 1848 559 1951 giatoribus
581 1871 785 1936 multis,
813 1866 905 1940 qui
928 1873 1114 1935 captos
1142 1873 1336 1932 pueros
1360 1855 1628 1927 iugulant,
1653 1861 1710 1906 ut
1738 1848 1859 1904 ani-

263 1941 408 2025 ittatn
441 1974 624 2038 postea
676 1961 776 2017 sibi
827 1958 1218 2013 ministrantem
1265 1946 1533 2005 habeant?
1577 1943 1687 2000 Sed
1718 1941 1861 1996 unde

265 2064 370 2116 huc
399 2035 607 2128 liquet?
636 2054 768 2110 Nam
817 2049 961 2120 quod
1007 2046 1257 2118 jugulent
1279 2083 1296 2111 ,
1328 2043 1431 2097 hoc
1455 2037 1608 2094 multi
1639 2035 1868 2099 dicunt;

259 2153 406 2224 quod
436 2125 614 2206 autem
656 2157 922 2202 ctcsorum
969 2139 1163 2195 anima:
1187 2151 1310 2192 cum
1342 2133 1472 2204 ipsis
1513 2131 1620 2185 sint
1647 2170 1663 2195 ,
1692 2125 1857 2192 unde,

258 2219 468 2315 quaeso,
498 2237 678 2295 nosti?
710 2236 834 2307 ipsi,
864 2231 1125 2305 inquiunt,
1159 2227 1474 2284 dtemoniaci
1502 2222 1605 2278 hoc
1629 2219 1815 2274 dicunt
1843 2234 1856 2271 :

260 2314 377 2406 Ego
422 2349 541 2388 sum
590 2330 767 2385 anima
797 2327 937 2383 illius
981 2323 1295 2394 cuiuspiam.
1323 2319 1519 2374 Verum
1571 2315 1687 2369 hinc
1717 2314 1860 2368 fraus

259 2404 331 2482 eti
349 2425 555 2480 fallacia
603 2421 868 2478 diabolica
917 2427 1017 2474 est.
1047 2416 1232 2484 Neque
1257 2412 1398 2466 enim
1449 2408 1629 2464 anima
1661 2404 1858 2460 mortui

259 2528 346 2574 est
369 2533 487 2588 qua:
519 2517 734 2577 clamat,
770 2511 866 2566 sed
890 2510 1106 2564 daemon
1127 2505 1217 2576 qui
1249 2503 1351 2556 hoc
1379 2499 1600 2556 simulat
1627 2507 1687 2551 ut
1713 2495 1860 2548 audi-

260 2586 406 2663 tores
428 2605 682 2673 decipiat.
714 2602 846 2657 Nam
873 2601 916 2656 si
944 2607 1126 2670 posset
1150 2595 1327 2648 anima
1351 2593 1403 2646 in
1434 2589 1698 2645 daemonis
1727 2586 1858 2640 sub-

260 2701 512 2757 stantiam
544 2695 771 2768 ingredi,
798 2694 970 2750 multo
1017 2690 1227 2746 facilius
1259 2689 1312 2742 in
1355 2698 1554 2755 corpus
1583 2696 1740 2737 suum
1773 2681 1857 2733 in-

258 2793 607 2864 grederetur.
638 2789 904 2844 Prmterca
931 2784 1054 2854 quis
1106 2783 1318 2836 ratione
1349 2775 1607 2848 praeditus
1632 2772 1859 2829 credere

261 2861 430 2955 possit
467 2881 703 2936 animam
761 2876 966 2942 lmsam,
1011 2887 1073 2928 se
1109 2871 1320 2927 itedenti
1358 2864 1602 2924 sociare?
1625 2873 1718 2918 aut
1758 2861 1858 2916 ho-

261 2976 462 3030 minem
494 2985 653 3042 posse
697 2969 806 3023 vim
860 2969 1232 3034 incorpoream
1284 2962 1336 3015 in
1377 2960 1600 3014 alteram
1648 2963 1861 3011 mutare

260 3063 662 3123 substantiam?
689 3063 820 3116 Nam
846 3057 894 3114 si
923 3059 976 3112 iu
1015 3054 1333 3124 corporibus
1375 3053 1428 3106 id
1457 3050 1572 3104 fieri
1605 3057 1857 3118 nequeat,

261 3175 364 3216 nec
389 3157 658 3230 quispiam
685 3154 855 3225 possit
906 3163 1106 3220 corpus
1136 3145 1370 3203 hominis
1414 3143 1466 3197 in
1494 3156 1694 3210 corpus
1721 3138 1857 3194 asini

260 3229 510 3313 mutare;
569 3247 739 3302 multo
791 3243 961 3313 magis
1012 3241 1068 3294 in
1119 3239 1298 3293 anima
1347 3233 1598 3289 invisibili
1639 3231 1692 3284 id
1743 3229 1860 3284 fieri

262 3343 471 3413 nequit,
499 3354 602 3396 nec
623 3337 744 3411 quis
769 3335 940 3408 possit
973 3333 1118 3389 illam
1141 3331 1195 3385 in
1219 3325 1482 3384 daemonis
1507 3321 1861 3379 substantiam

263 3443 499 3488 vertere.
1446 3466 1449 3469 -

335 3525 390 3578 3.
425 3523 623 3577 Anima:
641 3528 762 3590 ‘post
790 3525 999 3571 mortem
1029 3529 1130 3568 non
1162 3511 1243 3565 hic
1271 3517 1475 3564 manent
1495 3549 1512 3574 ,
1530 3507 1631 3575 sed
1673 3507 1724 3556 in
1766 3505 1863 3556 ait—

262 3634 419 3688 qmtm
445 3614 699 3686 regionem
724 3611 997 3665 ducuntur.
1016 3605 1181 3660 Nemo
1205 3613 1276 3658 est
1295 3605 1414 3672 quin
1430 3599 1523 3655 Dei
1550 3597 1865 3668 providentia

266 3714 493 3780 (matur.
521 3733 594 3745 —
621 3703 806 3773 itaque
848 3698 1181 3754 anicularum
1221 3694 1491 3749 ebriarum
1543 3691 1659 3744 hmc
1701 3680 1864 3743 verba

266 3807 396 3853 sunt
424 3805 478 3850 et
506 3807 795 3865 puerorum
826 3788 1096 3845 terricula.
1128 3785 1313 3853 Neque
1340 3784 1484 3837 enim
1517 3781 1643 3833 licet
1672 3783 1864 3831 aninne

266 3887 441 3944 semel
481 3902 511 3940 a
541 3898 766 3954 corpore
805 3880 1060 3950 seiunctae
1091 3876 1175 3931 ltic
1213 3874 1469 3947 deinceps
1498 3870 1700 3940 vagari.
1734 3868 1864 3921 Nam

266 3980 543 4036 laetorum
569 3976 827 4030 animuin
857 3988 1011 4025 manu
1041 3969 1136 4023 Dei
1165 3975 1282 4021 sunt
1313 3965 1468 4035 (Sap.
1494 3963 1547 4019 ὅ.
1590 3960 1673 4032 Ι);
1716 3961 1760 4015 si
1784 3961 1870 4028 ju-

269 4085 479 4129 smrum
501 4113 516 4136 ,
549 4071 706 4124 etiam
731 4079 946 4138 quoque
979 4078 1266 4134 puerorum
1309 4058 1504 4112 animm
1537 4072 1549 4108 :
1580 4070 1686 4108 non
1723 4055 1866 4106 enim

272 4167 381 4221 ilhc
405 4163 558 4217 mala:
583 4169 722 4216 sunt.
749 4159 1100 4214 Peccatorum
1126 4164 1306 4208 autem
1327 4152 1519 4204 anima:
1541 4147 1721 4202 statim
1746 4145 1870 4199 hinc

270 4255 634 4310 abducuntur.
679 4250 736 4305 Id
778 4249 951 4319 palam
999 4255 1084 4301 est
1124 4259 1191 4298 ex
1237 4241 1439 4297 Lazaro
1481 4248 1536 4294 et
1577 4237 1769 4300 divite;
1817 4244 1872 4291 et

272 4345 403 4400 alibi
442 4341 693 4398 Christus
717 4339 790 4393 ait
820 4357 833 4393 :
870 4335 1035 4390 Hodie
1075 4336 1296 4388 animum
1327 4341 1465 4386 tuam
1502 4338 1727 4399 repetent
1767 4336 1872 4382 ate

272 4436 434 4508 (Luc.
466 4433 552 4488 l2.
579 4433 692 4503 ‘20).
725 4431 909 4499 Neque
945 4427 1057 4482 fieri
1097 4435 1301 4496 potest,
1345 4437 1402 4478 ut
1431 4423 1606 4477 anima
1652 4437 1714 4474 ex
1748 4435 1870 4474 cor~

274 4543 412 4599 pore
427 4540 673 4597 egressa,
705 4523 831 4580 hinc
854 4529 1000 4575 erret
1023 4529 1079 4574 et
1099 4526 1352 4588 vagetur;
1377 4529 1552 4585 neque
1573 4513 1624 4567 id
1656 4511 1869 4581 injuria.

275 4621 414 4676 Nam
443 4621 487 4674 si
529 4633 649 4672 cum
699 4617 801 4671 iter
845 4613 1069 4669 facimus
1110 4613 1162 4665 in
1205 4619 1332 4663 nota
1375 4607 1531 4662 nobis
1557 4615 1608 4659 et
1660 4613 1874 4658 assueta

275 4724 444 4776 terra,
473 4725 596 4765 cum
636 4721 864 4776 corpore
904 4704 1083 4760 amicti
1129 4713 1333 4765 sumus,
1373 4712 1494 4753 cum
1537 4695 1874 4766 peregrinam

273 4809 425 4860 viam
465 4804 711 4868 adimus,
738 4800 1005 4858 nescimus
1049 4813 1152 4869 qua
1201 4794 1430 4849 transire
1463 4799 1727 4860 oporteat,
1775 4787 1874 4840 nisi

275 4897 477 4955 ducem
504 4893 797 4950 habeamus
816 4912 828 4946 :
858 4889 1128 4963 quomodo
1147 4888 1321 4942 anima
1339 4901 1404 4939 ex
1422 4896 1650 4952 corpore
1670 4880 1875 4943 avulsa,

279 4987 416 5045 nihil
455 4985 565 5054 jam
607 4993 881 5039 assuetum
907 4992 962 5037 et
1000 4979 1271 5051 cognitum
1315 4975 1546 5038 habens,
1584 4973 1700 5027 sine
1745 4971 1880 5024 duce

278 5086 422 5143 sciet
445 5097 554 5154 quo
579 5082 646 5137 sit
671 5079 948 5135 eundum?
980 5076 1264 5144 Multisque
1285 5071 1405 5126 aliis
1430 5066 1759 5140 argumentis
1782 5065 1877 5120 dc-

280 5175 625 5249 prehendere
639 5182 748 5236 est,
780 5186 886 5226 non
918 5181 1075 5239 posse
1096 5167 1328 5222 animam
1356 5180 1419 5219 ex
1444 5177 1670 5229 corpore
1698 5174 1882 5229 egres-

281 5287 406 5329 sam
435 5269 523 5324 hic
551 5282 790 5322 manere.
847 5264 982 5320 Nam
1027 5260 1331 5331 Stephanus
1373 5259 1480 5312 ait:
1519 5255 1736 5325 Suscipe
1774 5255 1883 5321 spi-

283 5364 445 5416 ritum
479 5376 648 5415 meum
679 5360 819 5431 (Act.
849 5358 900 5410 7.
930 5354 1060 5427 58);
1099 5363 1152 5407 et
1177 5352 1405 5414 Paulus,
1440 5348 1662 5403 Dissolvi
1694 5359 1737 5399 et
1768 5363 1884 5399 cum

357 5494 432 5556 (tr)
453 5493 666 5556 Idipsum
684 5492 802 5542 dicit
817 5491 1188 5556 Cbrysostomus
1209 5495 1344 5536 Hom.
1360 5486 1477 5556 2_de
1500 5492 1687 5556 tauro,
1701 5485 1886 5556 Tomi,

285 5548 394 5608 (hil.
408 5548 520 5616 983,
531 5548 620 5604 lin.
635 5557 685 5614 8,
698 5567 880 5616 nempe
887 5548 1154 5616 secundum
1167 5548 1484 5616 quorumdam
1495 5550 1773 5616 opinionem
1784 5548 1887 5616 ani-

287 5635 399 5671 mas
419 5609 732 5668 morientium
754 5609 998 5664 dtémonas
1021 5613 1145 5662 fieri.
1172 5609 1262 5661 Sed
1285 5610 1330 5660 id
1353 5611 1421 5658 ibi
1441 5611 1596 5659 solum
1628 5609 1806 5671 dicitur
1825 5609 1889 5658 de

289 5669 410 5741 illis,
433 5696 517 5746 qut
544 5679 759 5746 violenta
788 5676 1344 5746 utorte_deCt-.sserunl:
1385 5671 1603 5746 illudque
1641 5669 1766 5743 forte
1799 5671 1893 5720 hoc

289 5734 568 5794 pgiaiu'tooo
585 5737 1057 5800 subintelligendum
1080 5744 1158 5785 est
1178 5750 1188 5783 :
1229 5745 1324 5800 non
1349 5734 1613 5800 verisimile
1637 5735 1768 5783 enim
1793 5743 1890 5792 est,

291 5808 343 5860 id
363 5821 449 5859 eos
465 5807 528 5857 de
545 5801 798 5854 anhnabus
810 5797 1155 5850 decedentium
1172 5798 1384 5848 omnium
1403 5797 1729 5847 existimasse.

1123 372 1186 427 l.\‘
1227 359 1637 424 ΜΑΤΊΊΗΕΙΙΜ
1677 351 1912 411 ηοληι.

1961 349 2193 407 XXVIII.
2237 354 2285 407 al
2352 351 2544 410 XXIX.
3459 349 3560 403 '53

1970 469 2172 526 Christo
2197 489 2305 527 esse
2329 474 2488 526 multo
2512 472 2692 526 melius
2719 482 2792 527 ut
2818 470 3087 544 (Philipp.
3133 473 3186 527 Ι.
3216 471 3331 542 9.5).
3365 471 3442 527 De
3467 487 3564 542 pa-

1966 566 2197 622 triarClia
2233 583 2447 639 quoque
2486 568 2763 636 Scriptura
2789 567 2920 622 dicit
2949 584 2963 620 :
3000 565 3070 622 Et
3105 566 3376 638 appositus
3399 576 3471 620 est
3499 568 3568 618 ad

1963 669 2133 727 putres
2162 675 2304 726 suos,
2347 670 2609 728 provectus
2638 660 2689 711 in
2717 668 2973 714 senectute
3008 658 3144 712 bona
3182 655 3336 728 (Gen.
3365 658 3458 713 25.
3483 656 3565 727 8).

1963 749 2116 818 Quod
2156 762 2332 807 autem
2381 767 2555 823 neque
2601 761 2942 822 peccatorum
2987 753 3184 822 animat
3231 752 3438 824 possint
3481 752 3570 806 hic

1965 845 2165 900 versari
2183 888 2198 914 ,
2229 845 2352 900 audi
2380 845 2600 900 divitem
2632 846 2798 900 multa
2828 847 2929 900 hac
2953 845 3024 900 de
3045 861 3104 900 re
3129 853 3433 914 rogantem,
3463 859 3569 900 nec

1966 939 2362 1009 impetu-antem,
2395 941 2485 1011 qui
2521 940 2566 995 si
2611 940 2873 1009 potuisset
2903 942 3142 995 venisset
3184 940 3335 1008 ipse,
3362 946 3420 993 et
3445 951 3571 1008 qua

1967 1032 2074 1086 illic
2118 1030 2308 1086 fierent
2350 1032 2668 1086 nuntiasset.
2720 1030 2872 1087 Unde
2919 1031 3092 1099 palam
3138 1038 3255 1091 est,
3304 1039 3426 1100 post
3469 1031 3568 1085 de-

1963 1137 2174 1177 cessum
2194 1139 2262 1178 ex
2293 1123 2392 1178 bac
2423 1115 2528 1178 vita
2560 1124 2768 1178 animas
2789 1123 2842 1179 in
2863 1123 3150 1193 quamdam
3174 1122 3446 1192 regionem
3465 1121 3569 1176 deo

1961 1208 2114 1277 ferri.
2137 1214 2534 1283 neopossehuc
2560 1215 2774 1278 reverti,
2805 1213 2899 1268 sed
2924 1211 3217 1268 terribilem
3249 1211 3400 1268 illum
3422 1211 3568 1278 diem

1965 1317 2299 1377 exspectare.
2333 1305 2390 1363 Si
2431 1307 2553 1378 quis
2596 1321 2726 1361 vero
2753 1307 2981 1369 dixerit,
3011 1307 3122 1359 Cur
3162 1305 3211 1358 id
3242 1304 3384 1374 quod
3420 1312 3570 1374 pete-

1964 1405 2094 1459 bant
2121 1404 2395 1458 daemones
2424 1403 2669 1457 Christus
2701 1402 2824 1456 fecit
2844 1443 2857 1464 ,
2883 1415 3006 1455 cum
3034 1399 3090 1454 in
3128 1414 3412 1470 porcorum
3439 1412 3571 1468 gre-

1964 1513 2085 1568 gem
2119 1499 2264 1567 ipsos
2293 1496 2495 1552 intrare
2521 1495 2800 1566 permisit?
2826 1493 3202 1564 responderim
3233 1507 3356 1562 ego,
3392 1491 3568 1559 ipsum

1967 1605 2073 1643 non
2114 1589 2165 1644 id
2195 1587 2386 1643 fecisse
2414 1587 2469 1643 in
2510 1588 2738 1658 gratiam
2779 1586 3030 1653 illorum;
3061 1584 3155 1639 sed
3185 1593 3243 1638 ut
3284 1584 3452 1637 multa
3489 1581 3572 1636 sic

1965 1678 2334 1749 dispensaret;
2356 1679 2552 1748 primo,
2575 1677 2869 1733 utdoceret
2896 1691 2991 1732 eos
3020 1677 3110 1746 qui
3137 1690 3167 1730 a
3190 1673 3439 1746 malignis
3465 1673 3568 1727 liti-

1961 1769 2199 1840 jusmodi
2221 1770 2460 1839 tyrannis
2483 1768 2696 1824 liberati
2713 1777 2917 1831 essent,
2940 1775 3197 1837 quantam
3228 1764 3524 1835 perniciem
3550 1764 3565 1794 ‘

1965 1862 2220 1918 afferrent
2251 1861 2592 1918 insidiatores
2617 1860 2964 1931 bujusmodi;
2997 1860 3237 1915 secundo
3258 1899 3274 1924 ,
3307 1867 3365 1914 ut
3390 1858 3571 1912 disce-

1967 1964 2088 2009 rent
2133 1968 2347 2020 omnes,
2391 1952 2667 2008 daemonas
2708 1967 2776 2006 ne
2806 1951 3023 2022 quidem
3072 1964 3264 2018 porcos
3308 1948 3572 2003 invadere

1969 2060 2148 2115 posse,
2179 2045 2281 2100 uisi
2308 2046 2424 2116 ipse
2453 2045 2790 2116 rermiserit;
2825 2044 2986 2098 tertio
3006 2085 3020 2108 ,
3051 2044 3195 2112 ipsos
3237 2040 3484 2112 graviora
3517 2043 3572 2098 in

1967 2138 2233 2204 homines,
2265 2154 2423 2209 quant
2454 2138 2507 2193 in
2539 2152 2762 2208 porcos,
2800 2146 3204 2208 perpetraturos
3231 2135 3397 2190 fuisse
3421 2176 3435 2193 .
3467 2134 3573 2190 nisi

1953 2223 2022 2286 in
2069 2231 2373 2291 calamitate
2417 2245 2515 2301 per
2555 2243 2802 2299 magnam
2841 2228 2985 2282 illaut
3036 2225 3143 2281 Dei.
3177 2225 3570 2294 providentiam

1965 2323 2160 2378 servati
2185 2322 2429 2376 fuissent.
2453 2320 2586 2375 Nam
2608 2322 2751 2390 quod
2772 2319 2944 2389 magis
2963 2333 3060 2372 nos
3081 2333 3240 2388 quam
3271 2319 3423 2372 bruta
3453 2320 3574 2371 ani-

1964 2415 2123 2471 malia
2151 2415 2276 2469 odio
2321 2414 2572 2478 habeant,
2607 2412 2734 2466 nulli
2788 2426 2892 2465 non
2927 2409 3271 2464 manifestum
3314 2420 3417 2464 est.
3470 2411 3574 2464 Ita-

1965 2523 2073 2579 que
2100 2510 2190 2578 qui
2215 2505 2391 2576 porcis
2419 2519 2526 2562 non
2554 2512 2930 2573 pepercerunt,
2959 2513 3013 2556 et
3044 2502 3094 2556 in
3133 2511 3410 2557 momento
3438 2511 3575 2557 tem-

1967 2602 2115 2671 poris
2144 2617 2331 2656 omnes
2381 2599 2816 2671 praecipitarunt,
2846 2595 3016 2652 multo
3065 2596 3237 2666 magis
3267 2594 3574 2650 hominibus

1967 2694 2020 2750 id
2061 2693 2355 2759 fecissent,
2387 2705 2523 2763 quos
2551 2689 2804 2745 tenebant
2843 2689 2895 2742 in
2933 2675 3209 2743 desertum
3241 2687 3574 2742 adducentes

1967 2797 2022 2840 et
2051 2786 2408 2851 abducentes,
2437 2785 2542 2839 nisi
2577 2785 2737 2840 etiam
2785 2784 2838 2837 in
2889 2782 2990 2836 hac
3039 2781 3154 2852 ipsa
3190 2796 3382 2850 magna
3412 2795 3574 2850 quant

1967 2878 2293 2933 exercebant
2319 2876 2626 2947 tyrannide,
2663 2875 2753 2928 Dei
2785 2888 2912 2928 cura
2932 2874 3202 2928 frenasset
3224 2881 3279 2928 et
3299 2873 3574 2927 coercuis-

1969 2979 2073 3035 set,
2101 2985 2168 3024 ne
2197 2968 2581 3038 pet'nieiosiora
2613 2966 2871 3021 facerent.
2908 2964 3037 3020 lude
3067 2964 3273 3034 liquet,
3302 2964 3575 3018 nemiuem

1967 3078 2112 3130 esse,
2138 3063 2267 3133 quin
2300 3062 2392 3117 Dei
2422 3060 2759 3132 providentia
2795 3058 3024 3114 fruatur.
3050 3057 3204 3124 Quod
3245 3057 3289 3111 si
3317 3071 3422 3110 non
3459 3073 3576 3111 om-

1969 3170 2067 3209 nes
2097 3169 2204 3208 uno
2229 3153 2530 3223 eodemque
2560 3151 2745 3218 modo,
2777 3150 2882 3205 hoc
2905 3165 3120 3219 quoque
3163 3163 3414 3219 magnum
3448 3163 3576 3218 pro-

1969 3244 2225 3300 videmiae
2253 3259 2424 3314 genus
2452 3252 2554 3298 est.
2601 3241 2734 3295 Nam
2781 3249 2839 3294 ut
2865 3241 3062 3310 cuique
3093 3239 3224 3294 utile
3249 3254 3372 3294 esse
3399 3249 3579 3309 potest

1969 3338 2108 3392 ratio
2135 3335 2484 3406 providentia:
2520 3333 2981 3390 accommodatur.
3023 3322 3104 3387 A'd
3132 3330 3250 3388 hate
3283 3347 3414 3387 vero
3455 3347 3579 3403 qua:

1971 3431 2110 3484 dit-ta
2143 3436 2290 3492 sunt,
2321 3427 2464 3482 aliud
2509 3426 2635 3482 inde
2681 3425 2987 3480 discimus:
3031 3423 3173 3494 quod
3219 3424 3426 3480 scilicet
3469 3438 3577 3477 non

1974 3531 2178 3576 tantum
2205 3521 2460 3576 omnibus
2485 3519 2647 3574 simul
2677 3517 2989 3588 provideat,
3020 3516 3114 3570 sed
3148 3517 3309 3571 etiam
3353 3514 3580 3586 singulis

1973 3615 2235 3677 seorsim;
2267 3612 2411 3684 quod
2435 3612 2598 3668 etiam
2620 3609 2901 3679 discipulis
2927 3607 3181 3663 indicavit
3206 3607 3394 3662 dicens
3422 3622 3438 3661 :
3476 3603 3578 3660 Ve-

1972 3713 2064 3765 stri
2094 3707 2272 3780 capilli
2297 3708 2480 3777 capitis
2497 3721 2670 3760 omnes
2691 3704 2943 3758 numerati
2967 3712 3083 3756 sunt
3106 3701 3321 3771 (Matth.
3348 3701 3434 3756 i0.

1976 3805 2161 3871 Exque
2199 3799 2550 3856 daemoniacis
2577 3798 2628 3852 id
2654 3797 2800 3850 clare
2834 3794 3018 3848 videre
3054 3802 3157 3857 est,
3200 3795 3288 3861 qui
3312 3793 3423 3861 jam
3452 3793 3580 3846 olim

1975 3894 2219 3948 Suil'ocati
2250 3893 2497 3954 fuissent,
2527 3889 2626 3942 nisi
2656 3901 2867 3941 summe
2897 3898 3119 3940 curante
3152 3885 3262 3938 lico
3293 3900 3584 3939 servaren-

1979 3997 2084 4039 tur.
2123 3985 2416 4054 PrOpterca
2457 3979 2704 4051 permisit
2745 3991 2840 4033 eos
2877 3979 3027 4030 abire
3065 3978 3117 4029 in
3147 3991 3363 4046 gregem
3394 3990 3588 4045 porco-

1981 4095 2120 4142 rum,
2153 4091 2207 4129 ut
2238 4076 2326 4142 qui
2351 4075 2626 4142 regionem
2662 4069 2989 4134 incolebant,
3025 4069 3142 4138 ejus
3176 4071 3471 4137 potentiam
3500 4067 3582 4121 tli-

1981 4159 2214 4226 scercnt.
2241 4169 2343 4224 Ubi
2388 4181 2623 4236 namque
2664 4180 2858 4218 nomen
2901 4163 3071 4230 ipsius
3114 4173 3302 4216 notum
3333 4173 3471 4226 crat,
3512 4162 3588 4217 ibi

1981 4277 2089 4318 non
2139 4261 2296 4316 valde
2342 4275 2402 4315 se
2450 4255 2822 4313 ostendebat:
2875 4254 2966 4309 ubi
3020 4267 3150 4308 vero
3195 4267 3356 4307 nemo
3410 4253 3586 4322 ipsum

1985 4363 2228 4416 noverat,
2257 4349 2592 4419 stolidusquc
2631 4348 2864 4417 potntlus
2889 4353 3025 4403 erat.
3053 4343 3125 4399 ibi
3160 4344 3435 4398 miraculis
3474 4360 3590 4396 tua-

1984 4450 2064 4519 gis
2092 4447 2359 4516 fulgebat,
2391 4452 2448 4497 ut
2491 4443 2612 4496 illos
2631 4440 2698 4494 ad
2733 4438 3028 4494 divinitatis
3066 4451 3181 4492 sua!
3218 4437 3586 4507 cegnitionem

1987 4541 2344 4617 pertraheret:
2364 4535 2520 4603 Quod
2540 4545 2720 4588 autem
2737 4531 2919 4586 stolidi
2941 4539 3126 4586 essent
3146 4530 3180 4584 ii
3198 4529 3288 4600 qui
3315 4530 3589 4584 civitati-tn

1989 4637 2133 4688 illam
2164 4630 2495 4693 incolebant,
2524 4643 2586 4682 ex
2617 4627 2683 4681 iis
2707 4641 2828 4697 qua:
2859 4624 2912 4680 in
2937 4623 3042 4678 fine
3067 4633 3216 4692 gesta
3241 4632 3367 4677 sunt
3397 4623 3590 4691 liquet.

1988 4728 2124 4782 Cum
2154 4726 2486 4795 oportuisset
2514 4721 2658 4777 enim
2687 4718 2836 4774 illum
2863 4716 3112 4782 adorare,
3142 4715 3367 4785 ejusque
3400 4724 3596 4783 poten-

1991 4823 2116 4875 tiam
2137 4819 2344 4882 mirari,
2376 4817 2524 4870 illum
2544 4813 2879 4885 repulerunt,
2902 4820 2955 4866 et
2972 4817 3227 4879 rogarunt
3249 4808 3542 4865 abscedere
3562 4823 3592 4862 a

1994 4914 2194 4970 finibus
2234 4911 2366 4966 suis.
2397 4908 2506 4966 Sed
2552 4923 2649 4963 cur
2692 4906 2969 4960 datmones
3013 4915 3206 4973 porcos
3242 4898 3551 4955 occiderunt
3580 4905 3598 4954 .’

1992 5009 2218 5078 Semper
2248 5006 2524 5061 daunones
2555 5002 2606 5057 id
2636 5009 2830 5057 curant
2850 5008 2909 5052 ut
2936 4996 3187 5052 homines
3217 4997 3270 5050 in
3303 5009 3596 5051 intereram

1993 5100 2284 5171 conjiciant
2305 5140 2319 5164 ,
2353 5110 2674 5165 semperque
2701 5094 2769 5147 de
2809 5092 3022 5145 illorum
3068 5089 3312 5160 pernicie
3341 5089 3596 5159 gaudent.

1996 5193 2110 5248 lloc
2138 5194 2265 5245 item
2295 5188 2431 5244 Jobo
2457 5186 2703 5241 diabolus
2735 5182 2882 5247 fecit,
2912 5185 3034 5253 quia
3072 5181 3142 5236 ibi
3173 5181 3336 5236 etiam
3374 5180 3424 5234 id
3457 5181 3602 5234 Deus

1997 5281 2247 5354 permisit
2273 5299 2285 5334 :
2311 5294 2498 5335 verum
2530 5291 2704 5347 neque
2734 5275 2806 5330 ibi
2828 5274 3042 5328 diabolo
3065 5272 3480 5340 obtemperavit,
3505 5271 3603 5326 sed

1999 5373 2143 5443 quod
2186 5372 2444 5427 famulum
2475 5357 2632 5424 suum
2672 5367 2838 5423 vellet
2863 5365 3289 5434 splendidiorem
3335 5364 3602 5428 reddere,

2000 5465 2342 5532 durmonique
2386 5477 2605 5518 omnem
2647 5459 2992 5530 impudentia
3041 5470 3226 5526 ansam
3283 5455 3604 5525 przecidere,

2001 5570 2161 5631 atque
2189 5575 2284 5614 sua
2316 5558 2367 5611 in
2403 5556 2606 5626 justum
2651 5554 2883 5610 facinora
2925 5553 2976 5605 in
3017 5560 3180 5620 caput
3225 5550 3391 5620 ipsius
3431 5561 3607 5603 retor-

2002 5672 2188 5727 quere.
2215 5655 2280 5710 Et
2297 5668 2438 5707 nunc
2461 5668 2672 5721 quoque
2693 5659 2876 5705 contra
2899 5645 3116 5715 accidit,
3137 5659 3300 5715 quam
3331 5642 3617 5696 dtemones

2074 5800 2090 5828 ι
2125 5794 2238 5850 Alii,
2259 5797 2485 5854 quantum
2511 5787 2706 5839 meum.
