4110 6306
566 310 671 368 ,δε
1339 313 1396 369 s.
1436 313 1712 370 .IO.\NNlS
1747 314 2214 374 CllleSOS‘l‘Olll
2255 323 2572 390 Al‘tCllll-ZP.
2608 332 3140 402 CUNSTANTlNOl’.

564 425 830 481 volebant.
859 423 986 479 Nam
1005 423 1199 479 Christi
1229 428 1461 493 potentia
1488 427 1684 480 clarius
1714 429 2126 496 prmdicabatnr,

559 528 624 569 ac
661 515 893 584 nequitia
924 514 1225 568 da-monum
1248 557 1262 577 ,
1293 530 1362 569 ex
1397 533 1498 585 qna
1528 518 1614 572 ille
1659 521 1797 571 eruit
1835 534 2023 572 omnes
2047 521 2138 590 qui

559 607 629 661 ab
645 607 774 678 ipsis
793 607 1191 674 detinebantur,
1209 611 1540 665 manifestius
1556 613 1818 681 apparuit,
1847 623 2139 682 notumque

560 696 681 764 fuit,
714 697 836 753 illos
883 714 950 753 ne
998 699 1050 754 in
1082 715 1274 770 porcos
1309 701 1520 770 quidem
1556 701 1753 757 habere
1793 713 2134 774 potestatem,

558 789 660 844 nisi
691 789 743 844 id
765 790 1064 860 permiserit
1089 791 1453 845 universorum
1481 792 1636 846 Deus.

627 880 684 935 4.
716 878 995 934 Parcarum
1039 881 1238 934 diabolo
1267 882 1571 934 traditarum
1606 884 1818 937 historia
1859 886 2134 956 anagogice

551 971 854 1040 explicatur.
882 969 1166 1041 Descriptio
1188 973 1363 1028 lascivi
1381 985 1427 1028 et
1452 978 1612 1028 arari.
1636 1007 1704 1017 —
1726 979 1781 1031 Si
1811 977 1931 1047 quis
1955 991 2130 1031 autem

557 1061 672 1116 hac
695 1063 984 1133 anagogice
1009 1064 1136 1118 velit
1157 1067 1424 1134 accipere,
1457 1068 1509 1121 id
1543 1071 1722 1137 utique
1753 1069 1896 1133 licet,
1925 1069 2017 1124 sed
2048 1069 2127 1124 hi-

552 1156 719 1208 storia
743 1155 821 1210 sic
849 1155 1028 1210 habet.
1057 1156 1346 1212 Sciendum
1379 1174 1539 1228 porro
1567 1171 1648 1214 est
1675 1162 1917 1216 homines
1942 1177 2131 1232 porco-

551 1261 668 1300 rum
710 1247 878 1301 instar
916 1249 1176 1312 viventes,
1209 1249 1540 1306 dzemonibus
1581 1267 1701 1307 esse
1729 1262 1883 1322 captu
1925 1253 2127 1308 faciles.

549 1337 649 1407 Qui
689 1347 866 1395 autem
908 1340 1020 1396 haec
1059 1343 1354 1412 patiuntur,
1386 1345 1627 1400 homines
1655 1362 1774 1400 eum
1816 1347 1955 1409 sint,
1985 1361 2129 1415 saepe

555 1438 780 1498 possunt
808 1431 927 1486 illos
947 1446 1235 1503 superare;
1266 1435 1312 1488 si
1332 1451 1462 1488 vero
1491 1437 1632 1504 porci
1665 1437 1882 1490 omnino
1909 1437 2126 1502 fuerint,

549 1533 654 1573 non
684 1520 843 1574 modo
868 1537 896 1574 a
924 1521 1252 1577 daemonibus
1278 1524 1631 1594 exagitantur,
1660 1525 1752 1579 sed
1777 1525 1937 1580 etiam
1985 1541 2126 1596 pra:-

548 1609 854 1678 cipitantur.
885 1610 1216 1681 Insuperque
1259 1629 1325 1666 ne
1364 1614 1481 1682 quis
1520 1614 1620 1668 hoc
1647 1630 1760 1668 rem
1802 1631 1922 1670 esse
1951 1616 2125 1671 ﬁctam

546 1709 792 1768 putaret,
821 1700 914 1755 sed
943 1703 1166 1770 quisque
1197 1705 1440 1757 crederet
1478 1703 1754 1760 daemones
1812 1705 1826 1736 ²
1856 1721 1981 1760 vere
2028 1721 2126 1759 ex-

549 1791 739 1855 ivisse,
772 1806 836 1845 ex
883 1807 1163 1860 porcorum
1210 1806 1381 1848 morte
1417 1795 1467 1848 id
1500 1793 1838 1850 manifestum
1877 1795 2123 1851 efﬁcitur.

547 1882 641 1938 llic
662 1898 791 1938 vero
838 1886 1108 1954 perpende
1149 1887 1265 1956 ejus
1301 1889 1769 1944 mansuetudinem
1814 1905 1938 1944 cum
1969 1900 2123 1960 pote-

543 1984 681 2030 state
708 1978 1068 2045 conjunctam.
1102 1979 1235 2034 Cum
1268 1980 1409 2034 enim
1437 1983 1669 2051 regioitis
1697 1982 1886 2037 incola:
1909 2026 1922 2048 ,
1959 1993 2034 2038 tot
2059 1986 2127 2040 ab

544 2081 610 2119 eo
654 2069 888 2136 acceptis
917 2068 1208 2132 beneﬁciis,
1258 2071 1402 2124 illum
1451 2073 1517 2125 ab
1544 2087 1602 2126 se
1644 2073 1920 2128 discedere
1961 2089 2116 2143 coge-

542 2167 684 2223 rent,
716 2175 820 2212 non
868 2161 1080 2224 restitit,
1127 2162 1219 2215 scd
1254 2164 1532 2229 discessit,
1565 2179 1766 2233 eosque
1804 2167 1895 2236 qui
1939 2181 1997 2220 se
2023 2167 2123 2221 do-

540 2249 710 2303 ctrina
738 2252 902 2319 ipsius
930 2251 1172 2324 indignos
1201 2253 1576 2320 declarabant,
1607 2257 1842 2327 reliquit,
1873 2257 2124 2316 doctores

545 2341 825 2409 assignans
847 2341 950 2396 illis
967 2357 1082 2407 eos,
1111 2345 1201 2414 qui
1232 2360 1260 2396 a
1290 2345 1622 2401 dmmonibus
1650 2347 1858 2402 liberati
1890 2346 2120 2416 fuerant,

542 2447 746 2487 necnon
777 2433 1050 2500 subulcos,
1083 2452 1113 2489 a
1143 2436 1335 2506 quibus
1362 2452 1711 2508 quaecumque
1738 2449 1886 2510 gesta
1917 2439 2126 2495 fuerant

543 2521 785 2577 ediscere
814 2534 1059 2593 poterant
1084 2543 1097 2579 :
1130 2527 1388 2582 recedens
1415 2543 1575 2596 porro
1596 2530 1864 2599 ingentem
1897 2531 2028 2600 ipsis
2053 2531 2124 2584 ti-

542 2631 745 2669 merent
777 2616 1006 2686 reliquit.
1039 2617 1224 2671 Damni
1276 2619 1470 2687 quippe
1501 2620 1810 2688 magnitudo
1851 2622 1926 2675 rei
1956 2631 2122 2691 gesta:

540 2706 734 2759 famam
764 2707 1064 2777 evulgabat,
1088 2723 1282 2777 resque
1303 2718 1445 2763 tanta
1465 2708 1698 2779 ipsorum
1724 2709 1932 2766 animos
1952 2713 1973 2744 ³
1991 2727 2118 2782 pcr-

536 2800 760 2852 rulcrat.
805 2797 1053 2868 Undique
1093 2815 1338 2855 rumores
1384 2800 1777 2868 afferebantnr,
1807 2803 1922 2860 haec
1968 2813 2120 2876 gesta

535 2888 796 2955 stupenda
821 2888 1191 2957 prmdimntcs,
1207 2889 1359 2944 abiis
1379 2891 1466 2959 qni
1489 2893 1657 2947 curati
1677 2891 1908 2960 fuerant,
1933 2909 1962 2947 a
1985 2911 2122 2964 pra:-

534 2977 766 3046 cipitatis
796 2979 987 3046 porcis,
1018 2993 1046 3031 a
1076 2993 1360 3046 porcorum
1391 2980 1641 3048 dominis,
1669 2983 1970 3039 asubulcis.
1996 2984 2121 3040 Haec

535 3082 695 3138 porro
713 3083 851 3122 nunc
866 3069 1025 3122 etiam
1047 3069 1228 3123 videre
1244 3078 1346 3136 est,
1365 3070 1560 3126 multos
1579 3073 1629 3126 in
1645 3073 1903 3143 sepulcris
1921 3076 2121 3129 dmmo-

535 3160 736 3222 niacos,
754 3173 886 3229 quos
908 3160 1122 3215 nihilab
1142 3161 1342 3215 insania
1375 3163 1610 3228 cohibet,
1629 3178 1732 3218 non
1767 3164 1989 3233 ferrum,
2011 3182 2114 3221 non

532 3261 737 3317 catena,
776 3267 879 3307 non
918 3253 1201 3307 multitudo
1241 3253 1537 3320 hominum,
1586 3271 1691 3310 non
1738 3258 1958 3324 monita,
2004 3274 2109 3314 non

541 3356 736 3407 terror,
766 3359 870 3398 non
901 3345 1092 3409 minae,
1119 3361 1226 3400 non
1256 3347 1380 3415 quid
1421 3347 1613 3403 simile.
1647 3349 1778 3404 Cum
1822 3354 1938 3421 quis
1970 3355 2112 3408 enim

532 3437 763 3490 lascivus
799 3451 1083 3506 corporum
1115 3436 1287 3493 forma
1327 3440 1555 3509 capitur,
1590 3443 1722 3497 nihil
1743 3443 1970 3498 dill'erta
2002 3446 2114 3500 dae-

533 3528 779 3581 moniaco
809 3545 821 3579 :
850 3525 944 3582 sed
975 3527 1150 3581 nudus
1177 3537 1235 3582 ut
1263 3528 1351 3583 ille
1382 3532 1828 3602 circumvagatur,
1872 3535 2114 3589 vestibus

528 3619 742 3688 quidem
775 3619 1018 3683 indutus,
1049 3618 1144 3674 sed
1171 3633 1300 3674 vero
1327 3622 1526 3676 amictu
1558 3623 1834 3691 spoliatus,
1863 3633 1919 3680 et
1941 3625 2109 3693 gloria

529 3709 628 3763 sibi
653 3708 829 3763 debita
858 3707 1085 3763 nudatus
1108 3751 1122 3774 ,
1167 3725 1272 3764 non
1321 3711 1580 3781 lapidibus
1613 3727 1732 3767 sese
1775 3716 2105 3783 percutiens,

383 3798 630 3858 ..θέτω
653 3804 884 3872 peccatis
904 3802 1080 3871 lapide
1101 3803 1258 3872 longe
1279 3803 1600 3859 durioribus.
1627 3805 1756 3874 Quis
1786 3807 1946 3876 igitur
1971 3809 2111 3864 hunc

31 3839 386 3914 Μ
529 3893 794 3914 ι.--έτ..-..-
817 3891 980 3914 12..--..
1006 3891 1195 3914 --.-_:.
1220 3890 1510 3914 --.s-_-_--_
1560 3903 1665 3914 .__.
1694 3897 1883 3914 .,_ﬂA-.,
1956 3913 1995 3914 η

527 3893 796 3946 hominem
817 3891 983 3960 ligare
1005 3891 1199 3959 poterit
1218 3890 1535 3962 sedareque,
1560 3903 1668 3948 tam
1694 3897 1922 3965 turpiter
1947 3913 2108 3968 agon-

527 3994 656 4046 tem,
687 3983 1033 4052 petulantem,
1057 3997 1346 4052 numquam
1377 3985 1458 4038 sui
1489 3995 1816 4056 compotem,
1842 3991 1936 4045 sed
1967 4006 2110 4046 sem-

527 4091 621 4144 μοι·
657 4075 898 4144 sepulcra
943 4074 1263 4129 adeuntem?
1288 4076 1434 4132 Talia
1468 4079 1664 4150 quippe
1692 4092 1818 4137 sunt
1865 4085 2107 4138 meretri-

523 4181 643 4219 cum
676 4164 965 4220 diversoria
1001 4166 1169 4218 multo
1193 4164 1385 4230 faetore
1412 4168 1584 4236 plena,
1610 4173 1774 4226 multa
1801 4174 2106 4240 putredine.

523 4255 659 4324 Quid
682 4255 748 4309 de
777 4269 936 4308 avaro
965 4254 1244 4310 dicamus?
1267 4271 1444 4312 nonne
1465 4267 1520 4313 et
1552 4257 1668 4328 ipse
1699 4262 1820 4316 talis
1848 4263 1964 4317 eSt‘l
1988 4264 2108 4333 quis

525 4362 646 4399 eum
675 4346 838 4414 ligare
856 4360 1106 4415 umquam
1128 4347 1357 4416 poterit?
1375 4347 1487 4401 Non
1517 4357 1772 4418 terrores,
1791 4366 1898 4407 non
1921 4353 2103 4420 minte,

527 4451 630 4489 non
672 4436 893 4499 monita,
930 4452 1033 4489 non
1065 4436 1284 4491 consilia
1307 4436 1382 4509 (α)
1410 4457 1422 4492 ;
1447 4453 1630 4494 verum
1659 4441 1772 4496 base
1798 4444 1975 4498 omnia
2015 4445 2104 4500 ille

525 4527 734 4582 vincula
779 4528 1012 4596 rumpit:
1044 4537 1096 4581 et
1121 4529 1166 4583 si
1193 4528 1312 4598 quis
1342 4529 1610 4587 soluturus
1640 4547 1669 4587 a
1698 4536 1923 4591 vinculis
1946 4551 2101 4592 acce-

524 4615 650 4680 dat,
679 4615 888 4685 adjurat
917 4633 1038 4671 eum
1069 4634 1135 4674 ne
1178 4619 1446 4686 solvatur,
1477 4625 1766 4680 cruciatum
1812 4629 2100 4685 maximum

521 4710 836 4767 existimans
863 4726 966 4764 non
993 4697 1111 4765 esse
1143 4711 1195 4766 in
1222 4715 1457 4768 cruciatu
1485 4733 1498 4768 :
1526 4732 1632 4785 quo
1662 4718 1788 4787 quid
1818 4721 2100 4778 miserabi-

523 4802 622 4855 lius
641 4801 884 4856 dicatnr?
911 4801 1001 4856 lile
1033 4817 1262 4872 namque
1285 4805 1514 4874 daemon,
1535 4809 1632 4863 etsi
1657 4809 1897 4868 homines
1925 4815 2100 4885 despi-

520 4901 688 4955 ceret,
713 4904 765 4946 at
795 4893 988 4948 Christi
1026 4895 1193 4963 jussui
1223 4899 1402 4962 cessit,
1432 4909 1486 4953 et
1525 4899 1632 4954 cito
1662 4917 1690 4956 a
1727 4917 1950 4973 corpore
1977 4907 2097 4962 abs—

518 4986 711 5046 cessit;
746 4985 833 5039 hic
860 5001 984 5040 vero
1025 5002 1130 5040 non
1164 4987 1307 5042 cedit
1339 5001 1622 5060 praerepto.
1651 4992 1779 5047 Nam
1813 4996 1935 5051 licet
1960 5013 2095 5066 quo-

522 5074 650 5126 titiie
681 5073 859 5127 audiat
890 5075 1032 5129 illum
1062 5076 1328 5132 dicentem
1351 5121 1364 5141 ,
1394 5078 1514 5134 Non
1547 5084 1746 5150 potestis
1780 5085 1883 5140 Deo
1911 5090 2096 5144 servire

519 5179 565 5216 et
595 5181 841 5218 ummome
864 5165 1076 5234 (Matth.
1101 5167 1151 5223 6.
1170 5169 1286 5238 Si),
1310 5173 1406 5224 etsi
1429 5173 1724 5242 gehennam
1743 5180 2095 5236 eomtninetur

519 5265 573 5310 et
594 5257 941 5312 intolerabilia
973 5261 1253 5329 supplicia,
1280 5279 1384 5317 non
1407 5266 1737 5334 obtemperat
1764 5279 1961 5337 tamen,
1987 5289 2090 5329 non

520 5346 660 5412 quod
689 5346 907 5403 Christo
932 5349 1001 5403 sit
1034 5351 1242 5416 fortior,
1289 5355 1380 5409 sed
1405 5359 1547 5426 quod
1578 5357 1820 5417 Christus
1850 5378 1946 5418 nos
1985 5381 2090 5421 non

520 5435 710 5491 invitos
738 5439 803 5491 ad
834 5440 1254 5510 resipiscentiam
1283 5444 1460 5501 ducat.
1500 5448 1725 5518 Ideoque
1753 5453 1824 5508 illi
1853 5456 2002 5524 quasi
2037 5458 2090 5513 in

579 5595 596 5658 ξ
636 5594 722 5658 Alit
741 5592 930 5658 legunt,
955 5599 1232 5658 damnent,

581 5657 601 5719 ξ
636 5656 808 5719 Aliqui,
833 5657 1165 5719 ignorantiam.

583 5717 652 5776 (tt)
686 5717 913 5769 numen
938 5722 1013 5768 hic
1036 5726 1224 5782 [-Olllllll‘
1261 5723 1453 5787 signum
1497 5730 1896 5795 interrogationis.

3729 374 3839 431 356

2252 436 2482 494 desertis
2526 455 2824 515 versantur,
2867 455 3077 514 etiamsi
3105 462 3159 517 in
3200 468 3392 524 mediis
3432 475 3540 530 sint
3589 481 3837 542 urbibus.

2251 528 2550 638 Quisenim
2594 549 2773 596 mente
2800 546 2987 604 valens
3030 557 3200 638 possit
3225 574 3346 617 cum
3388 528 3834 638 mandaui-ti";

2249 618 2480 678 minibus
2509 630 2752 685 versari?
2779 632 2988 693 Mallem
3017 618 3837 726 certecum'sexcentisvdiem:

2247 713 2415 816 piacis
2445 714 2715 788 habitare,
2747 739 2904 794 quam
2947 745 3068 787 cum
3096 752 3202 791 uno
3233 741 3335 798 hoc
3363 746 3642 810 laborante

2245 800 2314 903 bo
2338 820 2352 854 :
2386 807 2636 878 quodque
2675 814 2748 869 ita
2777 817 3001 888 loquens
3029 840 3136 881 non

2246 891 2318 1006 iis.
2338 911 2463 1006 qtae
2486 904 2698 1006 utrique
2724 909 3015 976 patiuntur.
3047 916 3112 972 Hi
3140 935 3373 998 namque

2245 987 2319 1102 I‘tiLl
2352 989 2509 1058 laesit,
2538 994 2810 1056 inimicum
2849 1005 2952 1061 sibi
2989 1019 3196 1080 putant,
3229 987 3522 1094 volantque
3547 987 3716 1085 Et;

2248 1080 2384 1181 liber
2410 1094 2492 1139 est
2540 1102 2754 1146 servum
2799 1111 2952 1151 suum
2982 1115 3122 1168 esse,
3147 1116 3205 1161 ut
3233 1108 3285 1162 in
3328 1080 3484 1170 malis
3531 1080 3834 1181 innumeris

2241 1166 2564 1278 involvam;
2631 1179 2948 1242 daemoniaci
3026 1207 3155 1249 vero
3211 1201 3349 1256 nihil
3417 1208 3522 1264 tale
3574 1211 3822 1278 faciunt,

2237 1259 2331 1313 sed
2387 1265 2635 1322 morbum
2688 1270 2742 1324 in
2798 1289 2857 1330 se
2905 1281 3143 1339 retinent
3187 1287 3226 1342 ί.
3291 1290 3370 1347 llli
3427 1259 3821 1359 multas";de

2239 1361 2452 1408 vertunt
2493 1355 2705 1424 domos,
2741 1361 2900 1433 idque
2929 1382 3210 1440 peragunt,
3247 1386 3304 1430 ut
3331 1394 3522 1433 nomen
3577 1355 3830 1442 Dei—hla-

2237 1443 2578 1511 sphemetur,
2610 1465 2674 1504 ac
2719 1455 2986 1521 pernicies
3015 1473 3140 1515 sum
3179 1474 3234 1518 et
3261 1466 3406 1522 urbis
3441 1481 3495 1524 et
3534 1474 3680 1529 orbis
3707 1479 3833 1534 uni-

2235 1536 2377 1589 versi
2405 1553 2433 1614 ;~
2451 1538 2505 1592 hi
2528 1554 2657 1594 vero
2686 1559 2713 1596 a
2745 1544 3081 1605 dzcmonibus
3102 1557 3376 1626 exagitati,
3405 1563 3751 1623 miseratione
3771 1581 3830 1626 et

2237 1625 2490 1698 lacrymis
2511 1630 2658 1702 digni
2694 1644 2838 1690 sunt.
2875 1638 2936 1694 Hi
2977 1651 3126 1698 certe
3168 1647 3284 1703 sine
3315 1625 3425 1706 ullo
3462 1668 3627 1711 sensu
3657 1662 3827 1717 multa

2237 1715 2471 1784 faciunt;
2504 1719 2577 1775 illi
2609 1727 2817 1782 ratione
2846 1731 3053 1800 praediti
3087 1735 3405 1809 impingunt,
3428 1745 3479 1798 in
3509 1751 3703 1806 mediis
3731 1715 3828 1807 ur;

2234 1808 2388 1894 bibus
2416 1811 2829 1885 debacchantes,
2858 1831 2912 1877 et
2932 1838 3072 1879 novo
3093 1808 3323 1897 quodam
3357 1834 3535 1892 furore
3563 1847 3825 1913 correpti.

2232 1896 2368 1965 Quid
2400 1903 2542 1958 enim
2577 1907 2682 1963 tale
2709 1906 2913 1966 faciunt
2937 1896 3251 1976 darmoniaci
3282 1939 3505 1993 omnes,
3536 1896 3828 2000 quale—au;

2235 2001 2326 2091 sus
2375 2000 2459 2046 est
2509 1993 2710 2063 Iudas,
2766 2011 3062 2061 extremam
3115 2023 3400 2082 aggressus
3447 1993 3827 2091 iniquitatem?

2233 2076 2392 2135 Certe
2419 2096 2609 2141 omnes
2637 2089 2726 2157 qui
2751 2091 2898 2148 illum
2920 2076 3218 2167 imitanter
3240 2115 3368 2160 sunt
3391 2076 3826 2177 quasilferazvim—

2233 2185 2420 2229 manes
2463 2191 2531 2232 ex
2573 2183 2881 2242 carceribus
2919 2189 3136 2259 elapste,
3185 2195 3433 2256 civitates
3481 2206 3821 2278 perturbant,

2232 2265 2448 2322 nemine
2473 2268 2778 2328 cohibente.
2816 2275 2884 2331 lli
2911 2287 3090 2337 tamen
3133 2285 3362 2344 vinculis
3403 2265 3640 2366 undique
3681 2265 3820 2355 con:

2233 2359 2585 2430 stringuntur,
2609 2367 2783 2434 qualia
2813 2378 2957 2436 sunt,
2985 2373 3224 2442 judicum
3249 2389 3439 2449 terror,
3471 2359 3646 2456 legum
3672 2405 3821 2446 com-

2234 2451 2576 2530 minationcs,
2605 2460 2744 2530 vulgi
2773 2464 3079 2536 maledicta,
3111 2479 3164 2525 et
3186 2472 3289 2527 alia
3317 2451 3549 2545 plurima
3569 2497 3584 2548 ;
3618 2481 3702 2538 bis
3733 2495 3817 2541 ta-

2233 2557 2354 2596 nten
2397 2545 2470 2598 illi
2500 2545 2730 2619 diruptis
2754 2555 2932 2609 omnia
2978 2571 3071 2615 sus
3093 2559 3270 2632 deque
3299 2578 3538 2624 vertunt.
3570 2545 3726 2641 Quod
3768 2581 3816 2633 si

2228 2635 2349 2703 quis
2381 2637 2494 2692 luce
2534 2641 2739 2696 vincula
2784 2645 3043 2717 auferret,
3078 2653 3122 2706 is
3165 2635 3616 2719 dacmonemillos
3652 2681 3816 2722 occu-

2230 2737 2445 2795 pantem
2473 2731 2617 2788 clare
2645 2748 3029 2810 cognosceret,
3061 2747 3151 2814 qui
3183 2761 3330 2805 certe
3358 2755 3529 2809 multo
3554 2767 3610 2813 et
3636 2762 3818 2818 acrior

2225 2828 2281 2872 et
2306 2819 2536 2878 ferocior
2558 2833 2642 2880 est
2667 2842 2733 2882 eo
2756 2832 2844 2899 qui
2867 2847 3012 2889 nunc
3040 2851 3289 2906 egressus
3311 2855 3578 2904 narratur.

2297 2913 2348 2968 5.
2379 2913 2576 2971 Verum
2607 2920 2728 2988 quia
2764 2921 2824 2976 id
2854 2926 2968 2980 fieri
2997 2927 3206 2999 nequit,
3234 2935 3402 2991 verbo
3432 2947 3610 2998 tamen
3659 2954 3815 3004 tenus

2229 3003 2326 3056 ista
2351 3004 2629 3075 fingamus,
2654 3020 2708 3066 et
2730 3022 2946 3070 catenas
2965 3018 3081 3088 ejus
3107 3036 3296 3079 omnes
3321 3027 3661 3100 auferamus;
3686 3003 3815 3094 tunc

2225 3091 2341 3161 ejus
2373 3095 2609 3154 furorem
2625 3101 2828 3171 liquido
2848 3108 3100 3166 sciemus.
3129 3116 3199 3166 At
3226 3114 3393 3172 feram
3418 3134 3446 3174 a
3471 3091 3815 3184 nobis

2227 3195 2332 3239 tam
2365 3202 2431 3241 ne
2456 3186 2756 3248 formidetis
2782 3213 2795 3248 :
2827 3197 2878 3250 in
2907 3200 3073 3254 verbo
3101 3218 3331 3276 namque
3359 3218 3466 3264 tota
3494 3226 3656 3269 scena
3681 3229 3813 3274 con-

2222 3275 2382 3344 sistit,
2418 3293 2594 3349 neque
2623 3282 2674 3335 in
2703 3286 2780 3340 rei
2809 3289 3034 3345 veritate
3064 3275 3293 3362 idipsuin
3323 3302 3707 3370 conspicimus.
3730 3307 3809 3365 Sit

2222 3365 2398 3438 itaque
2429 3367 2592 3425 homo
2619 3376 2904 3446 quispiam,
2935 3381 3111 3450 ignem
3135 3385 3204 3439 ab
3225 3389 3396 3445 oculis
3422 3365 3700 3464 amittens,
3726 3401 3810 3456 ni-

2219 3473 2336 3526 ger,
2364 3462 2453 3529 qui
2485 3463 2538 3515 in
2569 3474 2795 3535 utroque
2823 3469 3054 3529 humero
3077 3477 3341 3536 dracones
3367 3462 3804 3552 pendentes

2222 3549 2561 3608 brachiorum
2577 3556 2772 3615 habeat
2791 3577 2805 3625 ;
2833 3576 2894 3616 os
2911 3564 3102 3621 habeat
3125 3569 3176 3624 in
3194 3586 3301 3641 quo
3319 3549 3418 3643 pro
3430 3577 3682 3640 dentibus
3696 3587 3808 3656 gla-

2218 3641 2290 3697 dii
2311 3645 2416 3698 sint
2434 3645 2600 3712 infixi,
2621 3661 2717 3717 pro
2741 3651 2919 3723 lingua
2941 3656 3062 3711 fons
3077 3663 3221 3718 virus
3242 3641 3624 3743 venenumque
3644 3641 3803 3734 emit-

2218 3743 2335 3789 tens
2355 3753 2369 3801 ;
2395 3747 2582 3794 venter
2592 3740 2709 3811 ejus
2729 3746 2871 3800 omni
2891 3747 3105 3808 fornace
3123 3755 3462 3827 sitvoracior,
3483 3740 3605 3834 quae
3624 3771 3800 3827 omnia

2216 3828 2410 3896 injecta
2437 3832 2692 3903 deglntiat
2713 3853 2727 3902 ;
2750 3839 2913 3906 pedes
2930 3842 3025 3897 alis
3048 3844 3290 3904 instructi
3307 3862 3361 3907 et
3380 3828 3592 3913 llam-ma
3615 3866 3800 3932 quavis

2215 3918 2676 3991 vehementiores;
2702 3931 2876 3983 vultus
2897 3931 3013 3998 ejus
3030 3936 3178 3991 canis
3205 3940 3382 4013 etlupi
3406 3918 3648 4016 specieni
3672 3955 3800 4009 refc-

2214 4019 2330 4074 rat;
2364 4027 2467 4068 non
2499 4013 2781 4071 humanam
2805 4033 2986 4075 vocem
3015 4027 3252 4095 emittat,
3284 4033 3379 4088 sed
3411 4013 3806 4113 quidinsuave,

2214 4101 2576 4169 injucundum.
2597 4109 2832 4166 terribile
2857 4129 2870 4164 :
2894 4112 2944 4168 in
2960 4117 3306 4191 manibusque
3323 4101 3566 4184 flammas
3583 4101 3797 4193 habeat;

2213 4190 2487 4285 Horrenda
2529 4196 2706 4253 forsan
2740 4202 2888 4259 vobis
2929 4206 3045 4263 hzec
3077 4190 3392 4282 videantur;
3424 4218 3518 4274 sed
3560 4190 3798 4285 nondum

2212 4280 2357 4336 illum
2398 4285 2471 4340 uti
2504 4302 2597 4356 par
2625 4301 2739 4345 erat
2767 4292 3104 4362 depinximus
3135 4316 3150 4353 :
3183 4301 3267 4359 his
3296 4280 3491 4379 quippe
3525 4313 3631 4370 alia
3673 4280 3799 4376 stitit

2210 4375 2469 4431 addenda.
2503 4381 2697 4435 Obvios
2722 4399 2961 4457 quosque
2994 4387 3197 4460 jugulet
3219 4409 3282 4450 ac
3309 4375 3530 4457 devoret
3557 4446 3574 4471 ,
3605 4375 3797 4467 carnes

2210 4466 2423 4523 laceret.
2450 4470 2562 4527 lloc
2588 4484 2829 4530 monstro
2851 4477 3086 4536 deterior
3105 4493 3186 4538 est
3202 4499 3416 4555 avarus,
3443 4466 3596 4563 quasi
3623 4466 3795 4556 infer;

2208 4576 2306 4614 nus
2332 4576 2516 4618 omnes
2548 4563 2766 4634 invadit,
2792 4572 3021 4625 omnes’
3051 4572 3333 4645 devorans,
3363 4591 3667 4646 communis
3692 4593 3796 4648 hr-

2207 4655 2348 4708 mani
2385 4657 2596 4724 generis
2638 4657 2807 4716 hostis
2832 4661 3171 4721 circumiens.
3205 4669 3419 4728 Nullum
3456 4681 3654 4751 quippe
3682 4689 3797 4743 vult

2205 4759 2485 4813 superesse
2512 4747 2780 4806 hominem
2807 4792 2822 4818 ,
2859 4758 2916 4838 ut
2953 4756 3128 4810 omnia
3172 4762 3456 4828 possideat.
3490 4747 3676 4843 Neqite
3706 4773 3794 4832 hic

2207 4848 2381 4894 tamen
2407 4839 2545 4896 sistit
2570 4841 2790 4912 gradum
2814 4883 2829 4909 ,
2862 4845 2956 4901 sed
2985 4857 3261 4921 postquam
3289 4867 3477 4914 omnes
3499 4839 3793 4932 cupiditate

2201 4942 2296 4982 sua
2326 4931 2587 4998 perdidit,
2621 4944 2776 4988 terra:
2800 4935 3145 4996 substantiam
3175 4946 3320 5015 cupit
3347 4931 3587 5021 abolere,
3618 4956 3792 5014 illam.

2201 5034 2304 5088 que
2334 5023 2385 5075 in
2411 5038 2598 5079 aurum
2626 5040 2836 5081 versam
2865 5027 3044 5087 videre
3071 5049 3085 5087 :
3114 5049 3288 5104 neque
3315 5048 3521 5097 tantum
3550 5052 3747 5103 terram
3770 5091 3789 5117 ,

2199 5110 2293 5164 sed
2317 5121 2546 5181 montes,
2570 5115 2756 5182 saltus,
2781 5118 2952 5174 fontes
2971 5132 3026 5176 et
3045 5125 3220 5179 omnia
3247 5143 3367 5196 qua:
3387 5131 3488 5187 sub
3507 5110 3788 5204 aspectum

2199 5204 2414 5286 cadunt;
2452 5209 2623 5276 Atque
2652 5219 2707 5263 ut
2733 5210 2980 5282 discatis,
3018 5232 3117 5272 nos
3142 5219 3377 5276 umidum
3403 5225 3521 5292 ejus
3548 5226 3785 5285 furorem

2200 5302 2371 5349 totum
2396 5295 2886 5358 demonstravi-sse:
2918 5320 3078 5362 nemo
3101 5309 3170 5363 sit
3193 5311 3283 5380 qui
3314 5312 3460 5368 illum
3490 5330 3705 5374 accuset
3729 5331 3786 5378 et

2200 5394 2433 5452 terreat;
2462 5389 2557 5444 sed
2579 5390 2704 5447 tolle
2731 5391 3068 5454 formidinem
3097 5400 3296 5472 legum,
3322 5412 3377 5460 et
3403 5406 3607 5464 videbis
3635 5411 3782 5468 illum

2198 5492 2410 5554 arrepto
2431 5484 2606 5552 gladio
2626 5501 2810 5540 omnes
2833 5489 3206 5552 trucidantem.
3232 5495 3429 5551 nemini
3448 5511 3782 5570 parcentem,

2498 5578 2524 5602 ι

2262 5631 3249 5718 L‘Qttidfttmsi‘ﬂtiipero”ammoniaci
3300 5651 3422 5703 nihil
3472 5655 3610 5706 aliud
3655 5656 3776 5707 mali

2427 5692 2728 5807 axi.“un
2752 5703 2968 5753 morbum
2991 5692 3038 5755 in
3058 5692 3369 5764 sai-Ethein

2409 5791 2422 5812 ,
2611 5796 2622 5808 .
