4110 6306
289 361 396 418 557

292 491 399 528 tum
430 473 606 529 amico
629 515 645 539 ,
675 490 780 528 non
811 482 1071 544 cognato,
1108 489 1214 528 non
1243 475 1427 540 lratri,
1461 490 1570 528 non
1597 476 1753 544 patri.
1786 474 1898 529 Imo

292 582 423 620 vero
461 583 569 621 non
604 583 739 635 opus
765 576 851 622 est
890 566 1044 621 nobis
1075 567 1162 620 illa
1202 567 1528 637 hypothesi;
1558 567 1898 621 sciscitemur

289 658 360 710 ab
387 673 475 724 eo,
502 673 680 711 annon
711 657 800 711 ille
822 656 1122 725 lmjusmodi
1148 671 1238 711 res
1265 658 1314 710 in
1337 656 1662 726 cogitatione
1685 666 1894 721 verset,

288 765 468 815 annon
496 764 686 804 omnes
715 749 895 804 animo
931 749 1179 812 invadat,
1204 765 1382 803 annon
1412 748 1640 802 trucidet
1667 749 1892 815 amicos,

287 809 547 912 cogiiatas
571 853 623 899 et
653 844 1044 914 progenitores.
1070 844 1182 898 luto
1204 859 1332 900 vero
1361 843 1502 899 nulla
1529 844 1892 915 interrogandi

288 934 606 1000 necessitas,
633 949 757 989 cum
787 950 946 989 nemo
973 935 1180 989 nesciat
1207 949 1303 990 eos
1327 975 1342 1000 ,
1370 935 1462 1005 qui
1502 935 1606 989 hoc
1638 943 1894 990 tenentur

285 1025 497 1088 morbo,
527 1033 859 1080 senectutem
875 1023 1051 1094 patris
1073 1025 1153 1079 sui
1175 1040 1318 1095 a‘gre
1346 1024 1507 1091 ferre,
1532 1033 1586 1080 et
1605 1025 1747 1096 quod
1775 1026 1894 1080 aliis

286 1113 443 1168 dulce
470 1116 808 1186 eptabileque
836 1127 938 1180 est,
965 1133 1156 1186 nempe
1186 1117 1324 1172 ﬁlios
1350 1117 1570 1183 habere,
1601 1131 1890 1174 onerosum

284 1204 618 1260 existimare.
650 1206 797 1261 Multi
826 1208 970 1260 enim
1012 1207 1112 1263 hac
1145 1207 1213 1262 de
1256 1224 1415 1262 causa
1446 1209 1730 1263 orbitatem
1763 1219 1888 1264 sunt

284 1295 488 1363 adepti,
526 1307 878 1366 naturamque
905 1298 1142 1353 sterilem
1175 1298 1562 1364 reddiderunt,
1595 1315 1698 1353 non
1728 1299 1890 1354 modo

283 1397 442 1442 natos
477 1389 783 1444 occidentes
808 1433 821 1454 ,
855 1389 949 1444 sed
976 1392 1135 1443 etiam
1168 1405 1236 1445 ne
1273 1401 1620 1444 nascerentur
1645 1390 1888 1446 efﬁcien-

287 1490 391 1534 tes.
422 1481 498 1535 Ne
526 1483 792 1536 miremini
821 1484 998 1552 itaque
1019 1524 1031 1543 ,
1066 1483 1107 1534 si
1135 1498 1352 1536 avarum
1384 1484 1469 1538 illa
1505 1484 1674 1539 forma
1701 1484 1889 1553 depin-

279 1573 522 1627 xerimus
554 1590 568 1627 :
599 1589 720 1627 nam
765 1573 919 1642 longe
956 1573 1130 1625 adhuc
1157 1574 1390 1627 deterior
1419 1584 1534 1640 est,
1567 1589 1726 1644 quam
1753 1576 1888 1630 dixi-

277 1678 422 1716 mus.
465 1663 569 1718 Sed
607 1664 880 1717 videamus
922 1681 1028 1731 quo
1070 1676 1224 1733 pacto
1254 1681 1375 1719 eum
1415 1667 1484 1720 ab
1513 1669 1612 1720 hoc
1640 1666 1888 1725 dtetuone

279 1753 513 1809 liberare
542 1755 854 1824 poterimus.
893 1756 1174 1822 Quomodo
1206 1757 1339 1810 liber
1363 1757 1510 1811 erit?
1547 1757 1602 1812 Si
1632 1758 1776 1813 clare
1805 1759 1886 1841 di:

274 1845 468 1900 dieerit
504 1847 782 1901 avaritiam
815 1849 896 1902 vel
939 1846 1006 1901 ad
1040 1849 1294 1916 pecunias
1323 1848 1713 1917 comparandas
1750 1864 1884 1904 con-

276 1939 497 1991 trariam
538 1952 658 1991 esse
687 1955 701 1992 :
737 1954 857 1991 naut
887 1938 976 2007 qui
1009 1953 1168 2006 parva
1201 1939 1392 1992 lucrari
1423 1938 1644 2004 volunt,
1673 1955 1888 2010 semper

275 2043 466 2098 magna
501 2031 774 2099 patiuntur
795 2031 990 2084 damna
1012 2050 1026 2085 :
1048 2030 1097 2084 id
1120 2031 1260 2102 quod
1283 2033 1443 2086 etiam
1466 2033 1517 2087 in
1543 2035 1882 2102 proverbium

279 2135 494 2175 versum
537 2132 639 2176 est.
673 2122 816 2176 Multi
849 2133 996 2177 certe
1022 2138 1144 2177 cum
1181 2133 1423 2176 mutuum
1455 2140 1647 2194 magno
1679 2125 1883 2182 ﬁnuore

272 2210 484 2278 darent,
516 2228 620 2265 non
644 2213 934 2282 exploratis
959 2213 1270 2282 accipientis
1297 2213 1655 2281 facultatibus,
1677 2228 1879 2285 sortem

239 2330 242 2332 η
273 2301 444 2370 ipsant
469 2319 589 2356 cum
617 2305 793 2358 usuris
814 2304 1131 2357 amiserunt.
1153 2303 1386 2357 Rursum
1408 2305 1495 2359 alii
1525 2307 1575 2359 in
1604 2308 1876 2375 periculis,

271 2408 394 2447 cum
427 2394 627 2447 nollent
659 2409 822 2465 pauca
854 2395 1116 2464 proferre,
1142 2397 1303 2449 vitam
1331 2412 1451 2450 cum
1480 2400 1673 2467 opilms
1699 2400 1879 2468 perdi-

269 2485 494 2540 derunt.
529 2485 660 2540 item
689 2486 782 2540 alii
811 2502 932 2541 cum
962 2486 1250 2556 dignitates
1275 2489 1616 2558 pecuniarias
1635 2533 1649 2554 ,
1681 2491 1764 2545 vel
1797 2491 1877 2546 si-

274 2576 420 2632 milia
447 2577 671 2646 adipisci
707 2586 960 2646 possent,
991 2593 1112 2631 cum
1143 2579 1486 2646 pareimonia:
1515 2581 1673 2636 nimis
1695 2582 1879 2638 stude-

268 2677 410 2733 rent,
431 2684 458 2718 a
480 2676 592 2721 tuto
610 2668 942 2722 exciderunt.
965 2667 1226 2735 Quoniam
1245 2672 1386 2723 enim
1404 2686 1588 2725 serere
1607 2673 1872 2741 nesciunt,

265 2759 360 2814 sed
395 2770 594 2813 metere
624 2771 826 2813 tantum
855 2760 1106 2824 student,
1135 2776 1162 2812 a
1193 2776 1368 2814 messe
1398 2762 1703 2832 frequenter
1732 2767 1878 2820 exci-

1263 361 1325 416 IN
1368 359 1776 418 MATTIIJEU.“
1818 361 2046 418 llOBllL.
2094 360 2287 419 XXIX.
2328 365 2400 418 al.
2447 365 2612 422 XXX.

3515 381 3622 439 358

2009 475 2161 530 dunt.
2196 476 2366 532 Nemo
2404 481 2547 535 enim
2591 497 2804 553 semper
2837 497 3042 543 metere
3073 500 3250 559 potem
3281 533 3296 558 ,
3342 493 3481 550 sicut
3521 514 3623 556 nec

2009 581 2223 637 semper
2270 569 2487 626 lucrari.
2528 572 2663 640 Quia
2714 577 2873 645 igitur
2918 580 3232 649 impendere
3275 585 3482 650 uolunt,
3519 605 3619 646 nec

2014 658 2207 714 lucrari
2235 662 2413 716 sciunt
2433 705 2448 727 ,
2485 665 2577 718 sed
2607 677 2660 719 et
2687 668 2731 721 si
2761 683 2983 724 uxorein
3014 672 3214 728 ducere
3244 687 3490 744 Oporteat
3514 721 3530 743 ,
3565 681 3618 736 in

2009 748 2152 802 idem
2187 750 2426 805 incidunt
2465 753 2718 810 damnum
2739 798 2755 822 ,
2786 757 2916 814 dum
2945 761 3028 815 vel
3067 765 3281 832 itmpem
3325 784 3422 835 pro
3451 769 3622 827 divite

2005 838 2228 906 ducunt,
2262 841 2344 896 vel
2371 843 2414 896 si
2442 843 2664 900 divitem
2696 848 2984 919 accipiant,
3009 863 3063 906 et
3089 854 3185 911 illa
3208 856 3357 912 tuille
3379 859 3522 914 vitiis
3548 863 3622 920 sit

2004 930 2190 987 all'ecta
2214 973 2229 999 ,
2267 933 2318 987 in
2361 937 2534 1005 majus
2575 937 2818 996 incidunt
2862 942 3269 1002 detrimentum.
3309 950 3426 1006 Non
3470 956 3618 1012 enim

2004 1024 2300 1092 opulentia,
2329 1026 2424 1081 sed
2457 1029 2624 1083 virtus
2649 1031 2862 1087 divitias
2893 1035 3051 1105 parit.
3080 1037 3213 1094 Nam
3240 1057 3360 1111 qua:
3384 1058 3446 1097 ex
3477 1044 3623 1101 diti-

2005 1115 2091 1169 tiis
2114 1117 2335 1180 utilitas,
2369 1119 2413 1174 si
2439 1121 2525 1174 illa
2550 1123 2768 1194 prodiga
2795 1126 2863 1179 sit
2884 1136 2939 1182 et
2959 1139 3295 1200 sumptuosa,
3315 1141 3369 1188 et
3391 1137 3433 1191 si
3458 1140 3612 1208 quasi

2004 1218 2196 1262 ventus
2222 1211 2402 1264 omnia
2433 1212 2704 1284 dissipet?
2732 1217 2858 1286 quid
2887 1218 2932 1273 si
2956 1219 3151 1277 lasciva
3178 1224 3268 1290 sit,
3296 1241 3359 1281 ac
3387 1243 3618 1285 sexcen-

2001 1309 2086 1355 tos
2115 1315 2386 1359 amatores
2421 1309 2696 1363 attrahat?
2723 1311 2848 1380 quid
2879 1313 2923 1366 si
2965 1313 3223 1370 ebriosa?
3258 1333 3437 1377 annon
3463 1322 3612 1381 brevi

1998 1395 2283 1466 conjugem
2323 1413 2478 1453 suum
2516 1400 2583 1454 ad
2631 1401 2866 1472 inepiam
2909 1404 3154 1476 rediget?
3191 1409 3308 1466 Non
3347 1413 3398 1467 iu
3439 1432 3614 1475 uxom

1997 1486 2238 1544 ducenda
2268 1498 2494 1555 tantum,
2523 1493 2616 1547 sed
2640 1496 2800 1549 etiam
2833 1495 2886 1550 in
2912 1499 3142 1554 emendo
3175 1500 3449 1570 falluntur,
3477 1506 3608 1563 dmn

1997 1593 2202 1646 servos,
2235 1597 2339 1635 non
2371 1583 2566 1651 probos
2592 1600 2655 1641 ac
2681 1597 2932 1644 strenuos
2954 1630 2967 1653 ,
2996 1591 3090 1646 sed
3124 1608 3220 1648 eos
3242 1595 3332 1662 qui
3360 1598 3452 1651 vili
3485 1615 3606 1666 pre-

1998 1671 2072 1724 tio
2099 1669 2315 1730 dantur.
2347 1686 2680 1732 comparant.
2727 1679 2850 1735 [hec
2890 1681 3067 1747 itaque
3092 1686 3270 1740 omnia
3301 1690 3600 1746 cogitantes

1997 1763 2260 1832 (nondum
2298 1767 2440 1820 enim
2481 1768 2550 1822 de
2577 1771 2820 1838 gehenna
2849 1781 2900 1827 ct
2931 1773 3000 1828 de
3034 1790 3202 1846 regno
3229 1776 3392 1834 verba
3418 1783 3609 1839 audire

1994 1853 2306 1923 potuistis),
2337 1867 2391 1910 et
2418 1856 2738 1914 detrimenta
2769 1863 2820 1917 in
2849 1874 3083 1920 mentem
3116 1881 3460 1933 revocantes.
3485 1891 3608 1944 qua:

1991 1956 2137 2014 saepe
2175 1944 2243 1999 ab
2292 1950 2512 2003 avaritia
2559 1954 2700 2021 passi
2739 1955 2904 2021 estis,
2957 1959 3007 2012 in
3055 1958 3388 2032 latioribus,
3422 1968 3504 2021 vel
3551 1969 3604 2023 in

1991 2037 2243 2102 emendo,
2269 2041 2348 2094 vel
2380 2042 2431 2095 in
2456 2043 2697 2099 ducenda
2719 2063 2902 2112 uxore,
2937 2051 2988 2105 in
3020 2055 3359 2124 patrociniis,
3381 2060 3432 2112 in
3458 2061 3606 2115 aliis-

1989 2141 2093 2197 que
2144 2131 2429 2197 onmibus,
2472 2136 2540 2191 ab
2579 2153 2764 2193 amore
2792 2145 3140 2210 pecuniarum
3188 2149 3482 2208 abscedite.
3512 2152 3606 2210 Sic

1988 2218 2130 2273 enim
2157 2223 2399 2290 poteritis
2423 2235 2478 2281 et
2500 2241 2820 2296 praesentem
2849 2234 3010 2289 vitam
3041 2245 3155 2291 tuto
3182 2242 3478 2313 transigere
3500 2285 3516 2310 ,
3546 2256 3604 2302 et

1988 2311 2265 2379 paululum
2296 2317 2438 2371 aucti
2471 2332 2752 2376 sermones
2780 2325 2849 2378 de
2879 2326 3216 2396 philosophia
3251 2311 3441 2389 audire
3463 2376 3478 2401 ,
3519 2346 3603 2391 at-

1986 2418 2090 2472 que
2115 2405 2324 2462 acutius
2353 2410 2619 2474 videntes,
2654 2414 2825 2483 ipsum
2851 2417 3074 2486 justitiae
3103 2423 3272 2478 solem
3304 2428 3599 2498 respicere,

1988 2497 2359 2568 promissaque
2377 2501 2494 2571 ejus
2514 2509 2770 2577 consequi
2797 2526 2809 2562 :
2833 2525 3062 2580 quorum
3087 2515 3291 2572 utinam
3312 2497 3598 2581 consorte.

1985 2589 2154 2644 simus
2178 2607 2390 2661 omnes,
2412 2598 2582 2666 gratia
2607 2608 2663 2654 et
2683 2601 3010 2672 benignitate
3035 2607 3247 2665 Domini
3275 2617 3442 2670 nostri
3466 2617 3596 2672 Jcsu

1983 2680 2206 2747 Christi,
2226 2684 2312 2738 cui
2335 2685 2505 2757 gloria
2532 2700 2587 2745 et
2614 2689 2923 2763 imperium,
2949 2698 3002 2753 in
3028 2702 3224 2758 saecula
3241 2705 3592 2769 saeculorum.

1985 2772 2180 2828 Amen.

1415 2955 1764 3019 HOMILIA
1809 2959 2056 3022 XXIX.
2105 2966 2190 3026 al.
2240 2967 2454 3031 XXX.

258 3071 389 3129 Car.
423 3073 474 3129 9.
500 3089 552 3128 v.
589 3074 639 3128 l.
688 3073 752 3127 Et
781 3074 1063 3128 ascendens
1089 3071 1242 3128 Iesus
1272 3075 1323 3128 in
1363 3076 1669 3145 naviculam,
1702 3089 1865 3133 (mns-

334 3168 536 3236 fretavit
555 3209 570 3233 ,
604 3178 648 3220 ct
676 3168 804 3220 venit
835 3168 886 3220 in
911 3169 1159 3220 civitatem
1190 3186 1355 3221 suum.
1377 3168 1433 3223 2.
1467 3168 1531 3222 Et
1555 3189 1670 3224 ecce
1690 3172 1870 3238 offere-

331 3260 455 3313 bant
484 3260 883 3331 eiparalylicum
913 3261 962 3312 iu
990 3261 1116 3314 lecto
1139 3263 1413 3329 jacrutem.
1436 3262 1503 3315 Et
1527 3264 1699 3319 ridens
1718 3265 1871 3320 Iesus

332 3350 488 3418 ﬁdem
518 3351 743 3412 illorum,
773 3351 901 3403 dixit
932 3352 1214 3420 parulylico
1237 3367 1255 3404 :
1287 3349 1518 3421 Con/ide,
1545 3354 1625 3422 ﬁli
1645 3394 1660 3420 ,
1692 3356 1866 3410 remil-

330 3448 526 3502 tantur,
539 3441 626 3492 tibi
655 3449 863 3507 peccata
891 3449 998 3493 tua.

331 3574 378 3627 l.
418 3571 699 3642 ἔτην-(1191ῖεὶ
727 3574 830 3625 duo
854 3572 906 3625 in
939 3571 1249 3642 Evangeliis.
1285 3570 1454 3629 Filius
1479 3576 1725 3644 (equolam
1761 3575 1867 3632 Pa-

257 3665 327 3716 tri
357 3681 410 3716 ac
438 3664 768 3716 demonstrat.
792 3691 864 3703 --
892 3663 1172 3718 Civitatem
1205 3680 1356 3724 suam
1402 3664 1489 3718 hic
1521 3665 1860 3734 Caperuaum

254 3754 490 3822 appellat
521 3770 534 3805 :
566 3770 685 3806 naut
726 3769 847 3822 quae
883 3753 1000 3805 tulit
1036 3754 1207 3819 ipsum
1241 3754 1550 3809 Bethlehem
1581 3757 1713 3821 fuit;
1745 3775 1864 3828 qua:

247 3844 526 3908 educavit,
547 3843 796 3911 Nazaret;
816 3863 937 3916 qua:
958 3849 1050 3901 diu
1073 3851 1498 3908 inhabitantan
1519 3856 1730 3918 habuit,
1749 3855 1849 3907 Ca-

255 3947 515 4003 pernaum
578 3931 908 4004 Paralyticus
935 3944 1112 3988 autem
1155 3935 1239 3988 hic
1264 3936 1399 3989 alius
1427 3946 1511 3990 est
1541 3938 1608 3990 ab
1634 3953 1698 3993 eo
1725 3982 1740 4005 ,
1770 3943 1858 4010 qui

257 4034 589 4078 memoratur
615 4039 644 4077 a
671 4023 898 4079 Joanne.
931 4023 1027 4079 llle
1053 4025 1250 4095 quippe
1290 4027 1340 4079 in
1374 4028 1572 4095 piscina
1599 4029 1811 4096 jaeebat
1841 4049 1857 4098 ;

255 4113 343 4168 hic
366 4124 540 4168 autem
571 4115 622 4168 in
651 4114 986 4184 Capernaum
1021 4133 1034 4170 :
1067 4125 1122 4170 et
1151 4118 1237 4171 ille
1258 4118 1471 4186 quidem
1502 4120 1712 4188 triginta
1740 4135 1860 4178 octo

251 4206 409 4259 anuis
440 4205 766 4276 paralyticus
803 4206 894 4260 fuit
923 4222 938 4270 ;
969 4208 1037 4261 de
1069 4207 1171 4261 hoc
1215 4223 1344 4262 vero
1385 4209 1510 4261 nihil
1553 4212 1730 4266 simile
1772 4214 1856 4267 di-

251 4306 397 4349 ctum
417 4306 501 4350 est
525 4313 541 4350 :
572 4297 660 4350 ille
679 4298 851 4352 nullos
875 4297 1124 4364 habebat,
1145 4300 1234 4368 qui
1260 4301 1340 4354 sui
1363 4317 1547 4356 curant
1569 4314 1855 4372 gererent;

251 4388 341 4443 hic
377 4399 562 4443 centra
607 4389 789 4443 habuit
825 4391 914 4459 qui
961 4405 1021 4444 se
1060 4391 1126 4444 ad
1169 4390 1353 4446 Jesum
1400 4395 1689 4452 deferrent.
1725 4397 1858 4454 lluic

249 4495 414 4549 porro
438 4481 570 4534 dixit
600 4497 615 4536 :
661 4480 802 4544 Fili,
828 4483 1152 4535 remittuntur
1186 4484 1274 4537 (ibi
1314 4498 1556 4555 peccata;
1585 4488 1657 4541 illi
1690 4504 1816 4544 vero
1836 4532 1852 4558 ,

262 4568 350 4623 Vir
377 4587 531 4624 sanus
560 4589 667 4625 esse
693 4570 871 4640 (Joan.
901 4573 953 4628 5.
981 4574 1086 4643 6)?
1115 4573 1265 4628 Illum
1300 4577 1350 4629 in
1375 4579 1599 4633 sabbato
1624 4582 1852 4651 curavit,

250 4658 396 4714 hunc
423 4677 528 4714 nou
552 4660 604 4715 in
633 4661 894 4729 sabbato;
921 4664 1155 4734 alioquin
1186 4677 1365 4720 autem
1393 4668 1537 4721 illum
1575 4669 1675 4725 hac
1703 4671 1769 4727 de
1795 4691 1855 4730 re

245 4749 420 4806 Judaei
447 4765 789 4809 accusassent
813 4796 827 4820 ,
853 4756 942 4824 qui
972 4755 1058 4811 hic
1084 4765 1284 4818 tacent,
1315 4758 1423 4812 illis:
1449 4776 1576 4815 vero
1605 4764 1807 4819 instant
1834 4807 1849 4831 ,

247 4843 534 4912 ipsumque
583 4860 996 4917 persequuntur.
1041 4848 1165 4904 llaec
1210 4867 1312 4906 non
1358 4853 1475 4907 sine
1511 4870 1671 4910 causa
1712 4857 1852 4914 dicta

245 4944 377 4988 sunt
404 4950 432 4984 a
460 4950 547 4989 tne
570 4949 585 4996 ;
612 4936 706 4990 sed
734 4953 799 4991 ne
821 4938 942 5008 quis
963 4954 1126 4992 unum
1152 4941 1510 5012 eumdctnque
1535 4959 1658 5001 esse
1678 4950 1852 5017 suspi-

243 5040 379 5082 cans
406 5026 753 5097 paralyticum
780 5069 795 5092 ,
826 5030 1212 5085 dissonantiam
1245 5033 1330 5088 hic
1357 5049 1478 5090 esse
1509 5046 1738 5104 putaret.
1771 5039 1849 5095 Tu

247 5133 378 5172 vero
408 5118 709 5188 perpetuitas
730 5136 888 5189 quam
923 5123 1217 5185 modestus.
1249 5141 1409 5194 quam
1438 5140 1750 5186 mansuetus
1780 5134 1848 5188 sit

248 5208 525 5262 Dmuinus.
566 5209 695 5263 Nam
727 5221 781 5264 et
808 5225 963 5267 antea
995 5216 1178 5268 turhas
1203 5229 1510 5284 amoverat,
1531 5232 1585 5274 et
1611 5238 1642 5276 ει
1671 5222 1847 5278 Gada-

245 5300 394 5353 rcuis
418 5317 598 5368 prnsus
623 5317 728 5355 non
748 5302 975 5362 obstitit.
1005 5306 1099 5358 sed
1123 5311 1364 5375 secessit,
1389 5312 1487 5364 etsi
1510 5329 1612 5366 non
1639 5318 1842 5383 procul.

244 5393 585 5464 Rursumque
606 5435 618 5458 ,
648 5411 766 5449 cum
798 5398 1128 5454 11»(;ι·11‹]ἱ›εθι
1159 5401 1210 5453 itt
1244 5404 1541 5457 naviculam
1561 5447 1574 5470 ,
1600 5409 1842 5476 trajecit,

242 5497 368 5536 cum
400 5493 579 5550 posset
605 5483 769 5553 pedes
799 5488 1046 5542 transire.
1074 5487 1258 5559 Neque
1277 5491 1419 5546 enim
1447 5508 1663 5565 semper
1691 5499 1845 5553 mira-

241 5573 370 5630 bilia
413 5585 625 5642 patrare
663 5577 914 5642 volebat,
963 5596 1030 5633 ne
1073 5585 1386 5636 teconomize
1428 5600 1536 5638 sua:
1580 5590 1841 5644 rationein

241 5665 611 5723 labefactaret.
645 5667 922 5724 Mattlueus
951 5671 1109 5741 igitur
1134 5675 1224 5739 ait,
1251 5674 1538 5731 Atta/erum
1567 5697 1678 5733 eum
1706 5698 1725 5734 :
1754 5684 1840 5738 alii

333 5802 456 5853 ‘Alii
487 5803 854 5870 inlmbittmtem,
877 5808 987 5861 sine
1016 5811 1120 5862 diu.

1981 3099 2112 3140 vero
2152 3087 2338 3143 dicunt
2377 3107 2580 3162 aagrum
2621 3110 2718 3166 per
2756 3099 3025 3171 diruptum
3058 3113 3253 3162 tectum
3294 3110 3589 3171 demissum

1979 3176 2142 3232 fuisse
2170 3189 2222 3233 et
2250 3192 2375 3236 ante
2398 3183 2670 3241 Christum
2703 3192 2957 3260 positum,
2991 3195 3124 3250 nihil
3150 3200 3454 3259 dicentibus
3482 3207 3590 3263 illis

1979 3268 2068 3331 qui
2111 3270 2444 3340 attulerant,
2477 3277 2571 3330 sed
2611 3287 2779 3333 totum
2824 3284 2922 3351 ipsi
2955 3289 3411 3354 permittentibus.
3455 3297 3587 3352 Nam

1976 3357 2127 3411 initio
2147 3360 2362 3429 quidem
2386 3365 2476 3420 ille
2499 3367 2782 3434 circuibat,
2808 3388 2983 3445 neque
3003 3385 3204 3435 tantam
3233 3385 3301 3437 ab
3325 3388 3590 3442 accedeno

1977 3450 2118 3504 tihus
2146 3455 2449 3522 postulabat
2477 3459 2636 3516 ﬁdem
2666 3482 2681 3518 :
2713 3463 2800 3522 hic
2828 3477 3006 3524 autem
3034 3483 3088 3527 et
3112 3489 3453 3535 accesserunt
3483 3522 3498 3546 ,
3531 3493 3589 3540 et

1975 3540 2108 3597 ﬁdes
2136 3544 2204 3598 ab
2226 3545 2635 3621 ipsis'requisita
2663 3568 2777 3622 esu
2806 3574 2927 3614 nam
2960 3564 3054 3627 ait,
3073 3562 3261 3621 Viden:
3283 3571 3435 3636 [idem
3467 3540 3587 3628 illo-

1971 3649 2109 3700 rum,
2139 3636 2190 3690 id
2218 3646 2335 3703 est,
2363 3655 2552 3699 eorum
2581 3647 2671 3717 qui
2705 3648 3034 3709 demiseraut
3065 3660 3440 3729 paralyticunt.
3473 3665 3583 3722 Ne-

1970 3741 2076 3794 que
2106 3730 2250 3820 enim
2285 3733 2480 3804 ubique
2506 3751 2830 3807 mgrotorutu
2865 3749 3090 3816 requirit
3123 3750 3283 3808 ﬁdem
3311 3797 3327 3820 ,
3365 3769 3422 3809 ttt
3456 3775 3580 3815 cum

1969 3817 2241 3884 desipiunt
2264 3862 2279 3885 ,
2319 3824 2404 3877 vel
2443 3826 2549 3880 alio
2587 3831 2747 3885 modo
2774 3843 2953 3890 mente
2978 3839 3119 3909 capti
3150 3855 3293 3900 sunt.
3331 3847 3425 3902 llic
3453 3865 3583 3904 vero

1968 3909 2155 3972 a-groti
2184 3908 2318 3966 ﬁdes
2337 3925 2455 3969 erat
2482 3933 2707 3987 magna;
2731 3924 2971 3995 alioquin
2997 3908 3143 3985 enim
3178 3950 3281 3988 ron
3312 3937 3380 3991 ita
3404 3953 3463 3995 se
3489 3942 3582 3997 de-

1973 4000 2111 4053 mitti
2154 4005 2509 4071 permisisset.
2555 4010 2821 4076 Quoniam
2865 4017 3025 4086 igitur
3053 4031 3254 4079 tantam
3285 4030 3583 4090 exhibuere

1968 4088 2148 4154 ﬁdem,
2177 4095 2396 4149 exhibet
2417 4107 2470 4150 et
2499 4099 2612 4168 ipse
2634 4107 2928 4171 potentiam
2955 4125 3130 4180 suam,
3153 4129 3277 4172 eum
3305 4123 3450 4176 onmi
3481 4139 3574 4193 pu-

1966 4188 2160 4237 testate
2187 4200 2402 4253 peccata
2426 4191 2661 4256 solvens,
2693 4210 2755 4250 ac
2785 4213 2879 4266 per
2907 4205 3086 4258 omnia
3114 4188 3495 4271 demonstrans
3519 4233 3580 4273 se

1965 4270 2110 4327 Patri
2143 4277 2405 4346 a-qualem
2433 4297 2573 4337 esse.
2607 4284 2705 4340 llic
2733 4304 2860 4342 vero
2892 4297 3162 4362 perpende
3193 4316 3208 4355 :
3241 4307 3491 4373 superius
3524 4310 3575 4364 id

1964 4365 2277 4420 ostendebat
2312 4369 2398 4425 ille
2425 4414 2437 4435 ,
2459 4388 2599 4428 .cuut
2637 4376 2868 4434 docebat
2902 4399 2996 4439 eos
3033 4365 3568 4464 tamquam-potesta-

1964 4465 2071 4510 tem
2104 4458 2341 4522 habens:
2376 4479 2470 4534 per
2497 4466 2794 4537 leprosum,
2821 4491 2942 4529 cum
2975 4477 3131 4546 dixit,
3162 4458 3300 4537 iVula
3325 4458 3580 4548 inundare

1963 4547 2178 4617 (.ilault.
2213 4551 2267 4607 8.
2303 4554 2412 4624 5);
2450 4572 2544 4624 per
2587 4565 2958 4621 centurionem
2984 4609 2998 4634 ,
3039 4587 3161 4626 eum
3201 4576 3414 4637 dicente
3447 4582 3572 4652 illo,

1965 4639 2181 4695 Tantum
2208 4645 2291 4697 dic
2320 4648 2486 4714 orabo,
2515 4660 2562 4704 et
2588 4655 2854 4711 sanabitur
2883 4677 3006 4730 prter
3037 4681 3177 4721 tuens
3208 4667 3369 4730 (Ibid.
3393 4691 3439 4729 υ.
3472 4677 3506 4733 8
3528 4639 3569 4747 );

1961 4732 2184 4788 miratus
2211 4745 2312 4799 est,
2337 4739 2617 4810 ipsumque
2643 4746 2763 4816 plus
2794 4766 2952 4819 quam
2983 4770 3174 4812 omnes
3202 4760 3448 4822 laudibus

1962 4825 2113 4890 tulit;
2157 4842 2252 4895 per
2293 4846 2440 4886 mare
2468 4876 2482 4899 ,
2512 4850 2634 4889 cum
2665 4839 2839 4909 ipsum
2867 4848 3032 4900 Verbo
3063 4859 3271 4909 tantum
3296 4858 3523 4915 frenavit
3556 4886 3571 4930 ;

1961 4933 2056 4986 per
2084 4918 2396 4990 daemonas,
2429 4929 2646 4997 quando
2686 4931 2860 5002 ipsum
2896 4937 3130 5004 judicent
3172 4960 3296 5002 esse
3336 4918 3568 5008 conlita:

1959 5009 2190 5079 bantur,
2229 5025 2284 5071 et
2327 5033 2450 5074 cum
2491 5033 2757 5091 potestate
2805 5047 2994 5102 magna
3044 5036 3193 5106 ipsos
3239 5044 3418 5112 ejecit.
3467 5049 3567 5107 Hic

1958 5115 2170 5157 rursum
2201 5107 2390 5176 majori
2417 5113 2577 5165 modo
2606 5116 2851 5175 inimicos
2879 5140 3007 5179 suos
3030 5130 3391 5198 azqualitatcm
3422 5139 3564 5197 illam

1955 5193 2200 5249 conﬁteri
2238 5200 2420 5268 cogit,
2454 5211 2508 5257 et
2539 5220 2633 5274 per
2665 5208 2900 5277 ipsorum
2935 5219 3093 5272 verba
3130 5222 3179 5275 in
3211 5230 3562 5296 conspicuum

1956 5286 2149 5341 reddit.
2193 5289 2309 5358 Ipse
2350 5309 2578 5364 namque
2618 5315 2676 5351 se
2717 5302 2784 5354 ah
2818 5309 3116 5368 ambitione
3153 5317 3388 5376 alienum
3415 5337 3565 5379 com-

1956 5389 2266 5436 monstrans
2298 5383 2443 5452 (nam
2476 5403 2726 5458 maguum
2770 5402 3128 5462 Spectantitttu
3169 5409 3438 5466 theatrum
3467 5417 3561 5466 ad-

1954 5471 2195 5538 erat,qui
2220 5472 2466 5542 ingressu
2496 5483 2772 5548 arcebant,
2808 5486 2929 5541 ideo
2949 5495 3299 5565 paralyticum
3330 5517 3563 5571 superne

1953 5559 2356 5637 demiserunt),
2389 5584 2494 5623 non
2537 5576 2716 5627 statim
2755 5579 2820 5630 ad
2867 5597 3063 5650 corpus
3100 5559 3245 5658 quod
3284 5559 3562 5652 videbatur

1954 5654 2251 5708 curandum
2287 5671 2344 5710 se
2371 5661 2618 5724 contulit.
2654 5666 2747 5720 sed
2777 5670 2845 5723 ab
2877 5672 2982 5726 illis
3009 5654 3293 5741 occasione
3324 5699 3556 5755 sunqra,

1953 5743 2093 5809 quod
2127 5760 2233 5797 non
2267 5751 2558 5815 apparebat
2583 5756 2810 5822 primum
2839 5767 3064 5831 curavit,
3084 5785 3276 5842 nempe
3301 5791 3361 5828 an
3387 5791 3557 5842 mam.

1952 5848 2072 5888 cum
2099 5847 2312 5907 peccata
2338 5840 2574 5899 dimisit:
2601 5846 2650 5901 id
2680 5852 2822 5919 quod
2853 5857 3148 5929 paralytico
3175 5840 3397 5921 salutem
3427 5840 3568 5940 prae-
