4110 6306
283 385 385 445 Ml

1251 372 1320 429 ΙΝ
1352 366 1762 430 ιιιιττιιιευιι
1800 360 2034 421 ιιοιιιι.
2078 361 2247 418 XXX.
2288 362 2362 417 al.
2406 359 2602 419 XXXI.

3491 355 3596 415 389

286 500 507 558 uterum
526 500 620 574 (ιι).
654 499 885 556 Rursum
911 496 1053 552 enim
1070 491 1319 549 diwbant
1346 509 1360 545 :
1392 487 1491 544 llic
1517 488 1670 542 homo
1689 499 1790 539 non
1810 490 1884 537 est
1989 478 2130 531 mala
2155 478 2210 532 in
2244 476 2484 532 cordi“:
2502 476 2717 574 υςξιτῑε(
2745 474 2933 574 Matth-
2967 474 3056 531 1⁸5.
3082 470 3229 546 50)?
3252 473 3478 574 Οιξξηρι
3502 477 3599 574 isi:

286 591 755 665 oDeo(loan.9.
792 588 1043 660 {6);et,
1100 582 1369 653 Quomodo
1414 580 1497 634 hic
1538 595 1573 632 ιι
1615 574 1886 657 Deerat?

286 681 522 754 liaeque
559 683 867 752 frequenter
906 677 1208 741 versabant,
1260 673 1347 737 illa
1371 672 1623 727 vitiorum
1666 680 1886 721 suorum

287 775 524 845 tegtttiua
540 771 901 829 oluendentes
929 788 944 824 :
973 767 1114 840 quod
1130 766 1291 822 etiam
1318 778 1463 818 nunc
1479 760 1629 816 multi
1661 758 1885 823 faciunt,

286 844 379 936 qun
404 864 535 919 dum
565 864 732 919 Deum
765 860 1037 917 vindicare
1060 857 1331 916 videntur,
1362 853 1474 909 suis
1509 850 1787 920 indulgent
1809 844 1891 901 af-

290 954 541 1022 fectibus,
594 969 719 1027 cum
763 958 1037 1023 oporteret
1077 950 1257 1004 omnia
1302 962 1426 1001 cum
1482 938 1892 1023 mansuetudine

289 1056 546 1101 tractare.
581 1046 790 1101 Etenim
839 1043 1209 1099 universorum
1253 1038 1413 1101 Dens,
1448 1033 1541 1105 qui
1584 1031 1786 1087 [ulmea
1815 1028 1894 1081 vi-

291 1138 450 1192 brare
470 1145 645 1207 potest
668 1136 720 1190 in
750 1149 846 1189 eos
890 1133 980 1203 qui
1013 1131 1186 1202 ipsum
1217 1125 1569 1197 blasphemiis
1596 1123 1889 1191 impetum,

286 1226 463 1283 solem
487 1240 644 1281 suum
670 1225 803 1281 oriri
849 1232 1025 1288 curat,
1077 1219 1278 1276 imbres
1326 1216 1565 1281 emittit,
1590 1221 1896 1279 ceteraque

286 1316 473 1372 omnia
502 1316 721 1387 largiter
745 1311 1051 1384 suppeditat
1082 1328 1097 1363 :
1125 1325 1288 1380 quem
1312 1304 1509 1361 imitari
1533 1318 1632 1359 nos
1657 1307 1893 1371 oportet,

287 1423 484 1479 rogare
508 1422 721 1477 nempe,
750 1418 990 1469 monere,
1015 1402 1294 1457 instituere
1307 1413 1431 1454 eutn
1460 1391 1893 1457 mansuetudine,

291 1516 403 1556 non
431 1500 613 1568 irasci,
656 1514 759 1554 nec
786 1496 1024 1554 efferari.
1051 1494 1238 1563 Neque
1264 1492 1407 1546 cnim
1450 1505 1516 1544 ex
1567 1483 1896 1554 blasphemia

287 1590 421 1661 quid
450 1591 758 1646 nocumenti
782 1587 851 1643 ad
876 1588 1040 1642 Deum
1070 1583 1296 1647 accedit,
1329 1589 1390 1636 ιιι
1416 1589 1473 1634 ιιι
1497 1576 1894 1638 excandescas;

291 1681 391 1737 sed
418 1682 510 1752 qui
536 1680 929 1752 blasphemaVit
958 1679 1073 1750 ipse
1095 1677 1288 1731 vulnus
1318 1672 1545 1742 accepit.
1585 1670 1770 1739 Itaque
1816 1671 1897 1721 in-

290 1774 551 1843 gemisee,
578 1772 917 1844 lacrymare:
959 1768 1215 1841 laerymis
1258 1766 1405 1821 enim
1440 1764 1659 1835 dignum
1683 1771 1770 1817 est
1794 1759 1898 1815 hoc

292 1864 504 1927 vitium,
531 1863 617 1918 cui
637 1861 877 1918 curando
908 1860 1114 1916 nullum
1153 1854 1559 1913 mansuetudine
1584 1853 1781 1908 melius
1806 1866 1898 1905 re-

291 1954 550 2011 medium.
580 1952 932 2010 Ilansuetudo
950 1950 1148 2022 quippe
1174 1949 1319 2004 omni
1348 1946 1600 2003 violentia
1630 1945 1901 2016 potentior

288 2053 401 2101 est.
427 2043 560 2100 Vide
582 2044 740 2115 igitur
762 2041 1035 2114 quomodo
1070 2042 1117 2096 is
1144 2041 1279 2111 ipse,
1302 2038 1393 2107 qui
1414 2037 1609 2107 injuria
1638 2035 1894 2100 afﬁcitur,

290 2142 355 2189 et
392 2134 445 2189 in
483 2134 651 2189 reteri
684 2144 737 2189 et
777 2134 830 2188 in
871 2146 1010 2187 nova
1050 2136 1164 2200 lege
1212 2122 1463 2199 loquatur
1504 2144 1519 2181 :
1567 2126 1636 2181 ibi
1682 2124 1897 2195 quidem

292 2226 485 2283 dicens
515 2243 530 2281 :
555 2226 755 2297 Populo
783 2242 944 2287 mens,
982 2225 1107 2294 quid
1127 2223 1223 2293 [rei
1264 2222 1354 2276 tibi
1388 2217 1590 2290 (Uide.
1616 2219 1671 2274 6.
1698 2219 1733 2273 3
1753 2216 1772 2288 )
1794 2221 1818 2269 ’ἐ
1848 2217 1898 2271 in

300 2333 444 2375 nota
472 2328 676 2382 autem,
698 2317 880 2379 Sosis,
900 2314 1219 2385 Stude,qu
1247 2330 1327 2367 me
1348 2312 1660 2383 persequeris
1678 2310 1813 2384 (Act.
1841 2310 1899 2365 9.

296 2408 335 2464 ι
350 2408 409 2479 )i
434 2408 632 2465 Paulus
656 2408 784 2463 itetn
810 2406 962 2478 jubet
986 2404 1324 2460 advet'sarios
1340 2419 1465 2458 cum
1485 2401 1902 2457 mansuetudine

292 2501 575 2569 corripere
612 2499 703 2570 (2.
737 2498 867 2555 Tim.
917 2498 973 2554 2.
1029 2498 1099 2552 24
1116 2495 1159 2567 ).
1209 2495 1328 2565 Ipse
1371 2509 1584 2564 quoque
1632 2494 1899 2559 Christus,

292 2592 515 2661 quando
538 2600 884 2647 accesserunt
926 2588 1195 2657 discipuli,
1248 2596 1495 2657 rogantes
1526 2595 1586 2640 ut
1632 2586 1807 2656 ignem
1833 2585 1903 2642 de

292 2682 439 2737 ca-io
459 2683 753 2744 emitteret,
808 2682 1155 2737 vehementer
1196 2678 1492 2746 increpavit
1541 2692 1637 2732 eos
1678 2678 1899 2746 dicens,

299 2769 528 2826 Nescitis
550 2774 701 2844 cujus
716 2772 925 2842 spiritus
944 2772 1068 2825 estis
1083 2786 1167 2824 vos
1192 2768 1342 2840 (Luc.
1369 2766 1423 2822 9.
1446 2767 1573 2837 Μ).
1597 2766 1695 2822 Hic
1721 2776 1901 2822 autem

294 2876 411 2917 non
440 2862 567 2919 dicit
591 2863 723 2933 ipse,
751 2862 798 2919 0
821 2863 1137 2918 exsecrandi
1176 2871 1231 2918 ct
1278 2856 1730 2931 pnestigiatorcs!
1759 2874 1793 2911 ο
1824 2858 1904 2912 in-

295 2952 408 3008 vidi
435 2962 489 3008 et
539 2953 814 3009 hominum
843 2953 1032 3011 salutis
1085 2954 1322 3010 inimici!
1367 2956 1485 3025 sed,
1510 2958 1647 3026 Quid
1673 2958 1905 3043 cogitetis

296 3065 439 3177 ,ιιῖέ
460 3064 946 3179 lamiae
960 3071 1905 3179 :t‘.rsr:":;.ttm9‘;:$m€".":

296 3140 429 3177 vet'tt
460 3140 680 3178 ueneat:
712 3140 918 3189 Iamne
964 3140 1168 3179 auersus
1203 3140 1435 3193 progredi
1471 3140 1579 3181 ποκ’
1602 3140 1856 3194 potuerunt
1882 3144 1903 3185 :

292 3187 486 3240 aulica
510 3201 605 3239 non
641 3196 905 3252 potuerunt
947 3203 1011 3240 eo
1040 3192 1271 3254 progredi
1309 3200 1363 3242 ιιι
1391 3193 1702 3243 divinitatum
1724 3194 1904 3245 Christi

292 3259 647 3313 amet-ent.

1991 579 2078 625 tur
2097 585 2218 625 cum
2248 567 2660 625 mansuetudine
2701 567 2950 624 morbtnn
2994 582 3293 624 removere.
3321 565 3457 623 Nam
3507 572 3600 640 qui

1991 677 2059 716 cx
2086 662 2319 716 humano
2346 663 2538 717 timore
2566 662 2758 717 melior
2778 661 3029 725 eﬂlcitnr,
3054 662 3163 717 cito
3182 661 3248 717 ad
3280 666 3600 731 pravitatem

1995 751 2209 807 redibit.
2243 752 2481 823 Ideoque
2504 753 2710 807 zizania
2742 751 2976 823 relinqui
3000 741 3180 822 jussit,
3224 756 3357 807 dans
3391 765 3603 823 tempus

2008 841 2075 894 ad
2102 841 2502 911 pmnitcntiam.
2536 838 2688 894 Multi
2722 854 2961 907 namque
2983 840 3204 895 illorum
3222 841 3605 909 pmttitetttiam

2007 941 2323 1001 egerunt,et
2352 931 2506 1001 probi
2532 931 2663 986 facti
2703 940 2854 995 sunt,
2880 931 2974 1001 qui
2998 933 3240 1001 perversi
3257 934 3410 1002 prius
3425 942 3604 1002 erant,

1932 1040 1937 1044 ‘
1995 1026 2449 1097 quemadmodum
2473 1024 2691 1088 Paulus,
2716 1023 3028 1095 publicanus
3052 1066 3067 1089 ,
3100 1028 3239 1080 latro
3267 1044 3281 1081 :
3312 1043 3437 1081 nam
3462 1041 3608 1098 post—

1997 1135 2159 1188 qttattt
2203 1118 2409 1173 zizania
2465 1118 2702 1181 fuerant,
2744 1101 2805 1171 in
2856 1117 3091 1171 triticum
3120 1126 3388 1173 maturum
3417 1120 3610 1177 mutati

1999 1221 2145 1268 sunt.
2178 1210 2234 1265 in
2263 1210 2561 1265 seminibus
2584 1218 2737 1265 certe
2766 1208 2817 1264 id
2847 1208 2965 1264 fieri
2994 1211 3219 1281 nequit;
3253 1211 3305 1265 in
3330 1189 3614 1284 ιιιιέιροεηιι

1999 1314 2057 1361 et
2084 1302 2360 1357 voluntate
2390 1301 2441 1356 id
2482 1310 2631 1357 certe
2686 1300 2839 1355 facile
2884 1310 2969 1355 est
2999 1322 3013 1357 :
3045 1316 3153 1355 non
3213 1303 3357 1357 enim
3405 1312 3615 1359 natura:

2004 1394 2249 1449 terminis
2269 1393 2383 1464 ipsa
2413 1393 2684 1463 alligatur,
2716 1392 2811 1447 sed
2843 1392 3091 1448 libertate
3116 1394 3323 1449 arbitrii
3350 1395 3613 1451 honorata

2003 1486 2123 1541 fuit.
2169 1486 2307 1541 Cum
2346 1500 2480 1556 ergo
2517 1485 2715 1541 videris
2744 1486 2985 1540 veritatis
3014 1485 3225 1541 hostem
3247 1526 3262 1551 ,
3292 1483 3615 1557 obsequitnn
3668 1550 3670 1554 _

2004 1581 2081 1635 illi
2113 1580 2315 1650 prtehe,
2359 1595 2545 1634 curatn
2598 1578 2738 1635 illius
2786 1578 2947 1644 habe,
2996 1577 3065 1633 ad
3116 1580 3369 1636 virtutem
3425 1581 3612 1647 reduc,

2001 1675 2308 1743 exemplum
2336 1672 2458 1727 vitae
2485 1671 2747 1740 optimum
2780 1672 3045 1741 pnehcus,
3071 1688 3325 1727 sermone
3351 1684 3508 1729 utens
3536 1678 3623 1730 itt-

2001 1766 2238 1834 eulpato,
2270 1764 2630 1834 patrocinium
2661 1763 2759 1833 ipsi
2793 1772 2850 1817 et
2892 1778 3079 1819 curam
3132 1763 3473 1836 impendens,
3500 1781 3615 1820 mo-

2002 1858 2131 1912 dutn
2160 1873 2375 1911 onmem
2406 1856 2800 1915 emendationis
2815 1855 3134 1921 admovens,
3154 1856 3416 1913 imitando
3440 1859 3616 1913 medi-

2002 1967 2098 2006 cos
2127 1953 2380 2021 optimos,
2411 1950 2502 2021 qui
2533 1965 2639 2003 non
2695 1964 2801 2003 una
2830 1957 3035 2003 tantum
3081 1948 3366 2005 medicinae
3409 1952 3618 2007 ratione

2005 2053 2248 2105 tttuntur,
2296 2042 2393 2096 sed
2438 2056 2561 2095 cum
2603 2038 2784 2093 vident
2813 2039 2966 2094 ulcus
2996 2039 3159 2109 priori
3190 2040 3485 2109 pharmace
3512 2057 3618 2098 non

2005 2133 2221 2198 cedere,
2269 2131 2416 2185 aliud
2456 2130 2738 2201 adjiciunt,
2789 2141 2843 2185 ct
2890 2139 3010 2199 post
3040 2131 3170 2185 illud
3200 2147 3411 2186 rursum
3435 2134 3619 2197 aliud;

2005 2235 2059 2279 ct
2089 2240 2231 2280 nunc
2256 2232 2464 2288 secant,
2496 2238 2641 2277 nunc
2664 2221 2906 2291 alligant.
2941 2222 3009 2276 Et
3038 2233 3092 2275 ιιι
3118 2223 3295 2293 itaque
3316 2223 3618 2278 animarum

2007 2310 2248 2374 medicus
2273 2317 2518 2382 eil'ectus,
2564 2316 2709 2369 otnni
2742 2316 2911 2370 utaris
2936 2315 3161 2369 curandi
3188 2316 3399 2373 ratione
3426 2332 3621 2373 secun-

2006 2409 2134 2464 dum
2158 2406 2358 2463 Christi
2389 2406 2571 2475 leges,
2600 2415 2657 2459 ut
2686 2414 2743 2459 et
2767 2403 3087 2459 salutarium
3138 2420 3369 2476 cperunt
3403 2416 3619 2462 tuorum

2007 2508 2063 2554 et
2085 2499 2314 2552 aliorum
2365 2506 2533 2566 parta:
2560 2496 2753 2551 salutis
2793 2494 3101 2551 met-tndem
3136 2498 3392 2567 accipias,
3423 2502 3490 2551 ad
3527 2500 3620 2555 Dei

2006 2592 2231 2661 gloriam
2249 2591 2429 2646 omnia
2444 2589 2669 2654 iaciens,
2700 2599 2757 2643 et
2783 2588 2909 2643 inde
2931 2590 3023 2642 tibi
3040 2589 3267 2658 gloriam
3286 2590 3585 2651 concilians
3606 2611 3620 2647 :

2008 2698 2132 2738 nam
2153 2682 2249 2749 ait,
2276 2680 2636 2749 Gloriﬁroutes
2664 2696 2744 2734 me
2770 2679 3090 2750 glori/icobo.
3111 2690 3157 2733 et
3183 2682 3272 2744 qui
3297 2691 3621 2736 contemnunt

2008 2791 2107 2838 me,
2128 2782 2513 2827 contemnemur
2540 2771 2560 2842 (
2587 2773 2634 2824 i.
2671 2770 2799 2839 Reg.
2832 2772 2885 2823 ἓ.
2920 2771 3044 2840 30).
3077 2772 3269 2827 Omnia
3319 2773 3502 2840 itaque
3553 2774 3621 2830 ad

2006 2867 2125 2933 ejus
2151 2864 2374 2933 gloriam
2404 2864 2685 2928 faciamus,
2714 2871 2773 2919 ttt
2799 2862 3016 2919 beatam
3061 2864 3207 2937 illam
3238 2877 3443 2923 sortem
3485 2882 3619 2923 eon-

2006 2970 2302 3027 sequantur
2333 2973 2348 3010 :
2377 2969 2542 3025 quam
2571 2954 2777 3008 utinam
2808 2969 3004 3010 omnes
3036 2955 3424 3025 adipiscamur,
3451 2960 3620 3027 gratia

2006 3056 2066 3102 et
2117 3046 2445 3116 benignitate
2476 3044 2690 3099 Domini
2718 3045 2889 3099 nostri
2918 3044 3045 3100 .lesn
3080 3046 3301 3109 Christi.
3326 3048 3415 3103 cui
3452 3050 3622 3120 gloria

2006 3140 2065 3194 et
2095 3139 2400 3209 imperium,
2436 3139 2488 3192 in
2532 3138 2728 3192 secula
2758 3139 3102 3193 steculorum.
3136 3141 3333 3196 Amen.

2776 3377 3608 3403 -—"'—————I—-——‘

1426 3452 1777 3515 HOMILIA
1848 3453 2065 3517 XXX.
2082 3453 2170 3516 al.
2202 3453 2449 3515 XXXI.

290 3572 432 3632 Cn.
455 3573 510 3629 9.
535 3588 587 3627 ν.
619 3572 674 3629 9.
704 3571 899 3627 Etcum
930 3572 1162 3627 transiret
1186 3572 1304 3627 inde
1322 3572 1355 3627 J
1362 3590 1493 3637 esus,
1512 3574 1633 3628 vidit
1654 3574 1907 3629 hominem

372 3668 627 3722 sedauerit
653 3669 706 3721 in
737 3667 943 3727 teiouio,
974 3664 1274 3721 Hattlueum
1300 3668 1524 3721 nomine.
1567 3666 1635 3723 Et
1676 3668 1750 3722 ait
1773 3667 1853 3723 illi
1886 3684 1907 3722 :

378 3760 601 3829 Sequere
617 3776 715 3812 me.
748 3757 815 3813 Et
839 3775 1046 3828 surgas
1062 3770 1301 3830 sequutus
1324 3769 1395 3814 est
1414 3776 1549 3813 eum.

379 3853 431 3907 Ι.
470 3850 735 3918 Quomodo
773 3867 863 3903 uos
889 3866 1063 3919 gerere
1087 3850 1356 3903 debeamus
1394 3865 1515 3919 ergo
1561 3849 1903 3905 insidiatores.

304 3942 540 3999 Maurici
568 3942 761 3996 uacatio
788 3951 832 3993 ct
855 3942 1030 3995 virtus.
1048 3970 1115 3979 -—
1136 3940 1361 4011 Peracto
1391 3940 1671 4004 miraculo,
1699 3955 1804 3994 non
1832 3940 1905 3996 ibi

303 4037 525 4092 mansit.
555 4050 622 4088 nc
651 4034 742 4087 illo
769 4041 1031 4104 .mrsente
1072 4030 1267 4086 invidia
1317 4031 1486 4100 magis
1534 4031 1777 4096 arderet;
1810 4032 1905 4087 sed

306 4126 362 4178 iu
394 4124 616 4193 gratiam
648 4124 881 4193 ipsorum
914 4122 1157 4187 recessit,
1193 4132 1250 4174 ιιι
1271 4122 1489 4175 morbus
1518 4122 1610 4176 ille
1636 4123 1906 4191 mitigare-

304 4228 417 4271 tur.
444 4215 575 4270 illud
605 4232 818 4283 unoque
844 4228 943 4268 nos
993 4213 1271 4279 faciamus,
1307 4229 1413 4266 non
1444 4212 1602 4267 sin-nl
1628 4223 1906 4269 versantes

299 4325 431 4363 cum
460 4308 856 4373 insidiantibus,
906 4306 1001 4363 sed
1048 4322 1234 4360 eorum
1284 4305 1446 4359 uiccri
1498 4305 1901 4375 iadulgeauuts’.

302 4400 564 4455 cedente—5
592 4410 643 4452 et
673 4398 1074 4453 contentionem
1120 4398 1367 4451 vitantes.
1393 4398 1497 4450 Sed
1525 4413 1618 4450 cur
1646 4414 1750 4449 non
1782 4412 1902 4451 cum

304 4490 501 4554 Petro,
547 4490 753 4544 Joanne
808 4498 863 4543 ct
910 4493 1026 4542 aius
1078 4488 1288 4543 vocavit
1311 4489 1476 4542 eum?
1517 4488 1581 4543 lit
1622 4497 1747 4543 tunc
1780 4488 1905 4545 illuc

303 4581 490 4647 venit,
536 4596 659 4637 cum
713 4581 876 4634 sciret
930 4580 1177 4634 homines
1231 4580 1698 4649 obtemperaturos
1740 4596 1899 4634 esse:

306 4672 565 4725 sie-tunc
604 4668 917 4745 qliatthzetun
968 4670 1198 4731 vacavit,
1251 4684 1371 4723 cum
1402 4679 1750 4739 sequuturutn
1780 4684 1904 4724 eum

302 4765 434 4817 csﬁe
484 4770 723 4816 noverat.
784 4761 1073 4829 Pmpterea
1118 4759 1278 4815 etiam
1322 4761 1544 4815 Paulum
1572 4772 1691 4830 post
1726 4777 1906 4815 resur—

308 4856 607 4911 rectionem
642 4855 877 4924 piscatus
915 4862 1015 4908 est.
1050 4851 1181 4907 Nam
1219 4852 1310 4923 qui
1339 4854 1498 4907 corda
1531 4854 1699 4915 novit,
1729 4862 1783 4906 ct
1808 4869 1901 4908 oc-

306 4947 453 5003 culta
506 4945 763 5001 mentium
808 4945 1081 5014 perSpieit,
1133 4944 1338 5000 sciebat
1387 4946 1723 5012 quandonatn
1753 4946 1904 5013 quis-

306 5054 419 5109 que
442 5053 629 5092 eorum
670 5037 1061 5105 obsequuturus
1111 5045 1277 5092 esset.
1327 5034 1561 5105 ideoque
1605 5052 1710 5089 non
1755 5037 1905 5091 initio

308 5128 524 5183 vocavit
570 5129 715 5182 illum
740 5167 757 5192 ,
802 5142 923 5181 cum
950 5127 1125 5181 adhuc
1166 5126 1387 5183 duriore
1416 5138 1558 5182 esset
1584 5129 1783 5194 animo,
1809 5130 1902 5184 sed

312 5230 435 5291 pum
464 5228 715 5273 sexcenta
749 5218 1004 5272 miracula
1025 5259 1039 5281 ,
1072 5233 1192 5272 cum
1241 5218 1375 5271 fama
1422 5234 1515 5272 sua
1569 5219 1905 5287 percrebuis-

310 5325 421 5374 set,
450 5310 663 5381 quando
693 5311 837 5363 illum
864 5317 1089 5364 noverat
1116 5310 1182 5363 ad
1211 5310 1685 5380 obtemperantium
1729 5315 1906 5379 aptat-

315 5418 432 5456 rem
460 5417 599 5457 esse.
644 5400 761 5456 Non
787 5401 885 5455 abs
912 5415 970 5455 re
996 5410 1174 5454 autem
1222 5398 1379 5454 fuerit
1404 5392 1634 5469 apostoli
1668 5401 1905 5469 philoso-

312 5492 496 5566 phiam
534 5494 548 5523 ¹
581 5492 794 5554 mirari,
826 5490 915 5561 qui
944 5500 1243 5544 anteactam
1278 5491 1438 5544 vitam
1466 5506 1570 5544 non
1598 5490 1904 5557 occultavit,

382 5624 399 5655 ι
434 5621 573 5692 suit.
600 5628 652 5673 et
676 5621 861 5692 litorei,
884 5620 1171 5692 sapientiam
1195 5636 1211 5681 ;
1250 5620 1508 5692 ειιιεςι-ἰωκἰ
1535 5621 1905 5692 philosoeriom,

315 5690 395 5736 hic
416 5684 599 5734 melius
619 5686 860 5753 quadrare
886 5682 1113 5753 Videtur:
1144 5698 1251 5753 nam
1280 5682 1575 5753 philosOpltia
1608 5682 1909 5753 apudChry-

309 5755 583 5800 sostounun
611 5742 716 5808 pro,
758 5745 946 5805 virtute,
974 5742 1207 5795 modestia
1247 5752 1305 5808 et
1342 5742 1905 5807 humilitate,accipitur.

313 5812 407 5863 ιιιε
420 5823 565 5872 {mro
582 5806 849 5859 ιιιιιιιιιιιειιιιι
875 5808 1051 5870 laudat,
1069 5810 1151 5871 qui
1179 5806 1460 5870 publicanus
1477 5822 1584 5858 cum
1605 5806 1764 5872 esset,
1776 5810 1910 5858 idco-

2018 3574 2114 3630 sed
2145 3583 2204 3631 et
2233 3591 2429 3630 nomen
2451 3591 2607 3630 suum
2630 3575 2831 3646 posuit,
2857 3576 3000 3648 qttod
3029 3579 3121 3634 alii
3157 3582 3209 3635 in
3236 3582 3380 3637 aliud
3426 3600 3622 3642 nomen

2016 3666 2275 3722 mutando
2298 3670 2664 3723 occultavere.
2695 3670 2804 3722 Cur
2835 3686 2995 3737 porro
3038 3671 3172 3726 dixit
3216 3674 3390 3743 ipsum
3418 3679 3624 3734 sedisse

2017 3759 2071 3813 in
2101 3759 2338 3814 tclonio?
2371 3759 2626 3814 Vocantis
2654 3760 2765 3814 vim
2795 3761 3088 3819 ostendens
3110 3806 3124 3829 ,
3158 3766 3301 3835 quod
3331 3783 3455 3823 cum
3486 3784 3624 3825 non-

2014 3848 2143 3904 dum
2175 3848 2473 3905 destitisset
2499 3859 2556 3904 et
2585 3850 2837 3920 improbo
2865 3851 3068 3907 telonio
3094 3854 3347 3923 hmrerct,
3394 3874 3460 3914 ex
3505 3878 3624 3917 me-

2015 3943 2118 3997 diis
2159 3943 2332 4012 ipsum
2387 3943 2545 3997 malis
2593 3945 2907 3998 extraxerit.
2961 3946 3428 4012 Quemadmodum
3475 3956 3622 4010 enint

2018 4035 2230 4088 beatum
2284 4036 2507 4088 l’aulum
2542 4035 2807 4089 furentem
2837 4046 2889 4090 et
2917 4038 3069 4093 rabie
3102 4042 3365 4108 percitum
3398 4060 3627 4101 conver-

2016 4127 2073 4179 tit
2102 4145 2115 4179 :
2145 4125 2194 4179 id
2219 4126 2361 4195 quod
2395 4129 2509 4196 ipse
2537 4127 2785 4182 vocantis
2824 4128 3076 4183 virtutem
3129 4131 3511 4190 demonstrans
3546 4138 3626 4195 ait

2015 4216 2079 4270 ad
2123 4214 2341 4273 Galatas
2392 4219 2639 4274 scribens
2670 4238 2682 4273 :
2708 4220 2937 4275 Audistis
2990 4227 3421 4281 conversationem
3460 4247 3625 4287 meum

2012 4307 2289 4375 aliquando
2310 4307 2363 4359 in
2391 4307 2684 4385 Judaismo,
2715 4309 2835 4379 quia
2875 4327 3031 4379 supra
3058 4314 3266 4367 modum
3291 4321 3617 4385 persequebar

2017 4398 2300 4451 Ecclesium
2331 4399 2425 4452 Dei
2456 4383 2607 4470 (σάι.
2645 4401 2699 4458 i.
2740 4402 2844 4472 1'5)
2876 4402 2994 4457 :sic
3019 4412 3072 4458 ct
3096 4383 3392 4473 piscatores
3421 4383 3471 4462 in
3503 4429 3621 4465 meo

2012 4490 2115 4543 diis
2134 4491 2387 4558 operibus
2419 4492 2629 4546 vocavit
2655 4511 2667 4545 :
2697 4492 2791 4547 sed
2837 4493 2913 4547 illi
2943 4503 3114 4549 artem
3159 4500 3482 4553 exercebant
3512 4519 3621 4555 non

2014 4582 2423 4650 vituperabilem
2454 4584 2692 4653 quidem,
2726 4584 2820 4639 sed
2853 4601 2973 4653 qua)
2997 4597 3115 4641 erat
3164 4588 3441 4645 hominum
3465 4608 3621 4663 agre-

2015 4680 2201 4741 stium,
2254 4692 2359 4730 non
2407 4678 2757 4741 urbanorum,
2804 4689 2967 4749 atque
3009 4682 3232 4734 omnino
3252 4683 3618 4753 simplicium;

2015 4769 2127 4821 ha-e
2160 4779 2337 4822 autem
2369 4769 2609 4823 lucrandi
2641 4770 2798 4836 ratio,
2830 4771 3156 4839 impudentia
3186 4774 3340 4842 plena
3367 4786 3503 4841 erat,
3553 4795 3617 4833 ac

2017 4862 2305 4931 petulantia
2330 4903 2343 4924 ,
2377 4874 2619 4931 qua-stus
2646 4863 2861 4933 iniquus
2883 4874 2937 4917 et
2968 4875 3268 4919 mercatura
3297 4868 3575 4924 illiberalis
3602 4889 3615 4924 :

2014 4964 2247 5009 attamen
2299 4956 2427 5009 nihil
2459 4954 2650 5010 horum
2681 4956 2895 5011 erubuit
2933 4958 2976 5011 is
2999 4960 3087 5027 qui
3120 4963 3347 5015 vocavit.
3375 4962 3484 5018 Nec.
3516 4981 3620 5017 nn'

2014 5065 2155 5112 rum,
2186 5049 2228 5100 si
2253 5048 2597 5119 publicanum
2626 5064 2731 5103 non
2755 5051 3057 5110 erubescat,
3085 5053 3301 5121 quando
3324 5072 3423 5109 nec
3448 5072 3623 5109 mere-

2014 5144 2199 5196 tricem
2222 5157 2415 5197 vocare
2440 5158 2543 5195 non
2574 5142 2737 5195 modo
2766 5158 2870 5195 non
2910 5143 3145 5206 erubuit,
3176 5147 3268 5198 sed
3302 5148 3465 5210 pedes
3494 5166 3624 5201 suos

2013 5238 2269 5301 osculari,
2321 5236 2678 5307 lacrymisque
2724 5236 2899 5305 rigare
2945 5237 3209 5305 permisit.
3259 5239 3469 5293 Etenim
3503 5241 3623 5294 ideo

2014 5328 2181 5393 venit,
2216 5342 2319 5380 non
2364 5337 2421 5380 ut
2460 5342 2658 5397 corpus
2687 5335 2904 5381 curaret
2946 5329 3157 5392 solum,
3185 5330 3280 5383 sed
3325 5340 3383 5384 ut
3425 5332 3623 5387 anima:

2017 5419 2218 5473 morbis
2248 5419 2573 5475 mederetur.
2598 5419 2753 5487 Quod
2787 5420 2949 5474 etiam
3001 5421 3301 5493 paralytico
3323 5425 3574 5493 praestitit
3607 5442 3623 5480 :

2014 5635 2116 5685 quo
2140 5620 2267 5685 male
2292 5620 2483 5685 audiret
2503 5620 2629 5681 apud
2668 5619 2879 5685 Jndgeos,
2918 5631 3270 5685 nomeqsuum
3310 5628 3475 5673 tamen
3520 5636 3620 5673 non

2015 5681 2353 5737 occultaverit,
2394 5682 2483 5731 sed
2502 5695 2619 5747 sese
2652 5682 2912 5747 Matthzeun‘
2943 5681 3307 5747 “appellaverit,
3346 5698 3511 5747 neque
3530 5697 3609 5734 no-

2014 5761 2130 5811 men
2145 5759 2286 5794 suum
2307 5744 2730 5811 mutaverit,_qu0tl
2750 5751 2906 5795 tatuet
2938 5743 3163 5796 fecerunt
3180 5748 3257 5795 alii
3279 5743 3622 5811 evangelista,

2018 5809 2100 5872 qui
2126 5811 2157 5870 i1
2175 5822 2281 5857 sunt
2306 5808 2416 5857 Levi
2442 5805 2769 5869 appellarunt.
