4110 6306
251 391 364 450 sua

255 523 286 560 ι
311 505 690 562 communibus
706 501 1007 560 ratiociniis
1032 499 1153 556 illos
1178 497 1486 570 aggreditur
1512 495 1764 564 primum.
1795 498 1852 544 et
1889 522 1914 536 ε

255 607 444 669 postea
466 612 499 651 ι
526 595 836 667 Seripturis.
863 593 998 650 Cum
1019 593 1240 646 dixisset
1266 587 1409 644 enim
1432 628 1450 652 ,
1484 584 1606 640 Non
1635 593 1707 638 est
1726 598 1857 654 opus

253 688 545 742 utentibus
581 687 804 740 medicus
827 724 844 747 ,
885 685 974 738 sed
1003 683 1136 736 niale
1161 678 1456 734 habentibus
1479 719 1496 744 ,
1534 687 1588 730 et
1612 675 1852 744 seipsum

253 792 380 832 esse
417 777 686 831 medicum
722 776 1052 830 subobscure
1079 773 1407 827 declarasset
1444 786 1457 821 :
1500 780 1627 822 tunc
1670 765 1850 833 dixit,

255 867 488 932 Saintes,
515 867 698 921 discite
732 865 858 934 quid
891 873 1002 938 est,
1039 861 1444 918 Hisericordiom
1475 861 1631 925 solo,
1663 869 1710 913 et
1749 873 1852 911 non

251 959 586 1028 sacrificium.
608 957 722 1014 Hoc
741 967 798 1013 et
824 955 1020 1012 Paulus
1039 954 1184 1008 facit.
1210 952 1390 1008 Primo
1405 952 1551 1006 enim
1569 967 1598 1005 a
1616 964 1852 1005 commu-

242 1049 415 1105 nibus
453 1049 728 1120 exemplis
746 1049 826 1104 sic
847 1062 1044 1102 ursus:
1075 1046 1204 1109 Quis
1244 1043 1404 1114 pascit
1436 1057 1666 1112 gregem,
1704 1049 1752 1094 et
1785 1056 1851 1094 ea:

249 1141 384 1196 laete
407 1143 518 1213 ejus
544 1158 646 1196 non
669 1141 886 1196 cmedit
913 1139 992 1210 (ι.
1018 1137 1138 1194 Cor.
1163 1136 1218 1192 9.
1250 1136 1345 1204 7)?
1373 1145 1499 1190 tunc
1539 1133 1848 1203 Scripturas

249 1231 492 1298 inducit,
522 1241 578 1288 et
599 1231 676 1287 sit
701 1248 719 1287 :
747 1228 814 1286 In
841 1233 952 1301 lege
977 1245 1193 1301 namque
1229 1226 1424 1300 Nogsis
1461 1227 1709 1294 scriptum
1734 1233 1809 1278 est
1826 1264 1843 1290 ,

253 1322 376 1379 Non
403 1325 638 1394 alligatis
659 1341 717 1379 os
739 1323 852 1378 boui
870 1322 1127 1377 trituranti
1149 1319 1313 1394 (Ibid.
1330 1319 1439 1376 v.9.
1465 1316 1622 1371 Deut.
1645 1310 1844 1385 35.1);

245 1427 314 1470 uc
334 1429 586 1480 rursum,
613 1414 706 1470 Sic
737 1412 989 1468 Dominus
1010 1412 1304 1478 constituit,
1332 1421 1388 1464 ut
1411 1410 1498 1479 qui
1528 1407 1845 1478 euangelium

244 1507 590 1572 «nuntiant,
635 1521 700 1560 ea:
742 1505 1004 1576 erangelio
1049 1506 1216 1560 sinaut
1261 1502 1481 1572 (LCor.
1521 1501 1576 1557 9.
1619 1501 1730 1569 14).
1760 1499 1842 1554 Ad

243 1598 540 1668 discipulos
567 1608 876 1654 autemnon
900 1598 979 1652 sic
1003 1614 1018 1662 ;
1045 1596 1140 1652 sed
1161 1598 1312 1666 signa
1335 1597 1505 1650 suain
1529 1594 1843 1649 memoriam

246 1688 459 1745 reducit
485 1690 589 1745 hoc
613 1701 770 1760 pacto
799 1709 815 1746 :
847 1688 970 1744 Non
998 1689 1296 1744 meministis
1324 1689 1543 1759 quinque
1559 1703 1774 1758 ponunt,
1797 1697 1845 1740 et

244 1781 508 1836 hominum
538 1783 759 1853 quinque
786 1782 1004 1837 millium
1022 1823 1040 1850 ,
1069 1792 1116 1838 et
1142 1793 1263 1854 quot
1305 1781 1550 1852 cophinos
1570 1780 1844 1852 collegistis

243 1872 458 1946 (Matth.
491 1873 708 1942 10.9)?

317 1963 376 2019 5.
417 1963 524 2019 Sed
571 1979 678 2018 non
729 1963 800 2018 ita
849 1979 913 2019 se
956 1964 1094 2034 gerit
1127 1977 1250 2018 cum
1290 1964 1441 2026 istis;
1473 1978 1660 2020 rerum
1687 1977 1841 2019 com-

240 2069 464 2112 munem
482 2056 848 2112 inanitatem
877 2065 1294 2123 commemorat,
1333 2055 1675 2126 ostenditque
1699 2055 1843 2126 ipsos

239 2146 405 2202 etiam
434 2161 499 2202 es
530 2147 862 2202 inﬁrmorum
883 2162 1108 2202 numero
1129 2161 1279 2212 esse,
1302 2148 1392 2216 qui
1422 2162 1521 2201 nec
1539 2145 1844 2217 Scripturas

240 2237 537 2302 sciebant,
581 2247 638 2292 et
691 2251 906 2291 omnem
944 2237 1194 2292 virtutem
1247 2237 1616 2308 negligentes.
1663 2238 1717 2292 in
1755 2253 1840 2294 sa-

238 2329 459 2383 criﬁciis
520 2338 692 2385 totum
758 2330 1155 2385 constituebant
1209 2346 1224 2384 :
1281 2329 1423 2400 quod
1492 2328 1844 2385 subindicans

243 2419 363 2492 ipse
384 2459 401 2482 ,
434 2419 486 2474 id
529 2421 671 2490 quod
712 2435 745 2474 a
791 2420 1065 2490 prophetis
1102 2420 1354 2477 omnibus
1383 2422 1582 2476 dictum
1627 2421 1802 2477 fuerat
1823 2463 1840 2489 ,

243 2511 431 2580 paucis
458 2511 622 2566 refert
651 2511 838 2566 dicens
868 2529 883 2566 :
913 2511 1104 2566 Discite
1125 2511 1249 2583 quid
1285 2521 1360 2566 est
1379 2551 1396 2575 ,
1439 2511 1842 2568 Misericordiam

244 2602 385 2669 volo,
411 2612 462 2656 et
485 2618 587 2656 non
607 2603 916 2670 sacriﬁcium
943 2602 1100 2671 (Osee
1120 2603 1176 2659 6.
1201 2603 1280 2672 6).
1302 2604 1396 2660 His
1414 2607 1559 2660 enim
1585 2606 1838 2670 ostendit,

241 2708 353 2749 non
385 2709 445 2749 se
471 2694 653 2764 inique
678 2710 864 2765 agere,
887 2697 981 2752 sed
1009 2697 1183 2766 ipsos;
1206 2713 1270 2750 ne
1296 2701 1340 2752 si
1371 2699 1596 2764 diceret,
1616 2699 1728 2752 (Eur
1754 2714 1846 2753 ao-

235 2785 446 2842 cusatis
472 2787 596 2842 me?
618 2802 686 2842 an
711 2789 836 2858 quia
862 2798 1174 2858 peccatores
1199 2792 1468 2846 emendo?
1494 2792 1637 2862 Ergo
1664 2802 1718 2846 et
1739 2791 1840 2847 Pa-

237 2887 385 2932 trem
432 2893 612 2933 meum
659 2877 760 2933 bac
803 2878 871 2933 de
912 2895 973 2935 re
1014 2880 1356 2935 sccusabitis.
1401 2873 1556 2949 Quod
1606 2893 1661 2936 et
1710 2883 1838 2937 alibi

237 2966 434 3024 eadem
459 2978 642 3025 mente
677 2969 925 3026 dicebat:
956 2969 1110 3026 Pater
1137 2989 1276 3026 meus
1301 2990 1460 3045 usque
1485 2974 1635 3028 modo
1659 2991 1842 3045 operu-

239 3069 354 3122 tur,
396 3069 449 3114 et
499 3077 592 3131 ego
640 3078 826 3131 operor
870 3061 1056 3134 (locu.
1106 3061 1162 3116 5.
1217 3065 1344 3133 i7);
1390 3077 1446 3120 et
1471 3065 1560 3120 bic
1585 3081 1840 3124 rursum:

240 3145 444 3202 Euntes
468 3148 646 3203 discite
666 3151 791 3220 quid
812 3162 886 3207 est
905 3191 922 3218 ,
955 3150 1356 3208 Misericordiam
1387 3154 1498 3208 colo
1515 3195 1531 3219 ,
1560 3166 1608 3210 et
1633 3173 1735 3210 non
1761 3173 1845 3210 so—

241 3238 522 3306 cri/icium.
555 3237 1018 3306 Quemadmodum
1048 3243 1192 3298 enim
1224 3246 1324 3300 hoc
1354 3247 1440 3299 ille
1472 3248 1620 3312 vult,
1667 3249 1746 3302 sic
1786 3260 1841 3302 ct

240 3343 370 3400 ego.
405 3329 468 3386 Vi
490 3331 591 3386 leu‘
619 3333 892 3402 quomodo
913 3334 997 3388 illa
1026 3335 1240 3404 quidem
1269 3337 1536 3405 superﬂua
1570 3339 1702 3402 sint,
1727 3337 1844 3392 btet:

241 3437 380 3478 vero
418 3426 760 3480 necessaria?
806 3425 992 3496 Neque
1031 3427 1174 3482 enim
1219 3427 1386 3494 dixit,
1421 3428 1840 3486 Misericordiam

243 3517 371 3569 volo
392 3525 445 3570 et
467 3516 826 3582 sacriﬁcium;
857 3519 953 3574 sed
975 3559 988 3578 ,
1025 3517 1428 3574 Misericordiam
1467 3523 1581 3574 rolo
1603 3563 1620 3588 ,
1662 3533 1709 3576 et
1739 3540 1840 3578 non

240 3607 575 3675 sacriﬁcium.
619 3608 862 3663 Alterum
893 3611 1035 3664 enim
1069 3612 1434 3679 comprobat-it
1457 3653 1472 3673 ,
1501 3612 1730 3668 alterum
1757 3630 1844 3669 re-

244 3697 535 3768 probavit;
583 3698 1078 3771 demonstravitque
1121 3701 1172 3755 id
1229 3702 1372 3772 quod
1421 3704 1845 3761 criminabantur

243 3803 356 3843 nun
388 3788 548 3843 modo
578 3806 683 3843 non
724 3792 945 3844 velitum
971 3831 986 3856 ,
1037 3791 1132 3846 sed
1179 3793 1340 3846 etiam
1373 3793 1488 3864 lege
1517 3805 1843 3864 pra‘ceptum

241 3897 390 3945 esse,
437 3884 606 3946 magis
656 3898 815 3951 quam
853 3884 1116 3939 sacrilicia
1151 3902 1165 3938 :
1195 3885 1473 3955 ipsamque
1527 3889 1699 3959 legem
1745 3905 1842 3944 ve-

241 3981 416 4026 terem
461 3972 663 4028 inducit
696 3973 777 4028 bis
810 3989 1047 4030 consona
1090 3976 1397 4047 loquentem
1430 3988 1484 4032 et
1527 3980 1845 4050 pra-cipien-

241 4072 379 4118 tem.
434 4063 560 4120 Illos
604 4065 783 4136 itaque
840 4068 1206 4138 perstringens
1248 4078 1302 4122 et
1351 4085 1417 4124 ex
1463 4074 1844 4128 communibus

245 4158 532 4226 exemplis,
565 4168 615 4212 cl
648 4175 714 4213 ex
738 4159 1050 4229 Scripturis,
1071 4161 1255 4227 adjicit
1286 4179 1300 4215 :
1351 4161 1472 4216 Non
1516 4165 1625 4217 veni
1667 4181 1847 4222 vocare

241 4251 428 4316 iustos,
459 4251 550 4305 sed
578 4261 863 4320 peccatores
887 4251 956 4305 ad
984 4254 1348 4323 paenitentiam;
1393 4255 1446 4310 ld
1489 4272 1615 4311 vero
1641 4257 1844 4315 ironice

242 4341 507 4409 loquitur,
553 4355 604 4396 ut
648 4356 770 4397 cum
815 4343 989 4398 dicit:
1023 4343 1157 4398 Ecce
1198 4345 1362 4398 Adam
1394 4349 1558 4416 {nctus
1599 4358 1673 4402 est
1713 4350 1842 4405 sicut

243 4450 380 4489 unus
408 4450 474 4488 ea:
502 4435 643 4488 nobis
665 4433 819 4502 (Gen.
845 4435 880 4489 3
923 4434 1040 4504 22):
1082 4450 1144 4490 ac.
1180 4452 1390 4491 rursum
1413 4479 1428 4503 ,
1477 4437 1538 4492 Si
1583 4440 1803 4493 esuriem
1825 4484 1841 4505 ,

243 4541 350 4578 non
375 4525 544 4578 dicam
571 4525 661 4577 tibi
685 4523 857 4596 (Psal.
882 4525 972 4581 l9.
1004 4526 1116 4597 η).
1143 4527 1293 4592 Quod
1325 4529 1466 4583 enim
1499 4531 1677 4586 melius
1703 4544 1846 4588 esset

243 4615 426 4688 justus
455 4618 507 4671 in
539 4625 678 4672 terra
698 4658 714 4684 ,
754 4619 948 4673 Paulus
972 4620 1264 4676 declaravit
1296 4623 1376 4677 bis
1408 4625 1585 4681 verbis
1614 4645 1628 4678 :
1656 4625 1844 4681 Omnes

244 4710 383 4763 enim
405 4719 770 4779 peccaverunt,
792 4721 838 4765 et
865 4722 1009 4780 egent
1037 4713 1200 4783 gloria
1228 4713 1320 4769 Dei
1348 4716 1366 4784 (
1375 4715 1521 4771 Rom.
1556 4719 1608 4772 5.
1640 4718 1733 4788 9.5)
1791 4719 1842 4774 ld

243 4804 411 4858 etiam
452 4803 532 4856 eis
563 4803 660 4871 qni
697 4802 868 4858 vocati
898 4815 1022 4858 sunt
1067 4807 1418 4861 consolationi
1448 4817 1584 4863 crat.
1612 4811 1843 4867 Tantum

245 4895 446 4961 abest,
481 4894 687 4962 inquit.
719 4905 776 4950 ut
807 4907 1117 4966 peccatores
1160 4899 1541 4956 abominationi
1574 4902 1799 4957 habeam
1828 4946 1842 4965 ,

248 4995 311 5040 ιιι
335 4985 498 5042 etiam
525 4996 744 5058 propter
770 4987 891 5042 illos
922 4998 1126 5044 tantum
1156 4990 1464 5045 advenerim
1523 4994 1740 5057 Deinde,
1777 5011 1843 5051 ne

247 5078 374 5132 illos
420 5077 644 5148 supinos
683 5077 958 5138 redderet.
997 5094 1120 5133 cum
1154 5090 1460 5149 pecc-itores
1487 5088 1798 5140 memoravit
1829 5129 1844 5154 ,

246 5184 361 5224 non
376 5169 488 5240 jam
512 5170 694 5234 Iacuit,
723 5167 818 5225 sed
841 5171 1055 5240 adjecit,
1079 5173 1156 5226 Ad
1177 5175 1538 5241 penitentiam.
1567 5176 1681 5230 Non
1699 5180 1842 5233 enim

249 5261 380 5318 ideo
411 5263 603 5319 adveni
641 5273 700 5320 ut
745 5266 818 5320 illi
845 5276 1154 5337 peccatores
1180 5279 1479 5330 manerent,
1515 5270 1607 5324 sed
1636 5281 1694 5324 ut
1723 5289 1844 5325 mu-

251 5365 495 5409 tarentur
519 5364 574 5410 et
608 5357 859 5414 meliores
886 5358 1194 5415 evaderent.
1227 5359 1358 5416 Cum
1404 5373 1580 5414 autem
1631 5363 1842 5419 illormu

249 5459 348 5499 ora
380 5462 596 5515 prorsus
626 5450 1049 5515 clansisset,ttun
1079 5470 1141 5508 cx
1168 5454 1476 5521 Scriptor-is.
1496 5465 1604 5509 tum
1635 5472 1698 5511 ex
1731 5458 1844 5522 ipsa

252 5557 432 5596 rcrtrn
456 5544 625 5610 serie,
659 5553 714 5598 ct
744 5546 874 5600 nihil
912 5548 1043 5600 ultra
1073 5547 1252 5602 dicere
1281 5559 1532 5614 pos-cit,
1564 5552 1702 5617 quod
1745 5552 1842 5618 ipsi

250 5637 642 5693 iiscriminibus
659 5640 1250 5708 obnoxiiprobarentur,
1270 5661 1298 5711 «ξ
1331 5662 1385 5692 ⁴ιιε
1405 5645 1504 5712 ips;
1521 5643 1626 5698 obti
1653 5647 1843 5710 lerant,

257 5731 581 5799 insuperquc
611 5731 712 5799 legi
744 5744 908 5786 veteri
932 5734 1298 5797 adversantis,
1350 5737 1437 5788 ﬁlo
1467 5737 1651 5792 itaisso.
1686 5739 1734 5788 in
1766 5739 1846 5790 di-

261 5821 492 5892 scipulos
519 5823 720 5880 crimcn
747 5824 1088 5882 transferunt.
1114 5825 1283 5882 Lucas
1300 5828 1450 5897 (lup.
1475 5829 1520 5884 5.
1547 5843 1592 5882 ε.
1617 5831 1702 5901 35)
1726 5835 1836 5901 qui-

1242 381 1311 440 IN
1347 373 1762 438 ιιλττιιιευιι
1800 371 2034 431 ιιοιιιι..
2075 373 2247 434 XXX.
2289 377 2364 434 al.
2404 375 2601 440 XXXI.

3455 385 3563 444 3C6

1969 489 2093 545 dem
2121 490 2199 546 ait
2224 491 2522 550 Pharis-eos
2545 492 2651 546 hoc
2669 489 2894 557 dixisse,
2914 489 3196 548 llsttluens
3224 509 3374 556 vero.
3401 497 3566 554 disci-

1967 579 2121 648 pulos
2143 579 2367 637 Joannis
2398 600 2412 636 :
2442 581 2735 637 verisimile
2785 593 2968 638 autem
3013 593 3098 640 est
3142 585 3260 642 btet:
3304 597 3563 661 nmisque

1963 672 2186 729 dixisse.
2214 673 2352 729 Cum
2390 674 2534 731 enim
2563 674 2638 731 illi
2679 677 2734 731 in
2759 674 2925 732 dubio
2949 687 3297 735 remorentur
3317 719 3333 746 ,
3367 683 3558 738 verisi-

1957 765 2157 819 militc-r
2198 775 2254 821 et
2301 765 2424 822 illos
2469 755 2655 822 secum
2692 779 3132 837 usstttnpserunt,
3169 770 3316 842 quod
3354 782 3409 828 et
3433 790 3558 830 cum

1957 855 2271 910 llerodiauis
2301 867 2486 926 postea
2514 856 2773 913 iecerunt.
2823 857 3137 916 lnvidebaut
3163 861 3310 936 enim
3335 845 3558 938 semper

1951 945 2172 1001 Christo
2195 947 2420 1003 Joannis
2435 949 2704 1018 discipuli,
2726 959 2780 1006 et
2802 961 2990 1006 contra
3014 951 3162 1007 illum
3185 951 3559 1024 disputabant;

1954 1053 2081 1099 tunc
2109 1045 2329 1101 demum
2360 1045 2675 1102 humiliores
2697 1046 2902 1110 edocti.
2933 1063 3059 1103 cum
3084 1047 3326 1112 Joannes
3352 1051 3406 1106 in
3431 1066 3557 1108 rar-

1950 1152 2132 1192 ccrem
2165 1147 2346 1194 trusus
2385 1149 2491 1194 est.
2533 1138 2668 1195 Nam
2713 1147 2842 1195 tunc
2873 1140 2925 1196 id
2957 1152 3225 1198 venerunt
3252 1145 3557 1202 nuntiatum

1949 1226 2079 1283 Jesu
2110 1226 2330 1284 Christo
2363 1245 2380 1286 :
2409 1239 2597 1300 ptistea
2625 1245 2757 1285 vero
2786 1230 2840 1285 in
2869 1230 3106 1301 priorem
3149 1248 3364 1290 rursum
3411 1235 3551 1292 invi-

1950 1318 2094 1375 diam
2109 1331 2235 1376 sunt
2255 1321 2481 1378 reversi.
2505 1321 2642 1390 Quid
2671 1322 2832 1394 igitur
2847 1322 2900 1378 bi
2916 1322 3101 1380 dicunt
3112 1325 3248 1380 ﬁt:
3264 1325 3556 1393 οιιιιηιιιοι

1949 1419 1998 1466 et
2025 1408 2276 1467 Pharisari
2303 1413 2522 1468 multum
2538 1414 2838 1484 jejunarnus
2872 1429 2893 1470 :
2932 1414 3175 1485 discipuli
3203 1433 3319 1471 vero
3346 1419 3421 1470 tui
3453 1434 3558 1473 non

1940 1504 2223 1575 jq‘nnant?
2243 1503 2341 1560 Hic
2364 1505 2588 1560 morbus
2616 1513 2896 1576 est,quem
2917 1506 3046 1561 olim
3068 1506 3374 1564 absciderat
3391 1507 3554 1566 Citrio

1947 1603 2064 1648 stus
2077 1609 2199 1648 cum
2211 1594 2288 1649 ait
2303 1611 2317 1649 :
2333 1593 2796 1665 Cnmjejunamis,
2809 1613 2942 1668 tinge
2953 1607 3110 1668 caput
3121 1607 3286 1657 ιιιιιιιι.
3301 1609 3350 1652 et
3366 1599 3554 1669 faciem

1949 1693 2089 1737 tum
2115 1686 2230 1738 lava
2258 1683 2475 1754 (Matth.
2505 1687 2560 1740 ϐ.
2597 1685 2719 1757 l7);
2747 1702 2870 1740 cum
2897 1687 3172 1756 pnesclret
3195 1703 3259 1744 ca
3280 1703 3400 1758 qua:
3426 1690 3554 1745 indu

1949 1775 2216 1832 nasi-itura
2240 1786 2398 1832 erant
2413 1776 2578 1832 mala.
2605 1777 2712 1832 Sed
2735 1777 2836 1831 hos
2854 1778 2941 1831 ille
2962 1793 3070 1832 nou
3095 1779 3358 1847 increpat,
3379 1796 3557 1851 neque

1849 1890 1851 1892 ·
1947 1867 2081 1924 dixit
2101 1885 2116 1924 :
2133 1866 2179 1924 Ο
2192 1884 2345 1924 trante
2356 1869 2544 1939 gloria:
2557 1868 2760 1939 cupidi,
2779 1879 2832 1923 et
2848 1868 3024 1924 futiles
3038 1869 3305 1926 homines!
3319 1873 3412 1926 sed
3428 1888 3555 1933 eum

1946 1961 2094 2015 omni
2109 1959 2523 2016 mansuetudine
2537 1961 2683 2030 ipsos
2694 1960 3199 2030 alltnptitnrdirens.
3216 1960 3431 2018 t5.Nou
3445 1980 3558 2032 pos-

1945 2063 2066 2108 sunt
2083 2053 2179 2122 ﬁlii
2195 2053 2371 2122 sponsi
2376 2053 2638 2124 jejuuare,
2651 2051 2906 2124 quamdiu
2930 2067 3047 2107 cum
3067 2052 3172 2108 illis
3190 2061 3263 2107 est
3287 2070 3528 2122 sponsus.

1947 2143 2176 2212 Quando
2191 2144 2335 2200 enim
2348 2159 2446 2214 pro
2462 2145 2583 2200 aliis
2600 2143 2940 2214 loquebatur.
2962 2158 3061 2214 pro
3083 2144 3383 2213 publicanis
3403 2160 3555 2200 nem-

1949 2250 2036 2306 pe,
2089 2245 2151 2292 ut
2181 2251 2371 2291 eorum
2404 2236 2616 2292 animos
2664 2236 2978 2292 vulneratos
3029 2235 3319 2299 solantur.
3351 2248 3550 2308 expui-

1947 2322 2167 2384 brantes
2214 2327 2590 2383 vehementius
2641 2326 3122 2398 increpavitzcunt
3164 2337 3346 2382 autem
3377 2328 3553 2398 ipsum

1945 2426 2004 2473 ct
2024 2416 2317 2487 discipulos
2344 2414 2663 2485 carpebant,
2687 2431 2813 2471 cum
2837 2417 2988 2470 omni
3013 2416 3427 2472 mansuetudine
3453 2431 3556 2472 oc-

1947 2507 2113 2562 currit
2144 2491 2481 2576 ipsisIQuod
2507 2514 2685 2561 autem
2726 2505 2913 2560 dicunt
2940 2505 3054 2573 illi,
3088 2503 3396 2575 ltujusmodi
3423 2519 3552 2574 est:

1949 2602 2101 2666 Esto,
2127 2612 2180 2658 tu
2209 2611 2393 2672 utpote
2417 2599 2656 2656 medicus
2686 2599 2789 2654 hoc
2818 2599 2984 2654 facias
3014 2614 3029 2652 :
3060 2597 3155 2654 sed
3175 2613 3274 2654 cur
3307 2597 3555 2670 discipuli

1949 2693 2048 2758 tui,
2099 2692 2270 2747 misso
2322 2691 2554 2761 jejunio,
2603 2690 2910 2758 lmjusmodi
2955 2687 3162 2749 mensis
3192 2688 3560 2746 accumbunt?

1951 2781 2156 2839 Deinde
2176 2792 2234 2836 ut
2254 2781 2515 2852 majorem
2537 2783 2939 2836 accusationem
2967 2780 3204 2836 lacerent
3218 2797 3239 2846 ’,
3271 2796 3332 2836 se
3353 2781 3558 2850 primos

1950 2865 2174 2944 ponunt,
2198 2882 2492 2944 posteaque
2520 2872 2845 2937 Pharistros,
2869 2874 3278 2940 comparatione
3306 2874 3554 2929 volentes

1947 2970 2155 3023 eritnen
2183 2981 2422 3036 angere;
2464 2980 2587 3020 nam
2635 2962 2703 3018 Et
2750 2979 2863 3028 nos,
2900 2964 3164 3034 inquiunt,
3206 2973 3255 3019 et
3300 2961 3559 3021 Pharisci

1949 3059 2162 3113 multum
2207 3058 2525 3129 jejunum.
2567 3053 2702 3111 Nam
2751 3054 3094 3127 jejuuabaut,
3141 3055 3214 3109 illi
3271 3071 3300 3108 a
3346 3055 3558 3112 Joanne

1946 3149 2146 3214 edocti,
2169 3150 2220 3203 hi
2235 3163 2363 3204 vero
2387 3163 2416 3201 a
2443 3148 2594 3217 lege;
2618 3146 3071 3216 quemadmodum
3104 3145 3231 3199 item
3252 3145 3557 3202 Pltsriszeus

1945 3241 2160 3297 dicitbat
2189 3257 2209 3296 :
2238 3240 2428 3311 Jejuno
2475 3239 2550 3294 bis
2597 3239 2652 3293 in
2694 3236 3032 3292 hebdomade.
3067 3239 3205 3305 Quid
3237 3239 3397 3309 igitur
3423 3239 3556 3298 dicit

1946 3331 2147 3387 Jcsus?
2177 3330 2321 3384 Num
2377 3339 2589 3400 possunt
2637 3328 2736 3398 ﬁlii
2785 3328 2962 3398 sponsi
3000 3329 3263 3398 jejnnare,
3309 3333 3556 3399 quamdiu

1948 3442 2064 3480 cum
2088 3425 2194 3479 illis
2231 3432 2308 3491 est
2344 3422 2608 3493 sponsus(
2639 3419 2770 3475 Luc.
2797 3419 2886 3477 18.
2918 3421 2987 3476 12
3013 3420 3071 3491 )‘l
3113 3420 3296 3476 Primo
3338 3424 3555 3492 quidem

1949 3533 2070 3574 sese
2098 3517 2367 3573 medicum
2389 3515 2617 3580 vocavit,
2641 3513 2728 3569 bic
2748 3528 2878 3570 vero
2897 3529 3180 3584 sponsum,
3201 3523 3410 3571 secreta
3436 3532 3556 3588 my-

1947 3614 2111 3670 steria
2141 3627 2237 3682 per
2265 3609 2383 3667 lucc
2422 3609 2639 3665 nomina
2671 3607 2921 3667 revelsns
2949 3622 3313 3678 :quamqnam
3342 3618 3554 3677 μῆρε-,οι

1950 3706 2073 3762 illos
2095 3705 2275 3761 acrius
2301 3702 2550 3759 refellere
2580 3701 2770 3758 dit-ens
2797 3716 2816 3755 :
2848 3699 2958 3756 Vos
2988 3716 3096 3756 non
3138 3699 3348 3755 habetis
3371 3711 3558 3758 aut-to-

1947 3801 2161 3856 ritatem
2193 3796 2500 3866 hujus-modi
2528 3795 2676 3865 leges
2704 3793 2939 3864 ponendi
2973 3809 3133 3864 :qute
3168 3795 3314 3848 cnim
3351 3795 3556 3849 utilitas

1946 3906 2012 3945 ex
2037 3890 2264 3959 jejunio,
2291 3885 2507 3958 quando
2531 3887 2708 3940 anima
2737 3884 3014 3954 iniquitate
3037 3885 3191 3955 plsna
3209 3894 3312 3951 est,
3333 3899 3459 3940 cum
3485 3886 3557 3943 de

1949 3980 2070 4035 aliis
2097 3978 2450 4043 accusatnini,
2479 3993 2600 4032 cum
2647 3975 3010 4039 damnamini,
3040 3990 3163 4028 cum
3195 3976 3374 4037 trabes
3405 3977 3557 4032 l'ertis

1950 4072 2219 4135 iuoculis,
2263 4079 2318 4124 et
2365 4071 2432 4124 ad
2482 4068 2904 4123 ostentationem
2949 4069 3130 4122 omnia
3177 4068 3557 4126 laritis?Ante

1951 4166 2069 4219 Ita-c
2092 4164 2235 4219 enim
2264 4161 2448 4216 omnia
2477 4175 2672 4220 vanam
2694 4158 2924 4226 gloriam
2972 4157 3172 4229 ejicere
3208 4169 3552 4228 oportuerat,

1948 4267 2112 4325 atque
2141 4257 2245 4310 alia
2276 4255 2456 4309 omnia
2478 4263 2626 4309 recte
2645 4252 2884 4323 operari,
2909 4255 3213 4314 caritatem,
3240 4265 3555 4310 mansueto.

1951 4346 2157 4411 dinem,
2186 4347 2407 4401 lt‘atrtnu
2438 4358 2699 4400 amorem.
2738 4343 2934 4397 Verum
2976 4343 3107 4398 nihil
3157 4344 3350 4400 bornut
3398 4346 3555 4415 dicit,

1951 4438 2046 4494 sed
2067 4454 2187 4493 cum
2216 4438 2360 4492 οιιιηί
2393 4435 2806 4492 mansuetudine
2835 4451 2849 4489 :
2885 4434 3006 4489 Non
3033 4446 3242 4506 possunt
3256 4437 3354 4505 ﬁlii
3379 4441 3556 4507 sponsi

1941 4535 2199 4603 jejunure,
2223 4532 2470 4601 quamdiu
2493 4546 2611 4582 eum
2634 4529 2707 4582 eis
2732 4538 2803 4583 est
2829 4545 3048 4599 sponsus
3069 4528 3090 4599 (
3109 4529 3272 4585 Joan.
3303 4530 3360 4586 ὃ.
3389 4529 3498 4600 29)
3536 4549 3552 4587 :

1950 4626 2112 4680 verba
2139 4623 2362 4680 Joannis
2396 4635 2705 4678 memorans
2733 4621 2958 4676 istlucc:
2995 4621 3095 4686 Qui
3135 4621 3281 4677 liabet
3312 4640 3554 4693 sponsam

1951 4734 2165 4785 mensus
2187 4723 2260 4769 εει
2292 4730 2310 4768 :
2338 4715 2534 4768 amicus
2559 4722 2724 4766 autem
2753 4711 2963 4780 sponsi,
2994 4721 3069 4764 est
3105 4712 3194 4781 qui
3218 4721 3322 4767 sto!
3339 4725 3436 4769 :et
3454 4731 3552 4770 utt-

1952 4811 2092 4863 diem
2113 4825 2248 4872 eum,
2276 4806 2466 4880 gaudio
2513 4805 2703 4875 gaudet
2730 4814 2935 4873 prapter
2965 4820 3137 4858 recens
3174 4807 3370 4874 sponsi.
3397 4809 3553 4874 Quod

1952 4914 2130 4956 autem
2161 4901 2313 4965 dicit,
2347 4898 2652 4965 huiusmodi
2683 4909 2764 4953 est
2799 4915 2814 4950 :
2847 4898 3096 4952 Praesens
3127 4907 3343 4971 tempus
3371 4902 3551 4972 gaudii

1951 5006 2006 5051 et
2032 4996 2227 5050 lmtitite
2257 5003 2358 5050 est.
2391 4993 2467 5048 Ne
2487 4991 2667 5062 itaque
2694 4989 2862 5046 tristia
2883 4991 3125 5046 inducas.
3145 4990 3340 5048 Tristis
3355 4994 3554 5064 quippe

1954 5103 2042 5142 res
2069 5096 2153 5142 est
2167 5085 2456 5155 jejunium,
2490 5099 2597 5138 non
2629 5093 2819 5138 natura
2845 5099 2964 5146 sua,
2986 5083 3080 5137 sed
3108 5082 3436 5139 illistantum
3458 5087 3550 5156 qui

1952 5179 2214 5236 inﬁrmius
2235 5177 2408 5232 allecti
2444 5186 2602 5240 sunt;
2638 5183 2693 5230 at
2719 5175 2783 5230 iis
2811 5175 2900 5246 qui
2930 5175 3298 5244 philosophari
3326 5178 3508 5231 volunt
3531 5217 3550 5243 ,

1953 5290 2040 5329 res
2069 5271 2357 5327 admodum
2399 5270 2572 5324 dulcis
2610 5278 2693 5325 est
2732 5279 2786 5324 ct
2828 5268 3223 5323 desiderabilis.
3269 5270 3549 5338 Quemad-

1953 5366 2169 5420 modum
2196 5365 2338 5418 enim
2366 5378 2592 5432 corpore
2615 5362 2752 5416 bene
2773 5363 3007 5427 valente,
3037 5361 3201 5416 multa
3225 5362 3407 5418 l:eti.ia
3433 5373 3548 5420 est:

1953 5459 2031 5512 sic
2055 5457 2231 5511 anima
2265 5456 2399 5509 bene
2424 5455 2609 5509 aﬂi-cta
2632 5496 2646 5517 ,
2687 5453 2857 5522 major
2889 5462 2971 5507 est
3025 5453 3292 5522 voluptas.
3331 5455 3436 5512 Sed
3480 5456 3550 5510 ad

1954 5550 2164 5604 illorum
2195 5557 2428 5602 mentem
2463 5547 2578 5600 haec
2609 5547 2907 5614 respondit.
2940 5545 3031 5600 Sic
3051 5556 3104 5600 et
3128 5545 3290 5602 lsaias
3311 5563 3376 5601 ne
3401 5547 3546 5618 jvju-

1954 5644 2042 5695 nio
2071 5643 2314 5708 loquens.
2350 5640 2705 5693 humilitatem
2738 5638 2901 5691 animi
2932 5648 3085 5692 vocat
3116 5638 3244 5694 illud
3277 5639 3430 5705 (lxii.
3453 5643 3546 5699 5³.

1948 5728 2006 5802 5)
2040 5743 2052 5782 ε
2081 5739 2130 5783 et
2165 5729 2375 5802 Moyses
2402 5728 2649 5784 similiter
2674 5726 2862 5782 (Nunt.
2896 5727 2979 5784 50.
3017 5728 3121 5798 Μ).
