4110 6306
289 477 572 536 [mstquam
588 463 736 520 illam
761 457 1063 532 lmjusmodi
1096 458 1276 514 verbis
1304 455 1650 520 emulliveris,
1677 454 1765 509 illa
1782 455 1883 508 alia

285 556 482 627 adiice.
513 555 571 611 Si
601 553 768 609 semel
799 552 1026 612 dixeris,
1058 565 1156 604 nec
1181 549 1452 614 suaseris,
1487 547 1744 612 secundo,
1776 555 1885 600 ter-

286 650 387 712 tio,
431 657 486 704 et
519 648 718 717 saepius
741 646 920 709 dicas;
965 644 1080 698 lucc
1107 654 1352 712 repetere
1383 655 1451 694 ne
1479 638 1738 710 graveris,
1775 653 1881 691 non

281 742 472 798 odiosa
499 740 728 810 quadam
754 737 980 801 ratione,
1010 735 1106 790 sed
1146 733 1377 804 placide,
1409 745 1552 786 nunc
1588 727 1882 784 avertendo

284 845 363 900 te,
388 847 531 890 nunc
556 831 826 886 adulando
853 837 912 886 et
949 826 1196 884 colendo.
1245 826 1438 881 Annon
1470 822 1619 880 vides
1649 823 1882 892 pictores

283 925 452 982 modo
475 923 676 978 delere.
714 921 876 976 modo
913 921 1139 990 picturae
1163 915 1549 988 superaddere,
1584 924 1641 969 ut
1681 915 1882 969 formo-

282 1032 400 1071 sam
430 1015 619 1070 faciem
640 1013 931 1083 depingant
949 1011 972 1065 ?
992 1010 1070 1066 Ne
1090 1011 1166 1066 sis
1192 1024 1322 1080 ergo
1347 1006 1525 1063 minus
1548 1022 1709 1076 sagas
1749 1006 1874 1060 illis.

281 1106 420 1161 Nam
442 1105 487 1158 si
514 1106 586 1158 illi
612 1105 855 1174 corporis
884 1102 1168 1172 imaginem
1201 1101 1498 1171 pingentes,
1533 1106 1677 1152 tanta
1710 1107 1874 1155 utun-

285 1208 377 1252 tur
404 1197 675 1266 diligentia
702 1213 716 1249 :
743 1197 909 1252 multo
934 1195 1101 1264 magis
1124 1208 1224 1247 nos
1250 1194 1484 1248 animam
1508 1191 1873 1255 cffurntatues,

280 1303 497 1344 omnem
526 1289 826 1343 machinam
855 1301 1073 1341 movere
1101 1300 1195 1355 par
1224 1294 1324 1340 est.
1353 1283 1485 1338 Nam
1506 1284 1550 1339 si
1580 1282 1736 1350 hujus
1761 1281 1880 1336 ani-

279 1395 386 1434 mm
412 1380 600 1434 faciem
636 1378 860 1449 pulchre
900 1376 1287 1441 cli‘orutaveris,
1320 1390 1425 1429 non
1453 1373 1658 1428 videbis
1683 1388 1877 1441 corpo-

278 1475 360 1528 ris
397 1472 750 1527 deformatam
785 1469 994 1532 faciem,
1037 1485 1144 1523 non
1185 1468 1450 1523 rubricata
1485 1466 1646 1531 labia,
1681 1479 1876 1520 nouos

279 1577 423 1618 ursae
451 1565 532 1618 ori
552 1571 833 1619 cruentam
864 1562 1058 1624 simile,
1093 1577 1199 1616 non
1232 1569 1346 1616 atra
1386 1559 1691 1630 supercilia,
1720 1559 1872 1629 quasi

276 1671 347 1710 ex
394 1656 515 1710 olla:
557 1653 796 1724 fuligine,
845 1668 954 1709 non
993 1653 1150 1707 illitas
1183 1666 1369 1722 genas,
1416 1660 1473 1705 ut
1504 1651 1871 1721 sepulcrorum

275 1748 532 1818 parietes.
571 1746 694 1801 llaec
731 1745 927 1816 Quippe
953 1746 1129 1800 omnia
1174 1745 1378 1816 fuligo,
1423 1743 1594 1813 pulvis
1632 1751 1689 1798 et
1713 1742 1870 1809 ciuis,

275 1840 609 1907 extremique
638 1838 844 1893 lwtoris
873 1837 1044 1908 signa.

349 1929 405 1985 6.
456 1928 650 1984 Verum
701 1928 883 1984 nescio
928 1942 1035 1996 quo
1077 1934 1232 1997 pacto
1279 1925 1331 1980 iu
1378 1923 1684 1993 hujusmodi
1709 1923 1869 1979 verba

272 2020 527 2090 delapsus
554 2019 677 2082 sim,
709 2027 764 2072 et
783 2018 909 2072 dum
939 2017 1070 2075 alios
1106 2016 1290 2071 hortor
1321 2025 1375 2070 ut
1405 2031 1524 2071 etun
1563 2025 1873 2070 mansuetu-

272 2113 401 2169 diue
441 2119 732 2176 moueant,
779 2111 834 2166 in
879 2108 1206 2165 iracundiam
1255 2108 1370 2179 ipse
1411 2107 1694 2164 devolutus
1744 2107 1868 2161 situ.

275 2206 633 2260 Rerertamur
687 2204 866 2274 itaque
927 2201 994 2257 ad
1064 2200 1331 2257 mitiorem
1393 2201 1814 2256 admonitionem
1848 2239 1866 2265 ,

269 2298 560 2367 ntuuiaque
598 2297 832 2352 feramus
878 2296 1156 2351 mulierum
1203 2294 1328 2349 vitia
1354 2335 1370 2360 ,
1417 2306 1477 2350 ut
1521 2311 1642 2365 qum
1683 2295 1734 2348 in
1767 2309 1866 2364 op-

270 2391 396 2443 tatis
443 2396 570 2442 snnt
613 2387 972 2457 perﬁciamus.
1011 2388 1205 2442 Annon
1250 2386 1398 2442 vides
1431 2385 1701 2456 quomodo
1744 2386 1869 2440 feri-

269 2497 393 2536 mus
419 2481 648 2536 infantes
674 2480 946 2551 vagientes
970 2495 1091 2537 cum
1135 2495 1167 2534 a
1213 2494 1443 2534 mamma
1487 2489 1613 2534 sunt
1660 2479 1868 2533 abstra-

270 2571 433 2628 hendi
468 2591 482 2627 :
515 2572 799 2643 omniaque
840 2572 1160 2636 toleramus,
1205 2570 1274 2625 ad
1326 2569 1378 2626 id
1416 2570 1612 2636 solum,
1663 2579 1720 2624 ut
1761 2569 1865 2624 illis

265 2665 589 2720 suadeamus
612 2664 844 2735 priorem
865 2663 1143 2733 despicere
1158 2663 1436 2719 mensam?
1458 2662 1530 2716 Ita
1552 2673 1605 2718 et
1631 2677 1771 2717 nunc
1787 2661 1866 2715 fa-

264 2755 475 2811 ciamus
500 2772 514 2808 :
545 2765 738 2810 cetera
763 2754 943 2808 omnia
974 2753 1226 2818 feramus,
1267 2763 1325 2807 ut
1359 2752 1462 2809 hoc
1487 2767 1860 2824 assequamur.

260 2844 402 2901 Cum
433 2846 574 2900 enim
601 2843 730 2901 illud
751 2843 1090 2899 emendatum
1121 2843 1299 2908 fuerit,
1331 2843 1474 2899 aliud
1504 2853 1649 2899 recte
1674 2857 1863 2912 proce-

262 2939 397 2992 dere
423 2937 660 3002 videbis,
685 2945 846 3006 atque
874 2935 940 2990 ad
981 2950 1142 2991 aurea
1171 2944 1486 2990 ornamenta
1516 2935 1700 2990 venies
1722 2975 1738 3000 ,
1762 2948 1858 2989 eo-

261 3027 497 3095 demque
531 3025 692 3081 modo
714 3026 785 3082 de
810 3025 894 3081 his
928 3026 1091 3082 etiam
1115 3025 1384 3097 loqueris:
1407 3034 1463 3081 et
1485 3027 1564 3081 sic
1605 3025 1857 3095 paulatim

262 3133 488 3174 uxorem
521 3121 849 3172 concinnam
868 3157 885 3184 ,
914 3115 1022 3171 eris
1047 3117 1219 3187 pictor
1241 3115 1473 3187 optimus
1495 3157 1512 3183 ,
1534 3115 1707 3172 fidelis
1744 3131 1862 3174 ser-

259 3220 398 3273 vus',
430 3208 658 3279 agricola
686 3219 956 3262 strenuus.
990 3207 1118 3261 Post
1147 3207 1262 3260 b:ec
1291 3219 1467 3262 autem
1493 3248 1509 3274 ,
1541 3208 1594 3261 in
1622 3219 1856 3264 mentem

261 3299 364 3370 ipsi
391 3313 580 3354 τιδι’οω
605 3299 853 3367 antiquas
875 3297 994 3352 illas
1010 3297 1281 3360 mulieres,
1301 3298 1507 3360 Saram,
1533 3297 1854 3366 Rebeceam,

258 3390 527 3444 formosas
567 3397 620 3444 et
667 3387 1077 3451 deformesyet
1119 3387 1340 3442 ostende
1386 3387 1459 3442 illi
1503 3405 1694 3444 timnes
1741 3391 1857 3445 illas

257 3480 424 3535 fuisse
451 3489 808 3550 temperantes
826 3490 880 3535 et
907 3478 1061 3551 frugi.
1079 3478 1209 3534 Nam
1234 3478 1324 3533 Lia
1357 3479 1670 3548 patriarchae
1700 3495 1853 3545 uxor,

254 3586 382 3626 cum
409 3569 646 3625 formosa
676 3586 781 3624 non
807 3577 983 3637 esset,
1029 3587 1302 3641 nunquam
1331 3571 1437 3626 tale
1462 3572 1733 3640 quidpiam
1760 3588 1855 3627 ex-

253 3660 532 3732 cogitavit,
556 3660 650 3718 sed
673 3661 932 3717 deformis
959 3677 1081 3717 cum
1109 3673 1290 3727 esset,
1321 3678 1419 3717 nec
1446 3664 1671 3719 multum
1701 3679 1851 3720 ama-

254 3765 407 3811 retur
431 3769 462 3808 a
492 3755 607 3808 viro
625 3794 641 3818 ,
665 3753 796 3808 nihil
828 3753 1132 3823 hujusmodi
1159 3753 1434 3819 adhibuit,
1461 3770 1636 3824 neque
1660 3754 1851 3811 faciem

253 3861 410 3902 suam
441 3845 650 3899 vitiavit
671 3885 687 3908 ,
718 3844 813 3900 sed
844 3845 1040 3900 mansit
1070 3846 1271 3915 integra
1316 3861 1642 3902 conservans
1685 3849 1851 3904 linea-

253 3946 434 3992 menta
460 3977 476 4000 ,
501 3936 711 3991 etiamsi
740 3935 924 3991 fuisset
951 3951 982 3990 a
1013 3936 1300 4007 gentilibus
1325 3937 1568 3992 educata.
1603 3937 1680 3992 Tu
1721 3955 1852 3994 vero

251 4044 375 4098 qua:
405 4027 574 4083 lidclis
602 4043 692 4091 es,
718 4027 868 4096 cujus
894 4039 1050 4097 caput
1079 4028 1344 4092 Christus,
1372 4029 1666 4084 sauiuieam
1695 4032 1850 4094 nobis

251 4120 558 4176 machinam
592 4119 799 4173 inducis
820 4122 844 4171 Ῥ
875 4136 971 4173 nec
1003 4121 1302 4176 recordaris
1335 4137 1487 4192 aqum
1520 4123 1660 4177 illius
1682 4163 1697 4188 ,
1729 4141 1848 4194 quae

1248 342 1311 401 IN
1353 339 1762 398 δΙΑΤΤΠᾸΞυΜ
1804 339 2036 397 "ORDL.
2079 338 2268 397 XXXI.
2311 340 2385 397 ul.
2428 338 2644 396 XXXII.

3488 337 3599 395 570

1994 453 2146 511 faciei
2173 467 2277 509 tum
2300 454 2624 510 circumfusa
2661 452 2756 508 fuit
2783 493 2800 520 ,
2826 451 3078 508 sacrificii
3103 493 3118 517 ,
3148 449 3295 522 quod
3321 449 3460 508 labia
3501 464 3593 508 tua

1991 548 2231 611 ornavit,
2263 547 2568 617 sanguinis,
2599 547 2690 618 qui
2719 546 2956 617 linguam
2987 557 3132 600 tuam
3156 544 3504 600 cruentavit?
3531 544 3592 600 Si

1988 641 2134 697 enim
2167 641 2282 695 lucc
2309 639 2490 696 omnia
2519 648 2695 695 tecum
2729 649 3030 709 repntares,
3056 637 3401 708 quantumvis
3423 651 3590 692 orna-

1988 733 2131 787 tibus
2158 731 2460 800 hujusmodi
2493 730 2672 786 dedita
2698 744 2849 786 esses
2871 769 2888 794 ,
2921 745 3028 783 non
3056 727 3288 784 auderes
3315 727 3590 798 pulverem

1988 823 2137 878 illum
2163 824 2508 892 cineremque
2536 821 2814 877 adhibere.
2845 820 3001 875 Disce
3037 829 3090 875 te
3113 817 3332 874 Christo
3356 817 3594 888 thiam-

1985 925 2158 972 satatn
2185 930 2328 980 esse,
2355 924 2406 970 et
2435 913 2539 969 huc
2557 913 2793 968 dedecus
2819 926 3091 966 aversare.
3114 896 3304 980 Neque
3323 909 3468 964 enim
3496 908 3591 965 ille

1985 1010 2181 1063 talibus
2205 1007 2504 1063 delectatur
2527 1005 2787 1078 picturis;
2815 1003 2910 1059 sed
2936 1004 3096 1059 aliam
3134 1002 3327 1073 qua-rit
3353 999 3592 1071 pulchri-

1987 1089 2223 1154 tudinem
2249 1140 2264 1159 .
2294 1116 2456 1169 quam
2499 1099 2849 1154 vehementer
2887 1104 3064 1160 amat,
3093 1095 3288 1150 animi:
3331 1094 3587 1150 decorem

1982 1192 2125 1247 dico.
2157 1191 2308 1246 Hune
2335 1200 2388 1246 te
2416 1189 2676 1262 propheta
2708 1203 2957 1259 querere
2985 1186 3138 1256 jubet
3167 1183 3252 1240 his
3278 1185 3457 1239 verbis
3478 1182 3587 1242 τε(

1980 1283 2300 1352 concupiscet
2324 1299 2413 1336 rex
2435 1281 2667 1336 decorem
2687 1291 2828 1334 tuum
2857 1278 3024 1352 (Prol.
3055 1278 3140 1333 M.
3166 1277 3276 1344 η).
3303 1275 3382 1332 Ne
3406 1277 3589 1346 itaque

1980 1374 2248 1445 superﬂua
2289 1385 2343 1429 et
2381 1373 2632 1428 indecora
2671 1383 3217 1443 quieramuszneque
3259 1369 3405 1424 enim
3446 1381 3586 1438 opus

1983 1465 2076 1521 Dei
2107 1463 2395 1535 quodpiam
2431 1463 2806 1534 imperfectum
2849 1469 2934 1516 est
2957 1502 2975 1526 ,
3004 1468 3064 1514 ut
3091 1468 3178 1515 tua
3205 1466 3363 1529 egeat
3399 1472 3585 1512 corre-

1977 1559 2178 1613 ctione.
2193 1555 2325 1612 Nam
2348 1556 2392 1609 si
2415 1555 2537 1625 quis
2556 1553 2913 1623 ituperatorize
2932 1551 3150 1622 itnagini
3168 1559 3365 1606 erectae
3378 1547 3582 1618 aliquid

1977 1651 2046 1706 de
2071 1665 2172 1704 suo
2197 1650 2430 1719 adjicere
2457 1656 2704 1708 tentaret,
2733 1660 2840 1699 non
2873 1651 3018 1698 tutus
3044 1651 3187 1697 esset
3212 1648 3460 1703 conatus,
3484 1637 3582 1696 sed

1978 1751 2219 1798 extremo
2270 1743 2507 1812 periculo
2542 1741 2678 1794 foret
2717 1737 3001 1792 obnoxius.
3045 1735 3203 1805 Atqui
3246 1733 3411 1788 homo
3435 1732 3580 1787 illam

1976 1847 2229 1907 operatus
2253 1845 2354 1896 est.
2387 1844 2442 1888 et
2472 1833 2602 1889 nihil
2632 1831 2819 1903 adjieis
2853 1848 2866 1883 :
2901 1830 2988 1886 hic
3020 1845 3149 1884 vero
3179 1828 3320 1883 Deus
3345 1836 3534 1881 auctor
3557 1864 3579 1894 ,

1976 1938 2029 1981 et
2053 1926 2352 1982 emendas?
2379 1924 2495 1980 Non
2522 1925 2725 1994 cogitas
2749 1921 3010 1993 gehennze
3053 1919 3270 1990 ignem?
3311 1932 3420 1973 non
3463 1916 3580 1971 anl-

1975 2035 2117 2074 mam
2147 2016 2494 2088 neglectam?
2524 2016 2648 2071 Ideo
2677 2029 2908 2083 multique
2939 2012 3028 2066 illa
3053 2010 3294 2082 neglecta
3323 2017 3429 2074 est,
3452 2007 3578 2079 quia

1977 2123 2084 2169 tota
2123 2129 2251 2168 cura
2305 2113 2356 2166 in
2398 2125 2617 2166 carnem
2657 2107 2850 2164 collata
2894 2105 3011 2160 fuit.
3043 2103 3245 2175 Ecquid
3288 2102 3357 2158 de
3396 2103 3577 2156 anima

1974 2203 2361 2277 loquoriNam
2389 2203 2487 2274 ipsi
2525 2216 2740 2273 quoque
2766 2198 2917 2255 carni
2951 2195 3218 2253 contraria
3260 2193 3578 2262 contingunt

1975 2301 2040 2356 iis
2061 2315 2179 2368 qua:
2205 2312 2301 2352 vos
2329 2296 2545 2368 optatis.
2571 2293 2669 2349 llic
2691 2308 2823 2348 vero
2845 2289 3083 2345 attende.
3108 2287 3203 2344 γε.
3227 2287 3462 2342 formosa
3487 2300 3577 2355 ap-

1974 2393 2198 2464 parere?
2220 2390 2332 2446 Hoc
2360 2399 2412 2445 te
2440 2388 2736 2444 deformem
2766 2383 3019 2440 ostemlit.
3049 2381 3144 2436 Vis
3177 2381 3390 2452 placere
3415 2377 3574 2432 viro?

1972 2484 2026 2539 Id
2056 2483 2205 2538 illum
2235 2495 2470 2536 maerore
2497 2477 2658 2533 allicit
2685 2491 2787 2532 :ac
2827 2489 3001 2544 neque
3037 2471 3190 2526 illum
3229 2469 3406 2526 solum
3428 2509 3446 2535 ,
3475 2467 3575 2524 sed

1970 2576 2225 2633 externas
2271 2587 2463 2628 omnes
2503 2569 2597 2625 tibi
2646 2577 2991 2625 accusatores
3035 2563 3224 2621 edicit.
3265 2561 3358 2616 Vis
3389 2559 3574 2631 juuiur

1967 2666 2254 2738 apparere?
2267 2665 2379 2721 Hoc
2396 2674 2448 2722 te
2461 2664 2618 2720 citius
2638 2663 2692 2718 in
2713 2668 3044 2718 senectutem
3059 2652 3340 2713 duceLVis
3361 2652 3575 2708 scitari?

1970 2761 2080 2816 lloc
2098 2761 2191 2815 tibi
2205 2759 2454 2814 dedecori
2471 2765 2575 2811 est.
2593 2755 2728 2810 Nam
2747 2752 3050 2826 hujusmodi
3069 2750 3263 2805 mulier
3273 2763 3382 2802 non
3391 2760 3573 2817 aequa-

1968 2854 2048 2910 les
2068 2853 2248 2918 modo,
2274 2850 2370 2907 sed
2396 2848 2624 2906 ancillas
2646 2849 2892 2910 conscias
2919 2855 2976 2901 et
2991 2843 3318 2900 domesticos
3336 2842 3571 2896 scich

1967 2945 2168 3015 pudore
2193 2944 2389 3008 allicit;
2423 2943 2700 3012 multoque
2721 2939 2898 3010 magis
2923 2928 3308 3006 seipsam.'Scd
3329 2947 3428 2988 cur
3453 2931 3570 2986 ha-e

1965 3036 2137 3091 dicam
2159 3037 2183 3089 ἳ
2206 3034 2341 3091 Nam
2365 3033 2509 3104 quod
2533 3032 2774 3086 euntium
2803 3029 3177 3100 gravissimum
3217 3035 3302 3081 est
3339 3030 3567 3094 praeter-

1966 3126 2122 3181 misi:
2141 3135 2194 3181 te
2215 3140 2407 3192 nempe
2436 3123 2602 3178 Deum
2628 3120 2922 3181 olfendere,
2946 3118 3246 3174 castitatem
3273 3113 3565 3177 suffodere,

1963 3216 2242 3288 zelotypia:
2277 3216 2522 3269 flammas
2561 3209 2878 3273 accendere,
2907 3209 3190 3279 prostituta
3215 3208 3318 3262 sub
3361 3204 3569 3261 fornice

1963 3321 2138 3364 scorta
2160 3306 2378 3363 imitari.
2402 3306 2528 3360 ﬂtee
2547 3307 2723 3375 itaque
2742 3303 2921 3358 omnia
2937 3301 3253 3372 cogitantes,
3270 3299 3567 3354 satatucatn

1965 3415 2211 3470 pompam
2230 3440 2246 3461 ,
2272 3396 2700 3468 diabolicaqu
2721 3404 2891 3450 artem
2919 3392 3279 3454 contemnite.
3307 3389 3565 3446 dimisso-

1961 3507 2066 3561 que
2101 3491 2191 3544 illo
2218 3499 2409 3544 ornatu
2429 3529 2446 3552 ,
2476 3488 2586 3543 imo
2613 3485 2902 3550 dedecore,
2935 3481 3390 3555 pulchritudinem
3419 3481 3565 3537 illam

1963 3582 2015 3636 in
2046 3580 2328 3635 animabus
2355 3579 2548 3636 vestris
2577 3587 2833 3648 apparate
2851 3617 2869 3641 ,
2892 3591 3014 3647 qua:
3041 3573 3250 3645 angelis
3274 3573 3522 3628 amabilis
3541 3611 3564 3639 ,

1963 3673 2076 3729 lico
2099 3672 2351 3742 optabilis
2377 3678 2434 3725 et
2460 3668 2803 3726 consortibus
2830 3667 3010 3722 suavis
3032 3673 3137 3730 est,
3165 3675 3219 3720 ut
3246 3673 3300 3718 ct
3327 3677 3568 3734 przcsen-

1961 3773 2069 3819 tem
2098 3773 2153 3819 et
2178 3763 2411 3818 futuram
2443 3760 2668 3832 gloriam
2693 3755 3100 3828 consequamini
3127 3774 3141 3810 :
3165 3771 3327 3827 quam
3357 3752 3564 3809 utinam

1960 3872 2062 3910 nos
2089 3869 2281 3909 omnes
2308 3853 2689 3923 adipiscamur,
2716 3852 2887 3921 gratia
2913 3861 2970 3904 et
2995 3848 3325 3920 benignitate
3349 3849 3563 3904 ϋοιιιίιιί

1960 3949 2130 4003 nostri
2155 3947 2281 4002 .lesu
2307 3945 2528 4009 Christi,
2558 3944 2643 4000 cui
2673 3942 2842 4014 gloria
2869 3951 2924 3998 et
2951 3942 3258 4013 imperium,
3283 3941 3334 3995 itt
3363 3939 3562 3997 saecula

1960 4042 2300 4097 sa'culorum.
2331 4041 2528 4094 Amen.

1355 4329 1702 4393 HOMILIA
1745 4332 1992 4395 XXXI.
2039 4333 2126 4396 al.
2174 4332 2452 4394 XXXII.

247 4474 386 4532 (λιι.
406 4474 458 4530 9.
487 4474 634 4529 v.l8.
669 4473 794 4528 Hec
823 4472 913 4527 illo
943 4473 1192 4538 loquente,
1213 4489 1325 4527 ecce
1336 4475 1572 4544 princeps
1591 4475 1849 4544 ingressas

325 4565 574 4618 adorabat
593 4581 709 4642 eum
735 4566 944 4618 dicens:
971 4563 1110 4617 Filia
1155 4581 1265 4618 mea
1291 4565 1441 4618 modo
1459 4567 1700 4635 defuncta
1729 4577 1801 4620 at
1829 4582 1847 4628 ;

325 4658 415 4710 sed
433 4656 566 4723 aeni,
594 4657 796 4724 impone
822 4673 1027 4710 tironum
1047 4667 1185 4710 tuam
1207 4674 1361 4724 super
1375 4676 1506 4722 eam,
1526 4670 1572 4713 et
1593 4663 1738 4715 vivet.
1762 4660 1848 4716 l9.

331 4745 398 4801 Et
424 4764 635 4819 surgens
656 4745 811 4803 Iesus
839 4757 1078 4822 sequutus
1104 4758 1175 4801 rat
1201 4764 1316 4801 eam
1341 4791 1355 4811 ,
1385 4760 1432 4802 et
1457 4750 1696 4819 discipuli
1715 4753 1845 4812 eius.

332 4843 385 4896 t.
417 4840 563 4909 Opus
589 4855 869 4897 scrtnoucs
899 4850 1183 4910 sequutum
1213 4850 1315 4904 est,
1346 4842 1416 4894 ita
1442 4852 1499 4896 ut
1519 4843 1688 4912 magis
1706 4842 1850 4897 Pha-

251 4933 540 4989 risaeorum
565 4945 663 4986 ora
705 4934 1195 5002 comprimerentur
1247 4949 1262 4986 :
1314 4947 1436 4986 nam
1487 4933 1575 5002 qui
1620 4933 1850 4988 accessit

256 5037 548 5095 synagogas
593 5020 840 5092 princeps
881 5032 1000 5077 erat
1028 5062 1044 5087 ,
1096 5020 1376 5092 luctusque
1433 5023 1608 5092 gravis
1646 5040 1659 5076 :
1696 5024 1851 5078 unica

258 5116 405 5170 enim
431 5114 604 5184 puclla
625 5121 741 5169 erat
761 5154 776 5176 .
819 5129 1189 5185 annorumque
1215 5114 1497 5170 duodecim
1522 5156 1536 5179 ,
1583 5115 1723 5185 quod
1756 5116 1854 5170 llos

258 5216 382 5260 erat
407 5205 616 5261 aetatis:
646 5214 702 5261 et
726 5206 904 5260 statim
935 5207 1077 5260 illam
1101 5208 1396 5262 suscitavit.
1421 5208 1572 5274 Quod
1611 5209 1654 5263 si
1683 5209 1855 5266 Lucas

260 5308 446 5354 narrat
475 5299 685 5353 venisse
714 5300 804 5369 qui
826 5299 1064 5353 dicereut
1097 5317 1109 5351 :
1147 5298 1272 5354 Noli
1303 5317 1488 5355 vexare
1527 5304 1855 5370 magistrum;

261 5397 466 5441 attonsa
493 5389 627 5441 enim
652 5398 720 5443 cst
747 5387 898 5457 (Luc.
921 5388 977 5444 8.
1015 5387 1108 5459 49)
1139 5407 1153 5443 :
1195 5390 1436 5445 dicemus
1469 5392 1598 5446 illud
1630 5434 1646 5458 ,
1697 5392 1855 5448 Modo

260 5479 506 5545 defuncta
530 5491 624 5542 est,
644 5495 673 5532 a
703 5489 944 5548 tempore
975 5479 1027 5534 in
1057 5481 1246 5535 itinere
1274 5482 1544 5552 insumpto
1567 5484 1854 5552 conjicien-

265 5573 336 5624 tis
363 5568 528 5624 fuisse
553 5611 566 5632 ,
603 5571 685 5623 vel
716 5571 1074 5624 calamitatem
1108 5573 1374 5641 augentis.
1409 5571 1522 5628 Mos
1549 5577 1692 5626 enim
1723 5590 1854 5642 sup-

261 5663 463 5732 plicum
493 5671 598 5725 est,
629 5663 770 5718 mala
795 5677 888 5716 sua
920 5663 1096 5718 verbis
1132 5663 1393 5718 extollere
1413 5705 1426 5727 ,
1460 5673 1511 5718 et
1551 5665 1667 5731 plus
1697 5681 1857 5734 quam

267 5770 396 5814 vere
419 5755 488 5812 sit
513 5755 694 5815 dicere
706 5797 725 5828 ,
752 5765 810 5814 ut.
843 5754 1053 5813 facilius
1083 5767 1294 5829 rogatos
1324 5767 1566 5813 exorent.
1600 5757 1729 5812 \‘ide
1758 5774 1850 5813 an—

1961 4485 2068 4531 tem
2094 4491 2253 4546 quam
2286 4475 2434 4531 rudis
2460 4475 2549 4531 sit.
2583 4474 2701 4531 Duo
2729 4475 2872 4530 enim
2904 4474 3140 4546 postulat
3166 4492 3195 4530 a
3221 4475 3439 4532 Christo
3460 4517 3476 4543 ,
3505 4485 3569 4533 ut

1959 4567 2159 4633 veniat,
2188 4577 2237 4621 et
2267 4582 2485 4621 manum
2516 4567 2757 4632 imponat
2787 4566 2962 4636 :quod
2991 4566 3205 4636 signum
3233 4578 3353 4622 erat
3383 4568 3558 4636 ipsum

1959 4673 2078 4713 eam
2107 4656 2284 4712 adhuc
2334 4658 2630 4726 spirantem
2665 4657 2972 4724 reliquisse.
2999 4657 3111 4712 lloe
3154 4667 3210 4714 et
3259 4658 3430 4730 Syrus
3471 4659 3563 4714 ille

1957 4747 2193 4803 Neeman
2224 4763 2253 4800 a
2308 4749 2565 4816 propheta
2610 4750 2825 4816 petebat
2877 4747 2961 4802 his
2988 4748 3165 4801 verbis
3196 4765 3211 4804 :
3245 4747 3421 4804 Exibit
3453 4791 3469 4816 _.
3517 4760 3566 4804 rt

1958 4855 2166 4893 manum
2190 4856 2336 4892 suam
2358 4840 2580 4910 imponet
2607 4841 2686 4908 (ι.
2713 4839 2841 4912 Reg.
2871 4841 2926 4897 5.
2958 4841 3070 4910 υ).
3099 4840 3230 4896 Nam
3259 4841 3378 4897 visu
3403 4851 3458 4899 et
3477 4859 3565 4899 rc-

1958 4932 2058 4988 bus
2087 4931 2190 4987 sub
2225 4946 2444 4986 sensum
2473 4931 2789 4987 cadentibus
2817 4948 2953 5000 opus
2984 4931 3181 4987 habent
3213 4933 3246 4988 ii
3269 4934 3358 5004 qui
3382 4935 3563 4990 tudio-

1959 5025 2034 5079 ris
2058 5023 2221 5077 animt
2250 5033 2394 5077 sunt.
2424 5023 2634 5078 Marcus
2659 5023 2815 5095 (Cap.
2844 5025 2896 5079 5.
2917 5025 3009 5096 37)
3039 5041 3200 5093 porro
3226 5027 3359 5083 dicit
3386 5027 3562 5099 ipsum

1960 5123 2070 5168 tres
2133 5114 2486 5184 assumpsisse
2543 5115 2874 5185 discipulos,
2931 5115 3212 5187 Lucasque
3284 5117 3453 5190 (Cap.
3503 5121 3559 5174 8.

1959 5206 2052 5275 5i)
2095 5205 2374 5270 similiter;
2429 5205 2516 5262 hic
2559 5223 2688 5262 vero
2734 5206 3024 5276 discipulos
3073 5209 3406 5279 simpliciter.
3456 5211 3564 5265 Cur

1960 5312 2090 5367 ergo
2118 5296 2424 5351 Matthaaun
2459 5312 2565 5353 non
2598 5299 2807 5366 accepit
2836 5338 2851 5361 .
2885 5299 2976 5369 qui
3006 5316 3177 5369 nuper
3214 5314 3514 5358 accesserat
3539 5305 3565 5358 ἓ

1961 5389 2031 5445 Ut
2058 5391 2205 5444 illum
2240 5391 2290 5444 in
2315 5391 2572 5460 majorem
2606 5391 2952 5460 cupiditatem
2989 5393 3274 5461 injiceret,
3322 5405 3378 5449 et
3419 5395 3562 5464 quod

1963 5480 2328 5550 imperfectior
2365 5481 2540 5538 adhuc
2568 5494 2732 5538 esset.
2787 5481 2913 5538 Ideo
2940 5483 3084 5538 enim
3134 5484 3254 5540 illos
3294 5485 3562 5555 honorat,

1963 5585 2018 5626 ιιι
2051 5572 2102 5626 hi
2132 5574 2251 5627 illos
2282 5573 2576 5628 imitentur.
2609 5573 2860 5628 Matthmo
2890 5585 3072 5630 autem
3097 5577 3226 5631 Satis
3247 5585 3386 5641 erat,
3415 5577 3560 5647 quod

1961 5665 2236 5735 sanguinis
2267 5665 2408 5738 fluxu
2442 5665 2775 5720 laborantem
2809 5665 3053 5732 vidisset,
3085 5675 3142 5721 ct
3178 5668 3318 5735 quod
3372 5669 3561 5723 eadem

1966 5771 2151 5813 mensa
2181 5755 2427 5829 d'gnalus
2459 5757 2676 5822 fuisset,
2707 5756 2946 5828 ejusdem
2970 5760 3099 5815 satis
3129 5759 3560 5830 participatione.
