4104 6308
286 354 396 409 315

290 482 432 520 eum.
463 463 693 521 Pulchra
720 472 868 520 certe
915 461 1466 536 archisynagogorum
1512 464 1707 522 indicia
1730 507 1744 532 ,
1775 481 1898 521 cum

293 568 419 626 post
443 565 674 610 mortem
705 554 848 609 tibiae
875 563 930 609 et
978 554 1222 624 cymbala
1253 554 1321 608 ad
1350 554 1536 609 ﬂetum
1589 564 1894 614 moverent.

287 646 430 714 Quid
463 645 625 718 igitur
649 644 897 700 Christus
916 645 942 698 ?
972 645 1121 699 Alios
1150 657 1342 700 omnes
1367 645 1608 715 expulit,
1646 654 1896 716 parentes

289 746 476 793 autem
497 735 814 796 introduxit.
842 749 909 790 ne
938 734 1044 790 dici
1079 744 1264 805 posset
1289 736 1456 792 alium
1488 737 1766 793 curavisse
1797 755 1810 790 :
1842 746 1898 792 et

288 840 578 901 antequam
608 829 856 895 suscitet,
885 843 1020 884 voce
1041 827 1173 883 illud
1195 827 1385 894 eftlcit,
1416 843 1539 885 cum
1562 831 1658 896 ait,
1680 828 1803 884 Non
1821 839 1893 884 est

287 931 493 976 mortua
511 920 708 990 patella,
741 919 833 973 sed
862 919 1072 973 dormit.
1101 917 1279 976 Multis
1298 935 1512 991 quoque
1537 921 1657 975 aliis
1680 921 1730 975 in
1759 921 1892 976 locis

284 1011 394 1068 hoc
422 1010 550 1066 facit
573 1025 672 1065 :ac
700 1011 842 1066 sicut
884 1011 937 1065 in
965 1009 1100 1065 mari
1132 1011 1364 1080 primum
1385 1011 1682 1083 discipulos
1714 1013 1894 1069 incre-

287 1104 437 1176 parit
461 1123 475 1160 :
503 1103 583 1158 sic
611 1112 667 1158 et
707 1101 813 1158 hoc
839 1102 961 1157 loco
993 1116 1063 1158 ex
1095 1103 1443 1173 prtesentium
1465 1103 1737 1159 mentibus
1769 1118 1893 1173 pcr-

211 1205 213 1207 ‘
287 1194 657 1252 turbationem
685 1193 833 1265 ejicit
852 1235 868 1258 ,
912 1193 1074 1248 simul
1104 1193 1422 1262 ostendens,
1451 1193 1611 1250 facile
1638 1195 1741 1252 sibi
1766 1209 1891 1253 esse

283 1296 532 1344 mortuos
558 1287 824 1342 suscitare
851 1285 1015 1357 (quod
1036 1286 1199 1342 etiam
1226 1286 1279 1342 in
1301 1285 1504 1343 Lazaro
1525 1287 1652 1343 fecit
1675 1286 1886 1344 dicens:

283 1379 517 1436 Lazarus
543 1379 737 1433 amicus
761 1387 933 1433 noster
954 1377 1142 1432 dormit
1159 1375 1342 1450 [Joam
1370 1378 1458 1435 Η.
1487 1376 1625 1450 11]),
1655 1393 1761 1433 una
1789 1379 1891 1434 do-

279 1485 414 1528 cens
441 1486 549 1526 non
591 1468 882 1526 timendam
925 1483 1048 1524 esse
1093 1479 1324 1525 mortem
1356 1486 1370 1523 :
1401 1484 1576 1540 neque
1600 1471 1745 1526 enim
1773 1469 1885 1539 jam

278 1577 406 1620 esse
435 1571 687 1626 mortem,
715 1560 811 1616 sed
839 1575 1115 1616 somnum.
1139 1559 1273 1616 Nam
1299 1561 1422 1632 quia
1451 1560 1568 1630 ipse
1586 1561 1887 1616 moriturus

277 1663 420 1719 erat,
449 1654 680 1709 aliorum
704 1667 934 1723 corpora
980 1652 1295 1708 suscitando
1345 1653 1642 1724 discipulos
1669 1669 1882 1724 praepa-

279 1746 435 1802 rabat
458 1744 524 1800 ad
547 1743 797 1800 fiduciam
828 1743 1146 1799 sumendam
1164 1785 1181 1809 ,
1211 1755 1555 1816 mortemque
1573 1760 1726 1802 suam
1758 1745 1889 1801 lenio

277 1849 365 1897 ter
391 1837 689 1894 ferendam.
713 1837 1005 1908 Postquam
1033 1837 1177 1892 enim
1203 1838 1318 1909 ipse
1347 1837 1648 1894 advenerat
1672 1880 1688 1903 ,
1734 1853 1885 1895 mors

270 1933 387 2004 iam
413 1932 628 1989 nonnisi
655 1945 877 1987 somnus
906 1939 1044 1985 erat.
1087 1933 1341 1987 Attamen
1365 1929 1688 1987 deridebant
1713 1948 1838 1987 eum
1867 1950 1880 1987 :

275 2027 395 2098 ipse
418 2040 548 2080 vero
575 2039 683 2080 non
731 2023 949 2090 indigne
979 2023 1101 2078 tulit
1128 2063 1144 2090 ,
1187 2039 1310 2079 cum
1360 2040 1466 2079 non
1499 2024 1786 2080 crederent
1819 2026 1882 2081 iis

270 2131 396 2186 quae
419 2129 545 2171 mox
577 2115 693 2184 ipse
743 2114 1062 2169 mirabiliter
1109 2123 1434 2185 operaturus
1475 2123 1596 2170 erat
1636 2132 1651 2170 :
1701 2130 1882 2185 neque

273 2208 577 2278 increpavit
606 2206 845 2263 ridentes
870 2250 885 2272 ,
915 2216 973 2262 ut
999 2215 1054 2261 et
1101 2207 1246 2262 risus
1275 2216 1331 2263 et
1354 2208 1500 2264 tibia:
1528 2217 1586 2265 et
1631 2209 1879 2280 cymbala

269 2300 486 2371 aliaque
504 2300 709 2367 omnia,
739 2300 933 2354 mortis
961 2308 1147 2354 essent
1182 2299 1517 2354 testimonia.

343 2393 399 2447 3.
429 2391 662 2448 Christus
689 2391 942 2469 quomodo
970 2391 1397 2446 resurrectionem
1421 2407 1548 2461 quas
1575 2392 1881 2462 operabatur

266 2484 529 2539 ueritatem
557 2483 824 2556 adstruere
847 2485 1048 2539 soleret.
1083 2483 1300 2539 Festum
1347 2494 1394 2539 et
1439 2500 1622 2539 vanam
1661 2486 1879 2555 gloriam

266 2577 479 2632 omnino
498 2576 759 2631 uitandum
774 2585 866 2631 est.
888 2575 1030 2632 Mors
1048 2595 1147 2630 non
1168 2577 1454 2631 metuenda.
1473 2577 1602 2632 Viue
1616 2581 1880 2651 praesentis

265 2669 668 2739 malm—Quia
693 2670 837 2726 enim
883 2685 1029 2741 sI-pe
1072 2671 1327 2727 miracula
1375 2680 1581 2741 patrata
1625 2688 1732 2728 non
1761 2688 1881 2728 cre-

262 2761 402 2817 dunt
429 2761 700 2828 homines,
728 2777 824 2816 sua
855 2762 1092 2831 ipsorum
1126 2764 1480 2834 responsione
1518 2765 1640 2820 illos
1669 2781 1877 2834 praise-

264 2853 366 2917 nit,
399 2861 456 2907 ut
497 2861 554 2907 et
602 2852 656 2907 in
700 2851 905 2907 Lazaro
929 2863 982 2908 et
1014 2852 1066 2907 in
1095 2853 1276 2925 Hoyse
1322 2854 1522 2910 factum
1560 2863 1665 2911 est.
1707 2856 1876 2927 Moysi

264 2959 499 3015 namque
518 2944 690 2999 dixit:
718 2943 857 3011 Quid
881 2945 977 2998 hoc
1002 2956 1075 2999 est
1099 2945 1152 2999 in
1181 2962 1338 3000 manu
1363 2955 1449 3000 tua
1475 2946 1672 3019 (Exod.
1699 2949 1753 3002 4.
1783 2947 1876 3019 2)?

264 3047 326 3092 nt
352 3051 473 3092 cum
496 3037 716 3092 vidisset
743 3044 1048 3106 serpentem
1070 3036 1290 3103 factum,
1315 3053 1421 3093 non
1446 3039 1871 3106 oblivisceretur,

261 3130 469 3200 virgam
492 3128 641 3198 prius
667 3126 863 3192 fuisse;
894 3126 989 3182 sed
1016 3127 1165 3182 vocis
1190 3129 1419 3198 propriae
1449 3128 1782 3191 recordatus,
1807 3129 1876 3184 de

261 3237 324 3277 re
346 3228 496 3291 gesta
525 3218 953 3288 obstupesceret.
995 3219 1059 3274 Et
1087 3219 1155 3273 de
1185 3217 1389 3274 Lazaro
1416 3219 1490 3273 ait
1522 3238 1536 3273 :
1567 3217 1667 3275 Ubi
1696 3220 1871 3291 pomi-

259 3313 353 3369 slis
385 3314 542 3368 eum?
570 3312 740 3382 utqui
767 3311 1044 3376 dixerunt,
1086 3311 1232 3380 Veni,
1263 3321 1310 3366 et
1335 3313 1484 3376 uide;
1513 3322 1587 3375 et,
1618 3311 1741 3366 lum
1770 3318 1869 3384 [ae—

259 3415 352 3471 tet,
378 3404 753 3476 quatriduum
781 3403 915 3457 enim
944 3412 1015 3457 est
1046 3402 1228 3472 (Joan.
1261 3405 1349 3458 Η.
1377 3405 1466 3460 δι.
1502 3403 1615 3473 39),
1641 3419 1747 3460 non
1774 3405 1874 3460 du-

259 3499 436 3554 bitare
463 3505 706 3570 possent,
755 3496 886 3568 quin
939 3496 1112 3566 ipsum
1161 3506 1431 3550 mortuum
1479 3495 1870 3553 suscitavisset.

260 3587 468 3644 Videas
506 3587 671 3658 igitur
707 3585 950 3658 cymbala
980 3595 1035 3640 et
1070 3585 1284 3651 turbas,
1315 3599 1506 3640 omnes
1541 3586 1710 3655 ejicit,
1738 3596 1790 3640 et
1817 3587 1871 3642 in

258 3680 548 3754 prsentia
589 3687 870 3750 parentum
899 3676 1217 3733 miraculum
1257 3687 1536 3747 operatur,
1559 3691 1667 3733 non
1711 3677 1870 3734 aliam

258 3772 522 3830 inducens
545 3771 806 3837 animam,
833 3768 928 3826 sed
953 3768 1097 3824 illam
1125 3768 1295 3839 ipsam
1322 3783 1445 3839 qua:
1471 3768 1684 3824 exierat
1706 3768 1868 3828 redu-

256 3881 412 3934 cens,
443 3873 500 3922 et
524 3863 678 3938 quasi
705 3878 772 3920 ex
808 3877 1001 3919 somno
1026 3862 1289 3918 excitans.
1328 3861 1698 3933 Appreltendit
1739 3876 1870 3917 vero

256 3974 502 4027 manum,
522 3969 580 4014 ut
607 3965 941 4028 spectatores
971 3953 1232 4011 certiores
1257 3954 1470 4022 tierent,
1488 3962 1542 4010 et
1560 3953 1664 4010 hoc
1682 3968 1868 4010 exem-

257 4052 353 4124 plo
375 4051 516 4108 viam
543 4057 760 4120 pararet
787 4046 854 4103 ad
882 4046 1042 4103 Iidem
1069 4046 1503 4102 resurrectionis.
1533 4045 1693 4101 Pater
1714 4060 1867 4099 nam-

253 4159 366 4216 que
392 4142 606 4199 dicebat
635 4159 648 4193 :
679 4138 894 4210 Impune
921 4154 1128 4192 manu»:
1159 4135 1374 4208 (Matth.
1409 4134 1596 4208 9J8);
1625 4134 1714 4190 ille
1741 4150 1870 4189 vero

255 4237 381 4309 plus
410 4237 568 4301 facit;
615 4250 723 4291 non
770 4233 996 4303 imponit
1021 4232 1201 4295 enim,
1251 4231 1347 4286 sed
1393 4228 1772 4301 apprehendit,
1814 4236 1870 4284 et

253 4327 485 4384 suscitat
512 4335 803 4391 mortuam,
832 4324 1122 4381 ostenti-eos
1153 4323 1331 4378 ama-tia
1364 4321 1461 4391 ipsi
1494 4332 1742 4392 prompta
1768 4335 1867 4390 pa-

255 4430 483 4492 rataque
521 4435 663 4476 esse.
714 4417 900 4488 Neque
948 4416 1110 4473 modo
1151 4417 1393 4479 suscitat,
1436 4414 1530 4471 sed
1561 4413 1739 4470 cibum
1767 4413 1868 4483 ipsi

255 4516 390 4570 dare
413 4512 582 4585 lubet,
630 4525 698 4567 ne
725 4509 1003 4566 videretur
1047 4525 1134 4564 res
1167 4523 1290 4564 esse
1316 4505 1648 4578 phantasma.
1685 4503 1871 4574 Neque

257 4607 376 4671 ipse
404 4604 518 4667 dat,
548 4601 644 4658 sed
669 4601 806 4657 aiios
829 4600 963 4656 dare
1000 4599 1156 4670 jubet
1187 4615 1201 4652 :
1231 4595 1686 4669 quemadmodum
1723 4603 1777 4651 et
1802 4595 1872 4649 de

257 4696 466 4753 Lazaro
490 4693 565 4749 alt
597 4711 612 4750 :
647 4691 840 4748 Solvite
879 4691 1045 4749 illum.
1093 4701 1142 4745 et
1177 4691 1332 4746 sinite
1368 4689 1508 4742 abire
1552 4687 1730 4758 (lacn.
1779 4687 1868 4741 ll.

259 4787 379 4856 ιι).
411 4795 464 4842 et
495 4794 678 4855 postea
705 4799 912 4838 mensa:
940 4791 1248 4838 consortem
1277 4777 1459 4838 eﬂlcit.
1486 4778 1701 4834 Etenim
1729 4791 1872 4834 sein-

261 4896 360 4952 per
387 4891 674 4948 utrumque
698 4877 1054 4945 comprobare
1077 4875 1234 4938 solet,
1267 4883 1320 4928 et
1353 4884 1581 4928 mortem
1612 4881 1662 4926 et
1693 4884 1873 4924 resur-

259 4971 558 5028 rcctionem
601 4967 1000 5025 accuratissime
1028 4977 1312 5022 assertam.
1345 4964 1425 5022 Tu
1451 4979 1580 5019 vero
1609 4979 1679 5018 ne
1698 4962 1869 5018 solam

259 5067 707 5126 resurrectionem
735 5063 1038 5134 perpendas
1058 5061 1239 5128 velim,
1270 5059 1366 5116 sed
1390 5059 1552 5114 etiam
1571 5055 1713 5126 quod
1736 5070 1878 5127 prac-

257 5161 469 5232 ceperit
494 5169 552 5214 ut
586 5156 786 5213 nemini
815 5155 1088 5218 dicerent;
1131 5162 1186 5209 et
1213 5167 1310 5223 per
1350 5151 1530 5203 omnia
1559 5147 1759 5214 discas,
1793 5146 1872 5200 fa-

258 5263 404 5309 stum
435 5264 738 5320 vanamque
776 5248 1002 5318 gloriam
1033 5261 1162 5301 esse
1200 5243 1423 5299 omnino
1453 5239 1762 5297 vitandam:
1810 5239 1873 5294 il-

259 5345 465 5414 ludque
494 5351 751 5412 praeterea
776 5339 974 5404 discas,
1005 5338 1177 5405 ipsum
1199 5337 1443 5406 lugentes
1471 5344 1622 5389 extra
1649 5331 1871 5386 domum

258 5438 510 5507 eiecisse,
540 5443 702 5504 atque
730 5433 870 5487 velut
918 5428 1166 5499 indignos
1215 5428 1306 5480 tali
1349 5423 1661 5495 spectaculo
1691 5421 1872 5477 decla-

261 5543 434 5584 rasse.
462 5525 544 5581 'l‘u
582 5540 711 5578 vero
750 5538 817 5578 ne
846 5536 1010 5576 exeas
1049 5533 1170 5575 cum
1222 5516 1557 5579 tibicinibus;
1587 5512 1682 5570 sed
1715 5527 1873 5566 mane

259 5637 381 5677 cum
413 5619 596 5682 Petro,
620 5615 828 5670 Joanne
859 5622 916 5670 et
939 5613 1159 5668 Jacobo.
1196 5609 1328 5664 Nam
1357 5608 1400 5664 si
1431 5620 1557 5662 tunc
1583 5608 1702 5661 illos
1729 5605 1872 5659 foras

255 5712 436 5785 eiecit.
465 5705 641 5762 multo
663 5706 830 5776 magis
857 5718 998 5758 nunc
1026 5703 1076 5757 id
1103 5700 1277 5756 iaciat.
1301 5699 1449 5754 Tunc
1470 5699 1613 5753 enim
1632 5696 1872 5752 nondum

256 5806 430 5880 palam
459 5809 581 5861 erat
622 5808 851 5856 mortem
890 5799 998 5869 jam
1026 5809 1273 5852 somnum
1302 5807 1422 5850 esse
1467 5792 1659 5848 factum
1683 5808 1698 5846 :
1723 5801 1870 5843 nunc

1271 348 1338 404 lN
1377 347 1786 408 ΜΑττιιιευΜ
1829 350 2058 407 HOMIL.
2104 353 2297 411 XXXI.
2340 360 2412 415 al.
2455 361 2674 420 XXX".

3516 380 3582 436 57
3593 384 3620 439 ι

2008 478 2189 526 autem
2218 473 2334 542 ipso
2358 476 2475 532 sole
2516 479 2714 536 clarius
2743 491 2845 538 est.
2874 484 2942 540 At
2973 501 3117 544 nunc
3150 503 3257 546 non
3281 489 3443 548 ﬁliam
3473 503 3618 553 tuam

2007 562 2326 656 suscitavit?
2361 566 2467 622 Sed
2509 572 2790 629 suscitahit
2828 575 2971 631 illam
3007 592 3131 633 cum
3176 580 3384 653 majore
3425 586 3616 656 gloria.

2008 649 2098 706 llla
2135 656 2279 710 enim
2309 674 2432 729 qua:
2457 666 2715 729 surrexit,
2749 667 2943 723 iterum
2976 683 3186 729 mortua
3215 649 3333 741 est;
3368 649 3456 734 tua
3488 696 3619 736 vero

2004 757 2127 841 cum
2173 753 2505 818 surrexerit,
2553 759 2792 815 manebit
2830 761 3171 820 immortalis.
3217 766 3388 824 Nemo
3433 771 3615 841 itaque

2005 833 2264 906 deinceps
2286 839 2490 910 lugeat,
2507 846 3056 915 nequelamcntetur,
3079 865 3238 904 nemo
3274 854 3480 909 Clu-Isti
3519 833 3604 911 vi-

2003 926 2235 1018 ctoriam
2249 931 2782 992 calumnietur.Vicit
2794 938 2938 992 enim
2955 939 3042 995 ille
3052 951 3306 998 mortem.
3326 944 3467 1012 Quid
3479 961 3609 1018 ergo

2003 1012 2210 1074 frustra
2227 1020 2452 1090 ploras?
2469 1024 2614 1082 Mors
2632 1039 2864 1085 somnus
2876 1028 3069 1086 snecta
3088 1042 3195 1088 est.
3221 1032 3362 1100 Quid
3391 1012 3607 1092 lamen-

2002 1108 2131 1162 taris
2168 1119 2222 1163 et
2253 1110 2448 1182 luges?
2493 1113 2626 1171 lllud
2650 1118 2796 1173 enim
2843 1121 2889 1175 si
2932 1122 3164 1191 gentiles
3197 1125 3455 1192 facerent,
3492 1128 3614 1186 irrio

1999 1195 2163 1254 dendi
2192 1211 2376 1258 essent
2412 1224 2425 1261 :
2455 1219 2580 1262 cum
2609 1218 2792 1266 autem
2822 1210 2996 1269 lldelis
3016 1212 3120 1271 hoc
3148 1216 3374 1287 turpiter
3402 1218 3611 1289 fecerit,

1997 1303 2158 1357 quam
2180 1291 2400 1349 habebit
2423 1299 2869 1357 excusationem?
2893 1320 3014 1376 qum
3040 1309 3194 1363 venia
3216 1310 3320 1365 erit
3343 1311 3459 1368 btec
3484 1314 3613 1370 insi-

1997 1380 2210 1450 pienter
2237 1387 2524 1457 agentibus
2547 1404 2669 1462 post
2690 1403 2896 1451 tantum
2924 1401 3185 1469 temporis
3209 1413 3266 1457 et
3291 1403 3492 1460 claram
3522 1422 3580 1461 re

1996 1477 2347 1534 surrectionis
2371 1483 2787 1550 probationem?
2812 1489 2891 1544 Tu
2917 1505 3064 1558 vero,
3097 1507 3162 1548 ac
3193 1499 3238 1550 sl
3265 1497 3484 1554 studeas
3508 1499 3611 1556 hoc

1996 1577 2273 1658 peccatum
2302 1574 2657 1646 ampliﬁcare,
2688 1580 2932 1650 praebeas
2960 1584 3036 1653 (α)
3067 1585 3223 1642 nobis
3246 1589 3477 1658 gentiles
3513 1591 3610 1647 ad-

1995 1657 2168 1725 ducis,
2213 1663 2418 1719 luctum
2457 1668 2701 1725 excitans
2729 1681 2784 1726 et
2816 1671 3093 1732 fornacem
3138 1657 3434 1735 incendens
3465 1698 3480 1736 :
3509 1698 3610 1740 nec

1993 1751 2150 1808 audis
2195 1754 2422 1812 Paulum
2464 1757 2733 1818 dicentem
2766 1780 2781 1818 :
2819 1764 2950 1832 Qua
3002 1769 3219 1824 societas
3260 1769 3456 1828 Christi
3491 1790 3610 1830 cum

1993 1841 2204 1899 Betial.’
2227 1857 2318 1902 aut
2357 1865 2472 1919 qua
2496 1853 2663 1921 portio
2689 1854 2859 1922 ﬁdelis
2896 1873 3013 1912 cum
3051 1859 3252 1923 inﬁdeli
3291 1859 3368 1934 (2.
3396 1863 3514 1920 Cor.
3548 1866 3605 1922 8‘.

1997 1936 2087 2006 l5)
2105 1935 2130 1987 ἵ
2156 1936 2319 2022 Certe
2338 1941 2590 2011 gentiles,
2616 1945 2707 2015 qui
2734 1944 2866 2002 nihil
2887 1947 2958 2004 de
2986 1951 3388 2010 resurrectione
3405 1955 3605 2022 sciunt,

1991 2030 2311 2087 consolandi
2341 2041 2519 2090 tamen
2544 2035 2782 2094 rationes
2810 2039 3109 2107 inveniunt,
3154 2043 3398 2102 dicentes
3426 2063 3441 2101 :
3471 2045 3610 2102 For-

1993 2121 2120 2177 titer
2147 2121 2322 2190 feras;
2353 2140 2530 2195 neque
2573 2130 2778 2198 poteris
2807 2129 2858 2186 id
2897 2131 3041 2202 quod
3070 2132 3270 2189 factum
3300 2143 3403 2203 est,
3441 2135 3610 2194 infec-

1991 2225 2103 2271 tum
2133 2218 2386 2285 reddere,
2417 2221 2499 2276 vel
2543 2221 2794 2279 lamentis
2824 2240 2938 2280 rem
2967 2225 3215 2293 mutare;
3257 2237 3314 2283 tu
3341 2244 3474 2285 vero
3511 2232 3606 2302 qui

1988 2310 2319 2392 sublimioris
2361 2314 2700 2385 utiliorisqne
2731 2316 3093 2389 philosophia
3128 2330 3398 2392 praecepta
3424 2322 3602 2390 audis,

1989 2389 2111 2456 non.
2129 2401 2404 2458 erubescis
2447 2407 2687 2475 turpiora
2715 2423 2873 2475 quam
2903 2409 2977 2463 illi
3008 2411 3211 2480 agens?
3235 2389 3425 2482 Nequa
3449 2389 3596 2470 enim

1986 2493 2219 2549 dicimus
2249 2511 2348 2551 nos
2391 2514 2406 2550 :
2460 2497 2696 2554 Fortiter
2741 2498 2916 2566 feras;
2965 2517 3072 2555 non
3120 2517 3411 2574 possumus
3455 2507 3603 2564 enim

1985 2584 2129 2655 quod
2156 2584 2355 2641 factum
2385 2597 2470 2643 est
2495 2588 2750 2644 infectum
2788 2589 3048 2655 reddere;
3081 2591 3199 2659 sed,
3238 2592 3477 2651 Fortiter
3519 2594 3603 2653 fe-

1988 2692 2109 2740 ras;
2142 2693 2265 2734 nam
2293 2680 2516 2736 omnino
2545 2690 2823 2752 resurget;
2854 2682 3055 2737 dormit
3081 2683 3227 2739 enim
3258 2684 3458 2755 puella,
3491 2701 3603 2744 non

1985 2780 2194 2825 mortua
2222 2781 2308 2826 est
2337 2789 2349 2823 :
2381 2774 2628 2842 quiescit,
2659 2789 2761 2829 nec
2788 2775 2963 2845 periit.
2990 2774 3140 2830 Illam
3168 2777 3401 2848 excipiet
3430 2793 3603 2835 resur-

1985 2862 2185 2927 rectio,
2219 2861 2324 2915 vita
2368 2864 2719 2931 sempiterna,
2756 2865 3154 2934 immortalitas,
3185 2882 3306 2924 sors
3334 2869 3598 2940 angelica.

1982 2952 2099 3008 Non
2131 2954 2284 3010 audis
2311 2954 2583 3011 Psalmum
2611 2955 2903 3024 dicentem,
2932 2959 3251 3025 Convertere,
3272 2960 3447 3016 animo
3466 2979 3597 3029 mea,

1983 3043 2036 3096 in
2057 3045 2278 3114 requiem
2324 3054 2466 3099 tuam
2485 3087 2502 3112 ,
2548 3047 2668 3113 quia
2720 3047 2972 3103 Dominus
3019 3047 3264 3120 betiefecit
3305 3049 3393 3104 tibi
3423 3050 3598 3119 (Psal.

1985 3136 2107 3190 1M.
2140 3136 2193 3204 7)
2215 3136 2239 3190 ?
2265 3137 2404 3191 Deus
2428 3149 2660 3193 mortem
2688 3138 3007 3195 beneﬁcium
3044 3151 3221 3207 vocat,
3250 3153 3301 3196 et
3327 3151 3383 3197 tu
3415 3143 3600 3214 luges?

1985 3223 2051 3278 Et
2078 3225 2204 3295 quid
2234 3225 2466 3294 amplius
2488 3225 2694 3284 faceres
2724 3230 2768 3283 si
2800 3228 3035 3284 defuncti
3066 3232 3316 3287 inimicus
3345 3243 3398 3288 et
3427 3233 3601 3290 hostis

1982 3316 2168 3371 esses?
2186 3316 2244 3372 Si
2267 3317 2577 3388 lugendum,
2602 3319 2820 3374 diabolo
2842 3320 3132 3392 lugendum
3152 3333 3252 3379 est.
3281 3325 3373 3382 lllc
3391 3326 3594 3396 lugeat,

1983 3408 2074 3464 ille
2095 3409 2441 3472 lamentetur,
2473 3410 2598 3481 quia
2629 3411 2696 3466 ad
2724 3414 2930 3481 majora
2953 3412 3094 3469 bona
3126 3417 3420 3487 pergimus.
3451 3416 3595 3479 Illius

1983 3500 2217 3571 nequitia
2247 3499 2524 3572 dignaest
2551 3501 2813 3574 ejusmodi
2844 3505 3189 3572 lamentatio;
3213 3522 3371 3564 secus
3398 3517 3475 3573 tu,
3502 3513 3595 3581 qui

1979 3592 2046 3647 ad
2076 3604 2332 3650 coronam
2360 3601 2414 3648 et
2434 3595 2675 3664 requiem
2705 3595 2935 3654 vocaris.
2963 3595 3097 3652 Nam
3122 3610 3308 3668 portus
3334 3595 3604 3672 tranquil-

1980 3683 2066 3740 lus
2109 3699 2259 3740 mors
2301 3692 2403 3742 est.
2447 3683 2728 3755 Perpende
2757 3687 2917 3758 igitur
2949 3697 3081 3760 quot
3130 3691 3286 3746 malis
3327 3692 3483 3762 plena
3525 3693 3596 3749 sit

1978 3775 2084 3830 vita
2117 3789 2355 3845 praesens
2381 3792 2398 3833 :
2426 3778 2602 3849 cogita
2624 3779 2836 3848 quoties
2863 3781 2964 3848 ipsi
2986 3782 3351 3840 maledixeris.
3379 3784 3515 3841 Nam
3541 3788 3595 3844 in

1978 3866 2134 3937 pejus
2161 3881 2378 3938 semper
2415 3883 2504 3925 res
2543 3879 2860 3938 vertuntur,
2905 3880 3069 3945 atque
3109 3889 3138 3927 a
3171 3876 3437 3948 principio
3483 3894 3596 3936 non

1978 3959 2244 4016 modicam
2274 3959 2676 4018 damnationem
2722 3963 2947 4019 sortitus
2975 3978 3054 4020 es.
3095 3963 3162 4019 In
3187 3967 3469 4031 doloribus,
3513 3969 3596 4025 in-

1974 4049 2113 4119 quit,
2161 4051 2332 4118 paries
2371 4052 2507 4118 ﬁlios
2535 4051 2688 4120 (Gen.
2721 4053 2776 4108 '5.
2815 4053 2905 4125 16)
2938 4072 2951 4107 :
2981 4063 3058 4119 et,
3094 4054 3161 4111 In
3204 4057 3390 4114 sudore
3427 4061 3595 4116 cultus

1977 4143 2049 4193 tui
2078 4142 2306 4195 contedes
2330 4159 2512 4213 punctu
2536 4153 2682 4198 tuum
2707 4142 2812 4215 (Ib.
2847 4163 2896 4200 υ.
2926 4148 3015 4218 i7)
3041 4165 3055 4205 :
3081 4160 3155 4216 et,
3194 4151 3258 4202 lu
3284 4151 3479 4206 mundo
3504 4154 3596 4207 tri-

1976 4235 2286 4290 bulationem
2310 4235 2554 4290 habebitis
2579 4237 2759 4308 (Joan.
2783 4238 2872 4294 16.
2897 4239 3007 4311 53).
3037 4242 3106 4296 At
3131 4242 3200 4299 de
3220 4242 3413 4300 futuris
3433 4247 3595 4301 rebus

1978 4326 2110 4381 nihil
2160 4325 2468 4396 bujusmodi
2510 4327 2730 4392 dicitur,
2778 4330 2892 4385 imo
2933 4333 3265 4388 contrarium
3315 4350 3538 4403 prorsus
3576 4355 3592 4392 :

1980 4415 2177 4489 E/Tugit
2206 4418 2378 4485 dolor,
2399 4419 2607 4498 tristitia
2625 4429 2675 4474 et
2697 4421 2916 4491 gemitus
2945 4420 3104 4492 (Isai.
3128 4423 3222 4479 35.
3255 4424 3346 4493 £0)
3372 4443 3388 4480 ι
3414 4436 3490 4490 et,
3516 4428 3598 4482 Ab

1978 4510 2170 4566 oriente
2193 4519 2242 4565 et
2274 4511 2535 4567 occidente
2559 4512 2776 4576 venient,
2807 4522 2858 4567 et
2882 4516 3172 4571 recumbat
3191 4517 3246 4572 in
3276 4520 3394 4574 sinu
3424 4519 3594 4576 Abro-

1979 4604 2078 4668 lue,
2124 4615 2173 4657 et
2203 4602 2377 4668 Isaac,
2418 4615 2468 4659 et
2493 4603 2658 4660 λαιοῦ
2690 4605 2904 4677 (Matth.
2939 4609 2992 4665 8.
3039 4608 3131 4680 ll)
3162 4628 3177 4664 :
3209 4620 3265 4666 et
3294 4611 3404 4668 illic
3431 4627 3597 4681 spon-

1978 4709 2070 4750 sus
2096 4695 2413 4766 spiritualis,
2443 4696 2678 4753 lucerna:
2722 4698 2958 4771 fulgidae,
2991 4704 3271 4759 translatio
3292 4706 3344 4761 in
3376 4705 3592 4761 celum.

2052 4789 2105 4842 4.
2134 4786 2241 4842 Cur
2269 4800 2401 4854 ergo
2428 4796 2700 4844 mortuum
2729 4789 3032 4860 deturpas?
3069 4808 3168 4849 cur
3191 4793 3314 4850 aliis
3343 4795 3592 4852 lilltOft'm

1981 4887 2377 4948 tremoremque
2403 4884 2595 4938 mortis
2619 4885 2892 4938 accersis?
2921 4901 3020 4940 cur
3039 4888 3380 4943 occasionem
3409 4890 3590 4945 multis

1981 4971 2187 5040 praebes
2212 4972 2490 5029 incusandi
2518 4974 2711 5039 Deum,
2735 4987 2921 5046 utpote
2941 4980 3032 5048 qui
3056 4995 3246 5051 magna
3272 4979 3460 5038 fecerit
3479 4998 3596 5036 ma.

1989 5063 2068 5122 la?
2099 5063 2210 5118 lmo
2251 5079 2383 5121 vero
2416 5080 2514 5120 cur
2545 5075 2734 5137 postea
2773 5083 3041 5140 pauperes
3093 5086 3255 5127 vocas
3279 5113 3295 5140 ,
3327 5082 3382 5128 et
3407 5088 3590 5129 sacer-

1980 5156 2136 5212 dotes
2164 5171 2322 5228 rogas
2349 5158 2416 5212 ad
2448 5158 2815 5228 precandum?
2839 5162 2906 5220 Ut
2933 5163 2985 5217 in
3015 5164 3256 5235 requiem
3285 5166 3474 5234 abeat,
3500 5167 3592 5224 in.

1980 5253 2133 5323 quies
2153 5293 2167 5314 ,
2201 5251 2247 5307 is
2275 5251 2365 5321 qui
2393 5261 2638 5307 mortuus
2663 5263 2747 5309 est
2771 5295 2786 5319 ,
2819 5265 2877 5309 ut
2909 5258 3198 5326 propitiqu
3231 5257 3426 5314 habeat
3451 5259 3594 5329 judi-

1980 5361 2120 5400 cem.
2151 5345 2226 5400 Ea
2271 5346 2432 5414 igitur
2457 5345 2526 5401 de
2554 5361 2718 5401 causa
2762 5348 2941 5416 ploras
2970 5358 3024 5404 et
3071 5350 3418 5419 ingemiscis?
3449 5351 3596 5424 Ergo

1983 5448 2157 5492 tecum
2184 5439 2299 5508 ipse
2331 5454 2534 5507 pugnas
2555 5480 2571 5502 ,
2603 5453 2727 5493 cum
2752 5439 2827 5493 illi
2855 5449 3200 5510 tempestates
3229 5457 3385 5511 paras
3410 5445 3500 5513 qui
3523 5445 3594 5500 ad

1985 5540 2196 5599 portum
2218 5529 2365 5585 abiit.
2401 5529 2468 5584 Et
2493 5530 2622 5600 quid
2654 5531 2881 5586 faciam?
2909 5533 3153 5602 inquies:
3187 5535 3239 5588 id
3267 5544 3455 5589 natura
3480 5537 3595 5591 exi-

1981 5624 2076 5691 git.
2119 5621 2234 5676 Non
2265 5629 2350 5677 est
2388 5631 2595 5677 naturae
2632 5624 2788 5693 culpa
2829 5638 3005 5692 neque
3042 5639 3226 5679 rerum
3265 5626 3466 5690 seriei;
3498 5627 3592 5683 sed

2045 5734 2119 5797 (ιι)
2143 5734 2430 5798 ῡελριοςεῦω
2452 5734 2568 5798 vide
2585 5736 2829 5798 Antiquit.
2852 5742 2906 5785 Τ.
2927 5737 2981 5795 5,
3002 5749 3050 5798 p.
3069 5737 3149 5798 ii,
3175 5739 3316 5789 etde
3339 5736 3594 5792 me»

1984 5795 2084 5846 tem
2110 5795 2312 5859 pretiose
2335 5795 2738 5862 Supplementum
2758 5805 2810 5848 τ.
2833 5799 2886 5858 5.
2907 5812 2956 5862 p.
2984 5795 3060 5849 η.
