4104 6308
539 393 646 450 5τὸ

545 525 641 565 nos
661 505 751 576 qui
774 495 952 556 omnia
975 507 1066 550 sus
1086 489 1260 558 deque
1281 484 1553 576 vertimus.
1582 473 1772 530 molles
1790 465 2013 576 nimium

547 553 993 663 nuisT-nostram
1040 553 1318 655 prodimus
1359 571 1723 663 nobilitatem,
1778 570 1858 663 et"

544 648 840 748 delet-viores
880 648 1122 735 facimus.
1161 665 1440 739 Quomodo
1468 661 1610 717 enim
1643 652 1899 748 cumalio
1926 648 2123 748 denitu-

547 738 870 835 mormliute
890 761 1253 823 disseremus?
1270 772 1372 828 qua
1398 752 1606 808 ratione
1626 745 1874 819 gentilem
1895 740 1960 793 ad
1983 738 2127 792 illam

544 866 867 924 credendam
892 858 1223 917 inducemus,
1264 862 1388 903 cum
1413 843 1582 913 magis
1602 854 1759 911 quam
1786 835 1875 890 ille
1900 838 2128 886 mortem

544 963 860 1015 horreamus
901 958 955 1006 et
982 942 1300 1002 timeamus?
1342 938 1491 993 Multi
1517 943 1662 991 certe
1688 946 1753 986 ex
1798 924 2125 1015 gentilibus,

545 1051 633 1116 qui
681 1041 1132 1103 immortalitatem
1174 1048 1280 1089 non
1323 1026 1655 1116 credebant,
1684 1018 1921 1116 mortuis
1968 1014 2127 1116 ﬁliis,

547 1110 792 1210 imposita
814 1134 914 1190 sibi
935 1143 1132 1188 corona
1157 1127 1256 1199 (a),
1278 1131 1480 1178 vestem
1507 1114 1785 1172 candidam
1819 1110 2127 1210 induerunt,

546 1197 603 1288 ut
625 1197 1214 1301 prtese'ntem'gloriam
1261 1217 1689 1280 aucuparentur;
1723 1213 1777 1258 tu
1808 1215 1936 1257 vero
1966 1213 2033 1254 ne
2051 1197 2132 1301 Iob

548 1289 777 1379 futuram
815 1289 1032 1386 quidem
1076 1308 1300 1379 gloriam
1328 1314 1511 1357 cessas
1537 1296 1842 1353 eﬂ‘eminato
1870 1305 2022 1346 more
2051 1289 2128 1341 la-

549 1410 798 1478 mentari,
819 1417 874 1464 et
894 1406 1166 1476 plangere.
1190 1397 1297 1455 Sed
1325 1392 1577 1449 heredem
1612 1404 1717 1444 non
1747 1386 1928 1448 habes,
1958 1394 2133 1478 neque

548 1470 951 1561 successorem?
975 1470 1110 1560 Quid
1141 1502 1267 1543 vero
1296 1485 1481 1547 malis,
1514 1482 1774 1535 bonorum
1800 1486 2011 1528 tuorum
2039 1470 2131 1523 he-

547 1595 730 1653 redem
760 1604 881 1647 esse
900 1628 914 1653 ,
947 1600 1013 1639 an
1044 1577 1334 1637 caelorum?
1362 1573 1487 1647 quid
1530 1572 1717 1635 malis,
1748 1583 1814 1621 an
1848 1574 1903 1619 ut
1930 1564 2017 1618 ille
2044 1573 2131 1616 tua

550 1685 779 1753 excipiat
803 1681 959 1742 bona,
990 1688 1108 1745 quae
1140 1669 1289 1725 brevi
1319 1662 1665 1734 relinquenda
1702 1668 1887 1753 erunt,
1912 1670 1979 1753 an
2013 1668 2130 1753 ma.-

552 1744 732 1831 nent'ia
755 1779 1060 1837 meritaque
1088 1761 1264 1819 bona?
1292 1759 1442 1813 Illum
1468 1753 1717 1809 heredem
1740 1762 1845 1803 non
1876 1744 2129 1810 habuisti,

551 1867 646 1922 sed
672 1859 855 1919 habuit
897 1860 1036 1914 Deus
1064 1874 1075 1909 :
1110 1868 1214 1907 non
1241 1849 1334 1904 fuit
1362 1847 1587 1902 coheres
1614 1842 1837 1896 fratrum
1870 1850 2089 1891 suorum
2114 1875 2127 1896 ,

552 1958 645 2014 sed
675 1956 774 2011 fuit
799 1951 1015 2011 Christi.
1036 1948 1117 2003 Et
1138 1944 1223 2000 cui
1247 1950 1446 2007 vestes,
1476 1936 1705 2005 inquies,
1733 1932 1817 1987 cui
1845 1928 1988 1985 mdes
2008 1970 2023 1993 ,
2048 1926 2132 1980 cui

554 2062 737 2104 servos
780 2053 833 2100 et
880 2056 1034 2113 agros
1074 2031 1475 2105 relinquemus?
1518 2029 1618 2099 ipsi
1650 2024 1924 2096 profecto,
1956 2030 2011 2077 et
2058 2019 2137 2073 sic

554 2142 715 2196 tutius
745 2149 971 2205 repones
994 2174 1008 2194 ,
1040 2144 1195 2200 quam
1224 2127 1269 2181 si
1299 2126 1538 2186 viveret;
1574 2118 1706 2173 nihil
1731 2116 1929 2187 quippe
1957 2113 2133 2167 tuim-

554 2230 718 2302 pedit.
748 2228 878 2282 Nam
904 2225 953 2279 si
980 2219 1189 2275 barbari
1219 2233 1322 2272 una
1346 2230 1466 2271 cum
1491 2209 1759 2268 defunctis
1787 2222 1872 2262 res
1896 2207 2131 2285 ipsorum

552 2298 792 2376 cremare
815 2315 990 2370 solent
1008 2352 1022 2376 ,
1051 2310 1217 2364 multo
1242 2308 1412 2377 magis
1434 2316 1484 2361 te
1505 2320 1600 2374 par
1623 2309 1706 2357 est
1729 2300 1794 2355 ad
1822 2298 2131 2353 defunctum

555 2411 763 2464 mittere
790 2422 851 2460 ea
882 2419 999 2472 qua:
1029 2401 1092 2455 ad
1123 2401 1297 2469 ipsum
1347 2397 1650 2467 pertinent,
1681 2407 1786 2447 non
1816 2401 1875 2445 ut
1902 2390 1953 2442 in
1980 2388 2132 2441 cine-

552 2516 664 2556 rem
695 2498 1016 2553 reducantur
1045 2504 1102 2548 ut
1132 2494 1215 2547 illa
1239 2534 1253 2557 ,
1282 2491 1375 2545 sed
1403 2500 1459 2543 ut
1502 2488 1758 2555 majorem
1799 2484 1873 2538 illi
1910 2481 2134 2553 gloriam

553 2590 798 2661 pariant;
829 2592 883 2639 et
906 2585 953 2638 si
983 2593 1228 2652 peccator
1252 2581 1504 2641 decessit,
1529 2586 1586 2630 ut
1614 2584 1829 2646 peccata
1856 2573 2133 2633 cluantur;

550 2683 595 2738 si
621 2682 818 2751 justus,
846 2687 903 2733 ut
932 2677 1006 2731 illi
1030 2673 1291 2729 mercedis
1316 2687 1377 2726 ac
1399 2668 1762 2725 retributionis
1788 2674 2131 2751 augmentum

552 2770 789 2827 accedat.
821 2769 890 2821 At
918 2766 1099 2821 videre
1126 2764 1299 2833 ipsum
1324 2759 1632 2816 desideras?
1678 2755 1936 2811 Eamdem
1977 2753 2136 2823 igitur

553 2875 713 2931 quam
744 2858 857 2927 ipse
893 2854 1057 2910 vitam
1089 2852 1320 2921 transige
1344 2891 1360 2917 ,
1401 2858 1455 2903 et
1482 2848 1589 2902 cito
1618 2847 1707 2900 illa
1750 2859 1900 2899 sacra
1932 2842 2134 2895 visione

551 2949 765 3005 frueris.
793 2945 923 3001 illud
953 2946 1113 2999 etiam
1140 2943 1313 3011 cogita
1335 2980 1349 3004 ,
1384 2948 1435 2995 te
1460 2939 1503 2993 si
1527 2952 1625 2992 nos
1646 2949 1754 2990 non
1782 2933 2047 2991 audieris,
2084 2932 2134 2983 in

553 3042 730 3097 futuro
758 3039 807 3093 id
851 3037 1068 3090 omnino
1098 3042 1442 3101 experturum
1467 3044 1607 3083 esse.
1635 3026 1833 3081 Verum
1866 3024 2012 3078 nulla
2043 3022 2135 3076 tibi

552 3146 759 3187 merces
788 3131 888 3185 erit
917 3147 927 3181 :
964 3140 1083 3180 nam
1110 3140 1141 3178 a
1171 3122 1426 3193 temporis
1456 3119 1800 3174 diuturnitate
1837 3114 2138 3171 consolatio

498 3255 503 3259 ο
556 3225 646 3280 illa
671 3224 761 3278 tibi
789 3220 1023 3277 accedet.
1056 3218 1111 3273 Si
1137 3230 1296 3287 perm
1322 3229 1463 3269 nunc
1489 3209 1853 3282 philosophari
1879 3208 2134 3272 volueris,

554 3318 660 3372 duo
690 3314 954 3386 prtecipua
997 3309 1321 3372 lueraberis;
1356 3317 1407 3360 te
1433 3306 1627 3374 quippe
1657 3319 1685 3358 a
1716 3304 1874 3358 malis
1904 3302 2136 3357 circum-

558 3408 821 3464 stantibus
847 3419 1034 3470 erues,
1063 3413 1116 3457 et
1145 3399 1503 3471 splendidiore
1540 3412 1736 3451 corona
1766 3412 1796 3451 a
1827 3396 1938 3449 Deo
1966 3393 2135 3447 dona-

559 3501 719 3554 beris.
746 3496 1152 3565 Elecrnosynam
1175 3492 1316 3547 enim
1339 3490 1640 3557 multasque
1662 3489 1795 3541 alias
1812 3490 2032 3541 virtutes
2049 3500 2140 3539 su-

556 3598 707 3657 perat
736 3585 1094 3643 calamitatum
1137 3580 1436 3637 tolerantia.
1468 3580 1649 3650 Cogita
1684 3580 1853 3648 ipsum
1902 3575 1993 3632 Dei
2039 3576 2137 3631 Fi-

556 3680 980 3732 lium'murtuum
1010 3688 1162 3737 esse;
1196 3672 1283 3725 ille
1316 3686 1414 3740 pro
1447 3680 1498 3725 te
1539 3680 1777 3723 mortuus
1806 3678 1886 3723 est
1907 3709 1922 3733 ,
1959 3678 2011 3721 tu
2045 3683 2141 3736 pro

557 3771 747 3838 teipso.
779 3768 915 3821 Dixit
938 3775 1114 3820 autem
1139 3783 1150 3816 :
1184 3763 1245 3818 Si
1272 3762 1504 3832 possibile
1531 3770 1624 3825 est,
1656 3771 1876 3814 transeat
1898 3778 1929 3813 a
1950 3777 2028 3813 me
2050 3776 2139 3813 ca-

559 3860 632 3914 lix
656 3860 745 3912 iste
768 3857 990 3929 (Matth.
1014 3856 1103 3910 ‘26.
1132 3853 1241 3924 59)
1269 3872 1280 3906 :
1313 3868 1374 3907 ac
1403 3854 1615 3906 tristitia
1642 3867 1979 3921 mmroreque
2005 3852 2138 3906 affe-

557 3960 677 4005 ctus
705 3958 930 4003 mortem
962 3962 1065 4002 non
1111 3946 1325 4015 eﬂ‘ugit,
1362 3944 1455 3999 sed
1486 3946 1644 4017 etiam
1690 3945 1931 4013 plurimis
1974 3954 2144 3999 tortus

559 4042 912 4102 cruciatibus,
956 4048 1179 4092 mortem
1220 4036 1382 4090 subiit
1420 4051 1524 4089 non
1565 4036 1836 4104 vulgarem
1860 4078 1874 4099 ,
1904 4038 1996 4089 sed
2028 4051 2144 4090 om-

560 4136 708 4187 nium
748 4130 1106 4198 turpissimam
1142 4147 1155 4183 :
1197 4137 1253 4183 et
1289 4136 1411 4182 ante
1464 4118 1690 4181 mortem
1736 4126 1943 4196 ﬂagella
1973 4170 1985 4192 ,
2019 4137 2144 4183 ante

561 4224 765 4294 ﬂagella
800 4238 926 4276 vero
970 4220 1207 4274 convicia
1232 4261 1246 4282 ,
1278 4218 1576 4273 derisiones
1598 4259 1610 4279 ,
1658 4218 2007 4271 contumelias
2032 4257 2046 4283 ,
2094 4229 2145 4271 te

562 4316 846 4370 instituens
881 4312 945 4365 ad
985 4312 1160 4366 omnia
1196 4309 1403 4363 fortiter
1441 4308 1677 4363 ferenda.
1710 4307 1814 4363 Sed
1852 4318 1970 4377 post
2000 4325 2144 4362 mor-

564 4418 690 4469 tem,
725 4414 1003 4475 postquam
1034 4417 1227 4470 corpus
1255 4400 1595 4467 deposuerat,
1630 4398 1756 4453 illud
1788 4414 1907 4453 cum
1944 4401 2145 4469 majore

564 4499 734 4568 gloria
784 4490 1101 4565 resumpsit,
1147 4504 1299 4562 teque
1326 4491 1461 4546 bona
1491 4506 1586 4561 spe
1614 4490 1778 4545 fulcit.
1814 4490 1938 4545 Haec
1965 4493 2007 4545 si
2040 4509 2146 4547 non

567 4587 741 4642 fabula
790 4597 913 4640 sunt
938 4625 953 4651 ,
983 4601 1050 4639 ne
1079 4584 1255 4653 plores
1284 4601 1297 4637 :
1334 4582 1447 4636 haec
1476 4583 1519 4634 si
1548 4582 1823 4636 credibilia
1852 4593 2006 4651 putas
2033 4626 2045 4649 ,
2082 4601 2147 4638 ue

568 4678 878 4750 lacrymerls
903 4693 919 4739 ς
951 4677 994 4730 si
1022 4692 1147 4730 vero
1174 4674 1382 4731 ﬂeveris
1404 4716 1418 4739 ,
1449 4666 1718 4744 quom'odo
1748 4675 1946 4741 poteris
1983 4677 2150 4745 genti-

569 4770 705 4824 libus
738 4768 1059 4837 persuadere
1096 4778 1145 4819 tu
1176 4781 1298 4820 vere
1328 4765 1585 4819 credere?

640 4861 690 4913 5.
732 4858 918 4911 Mortui
944 4874 1042 4910 non
1073 4857 1180 4910 sine
1204 4855 1353 4909 modo
1379 4856 1599 4924 lugendi.
1634 4885 1701 4893 —-
1733 4856 1797 4907 At
1840 4856 1928 4908 tibi
1972 4857 2146 4909 adhuc

572 4948 918 5004 intolerabilis
962 4960 1118 5000 casus
1149 4946 1234 4998 ille
1265 4944 1505 4998 videtur?
1555 4944 1692 5012 Ergo
1739 4959 1842 4996 non
1890 4944 2148 5014 lugendus

574 5042 691 5096 ideo
719 5038 807 5090 ille
833 5044 933 5098 est,
962 5036 1047 5105 qui
1078 5051 1105 5088 a
1139 5044 1216 5088 tot
1240 5035 1627 5090 calamitatibus
1653 5035 1761 5103 jam
1784 5045 1863 5088 est
1893 5037 2040 5089 liber.
2072 5038 2149 5091 Ne

567 5134 748 5198 itaque
794 5126 890 5194 ipsi
941 5125 1197 5180 invideas.
1247 5124 1377 5179 Nam
1428 5126 1517 5179 tibi
1549 5126 1618 5178 ob
1665 5127 2001 5180 immaturum
2034 5129 2149 5195 ejus

570 5220 775 5273 obitum
804 5226 1028 5270 mortem
1062 5218 1247 5285 optare
1271 5258 1285 5283 ,
1320 5217 1803 5286 lugerequeh‘quia
1847 5233 1952 5270 non
1980 5220 2103 5273 vivit
2132 5263 2145 5283 ,

572 5322 629 5364 ut
661 5310 783 5363 talia
815 5310 977 5363 multa
1028 5311 1289 5378 patiatur,
1333 5310 1491 5363 invidi
1538 5320 1683 5365 certe
1728 5318 1828 5363 est.
1876 5311 1990 5365 Noli
2023 5329 2150 5382 ergo

575 5412 807 5470 cogitare
847 5400 1017 5468 ipsum
1060 5415 1345 5469 numquam
1384 5399 1598 5453 domum
1649 5413 1766 5453 esse
1813 5400 2147 5468 rediturum,

640 5552 711 5613 (τι)
750 5549 825 5597 De
848 5549 1164 5614 Xenophonte
1184 5552 1375 5609 dicitur,
1404 5554 1556 5614 ipsum
1580 5566 1689 5603 cum
1713 5564 1969 5605 coronatus
2007 5558 2153 5605 sacri-

575 5611 759 5676 ﬂairet,
784 5618 838 5658 ut
853 5611 1031 5676 audivit
1052 5611 1197 5676 ﬁlium
1220 5615 1267 5661 in
1290 5611 1531 5663 Manti’uzea
1560 5628 1716 5676 pugna
1738 5618 1990 5675 cecidisse,
2018 5631 2152 5667 coro-

577 5685 689 5722 nam
722 5673 1033 5739 deposuisse,
1084 5675 1165 5739 ubi
1202 5686 1317 5739 vero
1361 5676 1536 5739 acriter
1561 5673 1875 5737 pugnantem
1912 5673 2153 5729 corruisse

578 5735 829 5793 conmorit,
859 5746 1078 5782 coronam
1094 5735 1269 5784 iterum
1292 5736 1433 5797 capiti
1458 5735 1756 5797 imposuisse.

1244 376 1302 427 S.
1343 362 1620 425 JOANNIS
1657 342 2136 414 CIIBYSOSTOMI
2181 340 2498 397 ARCIIIEP.
2542 333 3081 396 CONSTANTINOP.

3727 325 3824 383 576

2231 454 2326 510 sed
2358 463 2410 509 te
2450 453 2601 509 brevi
2646 451 2712 508 ad
2744 453 2891 510 illum
2933 466 3055 508 esse
3093 451 3463 523 migraturum.
3503 448 3585 505 Ne
3622 448 3827 517 cogites

2233 548 2406 617 ipsum
2436 560 2541 601 non
2574 545 2713 601 ultra
2744 545 2849 601 huc
2875 559 2998 602 esse
3026 552 3312 599 venturum
3333 585 3349 609 ,
3378 541 3475 597 sed
3505 541 3683 611 cogita
3718 539 3826 594 hac

2233 636 2461 692 \‘isihilia
2484 652 2588 691 non
2621 638 2693 692 ita
2717 646 2775 692 ut
2797 643 2923 693 sunt
2950 650 3202 691 mansura
3226 676 3242 701 ,
3270 636 3366 693 sed
3395 634 3824 693 'nnsformanda

2231 744 2373 785 esse.
2404 728 2533 784 Nam
2576 729 2773 785 omium
2797 771 2812 797 ,
2843 736 3014 791 terra,
3041 742 3191 783 mare
3234 736 3290 782 et
3332 729 3510 784 omnia
3558 738 3827 783 transmu-

2233 829 2447 887 tantur,
2498 832 2735 893 tuncque
2772 821 2940 876 filium
2979 831 3129 876 tuum
3167 824 3398 892 recipies
3429 822 3621 892 majori
3645 820 3817 891 gloria

2236 923 2557 969 coronatum
2578 914 2704 970 ¹.Ει
2722 911 2769 968 si
2793 913 3015 983 quidem
3050 922 3307 983 peccator
3335 914 3469 967 abiit
3493 953 3508 975 .
3556 912 3821 982 nequitia:

2234 1018 2423 1059 cursus
2444 1004 2769 1073 interceptus
2786 1002 2904 1067 fuit;
2927 1016 3105 1079 neque
3120 1001 3264 1055 enim
3283 1000 3328 1057 si
3343 1001 3658 1071 mutandum
3680 1001 3830 1058 illum

2236 1094 2353 1150 fore
2380 1095 2521 1150 Deus
2548 1094 2883 1165 pratvidisset
2903 1133 2920 1158 ,
2952 1092 3098 1147 illum
3128 1100 3253 1147 ante
3285 1092 3656 1162 ptenitentiazn
3689 1093 3833 1147 abri.

2238 1186 2439 1257 puisaet
2458 1202 2473 1250 ;
2491 1186 2535 1239 si
2561 1199 2687 1240 vero
2701 1184 2879 1254 justus
2896 1184 3176 1250 discessit,
3207 1183 3260 1237 in
3283 1192 3399 1237 tuto
3426 1183 3565 1239 bona
3585 1199 3685 1238 sua
3709 1198 3832 1254 pos-

2236 1277 2386 1334 sidet.
2462 1276 2617 1333 Unde
2676 1276 3014 1331 manifestum
3072 1285 3155 1332 est
3206 1276 3478 1348 lacrymas
3543 1286 3667 1333 tuas
3723 1292 3833 1333 non

2236 1384 2355 1425 esse
2408 1370 2671 1441 laeryrnas
2718 1370 2941 1432 amoris,
2993 1370 3088 1425 sed
3145 1369 3528 1427 irrationabilis
3580 1371 3834 1427 aﬂ'eetus.

2234 1460 2367 1515 Nam
2414 1461 2457 1515 si
2507 1462 2816 1516 defunctum
2869 1475 3082 1516 amares
3110 1503 3126 1527 ,
3172 1461 3406 1531 gaudere
3453 1472 3730 1531 oporteret
3780 1473 3839 1519 et

2236 1554 2447 1617 laetari,
2498 1554 2641 1625 quod
2692 1569 2723 1608 a
2762 1555 3115 1624 prresentibus
3166 1553 3413 1610 ﬂuctibus
3464 1556 3537 1610 sit
3591 1564 3836 1625 ereptus.

2235 1647 2374 1716 Quid
2434 1648 2576 1703 enim
2637 1649 2905 1717 amplius,
2975 1663 3198 1717 qitmso,
3260 1647 3446 1703 videre
3506 1649 3635 1703 est?
3696 1648 3841 1715 Quid

2239 1743 2508 1798 insolitum
2576 1752 2631 1797 et
2695 1743 2937 1798 novum?
3001 1742 3190 1797 Nonne
3254 1742 3443 1797 eadem
3515 1744 3627 1812 ipsa
3696 1759 3840 1813 quo-

2238 1836 2365 1890 tidie
2385 1836 2585 1889 revolvi
2608 1833 2886 1890 videmus?
2911 1834 3057 1889 Diem
3086 1848 3190 1887 nox
3214 1833 3433 1902 exeipit,
3459 1844 3669 1889 noctem
3694 1835 3839 1899 dies,

2237 1926 2471 1981 hiemem
2513 1934 2704 1992 aestas,
2725 1934 2974 1981 testatem
3008 1926 3179 1980 hiems
3201 1968 3214 1989 ,
3248 1934 3302 1981 et
3330 1925 3458 1979 nihil
3490 1928 3740 1995 amplius.
3773 1925 3843 1980 Et

2239 2017 2353 2072 htec
2378 2016 2590 2087 quidem
2612 2032 2828 2087 semper
2854 2016 3040 2073 eadem
3073 2034 3086 2070 :
3118 2016 3255 2071 mala
3286 2032 3412 2072 vero
3441 2031 3658 2087 semper
3686 2019 3843 2074 inso-

2236 2108 2327 2163 lita
2371 2116 2426 2163 et
2466 2124 2623 2162 nova.
2672 2108 2799 2163 Hac
2838 2124 2970 2179 ergo
3011 2109 3228 2165 volebas
3255 2108 3402 2163 illum
3432 2111 3673 2180 quotidie
3699 2112 3844 2165 bau-

2237 2203 2343 2258 rire
2372 2205 2433 2266 ’,
2475 2211 2529 2257 et
2573 2202 2658 2257 hic
2698 2217 2944 2266 manere,
2993 2214 3285 2272 :rgrotare,
3338 2203 3554 2274 lugere,
3608 2205 3843 2271 timere,

2239 2304 2503 2359 tremere,
2550 2304 2606 2350 et
2650 2295 2753 2348 alia
2803 2294 2927 2349 mali
2966 2294 3109 2365 pati,
3151 2294 3254 2349 alia
3293 2293 3625 2349 formidare?
3652 2294 3848 2363 Neque

2238 2385 2379 2439 enim
2403 2386 2580 2439 dicere
2609 2386 2771 2449 ausis,
2805 2385 3043 2455 potuisse
3068 2386 3217 2440 illum
3246 2387 3460 2455 longum
3488 2385 3589 2441 hoc
3618 2386 3848 2456 pelagus

2242 2476 2625 2545 trajicientem,
2657 2476 2977 2532 mceroribus
3016 2476 3563 2545 sollicitudinibusque
3606 2491 3845 2530 vacuum

2241 2582 2382 2624 esse.
2409 2566 2488 2621 Ad
2516 2568 2632 2622 hzcc
2658 2568 2925 2637 perpende
2953 2576 3003 2621 te
3031 2584 3135 2622 nou
3164 2568 3414 2638 genuisse
3445 2569 3843 2635 immortalem;

2239 2674 2301 2713 ac
2321 2659 2364 2712 si
2396 2674 2500 2712 non
2527 2661 2636 2727 jam
2666 2668 2906 2714 mortuus
2926 2669 3086 2721 esset.
3121 2660 3278 2728 paulo
3306 2668 3487 2729 postea
3517 2662 3847 2716 moriturum

2239 2749 2421 2804 fuisse.
2468 2752 2535 2805 At
2577 2767 2679 2805 non
2708 2752 2931 2808 satiatus
2952 2768 3074 2808 eras
3104 2752 3246 2806 illius
3271 2754 3702 2809 consuetudine?
3724 2752 3851 2810 Sed

2241 2846 2311 2899 ibi
2329 2862 2541 2917 semper
2564 2849 2653 2903 illo
2678 2848 2888 2904 frueris.
2920 2851 2987 2903 At
3018 2850 3184 2905 velles
3212 2848 3296 2905 hic
3325 2848 3496 2919 ipsum
3522 2851 3742 2906 videre?
3774 2850 3853 2906 Et

2240 2939 2365 3006 quid
2411 2941 2593 2993 vetat?
2630 2939 2779 2995 Licet
2824 2940 2917 2995 tibi
2966 2940 3115 2994 illum
3147 2940 3348 3006 videre,
3380 2941 3423 2995 si
3458 2942 3633 3011 sapias
3664 2959 3678 2996 :
3709 2955 3855 3011 spes

2242 3031 2385 3085 enim
2432 3031 2727 3087 futurorum
2777 3034 2893 3101 ipso
2934 3033 3047 3087 visu
3091 3033 3287 3088 clarior
3314 3042 3414 3088 est.
3445 3032 3523 3087 Tu
3555 3048 3680 3088 vero
3704 3035 3748 3087 si
3786 3034 3852 3089 in

2243 3124 2389 3193 regia
2432 3132 2609 3189 esset,
2662 3125 2838 3195 ibique
2886 3124 3137 3191 ﬂoreret,
3187 3140 3292 3178 non
3342 3125 3629 3195 quaesisses
3685 3126 3854 3180 illum

2244 3214 2425 3270 videre
2471 3232 2486 3268 :
2531 3230 2595 3269 ac
2639 3230 2759 3269 cum
2797 3216 2862 3269 ad
2892 3216 3046 3286 longe
3073 3216 3350 3271 meliorem
3378 3226 3579 3272 sortem
3604 3216 3804 3272 abierit
3834 3259 3854 3283 ,

2244 3314 2460 3375 propter
2490 3321 2709 3375 parvum
2739 3306 2994 3362 absentire
3027 3314 3234 3378 tempus
3258 3308 3437 3363 animo
3465 3308 3679 3372 deﬁcis,
3709 3324 3860 3366 cum

2245 3400 2479 3455 maxime
2521 3408 2824 3455 consortem
2867 3410 3040 3456 tecum
3088 3401 3326 3456 habeas?
3366 3401 3472 3457 Sed
3520 3402 3688 3457 virum
3723 3417 3861 3459 non

2249 3491 2455 3546 habes?
2480 3491 2548 3545 At
2590 3493 2981 3547 consolatorem
3028 3492 3194 3548 habes
3227 3493 3438 3547 Patrem
3472 3493 3861 3563 orphanorum

2248 3591 2303 3638 et
2329 3582 2570 3638 Judicem
2604 3583 2905 3638 viduarum.
2937 3582 3075 3638 Audi
3105 3584 3326 3639 Paulum
3359 3584 3498 3640 hanc
3526 3584 3863 3642 viduitatem

2248 3673 2455 3728 beatam
2486 3674 2870 3745 praedicantem
2896 3712 2911 3739 ,
2954 3689 3016 3729 ac
3042 3674 3309 3730 dicentem
3344 3695 3356 3729 :
3390 3675 3518 3742 Qui:
3540 3687 3700 3731 autem
3722 3691 3867 3734 vero

2246 3766 2398 3819 vidua
2426 3775 2565 3820 estet
2592 3753 2822 3820 solitaria
2847 3766 3065 3833 sperauit
3093 3768 3145 3820 in
3174 3766 3396 3823 Domino
3418 3771 3497 3839 (1.
3520 3769 3650 3825 Tim.
3681 3772 3730 3826 5.
3751 3771 3862 3843 5).

2248 3856 2460 3912 Etenim
2493 3856 2608 3911 haec
2638 3857 2912 3925 probatior
2938 3857 3056 3922 erit,
3082 3873 3201 3926 quas
3233 3860 3488 3927 majorem
3514 3861 3835 3919 exhibuerit

2250 3947 2577 4015 patientiam.
2616 3946 2729 4001 Noli
2763 3948 2920 4017 igitur
2946 3947 3128 4018 lugere
3156 3949 3223 4003 de
3249 3965 3309 4005 ea
3339 3965 3397 4005 re
3422 3966 3539 4021 qua:
3567 3953 3655 4007 tibi
3683 3967 3867 4007 coro-

2249 4054 2371 4093 nam
2415 4049 2599 4109 parat.
2645 4039 2712 4095 de
2756 4056 2856 4109 qua
2905 4041 3208 4095 mercedem
3257 4043 3511 4112 postulas.
3542 4044 3867 4105 Reddidisti

2248 4131 2391 4186 enim
2436 4130 2776 4199 depositum,
2810 4132 2853 4185 si
2887 4132 2937 4185 id
2964 4132 3104 4201 quod
3138 4132 3228 4187 tibi
3258 4134 3519 4189 creditum
3542 4145 3654 4191 erat
3681 4136 3867 4192 exhi-

2248 4221 2433 4276 buistl.
2458 4220 2536 4275 Ne
2565 4222 2638 4275 sis
2670 4237 2799 4291 ergo
2823 4223 3048 4277 sollicita
3069 4265 3084 4288 ,
3114 4224 3160 4279 si
3194 4224 3244 4277 in
3271 4222 3525 4280 thesauro
3550 4227 3867 4285 inviolabili

2250 4314 2392 4386 quod
2435 4314 2748 4385 possidebas
2788 4315 3097 4385 deposuisti.
3131 4315 3187 4372 Si
3220 4331 3380 4386 porro
3408 4317 3690 4381 didiceris,
3717 4335 3871 4390 qua:

2251 4409 2320 4463 sit
2345 4422 2579 4478 praesens
2601 4408 2701 4461 vita
2728 4423 2879 4477 ,quaa
2911 4408 3121 4473 futura;
3151 4409 3405 4480 quodque
3426 4410 3538 4465 haec.
3559 4411 3626 4464 sit
3644 4426 3868 4471 aranea

2251 4506 2307 4552 et
2322 4498 2526 4565 umbra,
2544 4497 2720 4552 omnia
2740 4513 2866 4551 vero
2891 4512 3011 4567 qua:
3036 4500 3086 4551 in
3104 4499 3189 4552 illa
3208 4508 3352 4564 sunt,
3383 4500 3598 4555 immota
3622 4501 3871 4558 immor.

2255 4573 2509 4659 taliaque,
2541 4605 2645 4642 non
2692 4590 2797 4642 alio
2826 4590 3005 4659 egebis
3052 4603 3323 4644 sermone.
3352 4589 3505 4646 Nunc
3530 4592 3667 4646 enim
3697 4593 3872 4652 illius

2254 4690 2373 4734 tuus
2394 4682 2462 4735 ab
2480 4682 2624 4734 omni
2645 4681 2937 4733 mutatione
2954 4688 3169 4747 ereptus
3186 4690 3267 4733 est
3292 4697 3304 4733 :
3329 4682 3370 4735 si
3396 4690 3572 4738 autem
3590 4684 3672 4738 hic
3689 4699 3874 4741 man-

2253 4774 2426 4837 sisset,
2458 4773 2589 4826 forte
2606 4774 2796 4837 bonus,
2813 4774 2948 4827 forte
2973 4775 3143 4827 malus
3166 4772 3368 4827 futurus
3388 4784 3522 4829 erat.
3548 4778 3734 4832 Annon
3755 4782 3871 4834 vi-

2252 4866 2506 4934 des,quot
2534 4866 2775 4917 homines
2799 4864 2935 4918 ﬁlios
2964 4878 3087 4917 suos
3115 4864 3387 4918 abdicant?
3406 4874 3460 4919 et
3479 4877 3604 4937 quot
3633 4868 3871 4937 pejor-e3

2251 4958 2506 5013 abdicatis
2526 4965 2786 5025 coguntur
2811 4955 2953 5009 domi
2976 4955 3232 5011 retinere?
3255 4958 3376 5014 llaec
3402 4963 3579 5029 itaque
3596 4961 3642 5013 in
3658 4970 3874 5021 mente

2255 5058 2527 5103 versantes
2542 5047 2997 5117 philosopbemur:
3019 5048 3091 5101 ita
3109 5051 3250 5103 enim
3268 5058 3320 5103 et
3336 5049 3585 5105 defuncto
3594 5054 3727 5122 grati
3744 5058 3879 5110 eri-

2255 5153 2392 5202 mus,
2411 5148 2465 5193 et
2489 5138 2625 5205 apud
2645 5138 2887 5192 homines
2904 5138 3083 5192 multis
3102 5138 3342 5194 laudibus
3362 5139 3619 5206 fruemur,
3633 5152 3801 5214 atque
3827 5164 3873 5205 a

2259 5233 2367 5286 Deo
2390 5246 2631 5300 magnam
2654 5232 2920 5301 patientia:
2949 5231 3248 5287 mercedem
3270 5232 3589 5301 referemus,
3606 5245 3872 5294 aeterna-

2254 5310 2357 5392 que
2373 5324 2509 5385 bona
2526 5338 2949 5391 consequemur;
2975 5340 3094 5394 qua:
3126 5334 3324 5380 utinam
3348 5341 3447 5382 nos
3472 5344 3658 5383 omnes
3680 5330 3877 5403 adipi-

2256 5430 2483 5479 scamur,
2510 5416 2673 5484 gratia
2696 5424 2750 5469 et
2778 5415 3102 5486 benignitate
3131 5417 3339 5472 Domini
3358 5422 3525 5475 nostri
3539 5420 3662 5476 Jesiu
3684 5420 3878 5479 Chri-

2257 5508 2346 5573 sti,
2360 5508 2441 5561 cui
2460 5508 2626 5577 gloria
2638 5516 2692 5563 et
2713 5508 3071 5578 imperiumin
3087 5510 3279 5565 saecula
3295 5510 3632 5567 saeculorum.
3650 5512 3837 5570 Amen

2259 5610 2337 5733 ﬁlf
2365 5606 2485 5714 Mpr.
2513 5607 2658 5666 Ben,
2676 5611 2877 5668 tuncque
2900 5607 3063 5657 οιιυιὶιι
3084 5623 3189 5658 cuni
3234 5623 3422 5674 majore
3448 5609 3605 5673 gloria
3628 5612 3857 5677 atcipict

2318 5681 2392 5717 ius
2432 5681 2537 5716 uua.

2318 5681 2392 5717 tus
2412 5681 2520 5716 ιιιιιι
2528 5706 2537 5715 .

2324 5742 2345 5771 ⁸
2376 5738 2483 5798 Alii,
2507 5736 2689 5788 ridere.
