4104 6308
269 361 378 416 δτι

275 487 976 520 —-—-—-———-"-—

1175 347 1241 404 ιω
1281 337 1690 404 MATTHIEUM
1731 337 1962 396 llOMlL.
2005 334 2222 392 XXXII.
2265 337 2338 391 al.
2372 337 2620 395 'XXXllI.

3501 341 3602 399 578

986 476 3593 504 _______________________________,._________________

1402 522 1754 618 HOMILIA
1799 547 2080 612 xxxu.
2127 548 2213 610 al.
2260 545 2562 613 xxxm.

277 724 412 782 Car.
460 723 515 781 9.
563 737 616 774 ν.
653 717 749 774 27.
793 713 862 770 Et
916 711 1268 784 proﬁciscente
1311 704 1432 759 inde
1485 700 1648 766 Iesu,
1690 693 1887 766 sequuti

1997 690 2082 748 hic
2123 692 2252 750 fecit
2301 713 2314 749 :
2355 698 2560 753 sciebat
2597 700 2740 756 enim
2786 711 2994 758 secreta
3027 701 3208 758 cordis
3236 719 3424 759 eorum
3451 714 3606 761 ante-

357 823 476 871 sttnt
517 826 629 867 eunt
657 809 760 863 duo
790 808 906 861 ccci
925 845 942 870 ,
971 803 1249 856 clamantes
1278 805 1324 851 et
1349 795 1569 849 dicentes
1599 805 1618 843 :
1645 786 1890 843 Miserere
1993 802 2152 858 quam
2175 789 2273 858 ipsi
2301 789 2666 860 loqueremur;
2693 801 2747 847 ut
2774 802 2951 850 autem
2978 794 3114 849 alios
3140 810 3355 865 quoque
3372 797 3439 851 ad
3463 796 3604 853 idem

358 905 538 970 nostri,
561 900 640 970 fili
665 897 853 952 David.
875 895 966 950 28.
997 890 1202 946 Etcum
1226 886 1439 942 uenisset
1463 883 1516 936 in
1544 881 1774 970 domum,
1797 890 1886 928 ac-

356 965 608 1052 cesserunt
628 989 696 1045 ad
723 1004 838 1043 eunt
859 986 962 1039 duo
977 982 1098 1038 ccci
1127 995 1146 1035 :
1170 987 1217 1034 et
1241 977 1365 1032 dicit
1385 974 1458 1030 eis
1479 972 1631 1026 Iesus
1662 984 1681 1022 :
1707 965 1886 1023 Credi-

359 1091 423 1145 tis
464 1087 586 1157 quia
611 1086 707 1139 hoc
733 1095 936 1151 possunt
972 1072 1178 1147 facere?
1207 1070 1391 1125 Dicunt
1418 1067 1462 1120 ei
1483 1108 1498 1129 ,
1530 1062 1743 1134 Utique.
1780 1057 1890 1112 Do-

361 1153 514 1237 mine.
548 1176 641 1233 29.
687 1173 830 1228 Tunc
867 1167 1027 1238 tetigit
1053 1164 1230 1222 oculos
1252 1176 1426 1216 eorum
1453 1158 1627 1211 dicens
1647 1196 1660 1218 .
1691 1153 1888 1208 Secun-

361 1275 486 1328 dum
506 1269 659 1340 ﬁdem
679 1275 893 1320 vestram
921 1261 1011 1330 ﬁat
1037 1256 1194 1312 vobis.
1221 1254 1311 1310 50.
1339 1249 1409 1305 Et
1429 1248 1590 1319 aperti
1612 1255 1730 1302 sunt
1753 1243 1889 1299 oculi

361 1381 557 1420 eorum.

366 1456 431 1527 1.,
469 1452 578 1509 Cur
620 1449 738 1504 illos
775 1446 1070 1502 clamantes
1096 1435 1402 1510 protrahit?
1432 1432 1529 1488 llic
1549 1446 1759 1486 rursum
1794 1441 1892 1483 nos

289 1523 521 1606 instituit
547 1544 614 1601 ad
641 1555 832 1596 vanam
855 1537 1082 1609 gloriam
1109 1529 1435 1603 fugiendam.
1465 1526 1597 1594 Quia
1619 1525 1763 1579 enim
1790 1523 1889 1574 do-

261 1635 264 1637 Α
292 1657 414 1700 mus
440 1657 472 1696 e
498 1639 674 1694 vicino
695 1640 836 1697 erat,
856 1631 982 1686 illuc
1011 1627 1163 1684 duxit
1192 1633 1379 1688 eos,ut
1397 1619 1623 1674 seorsim
1654 1623 1886 1670 sanaret.

292 1737 458 1806 quue
503 1731 679 1802 palam
722 1735 808 1783 est
851 1739 918 1780 ex
953 1737 1020 1778 eo
1048 1718 1189 1789 quod
1222 1713 1577 1788 praeceperit,
1606 1719 1663 1764 ut
1693 1708 1891 1764 nemini

290 1799 555 1884 dicerent.
603 1820 788 1890 Neque
825 1829 1016 1888 parum
1050 1811 1220 1868 Judaei
1254 1807 1377 1862 inde
1404 1805 1718 1873 culpantur,
1750 1799 1891 1869 quod

295 1919 348 1976 bi
370 1962 386 1987 ,
413 1916 607 1989 quibus
625 1911 806 1968 nullus
829 1907 1108 1964 oculorum
1138 1917 1266 1959 usus
1296 1907 1411 1956 erat
1434 1941 1449 1965 ,
1477 1913 1542 1951 ex
1570 1895 1754 1950 auditu
1777 1894 1895 1948 solo

293 1988 456 2067 ﬁdem
497 2005 728 2076 amplexi
756 2002 867 2058 sint
896 2017 910 2054 :
943 1998 1018 2054 illi
1041 2004 1218 2051 autem
1244 1992 1499 2048 miracula
1528 1988 1769 2044 videntes
1788 2027 1803 2051 ,
1832 2000 1896 2040 ac

296 2111 464 2157 testes
510 2098 771 2152 habentes
814 2093 962 2164 ipsos
1003 2087 1228 2154 oculos,
1258 2094 1445 2140 contra
1474 2096 1635 2152 quam
1661 2079 1788 2135 caeci
1820 2076 1897 2131 fa-

293 2194 459 2249 ciant.
487 2187 623 2244 Vide
654 2195 834 2242 autem
876 2181 1087 2237 illorum
1125 2176 1288 2232 animi
1319 2173 1567 2229 ardorem
1595 2179 1707 2226 tum
1733 2184 1763 2224 a
1787 2168 1899 2223 cla-

296 2299 449 2341 more
473 2324 488 2348 ,
527 2289 638 2337 tum
667 2278 738 2334 ab
770 2277 883 2347 ipsa
911 2270 1160 2345 precandi
1191 2269 1415 2325 ratione.
1445 2264 1563 2320 Non
1589 2263 1732 2319 enim
1763 2261 1896 2317 sim-

298 2380 509 2451 pliciter
544 2379 922 2435 aecesserunt;
961 2367 1053 2423 sed
1086 2378 1272 2432 magna
1300 2375 1430 2416 voce
1454 2361 1784 2422 clamantes,
1819 2355 1900 2409 ni-

298 2450 376 2526 bil
414 2468 556 2524 aliud
595 2479 755 2538 quam
807 2450 1051 2516 Miseret’e
1075 2450 1446 2528 'proferentes.
1489 2451 1686 2506 Filium
1717 2456 1898 2503 autem

298 2563 516 2621 Davidis
559 2555 938 2631 appellabant,
983 2551 1106 2623 quia
1134 2547 1491 2604 honoriﬁcum
1522 2559 1716 2600 nomen
1750 2539 1902 2598 vide-

298 2655 459 2712 batur
485 2668 626 2710 esse.
660 2651 819 2720 Saepe
847 2660 1077 2715 namque
1103 2641 1379 2713 prophetat
1404 2654 1560 2710 reges
1581 2638 1702 2694 illos
1723 2677 1739 2703 ,
1767 2649 1902 2707 quos

299 2749 569 2805 honorare
617 2756 948 2815 magnosque
974 2737 1270 2810 prtedicare
1297 2733 1584 2798 volebant,
1613 2730 1692 2786 sic
1720 2728 1905 2798 appel-

302 2840 488 2896 labant
533 2836 745 2909 (Επειδὴ.
787 2834 877 2889 δι.
925 2831 1017 2887 25.
1071 2827 1232 2882 Zach.
1280 2825 1369 2880 l2.
1399 2824 1476 2892 8).
1509 2823 1734 2880 Domum
1769 2833 1902 2873 vero

299 2935 584 2998 adductos,
611 2928 846 2985 secundo
867 2928 1180 2993 interrogat.
1214 2918 1281 2975 Ut
1306 2917 1590 2989 plurimum
1618 2913 1762 2970 enim
1786 2919 1904 2965 stu-

302 3028 467 3084 debat
510 3023 872 3095 supplicantes
897 3032 1122 3083 sanare,
1151 3017 1219 3071 ne
1249 3013 1370 3084 quis
1397 3018 1610 3082 putaret
1633 3010 1806 3079 ipsum
1836 3005 1903 3060 ad

302 3119 560 3178 miracula
588 3114 843 3190 patranda
876 3129 971 3183 per
1000 3108 1411 3165 ostentationem
1444 3104 1652 3160 insilire
1683 3119 1697 3151 :
1731 3115 1905 3171 neque

304 3229 370 3269 ea
412 3211 584 3267 solum
628 3208 696 3264 de
739 3219 935 3262 causa.
981 3202 1073 3256 sed
1099 3201 1259 3256 etiam
1293 3207 1352 3252 ut
1375 3194 1687 3252 ostenderet
1714 3191 1906 3260 dignos

305 3306 427 3360 illos
472 3318 593 3357 esse
631 3300 720 3371 qui
761 3303 1118 3359 curarentur;
1159 3302 1214 3346 et
1249 3305 1317 3346 ne
1343 3292 1467 3358 quis
1494 3287 1734 3351 diceret,
1763 3283 1806 3336 si
1839 3296 1904 3335 ex

307 3394 676 3454 misericordia
724 3401 927 3445 tantum
978 3383 1234 3449 sanabat,
1273 3380 1577 3451 oportuisse
1603 3387 1792 3430 omnes
1821 3386 1908 3425 sa-

307 3505 481 3546 nare:
517 3486 674 3540 habet
715 3484 857 3538 enim
903 3474 1272 3533 misericordia
1316 3470 1600 3542 quamdam
1640 3468 1907 3522 rationem

305 3600 375 3640 ex
426 3580 530 3636 ﬁde
563 3576 859 3648 rogantium
891 3572 1126 3641 petitatn.
1157 3566 1339 3636 Neque
1368 3565 1486 3619 ideo
1517 3568 1719 3615 tantum
1747 3557 1907 3612 ﬁdem

307 3675 379 3731 ab
405 3673 510 3728 illis
536 3670 733 3739 exigit;
763 3665 857 3721 sed
887 3665 1007 3734 quia
1032 3662 1312 3725 dixerant,
1342 3655 1447 3710 Fili
1471 3653 1641 3708 David
1661 3694 1674 3717 ,
1704 3658 1764 3705 ut
1789 3648 1910 3704 illos

310 3769 377 3823 ad
403 3767 530 3838 quid
555 3761 833 3819 sublimius
854 3760 1115 3827 erigeret,
1143 3762 1197 3809 et
1222 3752 1443 3807 doceret
1473 3747 1597 3818 quid
1620 3747 1688 3800 de
1709 3758 1768 3799 se
1794 3742 1910 3798 esi-

311 3859 639 3916 stiinandum
669 3865 846 3920 esset,
872 3848 1219 3918 interrogat-it
1253 3864 1266 3900 :
1299 3844 1513 3899 Creditis
1537 3840 1655 3912 quia
1680 3840 1776 3892 lioc
1795 3853 1912 3908 pos-

312 3973 424 4012 sum
469 3950 676 4023 facere?
701 3948 815 4003 Non
844 3944 982 4000 dixit
1005 3985 1018 4007 ,
1052 3940 1284 3996 Creditis
1310 3935 1451 4007 quod
1490 3933 1689 4004 possim
1722 3943 1912 4000 rogare

315 4021 526 4106 Patrem
553 4059 729 4098 meum
748 4083 760 4104 ,
793 4038 875 4094 vel
903 4081 916 4102 ,
941 4034 1091 4105 Quod
1123 4033 1318 4104 possim
1348 4028 1554 4098 precari
1579 4043 1593 4089 ;
1628 4024 1742 4088 sed,
1765 4021 1915 4088 Quod

312 4157 416 4213 ego
457 4139 642 4211 possim
690 4136 784 4188 hoc
826 4132 1010 4202 facere.
1043 4127 1180 4194 Quid
1212 4135 1389 4177 autem
1416 4121 1536 4175 illi?
1568 4117 1783 4184 Utique,
1814 4113 1916 4168 Do-

316 4238 470 4290 mine.
512 4232 626 4286 Non
651 4228 759 4299 jam
791 4226 937 4280 illum
970 4222 1132 4276 lilium
1166 4216 1330 4273 David
1360 4220 1579 4275 vocant,
1609 4208 1701 4264 sed
1731 4206 1798 4262 ad
1830 4220 1918 4260 su—

315 4326 563 4383 blimiora
607 4297 826 4384 volant,
867 4324 922 4370 et
961 4312 1243 4368 Dominum
1287 4307 1432 4361 illum
1460 4301 1804 4358 conﬁtentur.
1841 4297 1919 4351 Ac

317 4431 448 4476 tunc
487 4417 704 4471 demum
757 4422 971 4464 manum
1004 4402 1257 4472 imposuit
1282 4400 1494 4462 dicens,
1525 4393 1820 4450 Secundum
1850 4392 1917 4460 ﬁ-

319 4513 437 4566 dem
479 4516 696 4561 uestram
723 4503 812 4570 ﬁat
836 4498 991 4553 vobis.
1023 4495 1078 4549 ld
1102 4509 1230 4547 vero
1258 4491 1381 4544 facit
1405 4531 1420 4554 ,
1455 4496 1512 4542 ttt
1543 4486 1700 4540 ﬁdem
1729 4497 1917 4539 eorum

317 4601 638 4659 Conﬁrmet,
692 4591 1046 4659 ostendatque
1095 4587 1239 4655 ipsos
1290 4586 1339 4636 in
1389 4591 1594 4650 partem
1630 4577 1808 4646 operis
1832 4591 1919 4627 vc-

320 4694 470 4749 nisse
500 4732 514 4753 ,
564 4703 625 4741 ac
676 4685 1010 4744 testiﬁcetur,
1063 4691 1169 4731 non
1222 4670 1544 4726 adulationis
1598 4667 1711 4720 haec
1760 4664 1920 4720 verba

320 4785 507 4839 fuisse.
556 4779 741 4848 Neque
786 4774 929 4830 enim
977 4769 1137 4835 dixit,
1179 4764 1501 4835 Aperiantur
1553 4757 1691 4814 cculi
1715 4757 1922 4823 vestri;

320 4877 441 4941 sed,
473 4871 762 4930 Secundum
790 4868 942 4938 ﬁdem
966 4871 1178 4917 vestram
1199 4859 1290 4927 ﬁat
1314 4855 1451 4911 vobis
1480 4853 1570 4908 :id
1592 4850 1732 4924 quod
1759 4849 1921 4905 etiam

326 4970 513 5029 multis
558 4962 938 5021 accedentibus
982 4957 1142 5019 dicit,
1175 4962 1298 5008 ante
1326 4949 1569 5020 corporis
1591 4945 1921 5000 curationem

326 5063 490 5120 ﬁdem
519 5061 572 5114 in
600 5056 793 5110 animis
822 5060 1058 5106 statuere
1085 5047 1269 5102 volens
1295 5085 1309 5111 ,
1343 5053 1399 5096 ut
1428 5051 1482 5095 et
1511 5041 1630 5094 illos
1656 5036 1924 5092 celebrio-

324 5170 450 5220 res,
495 5159 550 5205 et
589 5150 724 5204 alios
759 5142 1108 5199 studiosiores
1146 5137 1414 5192 redderet.
1447 5132 1520 5186 lta
1549 5140 1601 5185 et
1633 5131 1684 5182 in
1710 5125 1925 5196 paraly-

327 5249 435 5303 tico
481 5241 606 5298 facit
655 5257 666 5293 :
715 5245 998 5305 antequam
1042 5245 1236 5298 corpus
1286 5227 1556 5288 firmaret,
1591 5221 1822 5274 animam
1846 5218 1927 5286 jn-

323 5351 539 5399 centem
591 5333 749 5403 erigit
791 5329 977 5384 dicens
1010 5346 1021 5378 :
1056 5323 1300 5390 Conﬁde,
1342 5318 1452 5387 ﬁli,
1491 5315 1816 5369 remittuntur
1843 5309 1929 5364 tibi

330 5439 540 5504 peccata
575 5436 662 5480 tua
683 5466 698 5490 ,
730 5419 962 5491 puellam
991 5431 1117 5469 vero
1156 5415 1220 5465 ab
1248 5426 1304 5464 se
1335 5410 1703 5462 resuscitatain
1733 5417 1928 5472 apprc-

332 5497 521 5581 ltendit
545 5561 560 5585 ,
583 5528 637 5573 et
661 5532 755 5587 per
780 5514 956 5570 cibum
985 5507 1163 5563 docuit
1185 5504 1304 5574 quis
1333 5502 1429 5570 ipsi
1459 5497 1772 5553 beneﬁcium
1796 5509 1919 5548 ροη-

329 5615 542 5671 tulisset
562 5651 576 5673 ,
606 5612 658 5664 in
687 5603 1004 5662 centurione
1034 5597 1277 5652 similiter
1305 5593 1429 5648 fecit
1450 5634 1463 5658 ,
1499 5590 1620 5645 ﬁdei
1652 5597 1820 5642 totum
1846 5595 1928 5640 at—

329 5705 577 5764 tribuens
604 5719 618 5766 ;
650 5715 769 5756 cum
801 5705 980 5751 autem
1003 5688 1292 5757 discipulos
1321 5700 1385 5740 ex
1417 5684 1580 5737 maris
1612 5686 1932 5750 tempestate

329 5803 474 5866 eruit
497 5840 515 5868 ,
538 5796 708 5869 primo
737 5793 856 5850 illos
892 5804 954 5845 cx
998 5783 1116 5841 ﬁdei
1150 5780 1457 5839 inﬁrmitate
1485 5776 1744 5832 liberavit.
1783 5773 1857 5829 'tta
1881 5780 1932 5828 ct

1993 882 2229 938 studium
2270 883 2617 949 incenderet,
2662 884 2792 954 ipsis
2841 886 2938 942 bos
2963 889 3287 958 conspicuos
3312 887 3519 954 reddit,
3550 890 3604 945 in

1997 974 2104 1031 ﬁne
2124 975 2418 1031 curationis
2448 976 2712 1032 occultam
2745 977 2902 1033 ﬁdem
2935 978 3146 1034 illorum
3171 980 3495 1052 praedicans.
3543 1029 3546 1031 Α

2070 1068 2320 1123 Modeslia
2341 1067 2800 1139 CItristi;jactantia
2816 1070 3365 1143 fugienda.—-—Deinde
3385 1082 3507 1146 post
3523 1073 3605 1130 fa-

1996 1169 2138 1215 ctam
2161 1162 2496 1217 curationem
2529 1164 2791 1232 praecipit,
2816 1174 2875 1218 ut
2903 1167 3102 1218 nemini
3127 1165 3328 1230 dicant,
3350 1182 3450 1222 nec
3470 1169 3606 1232 sim-

1999 1254 2206 1321 pliciter
2227 1253 2488 1324 praecipit,
2509 1254 2605 1309 sed
2627 1228 3103 1311 vehementissime
3126 1265 3270 1311 vetat
3287 1275 3299 1310 :
3317 1228 3444 1312 nam
3465 1228 3610 1312 Acri-

1998 1357 2070 1400 ter
2090 1347 2195 1403 illis
2215 1348 2569 1403 interminatus
2588 1357 2681 1415 est,
2701 1348 2895 1419 ittqttit,
2911 1346 3090 1416 Iesus,
3109 1349 3308 1405 dicens:
3326 1350 3525 1412 Cauete.
3544 1368 3610 1406 ne

1995 1441 2108 1509 quis
2124 1441 2272 1494 sciat.
2291 1439 2354 1495 51
2367 1480 2380 1493 .
2403 1437 2432 1492 1
2438 1439 2497 1494 lli
2511 1456 2625 1495 vero
2642 1440 2850 1511 egressi,
2869 1441 3276 1512 praedicaverunt
3292 1459 3408 1498 eum
3435 1443 3489 1498 in
3501 1452 3609 1498 tota

1999 1541 2136 1597 terra
2174 1530 2288 1585 illa.
2329 1529 2447 1585 Non
2479 1544 2540 1586 se
2567 1531 2848 1586 continere
2878 1531 2953 1586 illi
2987 1540 3296 1602 potuerunt,
3331 1533 3428 1589 sed
3452 1533 3607 1591 fuere

2000 1635 2279 1692 praecones
2305 1631 2358 1678 et
2381 1621 2764 1692 evangelista},
2794 1621 3040 1693 jussique
3071 1633 3253 1680 tacere
3280 1625 3333 1679 id
3361 1624 3507 1695 quod
3531 1624 3610 1679 fa-

1997 1721 2143 1767 ctum
2192 1713 2399 1780 fuerat,
2449 1715 2689 1786 obsequi
2719 1730 2824 1769 non
2871 1724 3184 1786 potuerunt.
3229 1717 3382 1784 Quod
3409 1718 3453 1772 si
3482 1718 3609 1774 alibi

1998 1805 2181 1873 dicat,
2221 1804 2392 1873 Vade,
2443 1815 2492 1859 et
2527 1822 2683 1860 narra
2724 1806 2944 1877 gloriam
2989 1805 3124 1876 Dei,
3159 1807 3288 1863 illud
3314 1809 3425 1879 jam
3452 1808 3612 1865 dictis

2000 1911 2107 1952 non
2130 1906 2424 1968 repugnat,
2446 1896 2555 1953 imo
2579 1898 2685 1954 illis
2713 1897 3005 1955 admodum
3034 1908 3316 1956 consonat.
3349 1899 3442 1956 llis
3465 1901 3609 1956 enim

2002 2003 2102 2043 nos
2155 1988 2421 2058 instituit,
2477 1997 2535 2045 ut
2587 2005 2656 2047 ne
2710 1990 3069 2062 prmdicemus
3123 2007 3223 2047 nos
3275 1994 3453 2063 ipsos,
3503 1993 3615 2048 imo

2000 2098 2351 2143 coerceamus
2372 2099 2467 2140 eos
2489 2086 2582 2155 qui
2608 2101 2708 2142 nos
2734 2085 3012 2142 celebrare
3037 2085 3279 2141 vellent:
3308 2086 3355 2141 si
3384 2099 3515 2141 vero
3545 2085 3613 2141 ad

2006 2177 2176 2236 Deum
2220 2181 2391 2252 gloria
2417 2182 2718 2250 referatur,
2749 2197 2856 2237 non
2887 2181 3050 2237 modo
3077 2195 3183 2235 non
3218 2180 3576 2250 impediamus
3595 2223 3612 2248 ,

2005 2274 2114 2330 imo
2136 2273 2188 2328 id
2217 2289 2378 2346 agere
2399 2275 2520 2330 aliis
2543 2273 2939 2345 prmcipiamus.
2971 2272 3060 2328 52.
3093 2271 3236 2343 Ipsis
3264 2282 3433 2325 autem
3449 2287 3617 2342 egres-

2003 2371 2095 2431 sis.
2120 2371 2410 2426 obtulerunt
2442 2369 2489 2424 ei
2527 2369 2784 2423 hominem
2834 2375 3052 2430 mutum,
3086 2364 3394 2418 dwmonium
3429 2363 3618 2417 haben-

2005 2473 2124 2518 tem.
2167 2461 2282 2517 Non
2331 2461 2476 2517 enim
2504 2460 2724 2515 morbus
2763 2474 2831 2515 ex
2861 2467 3050 2513 natura
3096 2456 3403 2526 prodierat,
3426 2453 3522 2510 sed
3551 2469 3616 2510 ex

2006 2554 2270 2611 daemonis
2301 2552 2530 2610 insidiis.
2559 2553 2900 2623 Quapropter
2923 2551 3046 2606 aliis
3071 2551 3162 2620 qui
3189 2550 3364 2620 ipsum
3387 2547 3622 2603 adduce-

2007 2657 2130 2704 rent
2173 2661 2310 2718 opus
2347 2646 2556 2702 habuit.
2603 2645 2788 2716 Neque
2815 2645 2959 2700 enim
3005 2643 3121 2714 ipse
3145 2656 3338 2712 rogare
3365 2647 3617 2710 poterat,

2009 2749 2190 2796 mutus
2235 2753 2359 2796 cum
2404 2749 2550 2796 esset
2573 2781 2588 2806 ,
2641 2753 2817 2810 neque
2846 2737 2967 2793 aliis
2995 2737 3332 2808 supplicare,
3361 2749 3485 2790 cum
3510 2731 3615 2789 dte-

2009 2847 2133 2886 mon
2162 2831 2396 2901 linguam
2423 2831 2540 2900 ejus
2568 2829 2839 2901 alligasset
2864 2871 2878 2896 ,
2911 2828 3257 2899 animamque
3283 2841 3405 2882 cum
3443 2825 3622 2896 lingua

2010 2919 2291 2980 vinxisset.
2326 2924 2559 2995 Ideoque
2588 2923 2734 2978 illius
2762 2921 2923 2978 ﬁdem
2955 2935 3062 2976 non
3089 2920 3289 2991 exigit,
3319 2917 3414 2974 sed
3441 2917 3625 2973 statim

2010 3016 2260 3072 morbum
2299 3023 2471 3074 curat.
2496 3016 2587 3070 55.
2615 3013 2800 3086 Ejecto
2827 3023 3001 3069 autem
3016 3013 3250 3068 dtemone
3268 3052 3283 3077 ,
3314 3009 3524 3080 inquit-,
3548 3009 3627 3063 lo-

2010 3119 2195 3182 quutus
2215 3119 2287 3166 est
2314 3117 2505 3163 mutus.
2529 3106 2718 3163 Turba:
2741 3116 2911 3161 autem
2937 3106 3208 3159 adurimus
3230 3111 3347 3158 sunt
3374 3103 3627 3156 dicentes:

2014 3203 2309 3272 Numquam
2352 3203 2515 3256 uisum
2552 3210 2626 3255 est
2653 3200 2816 3254 simile
2835 3201 2889 3252 in
2915 3197 3103 3252 Israel.
3139 3196 3193 3250 Id
3219 3195 3361 3265 quod
3389 3193 3628 3250 maxime

2013 3297 2314 3352 Pharisaaos
2340 3292 2656 3357 mordebat,
2679 3291 2824 3363 quod
2851 3292 3025 3362 ipsum
3059 3288 3311 3343 omnibus
3331 3294 3629 3356 antepone-

2014 3399 2175 3455 rent,
2225 3403 2329 3443 non
2366 3387 2502 3443 vivis
2529 3387 2702 3442 solum
2722 3426 2736 3450 ,
2767 3383 2862 3439 sed
2893 3383 3054 3439 etiam
3079 3382 3169 3452 qui
3197 3387 3323 3436 ante
3355 3379 3584 3434 fuissent
3614 3395 3627 3430 :

2014 3481 2414 3555 anteponebant
2439 3494 2591 3544 vero,
2623 3493 2730 3534 non
2759 3475 2900 3548 quod
2929 3482 3145 3531 curaret
3167 3473 3350 3538 modo,
3371 3472 3467 3528 sed
3487 3471 3629 3541 quod

2015 3575 2210 3640 facile,
2261 3574 2400 3641 cito,
2448 3574 2869 3642 innumerasque
2907 3566 3255 3639 aegritudines
3280 3563 3630 3622 insanabiles.

2017 3667 2107 3723 Sic
2129 3666 2344 3738 quidem
2373 3666 2623 3736 populus.

2089 3763 2144 3816 2.
2180 3761 2330 3815 Nihil
2350 3761 2552 3839 Christo
2581 3769 2628 3814 et
2658 3757 2880 3813 dwmoni
2918 3769 3185 3809 commune
3224 3751 3380 3821 fuisse
3415 3750 3630 3802 demon-

2019 3867 2230 3913 stratur.
2261 3855 2541 3907 Maledicta
2565 3868 2667 3905 non
2707 3849 3019 3914 maledictis,
3061 3845 3154 3899 sed
3186 3841 3442 3912 beneﬁciis
3476 3839 3633 3910 refel-

2021 3951 2192 4005 lenda.
2227 3978 2297 3988 —-
2327 3945 2585 4001 Pharisazi
2635 3952 2824 3997 contra
2873 3954 2983 3995 non
3041 3936 3205 3993 modo
3247 3935 3386 3990 facta
3427 3932 3632 3988 calum-

2022 4045 2257 4108 niantur,
2315 4037 2417 4094 sed
2440 4037 2541 4092 sibi
2593 4031 3018 4105 ipsiscontraria
3052 4028 3293 4083 dicentes
3319 4066 3334 4089 ,
3369 4039 3476 4079 non
3505 4038 3634 4077 eru-

2023 4137 2266 4192 bescunt.
2303 4127 2614 4199 Huiusmodi
2653 4134 2738 4180 est
2781 4123 3039 4194 nequitia.
3074 4119 3214 4189 Quid
3238 4118 3382 4174 enim
3412 4117 3636 4171 dicunt?

2023 4228 2111 4282 54.
2135 4225 2200 4279 In
2232 4225 2460 4295 principe
2489 4218 2871 4274 diemoniorunr
2884 4214 3020 4284 ejicit
3049 4212 3325 4266 (immania.
3356 4209 3476 4277 Quo
3509 4206 3636 4278 quid

2024 4319 2283 4377 stultius?
2302 4315 2458 4381 Nam,
2495 4324 2549 4367 ut
2583 4322 2766 4380 postea
2789 4308 2940 4374 dicit,
2965 4322 3076 4365 non
3101 4314 3276 4376 potest
3300 4303 3514 4358 dmmon
3543 4299 3640 4370 eji-

2025 4429 2152 4471 cere
2173 4411 2472 4467 daemonem
2492 4404 2683 4478 (Marc.
2717 4405 2769 4459 5.
2786 4400 2929 4472 r23):
2950 4415 3070 4455 nam
3091 4398 3182 4452 ille
3195 4412 3298 4451 sua
3315 4407 3640 4449 conservare

2025 4520 2084 4563 et
2110 4508 2322 4561 ﬁrmare
2355 4503 2514 4565 solet,
2551 4515 2657 4553 non
2709 4496 3013 4551 destruere.
3047 4492 3165 4562 ipse
3191 4502 3320 4544 vero
3341 4503 3447 4543 non
3476 4483 3640 4541 modo

2026 4599 2305 4653 daemonas
2357 4593 2625 4663 ejiciebat,
2672 4587 2766 4644 sed
2823 4587 2985 4642 etiam
3028 4584 3272 4654 leprosos
3322 4577 3637 4639 mandabat,

2028 4701 2270 4747 mortuos
2290 4685 2605 4750 suscitabat,
2651 4697 2804 4735 mare
2834 4678 3103 4742 frenabat,
3154 4682 3371 4744 peccata
3401 4671 3641 4726 dimitte-

2029 4788 2138 4849 bat,
2189 4796 2412 4852 regnum
2465 4774 2811 4849 prmdicabat,
2845 4772 2914 4827 ad
2965 4772 3179 4825 Patrem
3223 4765 3522 4822 adducebat
3552 4783 3563 4818 τ
3591 4765 3641 4819 id

2029 4877 2174 4948 quod
2204 4888 2494 4942 numquam
2534 4869 2744 4924 daemon
2803 4864 2980 4920 facere
3033 4862 3183 4924 velit.
3233 4875 3406 4931 neque
3451 4859 3638 4930 possit.

2029 4973 2162 5028 Nam
2215 4970 2492 5024 daemones
2528 4960 2594 5015 ad
2624 4959 2762 5014 idola
2813 4956 3106 5020 adducunt,
3140 4969 3170 5008 a
3203 4952 3314 5007 Deo
3353 4958 3641 5016 avertunt,

2033 5063 2365 5130 suadentque
2402 5071 2471 5111 ne
2501 5053 2692 5108 futurae
2725 5050 2845 5103 vita?
2872 5047 3146 5103 credatur.
3183 5046 3404 5101 Daemon
3456 5052 3645 5098 contn-

2033 5154 2188 5210 melia
2218 5150 2316 5204 affr
2341 5187 2368 5202 ..
2400 5171 2441 5201 ,δ
2471 5159 2576 5200 non
2623 5140 2944 5197 beneﬁcium
2997 5146 3236 5208 praestat,
3277 5137 3384 5190 imo
3425 5150 3494 5189 ne
3524 5135 3646 5202 qni-

2033 5250 2155 5305 dem
2185 5244 2408 5298 aﬁ'e-tus
2436 5237 2630 5307 injuria
2655 5244 2811 5290 nocet
2834 5233 2900 5287 iis
2921 5233 3009 5304 qui
3055 5232 3229 5299 ipsum
3261 5230 3442 5284 colunt
3471 5237 3523 5282 et
3548 5227 3645 5280 Ιιοο

2037 5348 2246 5395 norant.
2285 5334 2378 5389 Ille
2408 5339 2616 5392 contra,
2648 5337 2768 5397 post
2799 5334 2877 5380 tot
2905 5325 3129 5394 injurias
3157 5333 3208 5377 et
3251 5321 3606 5376 contumelias
3635 5363 3647 5382 ,

2037 5437 2104 5492 ’55
2159 5430 2412 5487 Circnibat
2459 5425 2807 5498 urbesqomnes
2833 5428 2877 5471 et
2904 5418 3059 5482 vicos,
3093 5417 3280 5469 docens
3301 5414 3352 5465 in
3375 5412 3654 5483 synagogis

2040 5545 2233 5590 corum,
2269 5536 2313 5577 et
2343 5521 2628 5592 pradicant
2654 5513 2966 5582 evangelium
3009 5508 3172 5578 regni,
3204 5521 3390 5562 curans
3446 5518 3646 5556 omnem

2039 5623 2262 5677 morbum
2285 5631 2328 5671 et
2357 5631 2554 5668 omnem
2584 5611 2930 5680 inﬁrmitatem
2962 5605 3000 5656 ¹.
3038 5601 3146 5656 Nec
3183 5598 3344 5654 modo
3386 5597 3506 5652 illos
3539 5611 3643 5648 non

2107 5783 2119 5813 ¹
2160 5784 2264 5828 Post
2285 5775 2505 5827 verbum,
2530 5765 2883 5832 infirmitatem,
2904 5759 3100 5826 quidam
3124 5756 3326 5818 addunt,
3347 5758 3392 5811 in
3419 5759 3616 5824 populo.
