4104 6308
543 279 649 336 379

541 393 799 465 puniebat
823 393 1081 462 ingratos.
1109 393 1203 446 sed
1232 406 1299 448 ne
1336 393 1644 462 increpabat
1679 390 1895 461 quidem
1929 409 1943 445 :
1974 391 2132 444 simul

543 483 1000 541 mansuetudinem
1031 493 1181 540 suam
1212 481 1518 549 ostendens,
1546 492 1596 538 et
1636 481 1775 538 haue
1805 482 2128 538 calumniam

540 577 825 632 confutnns
867 579 1236 648 :‘insupcrque
1284 592 1377 647 per
1422 579 1698 647 sequentia
1743 577 1891 646 signa
1944 575 2130 631 volens

544 666 695 736 plura
725 666 966 735 praebere
1015 677 1348 738 argenteola,
1377 681 1442 722 se
1469 665 1664 722 deinde
1687 666 1860 721 verbis
1881 680 2125 736 arguere.

537 757 816 812 Circuibat
837 757 1020 828 itaque
1037 763 1091 813 et
1120 772 1216 827 per
1233 755 1500 820 civitates,
1533 766 1586 811 et
1614 771 1708 826 per
1735 755 1900 822 vicos,
1929 770 2128 826 perque

539 861 840 918 synagogas
891 862 1075 903 eorum
1106 847 1349 903 :docens
1393 861 1514 913 nos,
1561 849 1638 902 sic
1694 846 1974 902 maledicta
2021 861 2126 900 non

544 938 840 994 maledictis
861 978 878 1004 ,
905 940 1001 993 sed
1044 938 1317 994 beneflciis
1350 941 1640 1008 majoribus
1663 939 1954 994 refellenda
1983 953 2123 992 esse.

538 1022 676 1086 Nam
704 1032 748 1084 si
779 1042 883 1084 non
943 1015 1159 1100 propter
1207 1031 1472 1095 homines,
1520 1039 1740 1099 propter
1785 1029 1948 1084 Deum
1980 1039 2126 1084 certe

539 1120 813 1179 conservis
840 1120 1096 1176 beneficia
1129 1130 1368 1191 praestas,
1411 1121 1664 1191 quidquid
1710 1122 1781 1175 illi
1827 1131 2002 1190 agant,
2060 1134 2127 1176 ne

540 1225 721 1266 cesses
751 1212 886 1266 bene
925 1212 1118 1274 facere,
1152 1221 1208 1265 ut
1243 1213 1414 1280 major
1451 1213 1519 1264 sit
1561 1223 1805 1267 merces:
1840 1212 1908 1265 ita
1956 1222 2011 1265 ιιι
2037 1212 2124 1281 qui

537 1312 660 1372 post
688 1303 1008 1358 calumniam
1037 1305 1234 1358 illatam
1263 1305 1398 1358 bene
1430 1304 1603 1359 facere
1636 1304 1849 1367 desinit,
1881 1304 2128 1360 ostendat

539 1410 603 1451 se
625 1411 730 1450 non
769 1404 987 1466 propter
1006 1395 1197 1462 Deum,
1231 1397 1577 1465 sedprOpIcr
1600 1397 1874 1453 hominum
1915 1397 2122 1453 laudem

541 1485 683 1542 banc
705 1496 958 1541 exercere
997 1488 1263 1540 virtutem.
1301 1487 1424 1542 ideo
1443 1487 1710 1553 Christus,
1746 1498 1803 1542 ut
1843 1504 1941 1542 nos
1960 1489 2123 1543 doce-

543 1588 644 1637 ret,
661 1591 798 1631 seex
822 1578 931 1630 sola
952 1577 1274 1648 benignitate
1294 1578 1344 1630 id
1361 1591 1538 1646 agere,
1563 1593 1667 1631 non
1694 1579 1865 1633 solum
1896 1594 2003 1633 non
2031 1595 2125 1634 ex-

541 1666 815 1736 spectabat
844 1680 1015 1735 agros
1038 1667 1102 1719 ad
1138 1681 1203 1741 se
1229 1665 1430 1731 venire,
1463 1667 1554 1722 sed
1581 1668 1646 1721 ad
1677 1669 1793 1723 illos
1834 1669 2124 1724 contende-

539 1755 651 1818 bat,
684 1754 790 1808 duo
811 1757 1039 1809 maxima
1076 1756 1205 1824 ipsis
1252 1754 1390 1810 bona
1430 1756 1745 1822 conferens,
1786 1759 2122 1828 evangelium

537 1849 685 1916 regni
711 1888 725 1911 ,
765 1858 817 1901 et
866 1847 1174 1901 morborum
1218 1850 1460 1903 omnium
1501 1851 1852 1904 curationem.
1912 1850 2121 1904 Nullam

516 1939 720 1994 urbem
768 1938 1125 2007 despiciebat,
1176 1940 1377 1994 nullum
1424 1943 1609 1995 vieum‘
1639 1944 2116 2012 praetercnrrebat,

536 2027 631 2080 sed
652 2042 864 2082 onmem
895 2027 1075 2083 adibat
1100 2029 1295 2083 locum.
1329 2029 1434 2084 Sed
1461 2045 1638 2101 neque
1670 2031 1754 2084 hic
1783 2033 2004 2102 gradum
2051 2034 2124 2086 si-

537 2119 649 2183 stit,
683 2135 866 2172 verum
903 2121 1058 2175 aliam
1099 2137 1310 2191 quoque
1343 2124 1728 2190 providentiam
1759 2124 1993 2179 exhibet.
2029 2125 2118 2179 56.

536 2214 662 2266 Cum
704 2212 886 2264 videret
934 2216 1065 2266 enim
1116 2216 1317 2280 turbas,
1375 2219 1635 2268 miseratus
1682 2224 1754 2268 cst
1803 2216 1952 2281 illas,
2000 2216 2120 2284 quia

535 2301 698 2356 νωιὲ
727 2312 884 2363 erant,
908 2313 955 2356 et
981 2304 1162 2373 objecti
1181 2308 1321 2375 quasi
1340 2323 1451 2361 om
1466 2322 1568 2360 nats
1593 2307 1826 2359 (tabentes
1847 2317 2116 2376 pastorem.

533 2394 623 2450 37.
650 2393 794 2449 Tunc
816 2396 942 2448 dixit
970 2397 1235 2465 discipulis
1266 2415 1283 2450 :
1332 2396 1516 2453 Hesus
1543 2397 1745 2465 quidem
1781 2403 1961 2462 multa,
1995 2416 2118 2468 apea

535 2487 660 2540 rarii
684 2498 853 2541 autem
881 2489 1048 2556 pauci.
1076 2489 1164 2544 '58.
1199 2489 1394 2558 Rogata
1434 2507 1553 2561 ergo
1600 2491 1877 2545 Dominum
1923 2495 2116 2559 ntessis,

535 2589 590 2629 ut
616 2579 784 2632 mittat
802 2581 1064 2647 operarios
1089 2583 1142 2636 in
1165 2598 1371 2636 messem
1391 2599 1552 2637 suain.
1575 2583 1706 2639 Vide
1729 2598 1939 2638 rursum
1959 2601 2121 2653 quam

532 2670 600 2720 sit
620 2668 697 2721 ab
740 2669 882 2723 inani
932 2669 1100 2738 gloria
1129 2671 1356 2726 alienus.
1396 2671 1474 2726 Ne
1521 2673 1663 2727 enim
1707 2687 1898 2728 omnes
1948 2675 2015 2730 ad
2060 2691 2120 2730 se

533 2759 883 2826 pertraheret,
920 2759 1212 2830 discipulos
1239 2761 1450 2816 emittit.
1500 2761 1681 2832 Neque
1720 2763 1820 2817 hac
1849 2764 2021 2819 solum
2051 2764 2119 2819 de

532 2861 715 2911 causa,
761 2848 855 2902 sed
908 2849 1028 2904 illos
1072 2849 1378 2915 instituens,
1407 2859 1465 2905 ut
1511 2853 1562 2908 in
1609 2852 1910 2916 Palastina,
1937 2868 2034 2908 ceu
2065 2855 2117 2908 iu

530 2938 758 3006 quadam
802 2939 1048 3009 palmstra
1093 2955 1213 2996 sese
1247 2951 1579 3006 caenantes,
1609 2944 1688 2999 sic
1715 2943 1782 2998 ad
1821 2946 2116 3000 certamina

533 3043 628 3097 per
648 3028 835 3084 orbem
871 3031 1208 3101 suscipienda
1239 3046 1297 3087 se
1325 3043 1709 3103 praepararent.
1751 3035 1956 3091 Idcirco
1999 3053 2116 3091 ma—

527 3120 646 3187 iora
689 3120 1039 3174 certaminum
1091 3123 1346 3176 exercitia
1391 3124 1561 3191 ponit,
1608 3133 1662 3180 et
1704 3136 1900 3194 quanta
1948 3128 2118 3182 virtus

532 3211 768 3278 ipsorum
790 3210 928 3267 ferre
959 3221 1185 3280 poterat,
1210 3222 1267 3268 ut
1293 3212 1502 3268 facilius
1523 3217 1798 3283 sequentia
1822 3219 2114 3273 certamina

530 3300 741 3355 adirent
783 3320 796 3356 :
839 3303 982 3368 ipsos
1027 3304 1175 3372 quasi
1225 3313 1436 3360 teneras
1485 3308 1719 3362 avieulas
1764 3309 1828 3363 ad
1878 3309 2118 3365 volatum

530 3405 808 3446 exercens.
843 3391 1164 3463 interimque
1193 3393 1311 3450 illos
1341 3394 1579 3452 medicos
1597 3411 1884 3468 corporum
1916 3403 2117 3455 conati-

532 3481 652 3546 tuit,
685 3495 965 3536 reservans
995 3484 1122 3550 ipsis
1151 3484 1203 3538 in
1227 3495 1498 3554 posterum
1528 3489 1790 3546 medelam
1817 3493 2114 3547 animarum

529 3585 648 3641 qua:
685 3573 948 3640 prmcipua
976 3585 1077 3626 est.
1117 3575 1193 3629 Ac
1220 3577 1489 3646 perpende
1533 3579 1802 3646 quomodo
1841 3596 1953 3635 rem
1981 3582 2118 3638 hanc

529 3670 585 3717 et
629 3661 832 3717 facilem
866 3672 920 3718 et
951 3667 1307 3720 necessariam
1349 3668 1616 3722 ostendat.
1645 3669 1782 3738 Quid
1812 3671 1957 3726 enim
2003 3673 2118 3726 ait?

531 3752 711 3809 Messis
739 3755 938 3825 quidem
969 3758 1152 3822 nulla,
1183 3760 1405 3826 operarii
1434 3770 1600 3813 autem
1627 3763 1798 3830 pauci.
1827 3763 1949 3818 Non
1971 3767 2118 3820 enim

530 3843 684 3898 mitto
707 3858 819 3908 vos,
842 3845 1028 3914 inquit,
1053 3847 1120 3900 ad
1142 3859 1458 3914 sementem,
1485 3850 1582 3905 sed
1601 3851 1667 3905 ad
1689 3867 1940 3908 messem.
1961 3854 2116 3922 Quod

529 3935 691 3991 etiam
720 3935 771 3988 in
814 3935 1105 4003 Evangelio
1150 3937 1369 3993 Joannis
1397 3940 1531 3996 dixit
1561 3959 1572 3992 :
1608 3943 1708 3996 Alii
1737 3945 2114 4014 laboraverunt,

530 4033 575 4076 at
609 4039 694 4077 vos
721 4024 772 4077 in
801 4023 1021 4079 laborem
1047 4043 1218 4081 eorum
1248 4029 1490 4083 introistis
1529 4029 1708 4099 (Joan.
1743 4034 1796 4086 4.
1829 4034 1944 4104 58).
1993 4037 2117 4092 ΙΙωο

528 4128 693 4192 porro
719 4114 948 4178 dicebat,
978 4126 1244 4170 eteorum
1289 4119 1658 4176 sublimiorem
1690 4135 1905 4178 sensum
1938 4129 2113 4196 repri-

532 4219 708 4272 mens,
733 4215 787 4260 et
813 4205 881 4260 ad
925 4206 1168 4260 ﬁduciam
1222 4211 1534 4264 sumendam
1589 4212 1881 4279 instruens,
1928 4228 2112 4272 osten-

531 4295 770 4364 densque
793 4295 1049 4363 majorem
1072 4297 1182 4366 jam
1209 4300 1546 4366 praecessisse
1570 4299 1826 4356 laborem.
1853 4303 1988 4360 Vide
2016 4321 2114 4360 au-

531 4396 640 4440 tem
668 4395 723 4440 et
750 4386 836 4445 hic
865 4387 1014 4440 illum
1047 4403 1077 4442 a
1105 4387 1471 4443 miserimrdia
1515 4390 1773 4460 incipere,
1817 4407 1922 4448 non
1949 4410 1980 4449 a
2021 4410 2116 4466 spe

534 4474 815 4532 mercedis.
870 4475 1109 4530 Miserius
1155 4488 1228 4531 est
1267 4478 1431 4543 enim,
1461 4481 1597 4548 quod
1639 4491 1801 4535 essent
1843 4485 2028 4550 uexati,
2070 4497 2116 4540 et

528 4568 737 4639 proiecti
765 4568 910 4636 quasi
940 4584 1051 4621 oves
1088 4585 1188 4622 non
1216 4569 1449 4624 habentes
1488 4581 1760 4642 pastorem.
1804 4573 1930 4630 Haec
1960 4578 2111 4647 prin-

528 4659 707 4727 cipum
756 4657 1061 4712 .ludaeorum
1114 4660 1385 4714 accusatio
1434 4672 1536 4726 est,
1568 4664 1657 4732 qui
1700 4673 1942 4733 pastores
1990 4683 2112 4724 cum

530 4758 732 4814 essent,
755 4765 874 4806 sese
917 4751 1072 4820 lupos
1095 4751 1440 4807 exhibebant.
1470 4753 1584 4808 Non
1613 4757 1774 4814 modo
1816 4761 1958 4816 enim
1996 4764 2112 4833 ple-

529 4839 649 4911 bem
689 4855 795 4897 non
821 4841 1202 4911 emendahant,
1233 4844 1327 4901 sed
1363 4860 1428 4898 ne
1467 4846 1788 4915 proﬁcerent
1837 4853 1890 4906 in
1919 4856 2113 4912 melius

527 4933 905 5003 impediebant.
941 4935 1050 4990 illis
1096 4936 1275 5007 itaque
1317 4939 1632 4995 mirantibus
1675 4957 1740 4998 ac
1787 4943 2107 5013 dicentibus,

531 5023 822 5092 Numquam
850 5025 1014 5079 simile
1045 5026 1203 5084 visum
1227 5036 1298 5081 est
1328 5028 1378 5081 in
1421 5027 1626 5095 Israel;
1669 5032 1742 5090 illi
1767 5046 1951 5091 contra
1989 5057 2001 5091 :
2043 5039 2110 5096 In

528 5116 752 5184 principe
795 5115 1159 5174 demoniorum
1206 5121 1341 5190 ejicit
1382 5121 1655 5179 (immania.
1703 5125 1808 5182 Sed
1846 5143 2107 5197 quesnam

526 5205 611 5261 hic
636 5207 912 5277 operarios
936 5207 1100 5264 dicit?
1144 5211 1431 5267 Duodecim
1462 5214 1774 5284 discipulos.
1817 5218 1955 5274 Num
1987 5239 2104 5277 cuto

524 5283 1017 5367 tlixerit,.0pe1arii
1070 5303 1240 5369 pauci,
1269 5304 1402 5357 alios
1448 5283 1679 5374 adjecit?
1729 5307 1980 5366 Minime:
2013 5317 2105 5368 sed

524 5387 645 5442 illos
671 5388 870 5444 emisit.
893 5387 999 5445 Cur
1023 5407 1152 5461 ergo
1177 5393 1324 5457 dicit,
1359 5393 1554 5464 Rogate
1596 5395 1873 5454 Dominum
1910 5407 2102 5468 messis,

523 5488 573 5530 ut
604 5479 768 5532 mittat
815 5482 1073 5548 operarios
1115 5484 1167 5534 in
1210 5501 1418 5538 messem
1448 5502 1611 5551 suam,
1643 5497 1698 5541 et
1726 5491 1929 5545 nullum
1978 5494 2106 5562 ipsis
2180 5497 2183 5500 ’

521 5568 751 5634 adjicit?
780 5570 912 5637 Quia
951 5587 1072 5626 cum
1119 5572 1399 5629 duodecim
1449 5589 1648 5642 essent,
1680 5582 1874 5637 multos
1925 5594 2104 5653 postea

525 5661 721 5732 cifecit,
749 5679 851 5718 nou
883 5676 1038 5721 aucto
1069 5684 1317 5735 numero,
1348 5671 1440 5725 sed
1477 5673 1726 5729 virtutem
1751 5677 1987 5747 largitus.

1282 277 1339 332 S.
1379 276 1659 334 JOANNIS
1693 275 2167 332 CﬂilYSOSTOMi
2208 277 2526 334 ARCﬂiEP.
2568 279 3102 342 CONSTANTINOP.

3727 291 3837 347 380

2313 391 2367 445 ὅ.
2413 391 2616 448 Deinde
2658 396 2951 453 ostendens
2989 407 3249 467 quantum
3295 409 3440 457 esset
3481 398 3710 467 donum,
3734 406 3833 472 ait,

2243 480 2436 552 Rogata
2470 498 2589 555 ergo
2623 484 2896 542 Dominum
2937 492 3133 556 messis,
3165 491 3448 548 obscurius
3488 494 3732 551 declarat
3774 513 3839 554 se

2237 572 2604 642 auctoritatem
2635 575 2852 630 habere.
2883 574 3014 632 Cum
3045 578 3176 633 dicit
3220 582 3385 648 enim,
3415 581 3612 655 Rogare
3645 583 3836 642 Domi-

2238 677 2358 714 num
2389 666 2583 726 messis.
2609 666 2752 736 ipsos
2775 667 2904 721 nihil
2935 679 3242 738 precantes,
3268 675 3350 730 vel
3375 678 3624 745 rogantes
3653 681 3838 735 statim

2235 753 2467 820 ordinat,
2497 757 2718 813 Joannis
2747 761 2908 815 verba
2959 762 3088 832 ipsis
3132 778 3594 833 commemorans,
3626 784 3837 836 aream.

2236 847 2612 912 ventilabrum,
2644 851 2872 919 paleam,
2899 851 3244 910 frumentum.
3279 856 3435 914 Unde
3465 871 3628 929 patet,
3661 862 3840 932 ipsum

2234 949 2356 991 esse
2385 939 2698 1008 agricolam,
2729 942 2920 996 messis
2950 944 3257 1009 Dominum,
3290 964 3502 1004 necnon
3547 955 3832 1023 propheta-

2236 1039 2373 1082 rum.
2404 1029 2534 1084 Nam
2559 1031 2603 1086 si
2635 1032 2699 1085 ad
2735 1034 3045 1088 metendum
3072 1037 3237 1100 misit,
3262 1040 3438 1108 palam
3468 1052 3548 1096 est
3579 1028 3702 1097 eum
3730 1061 3840 1098 non

2233 1121 2406 1176 aliena
2438 1134 2661 1188 metere,
2691 1123 2789 1180 sed
2820 1141 2882 1180 ea
2915 1143 3032 1195 quae
3080 1142 3176 1197 per
3205 1131 3500 1199 prophetas
3524 1135 3839 1190 seminavit.

2233 1211 2416 1282 Neque
2445 1215 2568 1270 hinc
2593 1215 2768 1271 solum
2799 1217 3047 1273 fiduciam
3087 1220 3191 1274 illis
3217 1221 3384 1286 dedit,
3413 1225 3552 1294 quod
3593 1228 3844 1285 ministe-

2234 1304 2375 1358 rium
2415 1321 2601 1363 eorum
2650 1323 2884 1364 messem
2917 1321 3156 1375 vocaret,
3189 1313 3284 1366 sed
3317 1315 3459 1382 quod
3501 1317 3605 1371 illis
3636 1318 3705 1372 ad
3733 1319 3840 1373 hu-

2227 1393 2461 1462 iusmodi
2514 1399 2873 1455 ministerium
2907 1411 3226 1470 pOIestatcm
3269 1406 3539 1462 indiderit.
3573 1408 3729 1480 (Cap.
3762 1411 3842 1482 Χ)

2234 1486 2285 1539 l.
2327 1484 2394 1538 Et
2433 1491 2739 1553 convocatis,
2773 1492 2868 1555 ait,
2905 1490 3172 1546 duodecim
3222 1496 3489 1566 discipulis
3536 1500 3664 1558 suis.
3695 1499 3843 1556 dedit

2231 1578 2300 1630 eis
2323 1588 2615 1645 potestatem
2641 1581 2910 1650 spirituum
2940 1583 3339 1651 immundorum,
3375 1599 3427 1640 ut
3458 1590 3700 1660 ejicercnt
3725 1609 3840 1659 eos,

2231 1678 2276 1720 et
2305 1680 2542 1722 curarent
2570 1686 2766 1724 onmem
2811 1672 3108 1743 languorem
3136 1687 3182 1729 et
3222 1693 3420 1732 omnem
3461 1681 3837 1748 inﬁrmitatem.

2230 1757 2391 1828 Atqui
2425 1760 2657 1813 nondum
2707 1760 2938 1828 Spiritus
2991 1774 3106 1818 erat
3137 1765 3295 1821 datus
3331 1787 3342 1821 :
3398 1767 3648 1826 Nondum
3675 1776 3838 1838 enim,

2230 1848 2421 1918 inquit,
2456 1850 2683 1918 Spiritus
2727 1864 2833 1905 erat
2871 1855 3044 1920 datus,
3091 1859 3213 1926 quia
3257 1857 3409 1914 Jesus
3451 1865 3681 1917 nondum
3725 1878 3842 1921 erat

2225 1940 2539 2009 gloriﬁcatur
2587 1943 2765 2014 (Joan.
2815 1946 2867 2000 7.
2898 1947 3012 2018 59).
3044 1949 3328 2018 Quomodo
3373 1969 3502 2025 ergo
3541 1958 3841 2025 ejiciehant

2227 2031 2481 2099 spiritus?
2513 2034 2588 2088 Ex
2619 2037 2735 2104 ejus
2764 2049 3034 2109 ιιι-ποθι)ιο
3054 2051 3217 2116 atque
3240 2055 3520 2114 potestate.
3549 2049 3839 2121 Perpende

2226 2131 2404 2193 autem
2438 2127 2567 2180 mihi
2599 2131 2932 2198 apOStolatus
2972 2139 3447 2203 Opportunitatem.
3484 2140 3598 2195 Non
3629 2146 3774 2200 enim
3802 2162 3838 2200 a

2228 2214 2491 2285 principio
2520 2220 2666 2273 misit
2695 2221 2835 2287 illos,
2860 2223 2954 2278 sed
2981 2241 3103 2280 cum
3136 2228 3243 2295 jam
3271 2231 3441 2298 ipsum
3473 2233 3665 2289 idoneo
3693 2247 3838 2291 tem-

2226 2317 2355 2376 pore
2386 2312 2597 2377 sequuti
2626 2322 2827 2377 essent,
2860 2331 2924 2370 ac
2971 2318 3229 2373 vidissent
3277 2334 3545 2378 mortuum
3594 2329 3834 2382 suscita-

2227 2402 2359 2462 tum,
2383 2416 2531 2456 mare
2562 2403 2918 2474 increpatum,
2947 2409 3128 2476 pulsos
3153 2411 3448 2478 dartnonas,
3475 2417 3834 2489 paralyticum

2224 2496 2491 2554 sanatum,
2528 2503 2745 2560 peccata
2792 2498 3014 2550 remissa
3039 2541 3052 2564 ,
3087 2501 3358 2568 leprosum
3399 2506 3730 2574 mandatum,
3761 2525 3834 2565 ac

2225 2580 2541 2637 sufficientia
2585 2588 2864 2654 potestatis
2907 2589 3047 2644 illius
3095 2604 3411 2663 argumenta
3456 2606 3510 2652 et
3541 2614 3633 2668 per
3659 2603 3834 2657 verba

2227 2680 2281 2726 et
2307 2687 2400 2740 per
2429 2685 2594 2742 Opera
2631 2678 2962 2745 accepissent
2991 2697 3003 2732 :
3038 2689 3164 2735 tunc
3209 2683 3330 2738 illos
3378 2687 3572 2754 mittit;
3618 2705 3720 2743 non
3751 2691 3831 2746 ad

2227 2771 2312 2816 res
2357 2765 2710 2831 periculosas,
2744 2768 2977 2822 nondum
3020 2772 3162 2825 enim
3195 2773 3246 2826 in
3282 2773 3562 2832 Palmstiua
3608 2782 3832 2850 pericu-

2223 2851 2329 2906 lum
2361 2865 2507 2917 erat;
2541 2858 2634 2909 sed
2671 2867 2860 2911 contra
2899 2855 3195 2917 calumnias
3242 2874 3444 2920 tantum
3478 2872 3833 2941 pugnandum

2221 2953 2354 2999 erat.
2384 2948 2630 3000 Attamen
2662 2949 2898 3017 pericula
2931 2952 3035 3007 illis
3059 2954 3320 3023 praedicit,
3352 2971 3582 3031 anteque
3611 2973 3832 3036 tempus

2222 3033 2343 3089 illos
2371 3050 2657 3107 praeparat,
2686 3052 2741 3094 et
2771 3040 3034 3112 frequenti
3080 3048 3427 3115 prmdictitane
3455 3053 3574 3106 illos
3600 3057 3664 3110 ad
3694 3033 3832 3112 cer-

2225 3127 2420 3180 tamina
2451 3125 2700 3182 institliit.
2735 3132 2938 3188 Deinde
2980 3136 3098 3204 quia
3131 3137 3266 3192 duos
3313 3144 3585 3211 apostolos
3609 3146 3834 3205 dixerat

2223 3215 2399 3281 nobis,
2434 3217 2649 3273 Petrum
2679 3229 2732 3275 et
2780 3222 3066 3292 Joannem,
3093 3238 3147 3282 et
3191 3241 3310 3298 post
3342 3233 3462 3288 illos
3509 3235 3832 3296 Matthaium

2221 3314 2467 3360 vocatum
2511 3309 2839 3378 ostenderat,
2876 3323 2932 3367 et
2958 3315 3028 3371 de
3074 3318 3299 3374 aliorum
3332 3326 3690 3391 apostolorum
3720 3345 3833 3386 vo-

2220 3397 2432 3453 catione
2468 3414 2530 3454 ac
2567 3404 2781 3457 nomine
2824 3405 2957 3460 nihil
2987 3407 3236 3466 dixerat:
3272 3413 3356 3466 hic
3393 3421 3697 3474 ηερεεε.ιι·ἰο
3726 3437 3829 3478 eo-

2221 3502 2337 3542 rum
2368 3491 2687 3561 catalogum,
2720 3481 3002 3551 numerum
3052 3503 3375 3573 nominaque
3421 3510 3597 3576 ponit,
3625 3512 3704 3566 sic
3743 3514 3830 3569 di-

2221 3594 2394 3636 cens:
2438 3583 2491 3636 2.
2530 3583 2806 3639 Duodecim
2845 3598 3013 3643 autem
3061 3599 3407 3662 apostolorum
3453 3604 3653 3657 nomina
3703 3619 3832 3662 sunt

2223 3672 2369 3727 hac:
2403 3676 2616 3745 primus,
2650 3677 2854 3744 Simon,
2887 3683 2974 3750 qui
3015 3684 3203 3754 dicitur
3253 3686 3459 3744 Petrus.
3502 3692 3630 3748 Nam
3682 3697 3830 3754 alius

2222 3762 2407 3818 Simon
2429 3775 2563 3830 erat,
2597 3769 2685 3837 qui
2709 3768 3007 3827 Cananmus
3030 3751 3340 3834 vocabatur.
3385 3783 3447 3835 Et
3471 3783 3632 3839 ludas
3677 3751 3829 3844 lsca;

2220 3854 2385 3910 rietes
2403 3898 2417 3918 .
2446 3866 2501 3912 et
2524 3857 2689 3914 indas
2717 3860 2922 3917 Jacobi.
2955 3865 3021 3919 Et
3054 3867 3288 3926 Jacobus
3313 3873 3546 3943 Alphtci,
3577 3889 3631 3933 et
3651 3882 3828 3939 Jaco-

2223 3946 2321 4000 bus
2349 3947 2613 4004 Zebedaei.
2642 3951 2851 4009 Marcus
2883 3972 3009 4011 vero
3042 3963 3335 4017 secundum
3379 3965 3694 4038 dignitatem
3726 3990 3827 4044 po—

2220 4036 2322 4091 suit
2365 4038 2526 4094 illos:
2561 4043 2758 4096 etenim
2807 4055 2926 4114 post
2963 4047 3100 4103 duos
3151 4036 3507 4122 coryphzeos,
3543 4036 3824 4120 Andream

2194 4141 2459 4185 'numerat
2489 4131 2678 4198 (Marc.
2711 4135 2764 4191 3.
2802 4138 2910 4208 l8).
2936 4138 3033 4192 Hic
3058 4155 3184 4195 vero
3216 4159 3320 4199 non
3348 4147 3446 4214 sic,
3475 4151 3568 4206 sed
3594 4154 3701 4207 alio
3730 4171 3826 4212 or-

2219 4217 2366 4283 dine,
2400 4221 2505 4274 imo
2531 4230 2584 4274 et
2610 4223 2874 4278 Thomam
2907 4241 2966 4281 se
2995 4230 3165 4285 multo
3205 4233 3512 4294 inferiorem
3542 4243 3637 4298 sibi
3661 4257 3826 4302 antc-

2223 4311 2387 4400 ponit.
2419 4310 2526 4367 Sed
2555 4328 2743 4370 eorum
2786 4322 3087 4392 catalogum
3133 4342 3161 4379 a
3206 4332 3468 4400 principio
3517 4337 3820 4398 videmnus.

2224 4397 2426 4454 Primus
2455 4403 2633 4459 Simon
2662 4442 2676 4472 ι
2724 4411 2810 4479 qui
2848 4412 3034 4468 dicitur
3065 4415 3266 4483 Petrus,
3299 4432 3346 4475 et
3380 4397 3611 4482 dndreas
3651 4432 3826 4502 frater

2219 4495 2346 4560 ejus.
2368 4494 2549 4566 Neque
2573 4513 2735 4567 parva
2769 4502 2883 4557 laus
2910 4504 3022 4561 hate
3046 4518 3126 4564 est
3152 4528 3166 4564 :
3207 4512 3355 4568 illum
3378 4530 3407 4570 a
3431 4494 3824 4584 virtttte,'hunc

2221 4599 2250 4637 a
2277 4583 2554 4650 nobilitate
2585 4607 2794 4647 morum
2837 4596 3092 4656 laudavit.
3126 4604 3179 4659 ’5.
3212 4602 3410 4664 Deinde
3445 4583 3663 4669 Jac-obus
3711 4617 3823 4674 Ζει

2219 4674 2398 4740 (Iudaei,
2423 4690 2470 4729 et
2496 4679 2720 4738 Joannes
2746 4690 2906 4756 frater
2924 4691 3056 4754 ejus.
3083 4693 3272 4751 Viden‘
3294 4703 3561 4768 quomodo
3591 4723 3694 4760 non
3731 4725 3822 4765 se-

2217 4767 2451 4822 cundum
2477 4769 2785 4841 dignitatem
2818 4780 3022 4848 ponat?
3050 4781 3174 4839 Mihi
3203 4767 3434 4860 namque
3460 4793 3686 4862 videtur,
3705 4815 3819 4856 non

2217 4859 2337 4913 aliis
2372 4861 2555 4929 modo,
2583 4868 2677 4922 sed
2710 4877 2765 4924 et
2792 4870 2959 4927 fratre
2983 4890 3197 4946 quoque
3239 4859 3357 4935 suo
3383 4882 3644 4943 Joannem
3672 4859 3822 4949 resse

2217 4952 2500 5041 majorem.
2543 4956 2742 5014 Deinde
2766 4977 2892 5016 cum
2928 4963 3171 5035 dixisset,
3205 4968 3482 5041 Philippus
3508 4985 3555 5029 et
3582 4977 3817 5036 Bari/to-

2217 5040 2447 5109 lomteus,
2481 5046 2754 5116 subjunxit
2781 5070 2792 5104 :
2830 5051 3050 5111 Thomas
3103 5068 3150 5113 et
3178 5040 3453 5119 Mattiacas
3484 5068 3814 5135 publicanus.

2221 5131 2412 5186 Verum
2459 5150 2563 5190 non
2596 5141 2672 5195 sic
2697 5142 2891 5209 Lucas,
2920 5147 3014 5202 sed
3054 5148 3270 5206 inverso
3309 5155 3520 5223 ordine,
3552 5160 3814 5232 ponitque

2216 5223 2362 5320 illum
2397 5237 2522 5283 ante
2554 5231 2814 5290 Thomam
2855 5236 3008 5306 (Luc.
3056 5241 3110 5297 6.
3161 5243 3270 5313 i4).
3322 5245 3522 5305 Deinde
3555 5223 3812 5320 sequi-tur

2212 5314 2440 5371 Jacobus
2466 5321 2692 5390 Alpbmi.
2717 5325 2844 5381 Erat
2873 5330 3038 5395 enim,
3063 5341 3122 5385 ιιι
3151 5327 3446 5399 ιιίιὶέιιιίιιε
3469 5314 3710 5397 Zebedzei
3742 5348 3812 5400 ii-

2213 5406 2334 5461 lius.
2367 5407 2558 5467 Postea
2588 5428 2706 5468 cum
2736 5417 2958 5475 dixisset
2988 5421 3294 5491 Lebbaaum,
3313 5430 3401 5498 qui
3428 5441 3482 5486 et
3502 5433 3814 5494 'fbaddaetts

2214 5501 2523 5569 vocabatur,
2554 5516 2608 5559 et
2657 5506 2929 5566 Simonem
2972 5513 3228 5583 Zeioten,
3268 5533 3428 5588 quem
3475 5521 3809 5583 Canamcum

2212 5601 2384 5655 vocat,
2414 5593 2478 5647 ad
2512 5597 2838 5663 proditorem
2869 5605 3014 5660 venit
3047 5625 3071 5680 ε,
3110 5623 3284 5679 neque
3311 5621 3371 5666 ut
3419 5612 3668 5672 inimicus
3717 5620 3807 5675 vel

2213 5682 2400 5749 hostis,
2433 5687 2527 5742 sed
2561 5699 2616 5742 ut
2660 5691 2938 5750 historiam
2987 5699 3234 5759 scribens
3273 5702 3355 5760 sic
3397 5709 3626 5764 vocavit.
3679 5707 3804 5769 Non
