  <div class='ocr_page' id='page_1' title='image "/cluster/home/n/w/nwhite01/storage/ocr_20150623/57/pst.000005712564/318.png"; bbox 0 0 4104 6308; ppageno 0'>
   <div class='ocr_carea' id='block_1_1' title="bbox 279 488 1878 571">
    <p class='ocr_par' dir='ltr' id='par_1_1' title="bbox 279 488 1878 571">
     <span class='ocr_line' id='line_1_1' title="bbox 279 488 1878 571; baseline -0.011 -12"><span class='ocrx_word' id='word_1_1' title='bbox 279 503 444 571; x_wconf 68' lang='lat' dir='ltr'><strong>dixit,</strong></span> <span class='ocrx_word' id='word_1_2' title='bbox 491 498 868 557; x_wconf 80' lang='lat' dir='ltr'><strong>Essecrandus</strong></span> <span class='ocrx_word' id='word_1_3' title='bbox 912 497 995 554; x_wconf 86' lang='lat' dir='ltr'><strong>vel</strong></span> <span class='ocrx_word' id='word_1_4' title='bbox 1040 496 1475 558; x_wconf 83' lang='lat' dir='ltr'><strong>scelestissimus,</strong></span> <span class='ocrx_word' id='word_1_5' title='bbox 1506 490 1602 546; x_wconf 83' lang='lat' dir='ltr'><strong>sed</strong></span> <span class='ocrx_word' id='word_1_6' title='bbox 1643 505 1714 546; x_wconf 81' lang='lat' dir='ltr'><strong>ex</strong></span> <span class='ocrx_word' id='word_1_7' title='bbox 1745 488 1878 543; x_wconf 84' lang='lat' dir='ltr'><strong>urbe</strong></span> 
     </span>
    </p>
   </div>
   <div class='ocr_carea' id='block_1_2' title="bbox 286 581 1880 668">
    <p class='ocr_par' dir='ltr' id='par_1_2' title="bbox 286 581 1880 668">
     <span class='ocr_line' id='line_1_2' title="bbox 286 581 1880 668; baseline -0.012 -15"><span class='ocrx_word' id='word_1_8' title='bbox 286 601 462 668; x_wconf 81' lang='lat' dir='ltr'><strong>ipsum</strong></span> <span class='ocrx_word' id='word_1_9' title='bbox 486 591 911 666; x_wconf 75' lang='lat' dir='ltr'><strong>eogtmminavit,</strong></span> <span class='ocrx_word' id='word_1_10' title='bbox 943 591 998 647; x_wconf 71' lang='grc'><strong>4.</strong></span> <span class='ocrx_word' id='word_1_11' title='bbox 1025 588 1196 644; x_wconf 73' lang='lat' dir='ltr'><strong>ludas</strong></span> <span class='ocrx_word' id='word_1_12' title='bbox 1232 585 1522 642; x_wconf 80' lang='lat' dir='ltr'><strong>Iscariotes.</strong></span> <span class='ocrx_word' id='word_1_13' title='bbox 1557 581 1692 638; x_wconf 82' lang='lat' dir='ltr'><strong>Erat</strong></span> <span class='ocrx_word' id='word_1_14' title='bbox 1734 581 1880 634; x_wconf 90' lang='lat' dir='ltr'><strong>enim</strong></span> 
     </span>
    </p>
   </div>
   <div class='ocr_carea' id='block_1_3' title="bbox 283 671 1879 753">
    <p class='ocr_par' dir='ltr' id='par_1_3' title="bbox 283 671 1879 753">
     <span class='ocr_line' id='line_1_3' title="bbox 283 671 1879 753; baseline -0.009 -14"><span class='ocrx_word' id='word_1_15' title='bbox 283 690 423 742; x_wconf 80' lang='lat' dir='ltr'><strong>alius</strong></span> <span class='ocrx_word' id='word_1_16' title='bbox 444 686 614 742; x_wconf 83' lang='lat' dir='ltr'><strong>.ludas</strong></span> <span class='ocrx_word' id='word_1_17' title='bbox 633 683 916 748; x_wconf 69' lang='lat' dir='ltr'><strong>Lebbaaus,</strong></span> <span class='ocrx_word' id='word_1_18' title='bbox 934 682 1024 753; x_wconf 90' lang='lat' dir='ltr'><strong>qui</strong></span> <span class='ocrx_word' id='word_1_19' title='bbox 1043 676 1529 752; x_wconf 75' lang='lat' dir='ltr'><strong>cognominabatur</strong></span> <span class='ocrx_word' id='word_1_20' title='bbox 1553 671 1879 733; x_wconf 69' lang='lat' dir='ltr'><strong>Thaddzrus,</strong></span> 
     </span>
    </p>
   </div>
   <div class='ocr_carea' id='block_1_4' title="bbox 283 760 1882 848">
    <p class='ocr_par' dir='ltr' id='par_1_4' title="bbox 283 760 1882 848">
     <span class='ocr_line' id='line_1_4' title="bbox 283 760 1882 848; baseline -0.012 -16"><span class='ocrx_word' id='word_1_21' title='bbox 283 792 445 848; x_wconf 84' lang='lat' dir='ltr'><strong>quem</strong></span> <span class='ocrx_word' id='word_1_22' title='bbox 483 775 668 832; x_wconf 80' lang='lat' dir='ltr'><strong>Jacobi</strong></span> <span class='ocrx_word' id='word_1_23' title='bbox 701 789 823 831; x_wconf 87' lang='lat' dir='ltr'><strong>esse</strong></span> <span class='ocrx_word' id='word_1_24' title='bbox 853 773 1018 828; x_wconf 88' lang='lat' dir='ltr'><strong>filium</strong></span> <span class='ocrx_word' id='word_1_25' title='bbox 1049 772 1123 826; x_wconf 96' lang='lat' dir='ltr'><strong>ait</strong></span> <span class='ocrx_word' id='word_1_26' title='bbox 1159 770 1329 825; x_wconf 86' lang='lat' dir='ltr'><strong>Lucas</strong></span> <span class='ocrx_word' id='word_1_27' title='bbox 1356 767 1564 831; x_wconf 81' lang='lat' dir='ltr'><strong>dicens,</strong></span> <span class='ocrx_word' id='word_1_28' title='bbox 1589 763 1758 818; x_wconf 71' lang='lat' dir='ltr'><strong>ludas</strong></span> <span class='ocrx_word' id='word_1_29' title='bbox 1784 760 1882 814; x_wconf 60' lang='lat' dir='ltr'><strong>Ja.</strong></span> 
     </span>
    </p>
   </div>
   <div class='ocr_carea' id='block_1_5' title="bbox 280 855 1879 937">
    <p class='ocr_par' dir='ltr' id='par_1_5' title="bbox 280 855 1879 937">
     <span class='ocr_line' id='line_1_5' title="bbox 280 855 1879 937; baseline -0.01 -15"><span class='ocrx_word' id='word_1_30' title='bbox 280 868 392 922; x_wconf 67' lang='lat' dir='ltr'><strong>coici</strong></span> <span class='ocrx_word' id='word_1_31' title='bbox 419 864 577 937; x_wconf 78' lang='lat' dir='ltr'><strong>(Luc.</strong></span> <span class='ocrx_word' id='word_1_32' title='bbox 606 866 664 922; x_wconf 83' lang='lat'><strong>6.</strong></span> <span class='ocrx_word' id='word_1_33' title='bbox 697 865 811 936; x_wconf 70' lang='lat'><strong>{6).</strong></span> <span class='ocrx_word' id='word_1_34' title='bbox 844 865 928 920; x_wconf 76' lang='lat' dir='ltr'><strong>Ab</strong></span> <span class='ocrx_word' id='word_1_35' title='bbox 973 863 1077 918; x_wconf 86' lang='lat' dir='ltr'><strong>hoc</strong></span> <span class='ocrx_word' id='word_1_36' title='bbox 1123 863 1284 934; x_wconf 86' lang='lat' dir='ltr'><strong>igitur</strong></span> <span class='ocrx_word' id='word_1_37' title='bbox 1330 860 1478 914; x_wconf 91' lang='lat' dir='ltr'><strong>illum</strong></span> <span class='ocrx_word' id='word_1_38' title='bbox 1521 855 1879 926; x_wconf 71' lang='lat' dir='ltr'><strong>distinguens,</strong></span> 
     </span>
    </p>
   </div>
   <div class='ocr_carea' id='block_1_6' title="bbox 280 945 1883 1026">
    <p class='ocr_par' dir='ltr' id='par_1_6' title="bbox 280 945 1883 1026">
     <span class='ocr_line' id='line_1_6' title="bbox 280 945 1883 1026; baseline -0.011 -10"><span class='ocrx_word' id='word_1_39' title='bbox 280 962 396 1016; x_wconf 85' lang='lat' dir='ltr'><strong>ait:</strong></span> <span class='ocrx_word' id='word_1_40' title='bbox 425 958 596 1016; x_wconf 70' lang='lat' dir='ltr'><strong>ludas</strong></span> <span class='ocrx_word' id='word_1_41' title='bbox 618 957 910 1020; x_wconf 81' lang='lat' dir='ltr'><strong>Iscariotes,</strong></span> <span class='ocrx_word' id='word_1_42' title='bbox 941 956 1030 1026; x_wconf 82' lang='lat' dir='ltr'><strong>qui</strong></span> <span class='ocrx_word' id='word_1_43' title='bbox 1064 953 1274 1008; x_wconf 82' lang='lat' dir='ltr'><strong>tradidit</strong></span> <span class='ocrx_word' id='word_1_44' title='bbox 1303 969 1435 1006; x_wconf 81' lang='lat' dir='ltr'><strong>eum.</strong></span> <span class='ocrx_word' id='word_1_45' title='bbox 1485 948 1670 1020; x_wconf 85' lang='lat' dir='ltr'><strong>Neque</strong></span> <span class='ocrx_word' id='word_1_46' title='bbox 1719 945 1883 1017; x_wconf 87' lang='lat' dir='ltr'><strong>pudet</strong></span> 
     </span>
    </p>
   </div>
   <div class='ocr_carea' id='block_1_7' title="bbox 280 1041 1879 1122">
    <p class='ocr_par' dir='ltr' id='par_1_7' title="bbox 280 1041 1879 1122">
     <span class='ocr_line' id='line_1_7' title="bbox 280 1041 1879 1122; baseline -0.009 -17"><span class='ocrx_word' id='word_1_47' title='bbox 280 1051 459 1122; x_wconf 87' lang='lat' dir='ltr'><strong>ipsum</strong></span> <span class='ocrx_word' id='word_1_48' title='bbox 497 1050 703 1113; x_wconf 86' lang='lat' dir='ltr'><strong>dicere,</strong></span> <span class='ocrx_word' id='word_1_49' title='bbox 732 1047 833 1117; x_wconf 83' lang='lat' dir='ltr'><strong>Qui</strong></span> <span class='ocrx_word' id='word_1_50' title='bbox 863 1046 1096 1117; x_wconf 81' lang='lat' dir='ltr'><strong>prodidit</strong></span> <span class='ocrx_word' id='word_1_51' title='bbox 1135 1046 1328 1116; x_wconf 80' lang='lat' dir='ltr'><strong>ipsum.</strong></span> <span class='ocrx_word' id='word_1_52' title='bbox 1369 1041 1445 1096; x_wconf 91' lang='lat' dir='ltr'><strong>lta</strong></span> <span class='ocrx_word' id='word_1_53' title='bbox 1475 1052 1766 1109; x_wconf 82' lang='lat' dir='ltr'><strong>numquam</strong></span> <span class='ocrx_word' id='word_1_54' title='bbox 1792 1050 1879 1101; x_wconf 87' lang='lat' dir='ltr'><strong>ea,</strong></span> 
     </span>
    </p>
   </div>
   <div class='ocr_carea' id='block_1_8' title="bbox 279 1129 1878 1212">
    <p class='ocr_par' dir='ltr' id='par_1_8' title="bbox 279 1129 1878 1212">
     <span class='ocr_line' id='line_1_8' title="bbox 279 1129 1878 1212; baseline -0.009 -18"><span class='ocrx_word' id='word_1_55' title='bbox 279 1158 402 1212; x_wconf 78' lang='lat' dir='ltr'><strong>qttze</strong></span> <span class='ocrx_word' id='word_1_56' title='bbox 444 1141 816 1212; x_wconf 77' lang='lat' dir='ltr'><strong>vituperabilis</strong></span> <span class='ocrx_word' id='word_1_57' title='bbox 845 1137 1162 1192; x_wconf 73' lang='lat' dir='ltr'><strong>videbantur</strong></span> <span class='ocrx_word' id='word_1_58' title='bbox 1204 1150 1349 1198; x_wconf 87' lang='lat' dir='ltr'><strong>esse,</strong></span> <span class='ocrx_word' id='word_1_59' title='bbox 1393 1129 1878 1203; x_wconf 57' lang='lat' dir='ltr'><strong>praetermiserunt.</strong></span> 
     </span>
    </p>
   </div>
   <div class='ocr_carea' id='block_1_9' title="bbox 281 1220 1880 1300">
    <p class='ocr_par' dir='ltr' id='par_1_9' title="bbox 281 1220 1880 1300">
     <span class='ocr_line' id='line_1_9' title="bbox 281 1220 1880 1300; baseline -0.008 -14"><span class='ocrx_word' id='word_1_60' title='bbox 281 1231 502 1286; x_wconf 76' lang='lat' dir='ltr'><strong>Primus</strong></span> <span class='ocrx_word' id='word_1_61' title='bbox 546 1232 786 1286; x_wconf 86' lang='lat' dir='ltr'><strong>omnium</strong></span> <span class='ocrx_word' id='word_1_62' title='bbox 815 1238 895 1284; x_wconf 88' lang='lat' dir='ltr'><strong>est</strong></span> <span class='ocrx_word' id='word_1_63' title='bbox 929 1227 1249 1300; x_wconf 67' lang='lat' dir='ltr'><strong>coryphaaus</strong></span> <span class='ocrx_word' id='word_1_64' title='bbox 1279 1225 1566 1280; x_wconf 83' lang='lat' dir='ltr'><strong>illiteratus</strong></span> <span class='ocrx_word' id='word_1_65' title='bbox 1593 1229 1649 1276; x_wconf 90' lang='lat' dir='ltr'><strong>et</strong></span> <span class='ocrx_word' id='word_1_66' title='bbox 1692 1220 1880 1275; x_wconf 82' lang='lat' dir='ltr'><strong>idiota.</strong></span> 
     </span>
    </p>
   </div>
   <div class='ocr_carea' id='block_1_10' title="bbox 281 1311 1882 1392">
    <p class='ocr_par' dir='ltr' id='par_1_10' title="bbox 281 1311 1882 1392">
     <span class='ocr_line' id='line_1_10' title="bbox 281 1311 1882 1392; baseline -0.009 -13"><span class='ocrx_word' id='word_1_67' title='bbox 281 1321 390 1379; x_wconf 83' lang='lat' dir='ltr'><strong>Sed</strong></span> <span class='ocrx_word' id='word_1_68' title='bbox 421 1321 699 1378; x_wconf 86' lang='lat' dir='ltr'><strong>videamus</strong></span> <span class='ocrx_word' id='word_1_69' title='bbox 722 1335 831 1392; x_wconf 93' lang='lat' dir='ltr'><strong>quo</strong></span> <span class='ocrx_word' id='word_1_70' title='bbox 857 1329 913 1374; x_wconf 92' lang='lat' dir='ltr'><strong>et</strong></span> <span class='ocrx_word' id='word_1_71' title='bbox 944 1318 1009 1374; x_wconf 88' lang='lat' dir='ltr'><strong>ad</strong></span> <span class='ocrx_word' id='word_1_72' title='bbox 1037 1332 1300 1388; x_wconf 88' lang='lat' dir='ltr'><strong>quosnam</strong></span> <span class='ocrx_word' id='word_1_73' title='bbox 1332 1316 1506 1369; x_wconf 82' lang='lat' dir='ltr'><strong>mittat</strong></span> <span class='ocrx_word' id='word_1_74' title='bbox 1545 1312 1665 1368; x_wconf 87' lang='lat' dir='ltr'><strong>illos</strong></span> <span class='ocrx_word' id='word_1_75' title='bbox 1701 1311 1882 1367; x_wconf 86' lang='lat' dir='ltr'><strong>.Iesns.</strong></span> 
     </span>
    </p>
   </div>
   <div class='ocr_carea' id='block_1_11' title="bbox 283 1406 1882 1480">
    <p class='ocr_par' dir='ltr' id='par_1_11' title="bbox 283 1406 1882 1480">
     <span class='ocr_line' id='line_1_11' title="bbox 283 1406 1882 1480; baseline -0.009 -9"><span class='ocrx_word' id='word_1_76' title='bbox 283 1415 340 1471; x_wconf 75' lang='lat'><strong>5.</strong></span> <span class='ocrx_word' id='word_1_77' title='bbox 375 1413 486 1469; x_wconf 78' lang='lat' dir='ltr'><strong>ﬂos</strong></span> <span class='ocrx_word' id='word_1_78' title='bbox 515 1413 803 1478; x_wconf 75' lang='lat' dir='ltr'><strong>duodecim,</strong></span> <span class='ocrx_word' id='word_1_79' title='bbox 833 1411 1025 1480; x_wconf 89' lang='lat' dir='ltr'><strong>inquit,</strong></span> <span class='ocrx_word' id='word_1_80' title='bbox 1058 1409 1191 1464; x_wconf 82' lang='lat' dir='ltr'><strong>misit</strong></span> <span class='ocrx_word' id='word_1_81' title='bbox 1231 1406 1404 1462; x_wconf 76' lang='lat' dir='ltr'><strong>Iesus.</strong></span> <span class='ocrx_word' id='word_1_82' title='bbox 1435 1406 1710 1474; x_wconf 83' lang='lat' dir='ltr'><strong>Quosnatn</strong></span> <span class='ocrx_word' id='word_1_83' title='bbox 1747 1417 1882 1471; x_wconf 87' lang='lat' dir='ltr'><strong>qua-</strong></span> 
     </span>
    </p>
   </div>
   <div class='ocr_carea' id='block_1_12' title="bbox 283 1501 1886 1573">
    <p class='ocr_par' dir='ltr' id='par_1_12' title="bbox 283 1501 1886 1573">
     <span class='ocr_line' id='line_1_12' title="bbox 283 1501 1886 1573; baseline -0.009 -12"><span class='ocrx_word' id='word_1_84' title='bbox 283 1506 471 1562; x_wconf 75' lang='lat' dir='ltr'><strong>lesve?</strong></span> <span class='ocrx_word' id='word_1_85' title='bbox 519 1505 837 1568; x_wconf 73' lang='lat' dir='ltr'><strong>Piscatores,</strong></span> <span class='ocrx_word' id='word_1_86' title='bbox 886 1501 1247 1573; x_wconf 82' lang='lat' dir='ltr'><strong>publicanos:</strong></span> <span class='ocrx_word' id='word_1_87' title='bbox 1289 1513 1412 1554; x_wconf 85' lang='lat' dir='ltr'><strong>nam</strong></span> <span class='ocrx_word' id='word_1_88' title='bbox 1458 1506 1688 1568; x_wconf 86' lang='lat' dir='ltr'><strong>quatuor</strong></span> <span class='ocrx_word' id='word_1_89' title='bbox 1730 1503 1886 1548; x_wconf 85' lang='lat' dir='ltr'><strong>erant</strong></span> 
     </span>
    </p>
   </div>
   <div class='ocr_carea' id='block_1_13' title="bbox 284 1588 1883 1668">
    <p class='ocr_par' dir='ltr' id='par_1_13' title="bbox 284 1588 1883 1668">
     <span class='ocr_line' id='line_1_13' title="bbox 284 1588 1883 1668; baseline -0.007 -16"><span class='ocrx_word' id='word_1_90' title='bbox 284 1599 610 1668; x_wconf 77' lang='lat' dir='ltr'><strong>piscatores,</strong></span> <span class='ocrx_word' id='word_1_91' title='bbox 640 1605 697 1652; x_wconf 92' lang='lat' dir='ltr'><strong>et</strong></span> <span class='ocrx_word' id='word_1_92' title='bbox 741 1595 850 1651; x_wconf 88' lang='lat' dir='ltr'><strong>duo</strong></span> <span class='ocrx_word' id='word_1_93' title='bbox 893 1593 1187 1665; x_wconf 88' lang='lat' dir='ltr'><strong>publicani,</strong></span> <span class='ocrx_word' id='word_1_94' title='bbox 1218 1592 1504 1647; x_wconf 73' lang='lat' dir='ltr'><strong>Matthaeus</strong></span> <span class='ocrx_word' id='word_1_95' title='bbox 1526 1598 1583 1646; x_wconf 90' lang='lat' dir='ltr'><strong>et</strong></span> <span class='ocrx_word' id='word_1_96' title='bbox 1611 1588 1883 1652; x_wconf 75' lang='lat' dir='ltr'><strong>Iacobus;</strong></span> 
     </span>
    </p>
   </div>
   <div class='ocr_carea' id='block_1_14' title="bbox 283 1681 1888 1760">
    <p class='ocr_par' dir='ltr' id='par_1_14' title="bbox 283 1681 1888 1760">
     <span class='ocr_line' id='line_1_14' title="bbox 283 1681 1888 1760; baseline -0.006 -17"><span class='ocrx_word' id='word_1_97' title='bbox 283 1704 532 1760; x_wconf 87' lang='lat' dir='ltr'><strong>unusque</strong></span> <span class='ocrx_word' id='word_1_98' title='bbox 563 1687 824 1758; x_wconf 92' lang='lat' dir='ltr'><strong>proditor.</strong></span> <span class='ocrx_word' id='word_1_99' title='bbox 859 1687 927 1741; x_wconf 88' lang='lat' dir='ltr'><strong>Et</strong></span> <span class='ocrx_word' id='word_1_100' title='bbox 954 1685 1082 1756; x_wconf 90' lang='lat' dir='ltr'><strong>quid</strong></span> <span class='ocrx_word' id='word_1_101' title='bbox 1117 1685 1223 1740; x_wconf 82' lang='lat' dir='ltr'><strong>illis</strong></span> <span class='ocrx_word' id='word_1_102' title='bbox 1261 1684 1380 1739; x_wconf 74' lang='lat' dir='ltr'><strong>ait?</strong></span> <span class='ocrx_word' id='word_1_103' title='bbox 1409 1683 1603 1739; x_wconf 84' lang='lat' dir='ltr'><strong>Statim</strong></span> <span class='ocrx_word' id='word_1_104' title='bbox 1646 1681 1888 1752; x_wconf 71' lang='lat' dir='ltr'><strong>prrecipit</strong></span> 
     </span>
    </p>
   </div>
   <div class='ocr_carea' id='block_1_15' title="bbox 284 1774 1883 1848">
    <p class='ocr_par' dir='ltr' id='par_1_15' title="bbox 284 1774 1883 1848">
     <span class='ocr_line' id='line_1_15' title="bbox 284 1774 1883 1848; baseline -0.006 -14"><span class='ocrx_word' id='word_1_105' title='bbox 284 1778 372 1834; x_wconf 88' lang='lat' dir='ltr'><strong>his</strong></span> <span class='ocrx_word' id='word_1_106' title='bbox 401 1779 581 1835; x_wconf 80' lang='lat' dir='ltr'><strong>verbis</strong></span> <span class='ocrx_word' id='word_1_107' title='bbox 613 1797 627 1834; x_wconf 91' lang='lat'><strong>:</strong></span> <span class='ocrx_word' id='word_1_108' title='bbox 661 1776 728 1832; x_wconf 86' lang='lat' dir='ltr'><strong>In</strong></span> <span class='ocrx_word' id='word_1_109' title='bbox 755 1778 888 1832; x_wconf 77' lang='lat' dir='ltr'><strong>uiam</strong></span> <span class='ocrx_word' id='word_1_110' title='bbox 929 1777 1156 1848; x_wconf 80' lang='lat' dir='ltr'><strong>gentium</strong></span> <span class='ocrx_word' id='word_1_111' title='bbox 1189 1792 1254 1830; x_wconf 83' lang='lat' dir='ltr'><strong>ne</strong></span> <span class='ocrx_word' id='word_1_112' title='bbox 1277 1775 1522 1840; x_wconf 78' lang='lat' dir='ltr'><strong>abieritis,</strong></span> <span class='ocrx_word' id='word_1_113' title='bbox 1550 1784 1599 1828; x_wconf 86' lang='lat' dir='ltr'><strong>et</strong></span> <span class='ocrx_word' id='word_1_114' title='bbox 1624 1775 1677 1828; x_wconf 85' lang='lat' dir='ltr'><strong>in</strong></span> <span class='ocrx_word' id='word_1_115' title='bbox 1704 1774 1883 1827; x_wconf 80' lang='lat' dir='ltr'><strong>civita-</strong></span> 
     </span>
    </p>
   </div>
   <div class='ocr_carea' id='block_1_16' title="bbox 284 1865 1891 1935">
    <p class='ocr_par' dir='ltr' id='par_1_16' title="bbox 284 1865 1891 1935">
     <span class='ocr_line' id='line_1_16' title="bbox 284 1865 1891 1935; baseline -0.002 -12"><span class='ocrx_word' id='word_1_116' title='bbox 284 1879 386 1925; x_wconf 75' lang='lat' dir='ltr'><strong>tem</strong></span> <span class='ocrx_word' id='word_1_117' title='bbox 414 1868 861 1925; x_wconf 78' lang='lat' dir='ltr'><strong>Samaritanorum</strong></span> <span class='ocrx_word' id='word_1_118' title='bbox 903 1884 966 1922; x_wconf 83' lang='lat' dir='ltr'><strong>ne</strong></span> <span class='ocrx_word' id='word_1_119' title='bbox 994 1867 1302 1922; x_wconf 75' lang='lat' dir='ltr'><strong>intrareritis</strong></span> <span class='ocrx_word' id='word_1_120' title='bbox 1332 1882 1352 1920; x_wconf 91' lang='lat'><strong>:</strong></span> <span class='ocrx_word' id='word_1_121' title='bbox 1392 1866 1444 1922; x_wconf 85' lang='grc'><strong>6.</strong></span> <span class='ocrx_word' id='word_1_122' title='bbox 1487 1866 1579 1922; x_wconf 81' lang='lat' dir='ltr'><strong>sed</strong></span> <span class='ocrx_word' id='word_1_123' title='bbox 1627 1866 1794 1935; x_wconf 78' lang='lat' dir='ltr'><strong>potius</strong></span> <span class='ocrx_word' id='word_1_124' title='bbox 1821 1865 1891 1919; x_wconf 76' lang='lat' dir='ltr'><strong>ita</strong></span> 
     </span>
    </p>
   </div>
   <div class='ocr_carea' id='block_1_17' title="bbox 283 1955 1888 2030">
    <p class='ocr_par' dir='ltr' id='par_1_17' title="bbox 283 1955 1888 2030">
     <span class='ocr_line' id='line_1_17' title="bbox 283 1955 1888 2030; baseline -0.006 -14"><span class='ocrx_word' id='word_1_125' title='bbox 283 1961 357 2015; x_wconf 72' lang='lat' dir='ltr'><strong>ad</strong></span> <span class='ocrx_word' id='word_1_126' title='bbox 394 1976 510 2015; x_wconf 84' lang='lat' dir='ltr'><strong>oses</strong></span> <span class='ocrx_word' id='word_1_127' title='bbox 551 1974 668 2030; x_wconf 68' lang='lat' dir='ltr'><strong>qua</strong></span> <span class='ocrx_word' id='word_1_128' title='bbox 710 1960 970 2030; x_wconf 66' lang='lat' dir='ltr'><strong>pst-iuuat</strong></span> <span class='ocrx_word' id='word_1_129' title='bbox 995 1960 1176 2013; x_wconf 81' lang='lat' dir='ltr'><strong>domus</strong></span> <span class='ocrx_word' id='word_1_130' title='bbox 1222 1956 1408 2012; x_wconf 62' lang='lat' dir='ltr'><strong>Israel.</strong></span> <span class='ocrx_word' id='word_1_131' title='bbox 1440 1956 1518 2012; x_wconf 90' lang='lat' dir='ltr'><strong>Ne</strong></span> <span class='ocrx_word' id='word_1_132' title='bbox 1549 1957 1767 2026; x_wconf 87' lang='lat' dir='ltr'><strong>putetis,</strong></span> <span class='ocrx_word' id='word_1_133' title='bbox 1803 1955 1888 2008; x_wconf 87' lang='lat' dir='ltr'><strong>in-</strong></span> 
     </span>
    </p>
   </div>
   <div class='ocr_carea' id='block_1_18' title="bbox 283 2046 1891 2121">
    <p class='ocr_par' dir='ltr' id='par_1_18' title="bbox 283 2046 1891 2121">
     <span class='ocr_line' id='line_1_18' title="bbox 283 2046 1891 2121; baseline -0.003 -17"><span class='ocrx_word' id='word_1_134' title='bbox 283 2051 425 2121; x_wconf 81' lang='lat' dir='ltr'><strong>quit,</strong></span> <span class='ocrx_word' id='word_1_135' title='bbox 463 2050 584 2120; x_wconf 91' lang='lat' dir='ltr'><strong>quia</strong></span> <span class='ocrx_word' id='word_1_136' title='bbox 637 2049 769 2104; x_wconf 86' lang='lat' dir='ltr'><strong>mihi</strong></span> <span class='ocrx_word' id='word_1_137' title='bbox 818 2048 1214 2115; x_wconf 80' lang='lat' dir='ltr'><strong>conviciantur,</strong></span> <span class='ocrx_word' id='word_1_138' title='bbox 1254 2056 1310 2102; x_wconf 89' lang='lat' dir='ltr'><strong>et</strong></span> <span class='ocrx_word' id='word_1_139' title='bbox 1354 2046 1745 2102; x_wconf 75' lang='lat' dir='ltr'><strong>dzemoniacum</strong></span> <span class='ocrx_word' id='word_1_140' title='bbox 1795 2059 1891 2099; x_wconf 88' lang='lat' dir='ltr'><strong>vo-</strong></span> 
     </span>
    </p>
   </div>
   <div class='ocr_carea' id='block_1_19' title="bbox 285 2135 1889 2208">
    <p class='ocr_par' dir='ltr' id='par_1_19' title="bbox 285 2135 1889 2208">
     <span class='ocr_line' id='line_1_19' title="bbox 285 2135 1889 2208; baseline -0.004 -12"><span class='ocrx_word' id='word_1_141' title='bbox 285 2148 435 2205; x_wconf 88' lang='lat' dir='ltr'><strong>cat,</strong></span> <span class='ocrx_word' id='word_1_142' title='bbox 465 2153 553 2194; x_wconf 87' lang='lat' dir='ltr'><strong>me</strong></span> <span class='ocrx_word' id='word_1_143' title='bbox 580 2137 702 2193; x_wconf 86' lang='lat' dir='ltr'><strong>ideo</strong></span> <span class='ocrx_word' id='word_1_144' title='bbox 728 2137 855 2192; x_wconf 90' lang='lat' dir='ltr'><strong>illos</strong></span> <span class='ocrx_word' id='word_1_145' title='bbox 878 2137 1004 2192; x_wconf 91' lang='lat' dir='ltr'><strong>odio</strong></span> <span class='ocrx_word' id='word_1_146' title='bbox 1037 2137 1237 2194; x_wconf 87' lang='lat' dir='ltr'><strong>habere</strong></span> <span class='ocrx_word' id='word_1_147' title='bbox 1263 2146 1320 2193; x_wconf 89' lang='lat' dir='ltr'><strong>et</strong></span> <span class='ocrx_word' id='word_1_148' title='bbox 1352 2138 1589 2191; x_wconf 87' lang='lat' dir='ltr'><strong>aversari</strong></span> <span class='ocrx_word' id='word_1_149' title='bbox 1623 2138 1723 2208; x_wconf 84' lang='lat' dir='ltr'><strong>(a).</strong></span> <span class='ocrx_word' id='word_1_150' title='bbox 1757 2135 1889 2190; x_wconf 86' lang='lat' dir='ltr'><strong>Nam</strong></span> 
     </span>
    </p>
   </div>
   <div class='ocr_carea' id='block_1_20' title="bbox 285 2229 1891 2305">
    <p class='ocr_par' dir='ltr' id='par_1_20' title="bbox 285 2229 1891 2305">
     <span class='ocr_line' id='line_1_20' title="bbox 285 2229 1891 2305; baseline -0.002 -18"><span class='ocrx_word' id='word_1_151' title='bbox 285 2234 499 2305; x_wconf 80' lang='lat' dir='ltr'><strong>priores</strong></span> <span class='ocrx_word' id='word_1_152' title='bbox 524 2232 644 2287; x_wconf 73' lang='lat' dir='ltr'><strong>illas</strong></span> <span class='ocrx_word' id='word_1_153' title='bbox 671 2230 965 2286; x_wconf 88' lang='lat' dir='ltr'><strong>emendare</strong></span> <span class='ocrx_word' id='word_1_154' title='bbox 985 2230 1190 2297; x_wconf 89' lang='lat' dir='ltr'><strong>studui,</strong></span> <span class='ocrx_word' id='word_1_155' title='bbox 1209 2240 1264 2285; x_wconf 91' lang='lat' dir='ltr'><strong>et</strong></span> <span class='ocrx_word' id='word_1_156' title='bbox 1283 2245 1379 2284; x_wconf 87' lang='lat' dir='ltr'><strong>vos</strong></span> <span class='ocrx_word' id='word_1_157' title='bbox 1404 2231 1474 2284; x_wconf 89' lang='lat' dir='ltr'><strong>ab</strong></span> <span class='ocrx_word' id='word_1_158' title='bbox 1499 2229 1620 2285; x_wconf 89' lang='lat' dir='ltr'><strong>aliis</strong></span> <span class='ocrx_word' id='word_1_159' title='bbox 1640 2230 1891 2284; x_wconf 91' lang='lat' dir='ltr'><strong>omnibus</strong></span> 
     </span>
    </p>
   </div>
   <div class='ocr_carea' id='block_1_21' title="bbox 284 2320 1892 2392">
    <p class='ocr_par' dir='ltr' id='par_1_21' title="bbox 284 2320 1892 2392">
     <span class='ocr_line' id='line_1_21' title="bbox 284 2320 1892 2392; baseline -0.001 -14"><span class='ocrx_word' id='word_1_160' title='bbox 284 2325 509 2379; x_wconf 74' lang='lat' dir='ltr'><strong>abactos</strong></span> <span class='ocrx_word' id='word_1_161' title='bbox 538 2325 606 2378; x_wconf 90' lang='lat' dir='ltr'><strong>ad</strong></span> <span class='ocrx_word' id='word_1_162' title='bbox 651 2323 773 2378; x_wconf 91' lang='lat' dir='ltr'><strong>illos</strong></span> <span class='ocrx_word' id='word_1_163' title='bbox 811 2324 966 2377; x_wconf 89' lang='lat' dir='ltr'><strong>mitto</strong></span> <span class='ocrx_word' id='word_1_164' title='bbox 1005 2323 1259 2377; x_wconf 90' lang='lat' dir='ltr'><strong>doctores</strong></span> <span class='ocrx_word' id='word_1_165' title='bbox 1296 2337 1360 2376; x_wconf 85' lang='lat' dir='ltr'><strong>ac</strong></span> <span class='ocrx_word' id='word_1_166' title='bbox 1403 2322 1663 2378; x_wconf 90' lang='lat' dir='ltr'><strong>medicos.</strong></span> <span class='ocrx_word' id='word_1_167' title='bbox 1707 2320 1892 2392; x_wconf 84' lang='lat' dir='ltr'><strong>Neque</strong></span> 
     </span>
    </p>
   </div>
   <div class='ocr_carea' id='block_1_22' title="bbox 286 2411 1890 2482">
    <p class='ocr_par' dir='ltr' id='par_1_22' title="bbox 286 2411 1890 2482">
     <span class='ocr_line' id='line_1_22' title="bbox 286 2411 1890 2482; baseline -0.003 -12"><span class='ocrx_word' id='word_1_168' title='bbox 286 2415 451 2470; x_wconf 84' lang='lat' dir='ltr'><strong>modo</strong></span> <span class='ocrx_word' id='word_1_169' title='bbox 479 2424 600 2469; x_wconf 83' lang='lat' dir='ltr'><strong>veto</strong></span> <span class='ocrx_word' id='word_1_170' title='bbox 629 2429 696 2469; x_wconf 91' lang='lat' dir='ltr'><strong>ne</strong></span> <span class='ocrx_word' id='word_1_171' title='bbox 717 2413 836 2468; x_wconf 78' lang='lat' dir='ltr'><strong>aliis</strong></span> <span class='ocrx_word' id='word_1_172' title='bbox 857 2422 984 2469; x_wconf 88' lang='lat' dir='ltr'><strong>ante</strong></span> <span class='ocrx_word' id='word_1_173' title='bbox 1009 2412 1132 2468; x_wconf 90' lang='lat' dir='ltr'><strong>illos</strong></span> <span class='ocrx_word' id='word_1_174' title='bbox 1162 2412 1505 2482; x_wconf 71' lang='lat' dir='ltr'><strong>praedicetur,</strong></span> <span class='ocrx_word' id='word_1_175' title='bbox 1525 2411 1622 2467; x_wconf 90' lang='lat' dir='ltr'><strong>sed</strong></span> <span class='ocrx_word' id='word_1_176' title='bbox 1653 2427 1724 2466; x_wconf 86' lang='lat' dir='ltr'><strong>ne</strong></span> <span class='ocrx_word' id='word_1_177' title='bbox 1751 2413 1890 2465; x_wconf 88' lang='lat' dir='ltr'><strong>viam</strong></span> 
     </span>
    </p>
   </div>
   <div class='ocr_carea' id='block_1_23' title="bbox 288 2504 1891 2577">
    <p class='ocr_par' dir='ltr' id='par_1_23' title="bbox 288 2504 1891 2577">
     <span class='ocr_line' id='line_1_23' title="bbox 288 2504 1891 2577; baseline -0.003 -17"><span class='ocrx_word' id='word_1_178' title='bbox 288 2507 507 2577; x_wconf 83' lang='lat' dir='ltr'><strong>quidem</strong></span> <span class='ocrx_word' id='word_1_179' title='bbox 554 2508 824 2575; x_wconf 57' lang='lat' dir='ltr'><strong>attingere</strong></span> <span class='ocrx_word' id='word_1_180' title='bbox 868 2520 987 2574; x_wconf 74' lang='lat' dir='ltr'><strong>qua:</strong></span> <span class='ocrx_word' id='word_1_181' title='bbox 1032 2504 1141 2560; x_wconf 83' lang='lat' dir='ltr'><strong>alio</strong></span> <span class='ocrx_word' id='word_1_182' title='bbox 1177 2504 1362 2570; x_wconf 89' lang='lat' dir='ltr'><strong>ducat,</strong></span> <span class='ocrx_word' id='word_1_183' title='bbox 1390 2519 1490 2559; x_wconf 86' lang='lat' dir='ltr'><strong>nec</strong></span> <span class='ocrx_word' id='word_1_184' title='bbox 1534 2504 1586 2557; x_wconf 92' lang='lat' dir='ltr'><strong>in</strong></span> <span class='ocrx_word' id='word_1_185' title='bbox 1619 2504 1891 2558; x_wconf 86' lang='lat' dir='ltr'><strong>civitatem</strong></span> 
     </span>
    </p>
   </div>
   <div class='ocr_carea' id='block_1_24' title="bbox 294 2595 1013 2666">
    <p class='ocr_par' dir='ltr' id='par_1_24' title="bbox 294 2595 1013 2666">
     <span class='ocr_line' id='line_1_24' title="bbox 294 2595 1013 2666; baseline -0.006 -13"><span class='ocrx_word' id='word_1_186' title='bbox 294 2598 477 2654; x_wconf 71' lang='lat' dir='ltr'><strong>illam&#39;</strong></span> <span class='ocrx_word' id='word_1_187' title='bbox 509 2600 708 2652; x_wconf 80' lang='lat' dir='ltr'><strong>intrare</strong></span> <span class='ocrx_word' id='word_1_188' title='bbox 739 2595 1013 2666; x_wconf 76' lang='lat' dir='ltr'><strong>permitto.</strong></span> 
     </span>
    </p>
   </div>
   <div class='ocr_carea' id='block_1_25' title="bbox 361 2686 1891 2745">
    <p class='ocr_par' dir='ltr' id='par_1_25' title="bbox 361 2686 1891 2745">
     <span class='ocr_line' id='line_1_25' title="bbox 361 2686 1891 2745; baseline -0.003 0"><span class='ocrx_word' id='word_1_189' title='bbox 361 2691 416 2745; x_wconf 74' lang='grc' dir='ltr'><strong>ι.</strong></span> <span class='ocrx_word' id='word_1_190' title='bbox 447 2689 764 2745; x_wconf 88' lang='lat' dir='ltr'><strong>Samaritani</strong></span> <span class='ocrx_word' id='word_1_191' title='bbox 815 2688 959 2745; x_wconf 91' lang='lat' dir='ltr'><strong>enim</strong></span> <span class='ocrx_word' id='word_1_192' title='bbox 1002 2687 1310 2744; x_wconf 68' lang='lat' dir='ltr'><strong>Iudaeorum</strong></span> <span class='ocrx_word' id='word_1_193' title='bbox 1360 2697 1516 2743; x_wconf 90' lang='lat' dir='ltr'><strong>erant</strong></span> <span class='ocrx_word' id='word_1_194' title='bbox 1553 2686 1846 2742; x_wconf 77' lang='lat' dir='ltr'><strong>adversarii</strong></span> <span class='ocrx_word' id='word_1_195' title='bbox 1879 2705 1891 2740; x_wconf 90' lang='lat'><strong>:</strong></span> 
     </span>
    </p>
   </div>
   <div class='ocr_carea' id='block_1_26' title="bbox 288 2778 1893 2849">
    <p class='ocr_par' dir='ltr' id='par_1_26' title="bbox 288 2778 1893 2849">
     <span class='ocr_line' id='line_1_26' title="bbox 288 2778 1893 2849; baseline -0.002 -13"><span class='ocrx_word' id='word_1_196' title='bbox 288 2791 526 2838; x_wconf 78' lang='lat' dir='ltr'><strong>attamen</strong></span> <span class='ocrx_word' id='word_1_197' title='bbox 557 2781 762 2836; x_wconf 90' lang='lat' dir='ltr'><strong>facilior</strong></span> <span class='ocrx_word' id='word_1_198' title='bbox 799 2789 918 2836; x_wconf 87' lang='lat' dir='ltr'><strong>erat</strong></span> <span class='ocrx_word' id='word_1_199' title='bbox 961 2780 1030 2834; x_wconf 89' lang='lat' dir='ltr'><strong>ibi</strong></span> <span class='ocrx_word' id='word_1_200' title='bbox 1064 2779 1407 2849; x_wconf 74' lang='lat' dir='ltr'><strong>przedicatio;</strong></span> <span class='ocrx_word' id='word_1_201' title='bbox 1454 2778 1627 2833; x_wconf 91' lang='lat' dir='ltr'><strong>multo</strong></span> <span class='ocrx_word' id='word_1_202' title='bbox 1653 2779 1796 2832; x_wconf 89' lang='lat' dir='ltr'><strong>enim</strong></span> <span class='ocrx_word' id='word_1_203' title='bbox 1828 2779 1893 2832; x_wconf 78' lang='lat' dir='ltr'><strong>ad</strong></span> 
     </span>
    </p>
   </div>
   <div class='ocr_carea' id='block_1_27' title="bbox 291 2868 1893 2942">
    <p class='ocr_par' dir='ltr' id='par_1_27' title="bbox 291 2868 1893 2942">
     <span class='ocr_line' id='line_1_27' title="bbox 291 2868 1893 2942; baseline -0.003 -14"><span class='ocrx_word' id='word_1_204' title='bbox 291 2872 455 2928; x_wconf 86' lang='lat' dir='ltr'><strong>fidem</strong></span> <span class='ocrx_word' id='word_1_205' title='bbox 483 2871 880 2942; x_wconf 82' lang='lat' dir='ltr'><strong>suscipiendam</strong></span> <span class='ocrx_word' id='word_1_206' title='bbox 913 2873 1206 2940; x_wconf 82' lang='lat' dir='ltr'><strong>paratiores</strong></span> <span class='ocrx_word' id='word_1_207' title='bbox 1236 2878 1391 2925; x_wconf 87' lang='lat' dir='ltr'><strong>erant</strong></span> <span class='ocrx_word' id='word_1_208' title='bbox 1419 2887 1433 2923; x_wconf 88' lang='lat'><strong>:</strong></span> <span class='ocrx_word' id='word_1_209' title='bbox 1465 2870 1518 2923; x_wconf 91' lang='lat' dir='ltr'><strong>hi</strong></span> <span class='ocrx_word' id='word_1_210' title='bbox 1549 2883 1680 2924; x_wconf 89' lang='lat' dir='ltr'><strong>vero</strong></span> <span class='ocrx_word' id='word_1_211' title='bbox 1708 2868 1893 2923; x_wconf 86' lang='lat' dir='ltr'><strong>durio-</strong></span> 
     </span>
    </p>
   </div>
   <div class='ocr_carea' id='block_1_28' title="bbox 292 2961 1897 3031">
    <p class='ocr_par' dir='ltr' id='par_1_28' title="bbox 292 2961 1897 3031">
     <span class='ocr_line' id='line_1_28' title="bbox 292 2961 1897 3031; baseline -0.006 -9"><span class='ocrx_word' id='word_1_212' title='bbox 292 2981 421 3031; x_wconf 86' lang='lat' dir='ltr'><strong>res;</strong></span> <span class='ocrx_word' id='word_1_213' title='bbox 450 2977 818 3021; x_wconf 80' lang='lat' dir='ltr'><strong>verumtamen</strong></span> <span class='ocrx_word' id='word_1_214' title='bbox 845 2963 910 3018; x_wconf 91' lang='lat' dir='ltr'><strong>ad</strong></span> <span class='ocrx_word' id='word_1_215' title='bbox 940 2962 1241 3018; x_wconf 79' lang='lat' dir='ltr'><strong>difﬁciliora</strong></span> <span class='ocrx_word' id='word_1_216' title='bbox 1272 2963 1431 3017; x_wconf 88' lang='lat' dir='ltr'><strong>mittit</strong></span> <span class='ocrx_word' id='word_1_217' title='bbox 1457 2962 1608 3026; x_wconf 89' lang='lat' dir='ltr'><strong>illos,</strong></span> <span class='ocrx_word' id='word_1_218' title='bbox 1639 2961 1717 3016; x_wconf 89' lang='lat' dir='ltr'><strong>sic</strong></span> <span class='ocrx_word' id='word_1_219' title='bbox 1746 2976 1897 3015; x_wconf 78' lang='lat' dir='ltr'><strong>suam</strong></span> 
     </span>
    </p>
   </div>
   <div class='ocr_carea' id='block_1_29' title="bbox 290 3051 1900 3127">
    <p class='ocr_par' dir='ltr' id='par_1_29' title="bbox 290 3051 1900 3127">
     <span class='ocr_line' id='line_1_29' title="bbox 290 3051 1900 3127; baseline -0.005 -15"><span class='ocrx_word' id='word_1_220' title='bbox 290 3073 420 3127; x_wconf 87' lang='lat' dir='ltr'><strong>erga</strong></span> <span class='ocrx_word' id='word_1_221' title='bbox 449 3057 567 3111; x_wconf 80' lang='lat' dir='ltr'><strong>illos</strong></span> <span class='ocrx_word' id='word_1_222' title='bbox 598 3055 987 3126; x_wconf 86' lang='lat' dir='ltr'><strong>providentiam</strong></span> <span class='ocrx_word' id='word_1_223' title='bbox 1014 3053 1306 3109; x_wconf 88' lang='lat' dir='ltr'><strong>ostendens</strong></span> <span class='ocrx_word' id='word_1_224' title='bbox 1331 3094 1347 3118; x_wconf 94' lang='lat'><strong>,</strong></span> <span class='ocrx_word' id='word_1_225' title='bbox 1377 3067 1441 3108; x_wconf 90' lang='lat' dir='ltr'><strong>ac</strong></span> <span class='ocrx_word' id='word_1_226' title='bbox 1462 3051 1773 3106; x_wconf 69' lang='lat' dir='ltr'><strong>Judasorum</strong></span> <span class='ocrx_word' id='word_1_227' title='bbox 1805 3066 1900 3105; x_wconf 90' lang='lat' dir='ltr'><strong>ora</strong></span> 
     </span>
    </p>
   </div>
   <div class='ocr_carea' id='block_1_30' title="bbox 291 3141 1899 3216">
    <p class='ocr_par' dir='ltr' id='par_1_30' title="bbox 291 3141 1899 3216">
     <span class='ocr_line' id='line_1_30' title="bbox 291 3141 1899 3216; baseline -0.005 -13"><span class='ocrx_word' id='word_1_228' title='bbox 291 3146 549 3203; x_wconf 83' lang='lat' dir='ltr'><strong>claudens</strong></span> <span class='ocrx_word' id='word_1_229' title='bbox 570 3187 586 3212; x_wconf 92' lang='lat'><strong>,</strong></span> <span class='ocrx_word' id='word_1_230' title='bbox 613 3155 779 3216; x_wconf 90' lang='lat' dir='ltr'><strong>atque</strong></span> <span class='ocrx_word' id='word_1_231' title='bbox 801 3145 868 3200; x_wconf 90' lang='lat' dir='ltr'><strong>ad</strong></span> <span class='ocrx_word' id='word_1_232' title='bbox 901 3144 1266 3216; x_wconf 85' lang='lat' dir='ltr'><strong>apostolorum</strong></span> <span class='ocrx_word' id='word_1_233' title='bbox 1291 3141 1731 3214; x_wconf 73' lang='lat' dir='ltr'><strong>praedicationem</strong></span> <span class='ocrx_word' id='word_1_234' title='bbox 1761 3143 1899 3196; x_wconf 90' lang='lat' dir='ltr'><strong>viam</strong></span> 
     </span>
    </p>
   </div>
   <div class='ocr_carea' id='block_1_31' title="bbox 293 3236 1901 3313">
    <p class='ocr_par' dir='ltr' id='par_1_31' title="bbox 293 3236 1901 3313">
     <span class='ocr_line' id='line_1_31' title="bbox 293 3236 1901 3313; baseline -0.002 -19"><span class='ocrx_word' id='word_1_235' title='bbox 293 3257 494 3313; x_wconf 86' lang='lat' dir='ltr'><strong>parans</strong></span> <span class='ocrx_word' id='word_1_236' title='bbox 516 3282 531 3304; x_wconf 89' lang='lat'><strong>.</strong></span> <span class='ocrx_word' id='word_1_237' title='bbox 562 3256 630 3296; x_wconf 91' lang='lat' dir='ltr'><strong>ne</strong></span> <span class='ocrx_word' id='word_1_238' title='bbox 654 3255 840 3295; x_wconf 86' lang='lat' dir='ltr'><strong>rursus</strong></span> <span class='ocrx_word' id='word_1_239' title='bbox 870 3250 1225 3304; x_wconf 83' lang='lat' dir='ltr'><strong>accusarent,</strong></span> <span class='ocrx_word' id='word_1_240' title='bbox 1257 3238 1402 3308; x_wconf 89' lang='lat' dir='ltr'><strong>quod</strong></span> <span class='ocrx_word' id='word_1_241' title='bbox 1445 3238 1512 3291; x_wconf 89' lang='lat' dir='ltr'><strong>ad</strong></span> <span class='ocrx_word' id='word_1_242' title='bbox 1540 3236 1794 3308; x_wconf 85' lang='lat' dir='ltr'><strong>Assyrios</strong></span> <span class='ocrx_word' id='word_1_243' title='bbox 1823 3238 1901 3290; x_wconf 84' lang='lat' dir='ltr'><strong>in-</strong></span> 
     </span>
    </p>
   </div>
   <div class='ocr_carea' id='block_1_32' title="bbox 294 3329 1904 3404">
    <p class='ocr_par' dir='ltr' id='par_1_32' title="bbox 294 3329 1904 3404">
     <span class='ocr_line' id='line_1_32' title="bbox 294 3329 1904 3404; baseline -0.006 -13"><span class='ocrx_word' id='word_1_244' title='bbox 294 3337 641 3392; x_wconf 79' lang='lat' dir='ltr'><strong>circumcisus</strong></span> <span class='ocrx_word' id='word_1_245' title='bbox 671 3335 899 3404; x_wconf 84' lang='lat' dir='ltr'><strong>ingressi</strong></span> <span class='ocrx_word' id='word_1_246' title='bbox 929 3342 1112 3388; x_wconf 87' lang='lat' dir='ltr'><strong>essent</strong></span> <span class='ocrx_word' id='word_1_247' title='bbox 1132 3374 1149 3398; x_wconf 91' lang='lat'><strong>,</strong></span> <span class='ocrx_word' id='word_1_248' title='bbox 1178 3341 1231 3387; x_wconf 89' lang='lat' dir='ltr'><strong>et</strong></span> <span class='ocrx_word' id='word_1_249' title='bbox 1254 3333 1453 3401; x_wconf 82' lang='lat' dir='ltr'><strong>justam</strong></span> <span class='ocrx_word' id='word_1_250' title='bbox 1475 3330 1788 3386; x_wconf 87' lang='lat' dir='ltr'><strong>viderentur</strong></span> <span class='ocrx_word' id='word_1_251' title='bbox 1811 3329 1904 3382; x_wconf 89' lang='lat' dir='ltr'><strong>ba-</strong></span> 
     </span>
    </p>
   </div>
   <div class='ocr_carea' id='block_1_33' title="bbox 295 3421 1900 3493">
    <p class='ocr_par' dir='ltr' id='par_1_33' title="bbox 295 3421 1900 3493">
     <span class='ocr_line' id='line_1_33' title="bbox 295 3421 1900 3493; baseline -0.005 -10"><span class='ocrx_word' id='word_1_252' title='bbox 295 3427 426 3483; x_wconf 84' lang='lat' dir='ltr'><strong>bere</strong></span> <span class='ocrx_word' id='word_1_253' title='bbox 461 3440 680 3481; x_wconf 84' lang='lat' dir='ltr'><strong>causam</strong></span> <span class='ocrx_word' id='word_1_254' title='bbox 731 3426 876 3493; x_wconf 87' lang='lat' dir='ltr'><strong>ipsos</strong></span> <span class='ocrx_word' id='word_1_255' title='bbox 911 3423 1146 3493; x_wconf 86' lang='lat' dir='ltr'><strong>fugiendi</strong></span> <span class='ocrx_word' id='word_1_256' title='bbox 1193 3431 1248 3478; x_wconf 91' lang='lat' dir='ltr'><strong>et</strong></span> <span class='ocrx_word' id='word_1_257' title='bbox 1277 3422 1580 3477; x_wconf 87' lang='lat' dir='ltr'><strong>aversandi.</strong></span> <span class='ocrx_word' id='word_1_258' title='bbox 1616 3421 1766 3491; x_wconf 90' lang='lat' dir='ltr'><strong>Ipsos</strong></span> <span class='ocrx_word' id='word_1_259' title='bbox 1804 3437 1900 3475; x_wconf 80' lang='lat' dir='ltr'><strong>au-</strong></span> 
     </span>
    </p>
   </div>
   <div class='ocr_carea' id='block_1_34' title="bbox 297 3511 1900 3598">
    <p class='ocr_par' dir='ltr' id='par_1_34' title="bbox 297 3511 1900 3598">
     <span class='ocr_line' id='line_1_34' title="bbox 297 3511 1900 3598; baseline -0.004 -27"><span class='ocrx_word' id='word_1_260' title='bbox 297 3528 406 3572; x_wconf 85' lang='lat' dir='ltr'><strong>tem</strong></span> <span class='ocrx_word' id='word_1_261' title='bbox 431 3530 569 3598; x_wconf 35' lang='lat' dir='ltr'><strong>oves.</strong></span> <span class='ocrx_word' id='word_1_262' title='bbox 582 3514 819 3585; x_wconf 85' lang='lat' dir='ltr'><strong>perditas</strong></span> <span class='ocrx_word' id='word_1_263' title='bbox 848 3512 1001 3568; x_wconf 83' lang='lat' dir='ltr'><strong>vocat</strong></span> <span class='ocrx_word' id='word_1_264' title='bbox 1019 3555 1035 3578; x_wconf 93' lang='lat'><strong>,</strong></span> <span class='ocrx_word' id='word_1_265' title='bbox 1060 3528 1167 3568; x_wconf 94' lang='lat' dir='ltr'><strong>non</strong></span> <span class='ocrx_word' id='word_1_266' title='bbox 1194 3528 1315 3584; x_wconf 70' lang='lat' dir='ltr'><strong>quas</strong></span> <span class='ocrx_word' id='word_1_267' title='bbox 1344 3511 1521 3582; x_wconf 81' lang='lat' dir='ltr'><strong>fugam</strong></span> <span class='ocrx_word' id='word_1_268' title='bbox 1544 3513 1900 3582; x_wconf 89' lang='lat' dir='ltr'><strong>susceperint,</strong></span> 
     </span>
    </p>
   </div>
   <div class='ocr_carea' id='block_1_35' title="bbox 296 3605 1905 3680">
    <p class='ocr_par' dir='ltr' id='par_1_35' title="bbox 296 3605 1905 3680">
     <span class='ocr_line' id='line_1_35' title="bbox 296 3605 1905 3680; baseline -0.004 -16"><span class='ocrx_word' id='word_1_269' title='bbox 296 3609 540 3680; x_wconf 89' lang='lat' dir='ltr'><strong>undique</strong></span> <span class='ocrx_word' id='word_1_270' title='bbox 566 3608 672 3664; x_wconf 91' lang='lat' dir='ltr'><strong>illis</strong></span> <span class='ocrx_word' id='word_1_271' title='bbox 703 3608 871 3662; x_wconf 73' lang='lat' dir='ltr'><strong>venite</strong></span> <span class='ocrx_word' id='word_1_272' title='bbox 908 3606 1130 3661; x_wconf 89' lang='lat' dir='ltr'><strong>modum</strong></span> <span class='ocrx_word' id='word_1_273' title='bbox 1173 3605 1522 3675; x_wconf 87' lang='lat' dir='ltr'><strong>excogitans,</strong></span> <span class='ocrx_word' id='word_1_274' title='bbox 1560 3606 1905 3675; x_wconf 86' lang='lat' dir='ltr'><strong>ipsorumque</strong></span> 
     </span>
    </p>
   </div>
   <div class='ocr_carea' id='block_1_36' title="bbox 297 3696 1900 3770">
    <p class='ocr_par' dir='ltr' id='par_1_36' title="bbox 297 3696 1900 3770">
     <span class='ocr_line' id='line_1_36' title="bbox 297 3696 1900 3770; baseline -0.004 -15"><span class='ocrx_word' id='word_1_275' title='bbox 297 3701 510 3755; x_wconf 81' lang='lat' dir='ltr'><strong>animos</strong></span> <span class='ocrx_word' id='word_1_276' title='bbox 540 3698 857 3770; x_wconf 88' lang='lat' dir='ltr'><strong>pertrahens</strong></span> <span class='ocrx_word' id='word_1_277' title='bbox 877 3738 893 3765; x_wconf 91' lang='lat'><strong>,</strong></span> <span class='ocrx_word' id='word_1_278' title='bbox 923 3713 987 3753; x_wconf 85' lang='lat' dir='ltr'><strong>ac</strong></span> <span class='ocrx_word' id='word_1_279' title='bbox 1021 3697 1207 3753; x_wconf 78' lang='lat' dir='ltr'><strong>dicens</strong></span> <span class='ocrx_word' id='word_1_280' title='bbox 1233 3715 1245 3750; x_wconf 88' lang='lat'><strong>:</strong></span> <span class='ocrx_word' id='word_1_281' title='bbox 1273 3698 1324 3750; x_wconf 85' lang='grc'><strong>7.</strong></span> <span class='ocrx_word' id='word_1_282' title='bbox 1359 3696 1553 3751; x_wconf 78' lang='lat' dir='ltr'><strong>Euntes</strong></span> <span class='ocrx_word' id='word_1_283' title='bbox 1594 3699 1868 3767; x_wconf 81' lang='lat' dir='ltr'><strong>prwdicate</strong></span> <span class='ocrx_word' id='word_1_284' title='bbox 1887 3737 1900 3758; x_wconf 88' lang='lat'><strong>,</strong></span> 
     </span>
    </p>
   </div>
   <div class='ocr_carea' id='block_1_37' title="bbox 299 3789 1903 3865">
    <p class='ocr_par' dir='ltr' id='par_1_37' title="bbox 299 3789 1903 3865">
     <span class='ocr_line' id='line_1_37' title="bbox 299 3789 1903 3865; baseline -0.004 -18"><span class='ocrx_word' id='word_1_285' title='bbox 299 3794 538 3865; x_wconf 72' lang='lat' dir='ltr'><strong>quoniam</strong></span> <span class='ocrx_word' id='word_1_286' title='bbox 565 3790 993 3863; x_wconf 79' lang='lat' dir='ltr'><strong>appmpinquavit</strong></span> <span class='ocrx_word' id='word_1_287' title='bbox 1039 3806 1251 3862; x_wconf 79' lang='lat' dir='ltr'><strong>regnum</strong></span> <span class='ocrx_word' id='word_1_288' title='bbox 1283 3791 1543 3844; x_wconf 64' lang='lat' dir='ltr'><strong>caelorum.</strong></span> <span class='ocrx_word' id='word_1_289' title='bbox 1586 3789 1772 3843; x_wconf 70' lang='lat' dir='ltr'><strong>Viden”</strong></span> <span class='ocrx_word' id='word_1_290' title='bbox 1801 3790 1903 3841; x_wconf 86' lang='lat' dir='ltr'><strong>tui-</strong></span> 
     </span>
    </p>
   </div>
   <div class='ocr_carea' id='block_1_38' title="bbox 301 3882 1903 3954">
    <p class='ocr_par' dir='ltr' id='par_1_38' title="bbox 301 3882 1903 3954">
     <span class='ocr_line' id='line_1_38' title="bbox 301 3882 1903 3954; baseline -0.003 -14"><span class='ocrx_word' id='word_1_291' title='bbox 301 3886 507 3940; x_wconf 86' lang='lat' dir='ltr'><strong>uisterii</strong></span> <span class='ocrx_word' id='word_1_292' title='bbox 560 3882 1018 3954; x_wconf 81' lang='lat' dir='ltr'><strong>magnitudinem?</strong></span> <span class='ocrx_word' id='word_1_293' title='bbox 1047 3882 1222 3936; x_wconf 81' lang='lat' dir='ltr'><strong>viden‘</strong></span> <span class='ocrx_word' id='word_1_294' title='bbox 1268 3882 1633 3951; x_wconf 88' lang='lat' dir='ltr'><strong>apostolorum</strong></span> <span class='ocrx_word' id='word_1_295' title='bbox 1671 3882 1903 3951; x_wconf 80' lang='lat' dir='ltr'><strong>dignita-</strong></span> 
     </span>
    </p>
   </div>
   <div class='ocr_carea' id='block_1_39' title="bbox 302 3972 1905 4044">
    <p class='ocr_par' dir='ltr' id='par_1_39' title="bbox 302 3972 1905 4044">
     <span class='ocr_line' id='line_1_39' title="bbox 302 3972 1905 4044; baseline -0.001 -14"><span class='ocrx_word' id='word_1_296' title='bbox 302 3976 455 4032; x_wconf 84' lang='lat' dir='ltr'><strong>tem?</strong></span> <span class='ocrx_word' id='word_1_297' title='bbox 485 3974 626 4030; x_wconf 86' lang='lat' dir='ltr'><strong>Nihil</strong></span> <span class='ocrx_word' id='word_1_298' title='bbox 662 3975 862 4029; x_wconf 89' lang='lat' dir='ltr'><strong>sensile</strong></span> <span class='ocrx_word' id='word_1_299' title='bbox 885 3974 1142 4042; x_wconf 89' lang='lat' dir='ltr'><strong>jubentur</strong></span> <span class='ocrx_word' id='word_1_300' title='bbox 1164 3972 1376 4037; x_wconf 87' lang='lat' dir='ltr'><strong>dicere;</strong></span> <span class='ocrx_word' id='word_1_301' title='bbox 1405 3987 1504 4027; x_wconf 91' lang='lat' dir='ltr'><strong>nec</strong></span> <span class='ocrx_word' id='word_1_302' title='bbox 1530 3973 1668 4027; x_wconf 88' lang='lat' dir='ltr'><strong>sicut</strong></span> <span class='ocrx_word' id='word_1_303' title='bbox 1695 3973 1905 4044; x_wconf 77' lang='lat' dir='ltr'><strong>Moyses</strong></span> 
     </span>
    </p>
   </div>
   <div class='ocr_carea' id='block_1_40' title="bbox 301 4066 1905 4139">
    <p class='ocr_par' dir='ltr' id='par_1_40' title="bbox 301 4066 1905 4139">
     <span class='ocr_line' id='line_1_40' title="bbox 301 4066 1905 4139; baseline -0.004 -13"><span class='ocrx_word' id='word_1_304' title='bbox 301 4081 356 4126; x_wconf 90' lang='lat' dir='ltr'><strong>et</strong></span> <span class='ocrx_word' id='word_1_305' title='bbox 382 4068 657 4139; x_wconf 68' lang='lat' dir='ltr'><strong>pr0phette</strong></span> <span class='ocrx_word' id='word_1_306' title='bbox 680 4068 921 4139; x_wconf 89' lang='lat' dir='ltr'><strong>priores;</strong></span> <span class='ocrx_word' id='word_1_307' title='bbox 948 4067 1042 4122; x_wconf 90' lang='lat' dir='ltr'><strong>sed</strong></span> <span class='ocrx_word' id='word_1_308' title='bbox 1095 4080 1234 4120; x_wconf 88' lang='lat' dir='ltr'><strong>nova</strong></span> <span class='ocrx_word' id='word_1_309' title='bbox 1277 4066 1524 4136; x_wconf 69' lang='lat' dir='ltr'><strong>quaedam</strong></span> <span class='ocrx_word' id='word_1_310' title='bbox 1555 4074 1607 4121; x_wconf 87' lang='lat' dir='ltr'><strong>ct</strong></span> <span class='ocrx_word' id='word_1_311' title='bbox 1655 4066 1905 4135; x_wconf 69' lang='lat' dir='ltr'><strong>inexspe-</strong></span> 
     </span>
    </p>
   </div>
   <div class='ocr_carea' id='block_1_41' title="bbox 301 4154 1903 4230">
    <p class='ocr_par' dir='ltr' id='par_1_41' title="bbox 301 4154 1903 4230">
     <span class='ocr_line' id='line_1_41' title="bbox 301 4154 1903 4230; baseline -0.004 -15"><span class='ocrx_word' id='word_1_312' title='bbox 301 4170 462 4216; x_wconf 89' lang='lat' dir='ltr'><strong>ctata.</strong></span> <span class='ocrx_word' id='word_1_313' title='bbox 489 4159 672 4230; x_wconf 65' lang='lat' dir='ltr'><strong>Neque</strong></span> <span class='ocrx_word' id='word_1_314' title='bbox 695 4158 838 4214; x_wconf 88' lang='lat' dir='ltr'><strong>enim</strong></span> <span class='ocrx_word' id='word_1_315' title='bbox 863 4157 984 4212; x_wconf 87' lang='lat' dir='ltr'><strong>talia</strong></span> <span class='ocrx_word' id='word_1_316' title='bbox 1017 4156 1115 4226; x_wconf 88' lang='lat' dir='ltr'><strong>ipsi</strong></span> <span class='ocrx_word' id='word_1_317' title='bbox 1141 4156 1530 4229; x_wconf 67' lang='lat' dir='ltr'><strong>praedicabant,</strong></span> <span class='ocrx_word' id='word_1_318' title='bbox 1561 4154 1656 4210; x_wconf 89' lang='lat' dir='ltr'><strong>sed</strong></span> <span class='ocrx_word' id='word_1_319' title='bbox 1684 4166 1903 4218; x_wconf 85' lang='lat' dir='ltr'><strong>terram,</strong></span> 
     </span>
    </p>
   </div>
   <div class='ocr_carea' id='block_1_42' title="bbox 305 4242 1909 4319">
    <p class='ocr_par' dir='ltr' id='par_1_42' title="bbox 305 4242 1909 4319">
     <span class='ocr_line' id='line_1_42' title="bbox 305 4242 1909 4319; baseline -0.005 -11"><span class='ocrx_word' id='word_1_320' title='bbox 305 4261 360 4308; x_wconf 90' lang='lat' dir='ltr'><strong>et</strong></span> <span class='ocrx_word' id='word_1_321' title='bbox 389 4262 600 4306; x_wconf 84' lang='lat' dir='ltr'><strong>terrena</strong></span> <span class='ocrx_word' id='word_1_322' title='bbox 629 4250 766 4305; x_wconf 88' lang='lat' dir='ltr'><strong>bona</strong></span> <span class='ocrx_word' id='word_1_323' title='bbox 801 4267 816 4303; x_wconf 92' lang='lat'><strong>:</strong></span> <span class='ocrx_word' id='word_1_324' title='bbox 852 4249 902 4302; x_wconf 92' lang='lat' dir='ltr'><strong>hi</strong></span> <span class='ocrx_word' id='word_1_325' title='bbox 934 4242 1112 4303; x_wconf 87' lang='lat' dir='ltr'><strong>autem</strong></span> <span class='ocrx_word' id='word_1_326' title='bbox 1135 4263 1358 4319; x_wconf 86' lang='lat' dir='ltr'><strong>regnum</strong></span> <span class='ocrx_word' id='word_1_327' title='bbox 1392 4247 1648 4301; x_wconf 73' lang='lat' dir='ltr'><strong>cmlorum</strong></span> <span class='ocrx_word' id='word_1_328' title='bbox 1668 4289 1684 4314; x_wconf 91' lang='lat'><strong>,</strong></span> <span class='ocrx_word' id='word_1_329' title='bbox 1713 4257 1763 4301; x_wconf 89' lang='lat' dir='ltr'><strong>et</strong></span> <span class='ocrx_word' id='word_1_330' title='bbox 1789 4263 1909 4317; x_wconf 75' lang='lat' dir='ltr'><strong>qua:</strong></span> 
     </span>
    </p>
   </div>
   <div class='ocr_carea' id='block_1_43' title="bbox 306 4338 1906 4411">
    <p class='ocr_par' dir='ltr' id='par_1_43' title="bbox 306 4338 1906 4411">
     <span class='ocr_line' id='line_1_43' title="bbox 306 4338 1906 4411; baseline -0.004 -13"><span class='ocrx_word' id='word_1_331' title='bbox 306 4342 377 4398; x_wconf 87' lang='lat' dir='ltr'><strong>ibi</strong></span> <span class='ocrx_word' id='word_1_332' title='bbox 400 4351 526 4396; x_wconf 91' lang='lat' dir='ltr'><strong>sunt</strong></span> <span class='ocrx_word' id='word_1_333' title='bbox 553 4342 755 4396; x_wconf 87' lang='lat' dir='ltr'><strong>omnia.</strong></span> <span class='ocrx_word' id='word_1_334' title='bbox 792 4340 978 4411; x_wconf 88' lang='lat' dir='ltr'><strong>Neque</strong></span> <span class='ocrx_word' id='word_1_335' title='bbox 1021 4338 1146 4394; x_wconf 87' lang='lat' dir='ltr'><strong>inde</strong></span> <span class='ocrx_word' id='word_1_336' title='bbox 1176 4340 1352 4394; x_wconf 88' lang='lat' dir='ltr'><strong>solum</strong></span> <span class='ocrx_word' id='word_1_337' title='bbox 1385 4339 1438 4393; x_wconf 89' lang='lat' dir='ltr'><strong>hi</strong></span> <span class='ocrx_word' id='word_1_338' title='bbox 1487 4338 1721 4410; x_wconf 84' lang='lat' dir='ltr'><strong>majores</strong></span> <span class='ocrx_word' id='word_1_339' title='bbox 1746 4348 1906 4403; x_wconf 91' lang='lat' dir='ltr'><strong>sunt,</strong></span> 
     </span>
    </p>
   </div>
   <div class='ocr_carea' id='block_1_44' title="bbox 305 4429 1907 4501">
    <p class='ocr_par' dir='ltr' id='par_1_44' title="bbox 305 4429 1907 4501">
     <span class='ocr_line' id='line_1_44' title="bbox 305 4429 1907 4501; baseline -0.002 -12"><span class='ocrx_word' id='word_1_340' title='bbox 305 4431 404 4489; x_wconf 86' lang='lat' dir='ltr'><strong>sed</strong></span> <span class='ocrx_word' id='word_1_341' title='bbox 430 4434 591 4488; x_wconf 87' lang='lat' dir='ltr'><strong>etiam</strong></span> <span class='ocrx_word' id='word_1_342' title='bbox 622 4447 690 4488; x_wconf 87' lang='lat' dir='ltr'><strong>ex</strong></span> <span class='ocrx_word' id='word_1_343' title='bbox 732 4430 1056 4487; x_wconf 88' lang='lat' dir='ltr'><strong>obedientia.</strong></span> <span class='ocrx_word' id='word_1_344' title='bbox 1088 4429 1272 4501; x_wconf 88' lang='lat' dir='ltr'><strong>Neque</strong></span> <span class='ocrx_word' id='word_1_345' title='bbox 1312 4429 1454 4486; x_wconf 90' lang='lat' dir='ltr'><strong>cnim</strong></span> <span class='ocrx_word' id='word_1_346' title='bbox 1495 4441 1782 4497; x_wconf 90' lang='lat' dir='ltr'><strong>recusant,</strong></span> <span class='ocrx_word' id='word_1_347' title='bbox 1813 4447 1907 4485; x_wconf 88' lang='lat' dir='ltr'><strong>ue-</strong></span> 
     </span>
    </p>
   </div>
   <div class='ocr_carea' id='block_1_45' title="bbox 305 4522 1909 4596">
    <p class='ocr_par' dir='ltr' id='par_1_45' title="bbox 305 4522 1909 4596">
     <span class='ocr_line' id='line_1_45' title="bbox 305 4522 1909 4596; baseline -0.002 -17"><span class='ocrx_word' id='word_1_348' title='bbox 305 4540 414 4596; x_wconf 85' lang='lat' dir='ltr'><strong>que</strong></span> <span class='ocrx_word' id='word_1_349' title='bbox 441 4533 761 4579; x_wconf 87' lang='lat' dir='ltr'><strong>cunctantur</strong></span> <span class='ocrx_word' id='word_1_350' title='bbox 801 4523 943 4578; x_wconf 84' lang='lat' dir='ltr'><strong>sicut</strong></span> <span class='ocrx_word' id='word_1_351' title='bbox 972 4531 1182 4578; x_wconf 86' lang='lat' dir='ltr'><strong>veteres</strong></span> <span class='ocrx_word' id='word_1_352' title='bbox 1208 4522 1281 4578; x_wconf 92' lang='lat' dir='ltr'><strong>illi</strong></span> <span class='ocrx_word' id='word_1_353' title='bbox 1307 4525 1327 4554; x_wconf 85' lang='grc'>¹</span> <span class='ocrx_word' id='word_1_354' title='bbox 1357 4541 1370 4578; x_wconf 90' lang='lat'><strong>:</strong></span> <span class='ocrx_word' id='word_1_355' title='bbox 1400 4523 1494 4578; x_wconf 89' lang='lat' dir='ltr'><strong>sed</strong></span> <span class='ocrx_word' id='word_1_356' title='bbox 1524 4523 1734 4579; x_wconf 89' lang='lat' dir='ltr'><strong>etiamsi</strong></span> <span class='ocrx_word' id='word_1_357' title='bbox 1766 4523 1909 4593; x_wconf 87' lang='lat' dir='ltr'><strong>peri-</strong></span> 
     </span>
    </p>
   </div>
   <div class='ocr_carea' id='block_1_46' title="bbox 307 4614 1908 4684">
    <p class='ocr_par' dir='ltr' id='par_1_46' title="bbox 307 4614 1908 4684">
     <span class='ocr_line' id='line_1_46' title="bbox 307 4614 1908 4684; baseline 0 -13"><span class='ocrx_word' id='word_1_358' title='bbox 307 4618 426 4671; x_wconf 87' lang='lat' dir='ltr'><strong>cula</strong></span> <span class='ocrx_word' id='word_1_359' title='bbox 453 4658 470 4684; x_wconf 91' lang='lat'><strong>,</strong></span> <span class='ocrx_word' id='word_1_360' title='bbox 511 4615 650 4672; x_wconf 83' lang='lat' dir='ltr'><strong>bella</strong></span> <span class='ocrx_word' id='word_1_361' title='bbox 680 4625 736 4672; x_wconf 91' lang='lat' dir='ltr'><strong>et</strong></span> <span class='ocrx_word' id='word_1_362' title='bbox 763 4614 1118 4670; x_wconf 88' lang='lat' dir='ltr'><strong>intolerabilia</strong></span> <span class='ocrx_word' id='word_1_363' title='bbox 1153 4614 1290 4668; x_wconf 88' lang='lat' dir='ltr'><strong>tnala</strong></span> <span class='ocrx_word' id='word_1_364' title='bbox 1317 4614 1567 4680; x_wconf 87' lang='lat' dir='ltr'><strong>audiant,</strong></span> <span class='ocrx_word' id='word_1_365' title='bbox 1594 4629 1716 4669; x_wconf 90' lang='lat' dir='ltr'><strong>cum</strong></span> <span class='ocrx_word' id='word_1_366' title='bbox 1749 4615 1908 4671; x_wconf 83' lang='lat' dir='ltr'><strong>obse—</strong></span> 
     </span>
    </p>
   </div>
   <div class='ocr_carea' id='block_1_47' title="bbox 308 4709 1906 4781">
    <p class='ocr_par' dir='ltr' id='par_1_47' title="bbox 308 4709 1906 4781">
     <span class='ocr_line' id='line_1_47' title="bbox 308 4709 1906 4781; baseline 0 -19"><span class='ocrx_word' id='word_1_367' title='bbox 308 4711 526 4781; x_wconf 85' lang='lat' dir='ltr'><strong>quentia</strong></span> <span class='ocrx_word' id='word_1_368' title='bbox 557 4710 722 4765; x_wconf 82' lang='lat' dir='ltr'><strong>multa</strong></span> <span class='ocrx_word' id='word_1_369' title='bbox 767 4711 1025 4779; x_wconf 86' lang='lat' dir='ltr'><strong>imperata</strong></span> <span class='ocrx_word' id='word_1_370' title='bbox 1066 4709 1366 4778; x_wconf 85' lang='lat' dir='ltr'><strong>suscipiunt</strong></span> <span class='ocrx_word' id='word_1_371' title='bbox 1387 4750 1401 4771; x_wconf 88' lang='lat'><strong>,</strong></span> <span class='ocrx_word' id='word_1_372' title='bbox 1427 4717 1610 4778; x_wconf 83' lang='lat' dir='ltr'><strong>utpote</strong></span> <span class='ocrx_word' id='word_1_373' title='bbox 1639 4709 1728 4779; x_wconf 93' lang='lat' dir='ltr'><strong>qui</strong></span> <span class='ocrx_word' id='word_1_374' title='bbox 1761 4710 1906 4779; x_wconf 80' lang='lat' dir='ltr'><strong>regni</strong></span> 
     </span>
    </p>
   </div>
   <div class='ocr_carea' id='block_1_48' title="bbox 310 4799 1910 4871">
    <p class='ocr_par' dir='ltr' id='par_1_48' title="bbox 310 4799 1910 4871">
     <span class='ocr_line' id='line_1_48' title="bbox 310 4799 1910 4871; baseline -0.002 -16"><span class='ocrx_word' id='word_1_375' title='bbox 310 4803 418 4855; x_wconf 87' lang='lat' dir='ltr'><strong>sint</strong></span> <span class='ocrx_word' id='word_1_376' title='bbox 447 4814 744 4871; x_wconf 72' lang='lat' dir='ltr'><strong>praecones.</strong></span> <span class='ocrx_word' id='word_1_377' title='bbox 778 4799 846 4855; x_wconf 84' lang='lat' dir='ltr'><strong>Et</strong></span> <span class='ocrx_word' id='word_1_378' title='bbox 874 4801 1001 4869; x_wconf 89' lang='lat' dir='ltr'><strong>quid</strong></span> <span class='ocrx_word' id='word_1_379' title='bbox 1037 4802 1266 4866; x_wconf 86' lang='lat' dir='ltr'><strong>mirum,</strong></span> <span class='ocrx_word' id='word_1_380' title='bbox 1301 4801 1507 4869; x_wconf 80' lang='lat' dir='ltr'><strong>inquies</strong></span> <span class='ocrx_word' id='word_1_381' title='bbox 1527 4843 1542 4864; x_wconf 94' lang='lat'><strong>,</strong></span> <span class='ocrx_word' id='word_1_382' title='bbox 1574 4802 1617 4855; x_wconf 88' lang='lat' dir='ltr'><strong>si</strong></span> <span class='ocrx_word' id='word_1_383' title='bbox 1650 4801 1781 4854; x_wconf 88' lang='lat' dir='ltr'><strong>nihil</strong></span> <span class='ocrx_word' id='word_1_384' title='bbox 1813 4800 1910 4853; x_wconf 89' lang='lat' dir='ltr'><strong>du-</strong></span> 
     </span>
    </p>
   </div>
   <div class='ocr_carea' id='block_1_49' title="bbox 311 4891 1907 4962">
    <p class='ocr_par' dir='ltr' id='par_1_49' title="bbox 311 4891 1907 4962">
     <span class='ocr_line' id='line_1_49' title="bbox 311 4891 1907 4962; baseline -0.002 -13"><span class='ocrx_word' id='word_1_385' title='bbox 311 4910 430 4949; x_wconf 87' lang='lat' dir='ltr'><strong>rum</strong></span> <span class='ocrx_word' id='word_1_386' title='bbox 463 4903 519 4948; x_wconf 88' lang='lat' dir='ltr'><strong>et</strong></span> <span class='ocrx_word' id='word_1_387' title='bbox 544 4907 792 4962; x_wconf 88' lang='lat' dir='ltr'><strong>asperum</strong></span> <span class='ocrx_word' id='word_1_388' title='bbox 819 4892 1153 4962; x_wconf 63' lang='lat' dir='ltr'><strong>prmdicaturi</strong></span> <span class='ocrx_word' id='word_1_389' title='bbox 1178 4935 1191 4957; x_wconf 94' lang='lat'><strong>,</strong></span> <span class='ocrx_word' id='word_1_390' title='bbox 1217 4893 1395 4947; x_wconf 89' lang='lat' dir='ltr'><strong>subito</strong></span> <span class='ocrx_word' id='word_1_391' title='bbox 1418 4893 1747 4962; x_wconf 90' lang='lat' dir='ltr'><strong>paruerunt?</strong></span> <span class='ocrx_word' id='word_1_392' title='bbox 1770 4891 1907 4959; x_wconf 83' lang='lat' dir='ltr'><strong>Quid</strong></span> 
     </span>
    </p>
   </div>
   <div class='ocr_carea' id='block_1_50' title="bbox 313 4982 1910 5052">
    <p class='ocr_par' dir='ltr' id='par_1_50' title="bbox 313 4982 1910 5052">
     <span class='ocr_line' id='line_1_50' title="bbox 313 4982 1910 5052; baseline -0.001 -13"><span class='ocrx_word' id='word_1_393' title='bbox 313 4983 488 5039; x_wconf 77' lang='lat' dir='ltr'><strong>dicis?</strong></span> <span class='ocrx_word' id='word_1_394' title='bbox 521 4982 652 5037; x_wconf 86' lang='lat' dir='ltr'><strong>nihil</strong></span> <span class='ocrx_word' id='word_1_395' title='bbox 683 4983 875 5037; x_wconf 90' lang='lat' dir='ltr'><strong>durum</strong></span> <span class='ocrx_word' id='word_1_396' title='bbox 911 4982 1202 5052; x_wconf 73' lang='lat' dir='ltr'><strong>prmdicare</strong></span> <span class='ocrx_word' id='word_1_397' title='bbox 1231 4983 1366 5051; x_wconf 85' lang='lat' dir='ltr'><strong>jussi</strong></span> <span class='ocrx_word' id='word_1_398' title='bbox 1417 4984 1576 5037; x_wconf 81' lang='lat' dir='ltr'><strong>sunt?</strong></span> <span class='ocrx_word' id='word_1_399' title='bbox 1604 4999 1709 5037; x_wconf 88' lang='lat' dir='ltr'><strong>non</strong></span> <span class='ocrx_word' id='word_1_400' title='bbox 1759 4984 1910 5038; x_wconf 79' lang='lat' dir='ltr'><strong>audis</strong></span> 
     </span>
    </p>
   </div>
   <div class='ocr_carea' id='block_1_51' title="bbox 313 5071 1913 5139">
    <p class='ocr_par' dir='ltr' id='par_1_51' title="bbox 313 5071 1913 5139">
     <span class='ocr_line' id='line_1_51' title="bbox 313 5071 1913 5139; baseline -0.003 -8"><span class='ocrx_word' id='word_1_401' title='bbox 313 5088 563 5131; x_wconf 87' lang='lat' dir='ltr'><strong>carceres</strong></span> <span class='ocrx_word' id='word_1_402' title='bbox 587 5114 602 5134; x_wconf 90' lang='lat'><em>.</em></span> <span class='ocrx_word' id='word_1_403' title='bbox 631 5071 978 5128; x_wconf 86' lang='lat' dir='ltr'><strong>abductioucs</strong></span> <span class='ocrx_word' id='word_1_404' title='bbox 999 5073 1066 5127; x_wconf 90' lang='lat' dir='ltr'><strong>ad</strong></span> <span class='ocrx_word' id='word_1_405' title='bbox 1097 5085 1326 5126; x_wconf 86' lang='lat' dir='ltr'><strong>mortem</strong></span> <span class='ocrx_word' id='word_1_406' title='bbox 1348 5114 1362 5139; x_wconf 93' lang='lat'><strong>,</strong></span> <span class='ocrx_word' id='word_1_407' title='bbox 1393 5073 1530 5128; x_wconf 89' lang='lat' dir='ltr'><strong>bella</strong></span> <span class='ocrx_word' id='word_1_408' title='bbox 1551 5074 1728 5131; x_wconf 85' lang='lat' dir='ltr'><strong>civilia</strong></span> <span class='ocrx_word' id='word_1_409' title='bbox 1753 5111 1767 5134; x_wconf 84' lang='grc'><em>,</em></span> <span class='ocrx_word' id='word_1_410' title='bbox 1796 5073 1913 5128; x_wconf 63' lang='lat' dir='ltr'><strong>uni.</strong></span> 
     </span>
    </p>
   </div>
   <div class='ocr_carea' id='block_1_52' title="bbox 312 5163 1911 5234">
    <p class='ocr_par' dir='ltr' id='par_1_52' title="bbox 312 5163 1911 5234">
     <span class='ocr_line' id='line_1_52' title="bbox 312 5163 1911 5234; baseline 0.001 -16"><span class='ocrx_word' id='word_1_411' title='bbox 312 5179 597 5221; x_wconf 86' lang='lat' dir='ltr'><strong>versorum</strong></span> <span class='ocrx_word' id='word_1_412' title='bbox 619 5163 822 5228; x_wconf 87' lang='lat' dir='ltr'><strong>odium,</strong></span> <span class='ocrx_word' id='word_1_413' title='bbox 844 5178 964 5233; x_wconf 71' lang='lat' dir='ltr'><strong>qua:</strong></span> <span class='ocrx_word' id='word_1_414' title='bbox 993 5165 1171 5218; x_wconf 87' lang='lat' dir='ltr'><strong>omnia</strong></span> <span class='ocrx_word' id='word_1_415' title='bbox 1187 5163 1316 5234; x_wconf 88' lang='lat' dir='ltr'><strong>ipsis</strong></span> <span class='ocrx_word' id='word_1_416' title='bbox 1335 5164 1493 5234; x_wconf 89' lang='lat' dir='ltr'><strong>paulo</strong></span> <span class='ocrx_word' id='word_1_417' title='bbox 1517 5171 1638 5234; x_wconf 90' lang='lat' dir='ltr'><strong>post</strong></span> <span class='ocrx_word' id='word_1_418' title='bbox 1657 5173 1911 5220; x_wconf 84' lang='lat' dir='ltr'><strong>eventura</strong></span> 
     </span>
    </p>
   </div>
   <div class='ocr_carea' id='block_1_53' title="bbox 315 5255 1913 5325">
    <p class='ocr_par' dir='ltr' id='par_1_53' title="bbox 315 5255 1913 5325">
     <span class='ocr_line' id='line_1_53' title="bbox 315 5255 1913 5325; baseline -0.001 -11"><span class='ocrx_word' id='word_1_419' title='bbox 315 5273 440 5314; x_wconf 84' lang='lat' dir='ltr'><strong>esse</strong></span> <span class='ocrx_word' id='word_1_420' title='bbox 469 5255 720 5312; x_wconf 83' lang='lat' dir='ltr'><strong>dicebat?</strong></span> <span class='ocrx_word' id='word_1_421' title='bbox 766 5255 888 5309; x_wconf 88' lang='lat' dir='ltr'><strong>Illos</strong></span> <span class='ocrx_word' id='word_1_422' title='bbox 913 5271 1143 5325; x_wconf 87' lang='lat' dir='ltr'><strong>namque</strong></span> <span class='ocrx_word' id='word_1_423' title='bbox 1177 5255 1337 5309; x_wconf 88' lang='lat' dir='ltr'><strong>mittit</strong></span> <span class='ocrx_word' id='word_1_424' title='bbox 1374 5270 1681 5324; x_wconf 75' lang='lat' dir='ltr'><strong>prtecones,</strong></span> <span class='ocrx_word' id='word_1_425' title='bbox 1713 5267 1768 5310; x_wconf 91' lang='lat' dir='ltr'><strong>ut</strong></span> <span class='ocrx_word' id='word_1_426' title='bbox 1795 5257 1913 5314; x_wconf 89' lang='lat' dir='ltr'><strong>aliis</strong></span> 
     </span>
    </p>
   </div>
   <div class='ocr_carea' id='block_1_54' title="bbox 318 5348 1911 5412">
    <p class='ocr_par' dir='ltr' id='par_1_54' title="bbox 318 5348 1911 5412">
     <span class='ocr_line' id='line_1_54' title="bbox 318 5348 1911 5412; baseline 0 -6"><span class='ocrx_word' id='word_1_427' title='bbox 318 5365 599 5406; x_wconf 83' lang='lat' dir='ltr'><strong>innumera</strong></span> <span class='ocrx_word' id='word_1_428' title='bbox 650 5349 786 5403; x_wconf 89' lang='lat' dir='ltr'><strong>bona</strong></span> <span class='ocrx_word' id='word_1_429' title='bbox 836 5348 1162 5412; x_wconf 88' lang='lat' dir='ltr'><strong>concilient;</strong></span> <span class='ocrx_word' id='word_1_430' title='bbox 1207 5349 1327 5401; x_wconf 88' lang='lat' dir='ltr'><strong>illos</strong></span> <span class='ocrx_word' id='word_1_431' title='bbox 1375 5365 1504 5404; x_wconf 88' lang='lat' dir='ltr'><strong>vero</strong></span> <span class='ocrx_word' id='word_1_432' title='bbox 1557 5351 1911 5407; x_wconf 69' lang='lat' dir='ltr'><strong>intuit-rabilis</strong></span> 
     </span>
    </p>
   </div>
   <div class='ocr_carea' id='block_1_55' title="bbox 318 5431 1912 5502">
    <p class='ocr_par' dir='ltr' id='par_1_55' title="bbox 318 5431 1912 5502">
     <span class='ocr_line' id='line_1_55' title="bbox 318 5431 1912 5502; baseline 0.001 -13"><span class='ocrx_word' id='word_1_433' title='bbox 318 5431 460 5489; x_wconf 83' lang='lat' dir='ltr'><strong>mala</strong></span> <span class='ocrx_word' id='word_1_434' title='bbox 495 5445 749 5500; x_wconf 86' lang='lat' dir='ltr'><strong>passuros</strong></span> <span class='ocrx_word' id='word_1_435' title='bbox 777 5447 898 5490; x_wconf 89' lang='lat' dir='ltr'><strong>esse</strong></span> <span class='ocrx_word' id='word_1_436' title='bbox 922 5435 1048 5489; x_wconf 87' lang='lat' dir='ltr'><strong>dicit</strong></span> <span class='ocrx_word' id='word_1_437' title='bbox 1079 5442 1134 5488; x_wconf 91' lang='lat' dir='ltr'><strong>et</strong></span> <span class='ocrx_word' id='word_1_438' title='bbox 1165 5437 1505 5502; x_wconf 65' lang='lat' dir='ltr'><strong>praenuntiat.</strong></span> <span class='ocrx_word' id='word_1_439' title='bbox 1541 5438 1741 5494; x_wconf 85' lang='lat' dir='ltr'><strong>Deinde</strong></span> <span class='ocrx_word' id='word_1_440' title='bbox 1769 5449 1822 5490; x_wconf 93' lang='lat' dir='ltr'><strong>ut</strong></span> <span class='ocrx_word' id='word_1_441' title='bbox 1853 5435 1912 5490; x_wconf 89' lang='lat' dir='ltr'><strong>il-</strong></span> 
     </span>
    </p>
   </div>
   <div class='ocr_carea' id='block_1_56' title="bbox 380 5519 1322 5576">
    <p class='ocr_par' dir='ltr' id='par_1_56' title="bbox 380 5519 1322 5576">
     <span class='ocr_line' id='line_1_56' title="bbox 380 5519 1322 5576; baseline -0.002 -3"><span class='ocrx_word' id='word_1_442' title='bbox 380 5525 396 5556; x_wconf 76' lang='grc' dir='ltr'>ι</span> <span class='ocrx_word' id='word_1_443' title='bbox 435 5523 538 5576; x_wconf 78' lang='lat' dir='ltr'><strong>Alii.</strong></span> <span class='ocrx_word' id='word_1_444' title='bbox 565 5521 616 5573; x_wconf 87' lang='lat' dir='ltr'><strong>in</strong></span> <span class='ocrx_word' id='word_1_445' title='bbox 635 5519 872 5574; x_wconf 79' lang='lat' dir='ltr'><strong>ciritatem</strong></span> <span class='ocrx_word' id='word_1_446' title='bbox 894 5520 1322 5572; x_wconf 81' lang='lat' dir='ltr'><strong>Samaritanorum.</strong></span> 
     </span>
    </p>
   </div>
   <div class='ocr_carea' id='block_1_57' title="bbox 381 5583 964 5642">
    <p class='ocr_par' dir='ltr' id='par_1_57' title="bbox 381 5583 964 5642">
     <span class='ocr_line' id='line_1_57' title="bbox 381 5583 964 5642; baseline -0.002 -9"><span class='ocrx_word' id='word_1_447' title='bbox 381 5586 403 5617; x_wconf 64' lang='grc' dir='ltr'>θ</span> <span class='ocrx_word' id='word_1_448' title='bbox 438 5584 621 5642; x_wconf 76' lang='lat' dir='ltr'><strong>Morel.,</strong></span> <span class='ocrx_word' id='word_1_449' title='bbox 638 5584 763 5635; x_wconf 76' lang='lat' dir='ltr'><strong>sicut</strong></span> <span class='ocrx_word' id='word_1_450' title='bbox 781 5583 964 5635; x_wconf 65' lang='lat' dir='ltr'><strong>caeteri.</strong></span> 
     </span>
    </p>
   </div>
   <div class='ocr_carea' id='block_1_58' title="bbox 378 5645 1914 5715">
    <p class='ocr_par' dir='ltr' id='par_1_58' title="bbox 378 5645 1914 5715">
     <span class='ocr_line' id='line_1_58' title="bbox 378 5645 1914 5715; baseline 0.003 -20"><span class='ocrx_word' id='word_1_451' title='bbox 378 5651 451 5715; x_wconf 71' lang='lat' dir='ltr'><strong>(al</strong></span> <span class='ocrx_word' id='word_1_452' title='bbox 485 5647 624 5715; x_wconf 60' lang='lat' dir='ltr'><strong>Apud</strong></span> <span class='ocrx_word' id='word_1_453' title='bbox 649 5645 1183 5715; x_wconf 63' lang='lat' dir='ltr'><strong>ltorel._verbatexttts</strong></span> <span class='ocrx_word' id='word_1_454' title='bbox 1205 5647 1350 5715; x_wconf 63' lang='lat' dir='ltr'><strong>praecl</strong></span> <span class='ocrx_word' id='word_1_455' title='bbox 1377 5660 1485 5709; x_wconf 69' lang='lat' dir='ltr'><strong>quae</strong></span> <span class='ocrx_word' id='word_1_456' title='bbox 1517 5649 1818 5715; x_wconf 75' lang='lat' dir='ltr'><strong>respondent</strong></span> <span class='ocrx_word' id='word_1_457' title='bbox 1838 5651 1914 5700; x_wconf 85' lang='lat' dir='ltr'><strong>his</strong></span> 
     </span>
    </p>
   </div>
   <div class='ocr_carea' id='block_1_59' title="bbox 309 5705 1913 5768">
    <p class='ocr_par' dir='ltr' id='par_1_59' title="bbox 309 5705 1913 5768">
     <span class='ocr_line' id='line_1_59' title="bbox 309 5705 1913 5768; baseline 0.001 -9"><span class='ocrx_word' id='word_1_458' title='bbox 309 5711 516 5760; x_wconf 70' lang='lat' dir='ltr'><strong>vocibus</strong></span> <span class='ocrx_word' id='word_1_459' title='bbox 534 5705 719 5768; x_wconf 84' lang='lat' dir='ltr'><strong>latinis.</strong></span> <span class='ocrx_word' id='word_1_460' title='bbox 743 5707 857 5768; x_wconf 82' lang='lat' dir='ltr'><strong>quia</strong></span> <span class='ocrx_word' id='word_1_461' title='bbox 889 5705 1010 5757; x_wconf 70' lang='lat' dir='ltr'><strong>mihi</strong></span> <span class='ocrx_word' id='word_1_462' title='bbox 1033 5705 1459 5756; x_wconf 72' lang='lat' dir='ltr'><strong>conviciantur..&#39;...</strong></span> <span class='ocrx_word' id='word_1_463' title='bbox 1502 5705 1617 5758; x_wconf 75' lang='lat' dir='ltr'><strong>odio</strong></span> <span class='ocrx_word' id='word_1_464' title='bbox 1655 5711 1832 5759; x_wconf 77' lang='lat' dir='ltr'><strong>habere</strong></span> <span class='ocrx_word' id='word_1_465' title='bbox 1863 5720 1913 5761; x_wconf 84' lang='lat' dir='ltr'><strong>et</strong></span> 
     </span>
    </p>
   </div>
   <div class='ocr_carea' id='block_1_60' title="bbox 308 5767 1910 5835">
    <p class='ocr_par' dir='ltr' id='par_1_60' title="bbox 308 5767 1910 5835">
     <span class='ocr_line' id='line_1_60' title="bbox 308 5767 1910 5835; baseline 0 -13"><span class='ocrx_word' id='word_1_466' title='bbox 308 5771 551 5835; x_wconf 76' lang='lat' dir='ltr'><strong>aversari,</strong></span> <span class='ocrx_word' id='word_1_467' title='bbox 574 5767 712 5832; x_wconf 82' lang='lat' dir='ltr'><strong>lapsu</strong></span> <span class='ocrx_word' id='word_1_468' title='bbox 736 5769 967 5835; x_wconf 62' lang='lat' dir='ltr'><strong>graphice</strong></span> <span class='ocrx_word' id='word_1_469' title='bbox 991 5768 1293 5835; x_wconf 73' lang='lat' dir='ltr'><strong>exciderant.</strong></span> <span class='ocrx_word' id='word_1_470' title='bbox 1320 5770 1409 5818; x_wconf 83' lang='lat' dir='ltr'><strong>Sed</strong></span> <span class='ocrx_word' id='word_1_471' title='bbox 1436 5773 1483 5819; x_wconf 90' lang='lat' dir='ltr'><strong>in</strong></span> <span class='ocrx_word' id='word_1_472' title='bbox 1525 5771 1631 5820; x_wconf 89' lang='lat' dir='ltr'><strong>aliis</strong></span> <span class='ocrx_word' id='word_1_473' title='bbox 1655 5785 1817 5835; x_wconf 66' lang='lat' dir='ltr'><strong>exetn,</strong></span> <span class='ocrx_word' id='word_1_474' title='bbox 1841 5773 1910 5822; x_wconf 81' lang='lat' dir='ltr'><strong>Ia-</strong></span> 
     </span>
    </p>
   </div>
   <div class='ocr_carea' id='block_1_61' title="bbox 311 5830 1451 5893">
    <p class='ocr_par' dir='ltr' id='par_1_61' title="bbox 311 5830 1451 5893">
     <span class='ocr_line' id='line_1_61' title="bbox 311 5830 1451 5893; baseline -0.007 -9"><span class='ocrx_word' id='word_1_475' title='bbox 311 5835 452 5884; x_wconf 87' lang='lat' dir='ltr'><strong>ribns</strong></span> <span class='ocrx_word' id='word_1_476' title='bbox 475 5830 814 5891; x_wconf 56' lang='lat' dir='ltr'><strong>hat-etimn&#39;ct</strong></span> <span class='ocrx_word' id='word_1_477' title='bbox 835 5830 896 5879; x_wconf 85' lang='lat' dir='ltr'><strong>ad</strong></span> <span class='ocrx_word' id='word_1_478' title='bbox 917 5831 1099 5879; x_wconf 81' lang='lat' dir='ltr'><strong>seriem</strong></span> <span class='ocrx_word' id='word_1_479' title='bbox 1121 5833 1451 5893; x_wconf 86' lang='lat' dir='ltr'><strong>requiruntur.</strong></span> 
     </span>
    </p>
   </div>
   <div class='ocr_carea' id='block_1_62' title="bbox 1239 366 2691 433">
    <p class='ocr_par' dir='ltr' id='par_1_62' title="bbox 1239 366 2691 433">
     <span class='ocr_line' id='line_1_62' title="bbox 1239 366 2691 433; baseline -0.001 -1"><span class='ocrx_word' id='word_1_480' title='bbox 1239 375 1306 433; x_wconf 88' lang='lat' dir='ltr'><strong>IN</strong></span> <span class='ocrx_word' id='word_1_481' title='bbox 1345 372 1758 432; x_wconf 64' lang='lat' dir='ltr'><strong>IATTIltEUM</strong></span> <span class='ocrx_word' id='word_1_482' title='bbox 1801 366 2034 427; x_wconf 75' lang='lat' dir='ltr'><strong>IIOllIL.</strong></span> <span class='ocrx_word' id='word_1_483' title='bbox 2075 366 2294 426; x_wconf 77' lang='lat' dir='ltr'><strong>XXXII.</strong></span> <span class='ocrx_word' id='word_1_484' title='bbox 2334 371 2407 428; x_wconf 87' lang='lat' dir='ltr'><strong>al.</strong></span> <span class='ocrx_word' id='word_1_485' title='bbox 2448 371 2691 432; x_wconf 73' lang='lat' dir='ltr'><strong>XXXIII.</strong></span> 
     </span>
    </p>
   </div>
   <div class='ocr_carea' id='block_1_63' title="bbox 3483 379 3590 440">
    <p class='ocr_par' dir='ltr' id='par_1_63' title="bbox 3483 379 3590 440">
     <span class='ocr_line' id='line_1_63' title="bbox 3483 379 3590 440; baseline 0 -2"><span class='ocrx_word' id='word_1_486' title='bbox 3483 379 3590 440; x_wconf 72' lang='lat'><strong>382</strong></span> 
     </span>
    </p>
   </div>
   <div class='ocr_carea' id='block_1_64' title="bbox 1991 478 3592 561">
    <p class='ocr_par' dir='ltr' id='par_1_64' title="bbox 1991 478 3592 561">
     <span class='ocr_line' id='line_1_64' title="bbox 1991 478 3592 561; baseline 0.011 -29"><span class='ocrx_word' id='word_1_487' title='bbox 1991 478 2072 533; x_wconf 86' lang='lat' dir='ltr'><strong>los</strong></span> <span class='ocrx_word' id='word_1_488' title='bbox 2088 478 2192 536; x_wconf 87' lang='lat' dir='ltr'><strong>fide</strong></span> <span class='ocrx_word' id='word_1_489' title='bbox 2210 480 2404 551; x_wconf 89' lang='lat' dir='ltr'><strong>dignos</strong></span> <span class='ocrx_word' id='word_1_490' title='bbox 2420 482 2630 547; x_wconf 85' lang='lat' dir='ltr'><strong>reddat,</strong></span> <span class='ocrx_word' id='word_1_491' title='bbox 2649 483 2725 539; x_wconf 88' lang='lat' dir='ltr'><strong>ait</strong></span> <span class='ocrx_word' id='word_1_492' title='bbox 2749 501 2764 538; x_wconf 89' lang='lat'><strong>:</strong></span> <span class='ocrx_word' id='word_1_493' title='bbox 2787 483 2842 539; x_wconf 82' lang='lat'><strong>8.</strong></span> <span class='ocrx_word' id='word_1_494' title='bbox 2877 483 3122 556; x_wconf 79' lang='lat' dir='ltr'><strong>lnﬁrmss</strong></span> <span class='ocrx_word' id='word_1_495' title='bbox 3141 497 3334 556; x_wconf 71' lang='lat' dir='ltr'><strong>curate,</strong></span> <span class='ocrx_word' id='word_1_496' title='bbox 3366 491 3592 561; x_wconf 79' lang='lat' dir='ltr'><strong>leprosos</strong></span> 
     </span>
    </p>
   </div>
   <div class='ocr_carea' id='block_1_65' title="bbox 1988 570 3587 651">
    <p class='ocr_par' dir='ltr' id='par_1_65' title="bbox 1988 570 3587 651">
     <span class='ocr_line' id='line_1_65' title="bbox 1988 570 3587 651; baseline 0.009 -29"><span class='ocrx_word' id='word_1_497' title='bbox 1988 570 2227 625; x_wconf 78' lang='lat' dir='ltr'><strong>mundata</strong></span> <span class='ocrx_word' id='word_1_498' title='bbox 2245 573 2259 602; x_wconf 82' lang='lat'>&#39;</span> <span class='ocrx_word' id='word_1_499' title='bbox 2270 613 2285 636; x_wconf 93' lang='lat'><strong>,</strong></span> <span class='ocrx_word' id='word_1_500' title='bbox 2305 570 2563 627; x_wconf 71' lang='lat' dir='ltr'><strong>damonia</strong></span> <span class='ocrx_word' id='word_1_501' title='bbox 2576 575 2742 645; x_wconf 78' lang='lat' dir='ltr'><strong>ejicite</strong></span> <span class='ocrx_word' id='word_1_502' title='bbox 2757 591 2777 630; x_wconf 90' lang='lat'><strong>:</strong></span> <span class='ocrx_word' id='word_1_503' title='bbox 2792 578 2954 647; x_wconf 82' lang='lat' dir='ltr'><strong>gratis</strong></span> <span class='ocrx_word' id='word_1_504' title='bbox 2967 579 3255 648; x_wconf 79' lang='lat' dir='ltr'><strong>accepistis,</strong></span> <span class='ocrx_word' id='word_1_505' title='bbox 3274 582 3433 651; x_wconf 73' lang='lat' dir='ltr'><strong>gratis</strong></span> <span class='ocrx_word' id='word_1_506' title='bbox 3451 582 3587 637; x_wconf 75' lang='lat' dir='ltr'><strong>datr.</strong></span> 
     </span>
    </p>
   </div>
   <div class='ocr_carea' id='block_1_66' title="bbox 1986 659 3591 744">
    <p class='ocr_par' dir='ltr' id='par_1_66' title="bbox 1986 659 3591 744">
     <span class='ocr_line' id='line_1_66' title="bbox 1986 659 3591 744; baseline 0.012 -34"><span class='ocrx_word' id='word_1_507' title='bbox 1986 659 2120 716; x_wconf 80' lang='lat' dir='ltr'><strong>Vide</strong></span> <span class='ocrx_word' id='word_1_508' title='bbox 2142 663 2416 732; x_wconf 89' lang='lat' dir='ltr'><strong>quomodo</strong></span> <span class='ocrx_word' id='word_1_509' title='bbox 2446 679 2656 720; x_wconf 91' lang='lat' dir='ltr'><strong>morum</strong></span> <span class='ocrx_word' id='word_1_510' title='bbox 2687 681 2872 722; x_wconf 90' lang='lat' dir='ltr'><strong>curam</strong></span> <span class='ocrx_word' id='word_1_511' title='bbox 2904 667 3102 724; x_wconf 79' lang='lat' dir='ltr'><strong>habeat</strong></span> <span class='ocrx_word' id='word_1_512' title='bbox 3121 710 3138 735; x_wconf 90' lang='lat'><strong>,</strong></span> <span class='ocrx_word' id='word_1_513' title='bbox 3178 671 3405 740; x_wconf 89' lang='lat' dir='ltr'><strong>perinde</strong></span> <span class='ocrx_word' id='word_1_514' title='bbox 3425 681 3591 744; x_wconf 86' lang='lat' dir='ltr'><strong>atque</strong></span> 
     </span>
    </p>
   </div>
   <div class='ocr_carea' id='block_1_67' title="bbox 1984 751 3590 828">
    <p class='ocr_par' dir='ltr' id='par_1_67' title="bbox 1984 751 3590 828">
     <span class='ocr_line' id='line_1_67' title="bbox 1984 751 3590 828; baseline 0.007 -22"><span class='ocrx_word' id='word_1_515' title='bbox 1984 751 2258 822; x_wconf 89' lang='lat' dir='ltr'><strong>signorum</strong></span> <span class='ocrx_word' id='word_1_516' title='bbox 2287 795 2302 819; x_wconf 89' lang='lat'><strong>,</strong></span> <span class='ocrx_word' id='word_1_517' title='bbox 2332 755 2625 812; x_wconf 88' lang='lat' dir='ltr'><strong>ostendens</strong></span> <span class='ocrx_word' id='word_1_518' title='bbox 2652 756 2801 828; x_wconf 90' lang='lat' dir='ltr'><strong>signa</strong></span> <span class='ocrx_word' id='word_1_519' title='bbox 2828 760 2949 814; x_wconf 90' lang='lat' dir='ltr'><strong>sine</strong></span> <span class='ocrx_word' id='word_1_520' title='bbox 2992 761 3232 816; x_wconf 89' lang='lat' dir='ltr'><strong>moribus</strong></span> <span class='ocrx_word' id='word_1_521' title='bbox 3261 763 3394 817; x_wconf 89' lang='lat' dir='ltr'><strong>nihil</strong></span> <span class='ocrx_word' id='word_1_522' title='bbox 3445 779 3590 820; x_wconf 87' lang='lat' dir='ltr'><strong>esse.</strong></span> 
     </span>
    </p>
   </div>
   <div class='ocr_carea' id='block_1_68' title="bbox 1984 842 3589 921">
    <p class='ocr_par' dir='ltr' id='par_1_68' title="bbox 1984 842 3589 921">
     <span class='ocr_line' id='line_1_68' title="bbox 1984 842 3589 921; baseline 0.007 -23"><span class='ocrx_word' id='word_1_523' title='bbox 1984 842 2117 898; x_wconf 81' lang='lat' dir='ltr'><strong>Nam</strong></span> <span class='ocrx_word' id='word_1_524' title='bbox 2170 860 2239 900; x_wconf 92' lang='lat' dir='ltr'><strong>ne</strong></span> <span class='ocrx_word' id='word_1_525' title='bbox 2292 846 2458 901; x_wconf 86' lang='lat' dir='ltr'><strong>altum</strong></span> <span class='ocrx_word' id='word_1_526' title='bbox 2533 849 2791 917; x_wconf 84' lang='lat' dir='ltr'><strong>sapiant,</strong></span> <span class='ocrx_word' id='word_1_527' title='bbox 2847 853 2992 921; x_wconf 88' lang='lat' dir='ltr'><strong>ipsos</strong></span> <span class='ocrx_word' id='word_1_528' title='bbox 3039 853 3289 921; x_wconf 88' lang='lat' dir='ltr'><strong>reprimit</strong></span> <span class='ocrx_word' id='word_1_529' title='bbox 3354 853 3589 911; x_wconf 79' lang='lat' dir='ltr'><strong>dicens:</strong></span> 
     </span>
    </p>
   </div>
   <div class='ocr_carea' id='block_1_69' title="bbox 1985 933 3593 1016">
    <p class='ocr_par' dir='ltr' id='par_1_69' title="bbox 1985 933 3593 1016">
     <span class='ocr_line' id='line_1_69' title="bbox 1985 933 3593 1016; baseline 0.007 -26"><span class='ocrx_word' id='word_1_530' title='bbox 1985 933 2157 990; x_wconf 81' lang='lat' dir='ltr'><strong>Gratis</strong></span> <span class='ocrx_word' id='word_1_531' title='bbox 2184 937 2451 1005; x_wconf 81' lang='lat' dir='ltr'><strong>accepistis</strong></span> <span class='ocrx_word' id='word_1_532' title='bbox 2473 979 2489 1005; x_wconf 89' lang='lat'><strong>,</strong></span> <span class='ocrx_word' id='word_1_533' title='bbox 2515 941 2676 1010; x_wconf 82' lang='lat' dir='ltr'><strong>gratis</strong></span> <span class='ocrx_word' id='word_1_534' title='bbox 2702 941 2854 1008; x_wconf 75' lang='lat' dir='ltr'><strong>date;</strong></span> <span class='ocrx_word' id='word_1_535' title='bbox 2880 949 2936 996; x_wconf 90' lang='lat' dir='ltr'><strong>et</strong></span> <span class='ocrx_word' id='word_1_536' title='bbox 2963 951 3020 996; x_wconf 90' lang='lat' dir='ltr'><strong>ut</strong></span> <span class='ocrx_word' id='word_1_537' title='bbox 3044 943 3113 997; x_wconf 87' lang='lat' dir='ltr'><strong>ab</strong></span> <span class='ocrx_word' id='word_1_538' title='bbox 3133 958 3319 999; x_wconf 89' lang='lat' dir='ltr'><strong>amore</strong></span> <span class='ocrx_word' id='word_1_539' title='bbox 3348 948 3593 1016; x_wconf 71' lang='lat' dir='ltr'><strong>pecunia</strong></span> 
     </span>
    </p>
   </div>
   <div class='ocr_carea' id='block_1_70' title="bbox 1981 1026 3590 1105">
    <p class='ocr_par' dir='ltr' id='par_1_70' title="bbox 1981 1026 3590 1105">
     <span class='ocr_line' id='line_1_70' title="bbox 1981 1026 3590 1105; baseline 0.009 -24"><span class='ocrx_word' id='word_1_540' title='bbox 1981 1026 2308 1094; x_wconf 83' lang='lat' dir='ltr'><strong>abstineant,</strong></span> <span class='ocrx_word' id='word_1_541' title='bbox 2340 1029 2605 1099; x_wconf 85' lang='lat' dir='ltr'><strong>providet.</strong></span> <span class='ocrx_word' id='word_1_542' title='bbox 2633 1031 2840 1088; x_wconf 91' lang='lat' dir='ltr'><strong>Deinde</strong></span> <span class='ocrx_word' id='word_1_543' title='bbox 2867 1049 2934 1088; x_wconf 91' lang='lat' dir='ltr'><strong>ne</strong></span> <span class='ocrx_word' id='word_1_544' title='bbox 2964 1042 3282 1105; x_wconf 87' lang='lat' dir='ltr'><strong>putarentur</strong></span> <span class='ocrx_word' id='word_1_545' title='bbox 3303 1036 3421 1093; x_wconf 83' lang='lat' dir='ltr'><strong>h:ec</strong></span> <span class='ocrx_word' id='word_1_546' title='bbox 3442 1047 3590 1096; x_wconf 86' lang='lat' dir='ltr'><strong>tanta</strong></span> 
     </span>
    </p>
   </div>
   <div class='ocr_carea' id='block_1_71' title="bbox 1981 1121 3590 1201">
    <p class='ocr_par' dir='ltr' id='par_1_71' title="bbox 1981 1121 3590 1201">
     <span class='ocr_line' id='line_1_71' title="bbox 1981 1121 3590 1201; baseline 0.011 -28"><span class='ocrx_word' id='word_1_547' title='bbox 1981 1133 2145 1191; x_wconf 79' lang='lat' dir='ltr'><strong>Opera</strong></span> <span class='ocrx_word' id='word_1_548' title='bbox 2170 1121 2242 1173; x_wconf 87' lang='lat' dir='ltr'><strong>ab</strong></span> <span class='ocrx_word' id='word_1_549' title='bbox 2266 1121 2374 1176; x_wconf 87' lang='lat' dir='ltr'><strong>illis</strong></span> <span class='ocrx_word' id='word_1_550' title='bbox 2402 1122 2669 1193; x_wconf 80' lang='lat' dir='ltr'><strong>proﬁcisci</strong></span> <span class='ocrx_word' id='word_1_551' title='bbox 2690 1165 2706 1190; x_wconf 91' lang='lat'><strong>,</strong></span> <span class='ocrx_word' id='word_1_552' title='bbox 2737 1141 2874 1182; x_wconf 85' lang='lat' dir='ltr'><strong>neve</strong></span> <span class='ocrx_word' id='word_1_553' title='bbox 2906 1126 2975 1183; x_wconf 90' lang='lat' dir='ltr'><strong>de</strong></span> <span class='ocrx_word' id='word_1_554' title='bbox 3015 1127 3183 1198; x_wconf 82' lang='lat' dir='ltr'><strong>signis</strong></span> <span class='ocrx_word' id='word_1_555' title='bbox 3210 1132 3590 1201; x_wconf 89' lang='lat' dir='ltr'><strong>superbireut,</strong></span> 
     </span>
    </p>
   </div>
   <div class='ocr_carea' id='block_1_72' title="bbox 1981 1201 3593 1291">
    <p class='ocr_par' dir='ltr' id='par_1_72' title="bbox 1981 1201 3593 1291">
     <span class='ocr_line' id='line_1_72' title="bbox 1981 1201 3593 1291; baseline 0.011 -26"><span class='ocrx_word' id='word_1_556' title='bbox 1981 1213 2054 1265; x_wconf 90' lang='lat' dir='ltr'><strong>ait</strong></span> <span class='ocrx_word' id='word_1_557' title='bbox 2081 1227 2097 1264; x_wconf 92' lang='lat'><strong>:</strong></span> <span class='ocrx_word' id='word_1_558' title='bbox 2126 1210 2298 1266; x_wconf 80' lang='lat' dir='ltr'><strong>Gratis</strong></span> <span class='ocrx_word' id='word_1_559' title='bbox 2335 1215 2620 1285; x_wconf 78' lang='lat' dir='ltr'><strong>accepistis.</strong></span> <span class='ocrx_word' id='word_1_560' title='bbox 2647 1215 2791 1274; x_wconf 83' lang='lat' dir='ltr'><strong>Nihil</strong></span> <span class='ocrx_word' id='word_1_561' title='bbox 2817 1201 3084 1289; x_wconf 81' lang='lat' dir='ltr'><strong>largimini</strong></span> <span class='ocrx_word' id='word_1_562' title='bbox 3116 1221 3182 1277; x_wconf 88' lang='lat' dir='ltr'><strong>iis</strong></span> <span class='ocrx_word' id='word_1_563' title='bbox 3207 1223 3300 1291; x_wconf 91' lang='lat' dir='ltr'><strong>qui</strong></span> <span class='ocrx_word' id='word_1_564' title='bbox 3325 1238 3422 1279; x_wconf 84' lang='lat' dir='ltr'><strong>vos</strong></span> <span class='ocrx_word' id='word_1_565' title='bbox 3447 1227 3593 1283; x_wconf 84' lang='lat' dir='ltr'><strong>reci-</strong></span> 
     </span>
    </p>
   </div>
   <div class='ocr_carea' id='block_1_73' title="bbox 1984 1304 3593 1382">
    <p class='ocr_par' dir='ltr' id='par_1_73' title="bbox 1984 1304 3593 1382">
     <span class='ocr_line' id='line_1_73' title="bbox 1984 1304 3593 1382; baseline 0.009 -24"><span class='ocrx_word' id='word_1_566' title='bbox 1984 1304 2135 1375; x_wconf 90' lang='lat' dir='ltr'><strong>piunt</strong></span> <span class='ocrx_word' id='word_1_567' title='bbox 2165 1324 2180 1360; x_wconf 92' lang='lat'><strong>:</strong></span> <span class='ocrx_word' id='word_1_568' title='bbox 2211 1321 2386 1376; x_wconf 79' lang='lat' dir='ltr'><strong>neque</strong></span> <span class='ocrx_word' id='word_1_569' title='bbox 2439 1307 2584 1364; x_wconf 82' lang='lat' dir='ltr'><strong>enim</strong></span> <span class='ocrx_word' id='word_1_570' title='bbox 2638 1308 2693 1364; x_wconf 93' lang='lat' dir='ltr'><strong>in</strong></span> <span class='ocrx_word' id='word_1_571' title='bbox 2725 1311 3034 1366; x_wconf 89' lang='lat' dir='ltr'><strong>mercedem</strong></span> <span class='ocrx_word' id='word_1_572' title='bbox 3063 1312 3146 1368; x_wconf 85' lang='lat' dir='ltr'><strong>vel</strong></span> <span class='ocrx_word' id='word_1_573' title='bbox 3196 1328 3294 1382; x_wconf 91' lang='lat' dir='ltr'><strong>pro</strong></span> <span class='ocrx_word' id='word_1_574' title='bbox 3315 1313 3593 1374; x_wconf 85' lang='lat' dir='ltr'><strong>laboribus</strong></span> 
     </span>
    </p>
   </div>
   <div class='ocr_carea' id='block_1_74' title="bbox 1983 1397 3592 1478">
    <p class='ocr_par' dir='ltr' id='par_1_74' title="bbox 1983 1397 3592 1478">
     <span class='ocr_line' id='line_1_74' title="bbox 1983 1397 3592 1478; baseline 0.007 -27"><span class='ocrx_word' id='word_1_575' title='bbox 1983 1397 2070 1451; x_wconf 81' lang='lat' dir='ltr'><strong>illa</strong></span> <span class='ocrx_word' id='word_1_576' title='bbox 2100 1397 2387 1467; x_wconf 64' lang='lat' dir='ltr'><strong>accepistis</strong></span> <span class='ocrx_word' id='word_1_577' title='bbox 2415 1416 2430 1454; x_wconf 97' lang='lat'><strong>:</strong></span> <span class='ocrx_word' id='word_1_578' title='bbox 2459 1415 2576 1454; x_wconf 82' lang='lat' dir='ltr'><strong>mea</strong></span> <span class='ocrx_word' id='word_1_579' title='bbox 2603 1402 2804 1472; x_wconf 89' lang='lat' dir='ltr'><strong>quippe</strong></span> <span class='ocrx_word' id='word_1_580' title='bbox 2831 1411 2915 1458; x_wconf 88' lang='lat' dir='ltr'><strong>est</strong></span> <span class='ocrx_word' id='word_1_581' title='bbox 2943 1403 3134 1475; x_wconf 88' lang='lat' dir='ltr'><strong>gratia.</strong></span> <span class='ocrx_word' id='word_1_582' title='bbox 3170 1404 3372 1461; x_wconf 80' lang='lat' dir='ltr'><strong>Eodem</strong></span> <span class='ocrx_word' id='word_1_583' title='bbox 3412 1408 3592 1478; x_wconf 85' lang='lat' dir='ltr'><strong>itaque</strong></span> 
     </span>
    </p>
   </div>
   <div class='ocr_carea' id='block_1_75' title="bbox 1984 1491 3594 1570">
    <p class='ocr_par' dir='ltr' id='par_1_75' title="bbox 1984 1491 3594 1570">
     <span class='ocr_line' id='line_1_75' title="bbox 1984 1491 3594 1570; baseline 0.007 -26"><span class='ocrx_word' id='word_1_584' title='bbox 1984 1491 2146 1546; x_wconf 89' lang='lat' dir='ltr'><strong>modo</strong></span> <span class='ocrx_word' id='word_1_585' title='bbox 2191 1492 2298 1548; x_wconf 88' lang='lat' dir='ltr'><strong>illis</strong></span> <span class='ocrx_word' id='word_1_586' title='bbox 2340 1492 2709 1564; x_wconf 78' lang='lat' dir='ltr'><strong>datezneque</strong></span> <span class='ocrx_word' id='word_1_587' title='bbox 2736 1496 2880 1552; x_wconf 91' lang='lat' dir='ltr'><strong>enim</strong></span> <span class='ocrx_word' id='word_1_588' title='bbox 2935 1496 3259 1568; x_wconf 86' lang='lat' dir='ltr'><strong>condignum</strong></span> <span class='ocrx_word' id='word_1_589' title='bbox 3312 1500 3443 1567; x_wconf 86' lang='lat' dir='ltr'><strong>ipsis</strong></span> <span class='ocrx_word' id='word_1_590' title='bbox 3471 1515 3594 1570; x_wconf 88' lang='lat' dir='ltr'><strong>pre-</strong></span> 
     </span>
    </p>
   </div>
   <div class='ocr_carea' id='block_1_76' title="bbox 1985 1584 3588 1656">
    <p class='ocr_par' dir='ltr' id='par_1_76' title="bbox 1985 1584 3588 1656">
     <span class='ocr_line' id='line_1_76' title="bbox 1985 1584 3588 1656; baseline 0.007 -19"><span class='ocrx_word' id='word_1_591' title='bbox 1985 1584 2115 1638; x_wconf 92' lang='lat' dir='ltr'><strong>tium</strong></span> <span class='ocrx_word' id='word_1_592' title='bbox 2149 1585 2388 1656; x_wconf 89' lang='lat' dir='ltr'><strong>reperire</strong></span> <span class='ocrx_word' id='word_1_593' title='bbox 2415 1597 2519 1643; x_wconf 88' lang='lat' dir='ltr'><strong>est.</strong></span> <span class='ocrx_word' id='word_1_594' title='bbox 2566 1587 2772 1643; x_wconf 89' lang='lat' dir='ltr'><strong>Deinde</strong></span> <span class='ocrx_word' id='word_1_595' title='bbox 2819 1589 3086 1644; x_wconf 87' lang='lat' dir='ltr'><strong>malorum</strong></span> <span class='ocrx_word' id='word_1_596' title='bbox 3139 1592 3375 1648; x_wconf 92' lang='lat' dir='ltr'><strong>radicem</strong></span> <span class='ocrx_word' id='word_1_597' title='bbox 3405 1593 3588 1648; x_wconf 89' lang='lat' dir='ltr'><strong>statim</strong></span> 
     </span>
    </p>
   </div>
   <div class='ocr_carea' id='block_1_77' title="bbox 1981 1677 3593 1754">
    <p class='ocr_par' dir='ltr' id='par_1_77' title="bbox 1981 1677 3593 1754">
     <span class='ocr_line' id='line_1_77' title="bbox 1981 1677 3593 1754; baseline 0.006 -22"><span class='ocrx_word' id='word_1_598' title='bbox 1981 1677 2253 1746; x_wconf 76' lang='lat' dir='ltr'><strong>avellens,</strong></span> <span class='ocrx_word' id='word_1_599' title='bbox 2291 1679 2366 1734; x_wconf 84' lang='lat' dir='ltr'><strong>ait</strong></span> <span class='ocrx_word' id='word_1_600' title='bbox 2394 1700 2409 1736; x_wconf 89' lang='lat'><strong>:</strong></span> <span class='ocrx_word' id='word_1_601' title='bbox 2438 1679 2492 1736; x_wconf 88' lang='lat'><strong>9.</strong></span> <span class='ocrx_word' id='word_1_602' title='bbox 2525 1679 2701 1736; x_wconf 78' lang='lat' dir='ltr'><strong>Nolite</strong></span> <span class='ocrx_word' id='word_1_603' title='bbox 2729 1683 2990 1753; x_wconf 75' lang='lat' dir='ltr'><strong>possidere</strong></span> <span class='ocrx_word' id='word_1_604' title='bbox 3031 1701 3252 1750; x_wconf 79' lang='lat' dir='ltr'><strong>aurum,</strong></span> <span class='ocrx_word' id='word_1_605' title='bbox 3306 1702 3466 1754; x_wconf 77' lang='lat' dir='ltr'><strong>neque</strong></span> <span class='ocrx_word' id='word_1_606' title='bbox 3502 1702 3593 1741; x_wconf 84' lang='lat' dir='ltr'><strong>ar-</strong></span> 
     </span>
    </p>
   </div>
   <div class='ocr_carea' id='block_1_78' title="bbox 1982 1773 3594 1841">
    <p class='ocr_par' dir='ltr' id='par_1_78' title="bbox 1982 1773 3594 1841">
     <span class='ocr_line' id='line_1_78' title="bbox 1982 1773 3594 1841; baseline 0.007 -19"><span class='ocrx_word' id='word_1_607' title='bbox 1982 1779 2188 1839; x_wconf 84' lang='lat' dir='ltr'><strong>gentum</strong></span> <span class='ocrx_word' id='word_1_608' title='bbox 2221 1812 2236 1835; x_wconf 91' lang='lat'><strong>,</strong></span> <span class='ocrx_word' id='word_1_609' title='bbox 2281 1787 2443 1838; x_wconf 77' lang='lat' dir='ltr'><strong>neque</strong></span> <span class='ocrx_word' id='word_1_610' title='bbox 2480 1773 2744 1841; x_wconf 74' lang='lat' dir='ltr'><strong>pecuniam</strong></span> <span class='ocrx_word' id='word_1_611' title='bbox 2796 1775 2848 1828; x_wconf 85' lang='lat' dir='ltr'><strong>in</strong></span> <span class='ocrx_word' id='word_1_612' title='bbox 2896 1791 3041 1829; x_wconf 76' lang='lat' dir='ltr'><strong>sonis</strong></span> <span class='ocrx_word' id='word_1_613' title='bbox 3083 1777 3294 1839; x_wconf 66' lang='lat' dir='ltr'><strong>uestris,</strong></span> <span class='ocrx_word' id='word_1_614' title='bbox 3343 1777 3430 1833; x_wconf 76' lang='lat' dir='ltr'><strong>lo.</strong></span> <span class='ocrx_word' id='word_1_615' title='bbox 3487 1794 3594 1833; x_wconf 79' lang='lat' dir='ltr'><strong>non</strong></span> 
     </span>
    </p>
   </div>
   <div class='ocr_carea' id='block_1_79' title="bbox 1984 1862 3590 1936">
    <p class='ocr_par' dir='ltr' id='par_1_79' title="bbox 1984 1862 3590 1936">
     <span class='ocr_line' id='line_1_79' title="bbox 1984 1862 3590 1936; baseline 0.006 -23"><span class='ocrx_word' id='word_1_616' title='bbox 1984 1878 2156 1930; x_wconf 85' lang='lat' dir='ltr'><strong>peram</strong></span> <span class='ocrx_word' id='word_1_617' title='bbox 2185 1862 2254 1915; x_wconf 86' lang='lat' dir='ltr'><strong>ad</strong></span> <span class='ocrx_word' id='word_1_618' title='bbox 2287 1863 2443 1930; x_wconf 74' lang='lat' dir='ltr'><strong>viam,</strong></span> <span class='ocrx_word' id='word_1_619' title='bbox 2473 1879 2632 1934; x_wconf 82' lang='lat' dir='ltr'><strong>neque</strong></span> <span class='ocrx_word' id='word_1_620' title='bbox 2651 1865 2781 1918; x_wconf 81' lang='lat' dir='ltr'><strong>duas</strong></span> <span class='ocrx_word' id='word_1_621' title='bbox 2809 1867 3024 1930; x_wconf 77' lang='lat' dir='ltr'><strong>tunicas,</strong></span> <span class='ocrx_word' id='word_1_622' title='bbox 3049 1883 3208 1936; x_wconf 80' lang='lat' dir='ltr'><strong>neque</strong></span> <span class='ocrx_word' id='word_1_623' title='bbox 3227 1869 3590 1932; x_wconf 79' lang='lat' dir='ltr'><strong>calceamenta,</strong></span> 
     </span>
    </p>
   </div>
   <div class='ocr_carea' id='block_1_80' title="bbox 1983 1953 3592 2025">
    <p class='ocr_par' dir='ltr' id='par_1_80' title="bbox 1983 1953 3592 2025">
     <span class='ocr_line' id='line_1_80' title="bbox 1983 1953 3592 2025; baseline 0.006 -19"><span class='ocrx_word' id='word_1_624' title='bbox 1983 1969 2145 2021; x_wconf 78' lang='lat' dir='ltr'><strong>neque</strong></span> <span class='ocrx_word' id='word_1_625' title='bbox 2170 1953 2384 2024; x_wconf 77' lang='lat' dir='ltr'><strong>virgam.</strong></span> <span class='ocrx_word' id='word_1_626' title='bbox 2407 1953 2523 2009; x_wconf 86' lang='lat' dir='ltr'><strong>Non</strong></span> <span class='ocrx_word' id='word_1_627' title='bbox 2549 1955 2705 2021; x_wconf 90' lang='lat' dir='ltr'><strong>dixit,</strong></span> <span class='ocrx_word' id='word_1_628' title='bbox 2732 1955 2848 2011; x_wconf 85' lang='lat' dir='ltr'><strong>Non</strong></span> <span class='ocrx_word' id='word_1_629' title='bbox 2872 1957 3149 2025; x_wconf 87' lang='lat' dir='ltr'><strong>accipiatis</strong></span> <span class='ocrx_word' id='word_1_630' title='bbox 3175 1958 3476 2024; x_wconf 87' lang='lat' dir='ltr'><strong>vobiscum;</strong></span> <span class='ocrx_word' id='word_1_631' title='bbox 3496 1959 3592 2015; x_wconf 87' lang='lat' dir='ltr'><strong>sed</strong></span> 
     </span>
    </p>
   </div>
   <div class='ocr_carea' id='block_1_81' title="bbox 1983 2044 3584 2120">
    <p class='ocr_par' dir='ltr' id='par_1_81' title="bbox 1983 2044 3584 2120">
     <span class='ocr_line' id='line_1_81' title="bbox 1983 2044 3584 2120; baseline 0.002 -19"><span class='ocrx_word' id='word_1_632' title='bbox 1983 2045 2195 2101; x_wconf 90' lang='lat' dir='ltr'><strong>etiamsi</strong></span> <span class='ocrx_word' id='word_1_633' title='bbox 2222 2044 2441 2102; x_wconf 89' lang='lat' dir='ltr'><strong>aliunde</strong></span> <span class='ocrx_word' id='word_1_634' title='bbox 2469 2047 2641 2117; x_wconf 90' lang='lat' dir='ltr'><strong>possis</strong></span> <span class='ocrx_word' id='word_1_635' title='bbox 2668 2048 2934 2118; x_wconf 87' lang='lat' dir='ltr'><strong>accipere,</strong></span> <span class='ocrx_word' id='word_1_636' title='bbox 2954 2047 3076 2120; x_wconf 86' lang='lat' dir='ltr'><strong>fuge</strong></span> <span class='ocrx_word' id='word_1_637' title='bbox 3096 2048 3294 2103; x_wconf 89' lang='lat' dir='ltr'><strong>malum</strong></span> <span class='ocrx_word' id='word_1_638' title='bbox 3319 2050 3584 2106; x_wconf 88' lang='lat' dir='ltr'><strong>morbum.</strong></span> 
     </span>
    </p>
   </div>
   <div class='ocr_carea' id='block_1_82' title="bbox 1985 2133 3592 2212">
    <p class='ocr_par' dir='ltr' id='par_1_82' title="bbox 1985 2133 3592 2212">
     <span class='ocr_line' id='line_1_82' title="bbox 1985 2133 3592 2212; baseline 0.004 -23"><span class='ocrx_word' id='word_1_639' title='bbox 1985 2133 2098 2190; x_wconf 87' lang='lat' dir='ltr'><strong>lloc</strong></span> <span class='ocrx_word' id='word_1_640' title='bbox 2120 2136 2265 2191; x_wconf 88' lang='lat' dir='ltr'><strong>enim</strong></span> <span class='ocrx_word' id='word_1_641' title='bbox 2293 2147 2569 2208; x_wconf 67' lang='lat' dir='ltr'><strong>praeepto</strong></span> <span class='ocrx_word' id='word_1_642' title='bbox 2595 2137 2762 2194; x_wconf 90' lang='lat' dir='ltr'><strong>multa</strong></span> <span class='ocrx_word' id='word_1_643' title='bbox 2805 2139 3086 2194; x_wconf 89' lang='lat' dir='ltr'><strong>commoda</strong></span> <span class='ocrx_word' id='word_1_644' title='bbox 3127 2139 3405 2194; x_wconf 87' lang='lat' dir='ltr'><strong>obtinebat</strong></span> <span class='ocrx_word' id='word_1_645' title='bbox 3432 2155 3448 2193; x_wconf 91' lang='lat'><strong>:</strong></span> <span class='ocrx_word' id='word_1_646' title='bbox 3478 2141 3592 2212; x_wconf 88' lang='lat' dir='ltr'><strong>pri-</strong></span> 
     </span>
    </p>
   </div>
   <div class='ocr_carea' id='block_1_83' title="bbox 1986 2227 3595 2300">
    <p class='ocr_par' dir='ltr' id='par_1_83' title="bbox 1986 2227 3595 2300">
     <span class='ocr_line' id='line_1_83' title="bbox 1986 2227 3595 2300; baseline 0.005 -20"><span class='ocrx_word' id='word_1_647' title='bbox 1986 2241 2095 2290; x_wconf 89' lang='lat' dir='ltr'><strong>mo,</strong></span> <span class='ocrx_word' id='word_1_648' title='bbox 2131 2237 2187 2281; x_wconf 93' lang='lat' dir='ltr'><strong>ut</strong></span> <span class='ocrx_word' id='word_1_649' title='bbox 2212 2227 2355 2282; x_wconf 86' lang='lat' dir='ltr'><strong>nulla</strong></span> <span class='ocrx_word' id='word_1_650' title='bbox 2386 2227 2457 2283; x_wconf 91' lang='lat' dir='ltr'><strong>sit</strong></span> <span class='ocrx_word' id='word_1_651' title='bbox 2482 2229 2552 2285; x_wconf 92' lang='lat' dir='ltr'><strong>de</strong></span> <span class='ocrx_word' id='word_1_652' title='bbox 2575 2229 2854 2299; x_wconf 87' lang='lat' dir='ltr'><strong>discipulis</strong></span> <span class='ocrx_word' id='word_1_653' title='bbox 2884 2230 3150 2300; x_wconf 81' lang='lat' dir='ltr'><strong>suspicio;</strong></span> <span class='ocrx_word' id='word_1_654' title='bbox 3179 2231 3422 2286; x_wconf 87' lang='lat' dir='ltr'><strong>secundo</strong></span> <span class='ocrx_word' id='word_1_655' title='bbox 3441 2273 3458 2297; x_wconf 94' lang='lat'><strong>,</strong></span> <span class='ocrx_word' id='word_1_656' title='bbox 3488 2232 3595 2289; x_wconf 89' lang='lat' dir='ltr'><strong>illis</strong></span> 
     </span>
    </p>
   </div>
   <div class='ocr_carea' id='block_1_84' title="bbox 1990 2314 3590 2389">
    <p class='ocr_par' dir='ltr' id='par_1_84' title="bbox 1990 2314 3590 2389">
     <span class='ocr_line' id='line_1_84' title="bbox 1990 2314 3590 2389; baseline 0.004 -19"><span class='ocrx_word' id='word_1_657' title='bbox 1990 2330 2179 2375; x_wconf 81' lang='lat' dir='ltr'><strong>curam</strong></span> <span class='ocrx_word' id='word_1_658' title='bbox 2200 2329 2418 2370; x_wconf 84' lang='lat' dir='ltr'><strong>omnem</strong></span> <span class='ocrx_word' id='word_1_659' title='bbox 2443 2315 2656 2378; x_wconf 90' lang='lat' dir='ltr'><strong>adimit,</strong></span> <span class='ocrx_word' id='word_1_660' title='bbox 2675 2314 2748 2369; x_wconf 87' lang='lat' dir='ltr'><strong>ita</strong></span> <span class='ocrx_word' id='word_1_661' title='bbox 2766 2323 2827 2370; x_wconf 88' lang='lat' dir='ltr'><strong>ut</strong></span> <span class='ocrx_word' id='word_1_662' title='bbox 2851 2316 3024 2371; x_wconf 87' lang='lat' dir='ltr'><strong>otium</strong></span> <span class='ocrx_word' id='word_1_663' title='bbox 3038 2317 3272 2373; x_wconf 74' lang='lat' dir='ltr'><strong>omnein</strong></span> <span class='ocrx_word' id='word_1_664' title='bbox 3286 2321 3590 2389; x_wconf 68' lang='lat' dir='ltr'><strong>prtedicano</strong></span> 
     </span>
    </p>
   </div>
   <div class='ocr_carea' id='block_1_85' title="bbox 1990 2405 3586 2486">
    <p class='ocr_par' dir='ltr' id='par_1_85' title="bbox 1990 2405 3586 2486">
     <span class='ocr_line' id='line_1_85' title="bbox 1990 2405 3586 2486; baseline 0.003 -29"><span class='ocrx_word' id='word_1_665' title='bbox 1990 2407 2061 2457; x_wconf 92' lang='lat' dir='ltr'><strong>do</strong></span> <span class='ocrx_word' id='word_1_666' title='bbox 2100 2405 2269 2459; x_wconf 92' lang='lat' dir='ltr'><strong>verbo</strong></span> <span class='ocrx_word' id='word_1_667' title='bbox 2312 2412 2673 2467; x_wconf 85' lang='lat' dir='ltr'><strong>consumant;</strong></span> <span class='ocrx_word' id='word_1_668' title='bbox 2710 2405 2891 2466; x_wconf 89' lang='lat' dir='ltr'><strong>tertio,</strong></span> <span class='ocrx_word' id='word_1_669' title='bbox 2917 2418 3070 2457; x_wconf 91' lang='lat' dir='ltr'><strong>suam</strong></span> <span class='ocrx_word' id='word_1_670' title='bbox 3109 2405 3229 2459; x_wconf 87' lang='lat' dir='ltr'><strong>illos</strong></span> <span class='ocrx_word' id='word_1_671' title='bbox 3258 2415 3586 2486; x_wconf 82' lang='lat' dir='ltr'><strong>potestatem</strong></span> 
     </span>
    </p>
   </div>
   <div class='ocr_carea' id='block_1_86' title="bbox 1985 2499 3596 2572">
    <p class='ocr_par' dir='ltr' id='par_1_86' title="bbox 1985 2499 3596 2572">
     <span class='ocr_line' id='line_1_86' title="bbox 1985 2499 3596 2572; baseline 0.004 -20"><span class='ocrx_word' id='word_1_672' title='bbox 1985 2499 2164 2554; x_wconf 87' lang='lat' dir='ltr'><strong>docet.</strong></span> <span class='ocrx_word' id='word_1_673' title='bbox 2197 2500 2310 2554; x_wconf 89' lang='lat' dir='ltr'><strong>lloc</strong></span> <span class='ocrx_word' id='word_1_674' title='bbox 2335 2501 2498 2554; x_wconf 89' lang='lat' dir='ltr'><strong>etiam</strong></span> <span class='ocrx_word' id='word_1_675' title='bbox 2531 2512 2718 2571; x_wconf 88' lang='lat' dir='ltr'><strong>postea</strong></span> <span class='ocrx_word' id='word_1_676' title='bbox 2750 2500 2879 2555; x_wconf 91' lang='lat' dir='ltr'><strong>dicit</strong></span> <span class='ocrx_word' id='word_1_677' title='bbox 2925 2502 3029 2556; x_wconf 92' lang='lat' dir='ltr'><strong>illis</strong></span> <span class='ocrx_word' id='word_1_678' title='bbox 3060 2519 3072 2552; x_wconf 88' lang='lat'><strong>:</strong></span> <span class='ocrx_word' id='word_1_679' title='bbox 3108 2501 3241 2555; x_wconf 91' lang='lat' dir='ltr'><strong>Num</strong></span> <span class='ocrx_word' id='word_1_680' title='bbox 3271 2502 3398 2572; x_wconf 90' lang='lat' dir='ltr'><strong>quid</strong></span> <span class='ocrx_word' id='word_1_681' title='bbox 3425 2502 3596 2559; x_wconf 59' lang='lat' dir='ltr'><strong>dt-t‘uit</strong></span> 
     </span>
    </p>
   </div>
   <div class='ocr_carea' id='block_1_87' title="bbox 1987 2591 3594 2663">
    <p class='ocr_par' dir='ltr' id='par_1_87' title="bbox 1987 2591 3594 2663">
     <span class='ocr_line' id='line_1_87' title="bbox 1987 2591 3594 2663; baseline 0.006 -20"><span class='ocrx_word' id='word_1_682' title='bbox 1987 2591 2165 2655; x_wconf 88' lang='lat' dir='ltr'><strong>vobis,</strong></span> <span class='ocrx_word' id='word_1_683' title='bbox 2193 2593 2410 2663; x_wconf 86' lang='lat' dir='ltr'><strong>quando</strong></span> <span class='ocrx_word' id='word_1_684' title='bbox 2435 2608 2534 2648; x_wconf 82' lang='lat' dir='ltr'><strong>vos</strong></span> <span class='ocrx_word' id='word_1_685' title='bbox 2568 2593 2688 2649; x_wconf 90' lang='lat' dir='ltr'><strong>misi</strong></span> <span class='ocrx_word' id='word_1_686' title='bbox 2740 2594 2915 2648; x_wconf 89' lang='lat' dir='ltr'><strong>nudos</strong></span> <span class='ocrx_word' id='word_1_687' title='bbox 2958 2604 3010 2648; x_wconf 88' lang='lat' dir='ltr'><strong>et</strong></span> <span class='ocrx_word' id='word_1_688' title='bbox 3057 2595 3175 2651; x_wconf 88' lang='lat' dir='ltr'><strong>sine</strong></span> <span class='ocrx_word' id='word_1_689' title='bbox 3216 2596 3458 2651; x_wconf 83' lang='lat' dir='ltr'><strong>calceis?</strong></span> <span class='ocrx_word' id='word_1_690' title='bbox 3483 2596 3594 2654; x_wconf 80' lang='lat' dir='ltr'><strong>Ne-</strong></span> 
     </span>
    </p>
   </div>
   <div class='ocr_carea' id='block_1_88' title="bbox 1986 2683 3595 2758">
    <p class='ocr_par' dir='ltr' id='par_1_88' title="bbox 1986 2683 3595 2758">
     <span class='ocr_line' id='line_1_88' title="bbox 1986 2683 3595 2758; baseline 0.004 -22"><span class='ocrx_word' id='word_1_691' title='bbox 1986 2699 2092 2752; x_wconf 88' lang='lat' dir='ltr'><strong>que</strong></span> <span class='ocrx_word' id='word_1_692' title='bbox 2121 2685 2300 2738; x_wconf 89' lang='lat' dir='ltr'><strong>statim</strong></span> <span class='ocrx_word' id='word_1_693' title='bbox 2355 2684 2525 2752; x_wconf 88' lang='lat' dir='ltr'><strong>dicit,</strong></span> <span class='ocrx_word' id='word_1_694' title='bbox 2584 2683 2762 2740; x_wconf 80' lang='lat' dir='ltr'><strong>Nolite</strong></span> <span class='ocrx_word' id='word_1_695' title='bbox 2827 2686 3126 2755; x_wconf 85' lang='lat' dir='ltr'><strong>possidere;</strong></span> <span class='ocrx_word' id='word_1_696' title='bbox 3168 2688 3262 2742; x_wconf 86' lang='lat' dir='ltr'><strong>sed</strong></span> <span class='ocrx_word' id='word_1_697' title='bbox 3313 2697 3595 2758; x_wconf 89' lang='lat' dir='ltr'><strong>postquam</strong></span> 
     </span>
    </p>
   </div>
   <div class='ocr_carea' id='block_1_89' title="bbox 1987 2776 3597 2853">
    <p class='ocr_par' dir='ltr' id='par_1_89' title="bbox 1987 2776 3597 2853">
     <span class='ocr_line' id='line_1_89' title="bbox 1987 2776 3597 2853; baseline 0.005 -23"><span class='ocrx_word' id='word_1_698' title='bbox 1987 2777 2164 2832; x_wconf 89' lang='lat' dir='ltr'><strong>dixit:</strong></span> <span class='ocrx_word' id='word_1_699' title='bbox 2208 2776 2464 2846; x_wconf 81' lang='lat' dir='ltr'><strong>Leprosos</strong></span> <span class='ocrx_word' id='word_1_700' title='bbox 2493 2779 2767 2844; x_wconf 75' lang='lat' dir='ltr'><strong>mandate,</strong></span> <span class='ocrx_word' id='word_1_701' title='bbox 2797 2781 3051 2834; x_wconf 75' lang='lat' dir='ltr'><strong>tia-monia</strong></span> <span class='ocrx_word' id='word_1_702' title='bbox 3099 2782 3297 2853; x_wconf 80' lang='lat' dir='ltr'><strong>ejicite,</strong></span> <span class='ocrx_word' id='word_1_703' title='bbox 3352 2792 3478 2838; x_wconf 92' lang='lat' dir='ltr'><strong>tunc</strong></span> <span class='ocrx_word' id='word_1_704' title='bbox 3522 2782 3597 2838; x_wconf 86' lang='lat' dir='ltr'><strong>ita</strong></span> 
     </span>
    </p>
   </div>
   <div class='ocr_carea' id='block_1_90' title="bbox 1991 2867 3596 2942">
    <p class='ocr_par' dir='ltr' id='par_1_90' title="bbox 1991 2867 3596 2942">
     <span class='ocr_line' id='line_1_90' title="bbox 1991 2867 3596 2942; baseline 0.004 -20"><span class='ocrx_word' id='word_1_705' title='bbox 1991 2867 2228 2937; x_wconf 89' lang='lat' dir='ltr'><strong>loquitur</strong></span> <span class='ocrx_word' id='word_1_706' title='bbox 2251 2909 2266 2932; x_wconf 92' lang='lat'><strong>,</strong></span> <span class='ocrx_word' id='word_1_707' title='bbox 2312 2867 2491 2922; x_wconf 80' lang='lat' dir='ltr'><strong>Nolite</strong></span> <span class='ocrx_word' id='word_1_708' title='bbox 2526 2870 2826 2939; x_wconf 79' lang='lat' dir='ltr'><strong>possidere;</strong></span> <span class='ocrx_word' id='word_1_709' title='bbox 2857 2881 3019 2941; x_wconf 86' lang='lat' dir='ltr'><strong>atque</strong></span> <span class='ocrx_word' id='word_1_710' title='bbox 3051 2873 3234 2942; x_wconf 83' lang='lat' dir='ltr'><strong>adjicit</strong></span> <span class='ocrx_word' id='word_1_711' title='bbox 3259 2914 3273 2936; x_wconf 94' lang='lat'><strong>,</strong></span> <span class='ocrx_word' id='word_1_712' title='bbox 3304 2871 3478 2927; x_wconf 78' lang='lat' dir='ltr'><strong>Gratis</strong></span> <span class='ocrx_word' id='word_1_713' title='bbox 3506 2890 3596 2929; x_wconf 80' lang='lat' dir='ltr'><strong>ac-</strong></span> 
     </span>
    </p>
   </div>
   <div class='ocr_carea' id='block_1_91' title="bbox 1991 2960 3596 3033">
    <p class='ocr_par' dir='ltr' id='par_1_91' title="bbox 1991 2960 3596 3033">
     <span class='ocr_line' id='line_1_91' title="bbox 1991 2960 3596 3033; baseline 0.004 -21"><span class='ocrx_word' id='word_1_714' title='bbox 1991 2960 2194 3029; x_wconf 82' lang='lat' dir='ltr'><strong>cepistis</strong></span> <span class='ocrx_word' id='word_1_715' title='bbox 2220 3001 2235 3025; x_wconf 92' lang='lat'><strong>,</strong></span> <span class='ocrx_word' id='word_1_716' title='bbox 2265 2961 2424 3031; x_wconf 85' lang='lat' dir='ltr'><strong>gratis</strong></span> <span class='ocrx_word' id='word_1_717' title='bbox 2449 2961 2606 3027; x_wconf 83' lang='lat' dir='ltr'><strong>date;</strong></span> <span class='ocrx_word' id='word_1_718' title='bbox 2638 2961 2876 3031; x_wconf 82' lang='lat' dir='ltr'><strong>ipsisque</strong></span> <span class='ocrx_word' id='word_1_719' title='bbox 2906 2971 2961 3016; x_wconf 87' lang='lat' dir='ltr'><strong>et</strong></span> <span class='ocrx_word' id='word_1_720' title='bbox 2981 2963 3131 3033; x_wconf 86' lang='lat' dir='ltr'><strong>quod</strong></span> <span class='ocrx_word' id='word_1_721' title='bbox 3171 2974 3596 3019; x_wconf 87' lang='lat' dir='ltr'><strong>consentaneum</strong></span> 
     </span>
    </p>
   </div>
   <div class='ocr_carea' id='block_1_92' title="bbox 1989 3053 3599 3126">
    <p class='ocr_par' dir='ltr' id='par_1_92' title="bbox 1989 3053 3599 3126">
     <span class='ocr_line' id='line_1_92' title="bbox 1989 3053 3599 3126; baseline 0.004 -19"><span class='ocrx_word' id='word_1_722' title='bbox 1989 3053 2297 3125; x_wconf 84' lang='lat' dir='ltr'><strong>decensque</strong></span> <span class='ocrx_word' id='word_1_723' title='bbox 2319 3064 2457 3121; x_wconf 86' lang='lat' dir='ltr'><strong>erat,</strong></span> <span class='ocrx_word' id='word_1_724' title='bbox 2478 3064 2528 3110; x_wconf 88' lang='lat' dir='ltr'><strong>et</strong></span> <span class='ocrx_word' id='word_1_725' title='bbox 2560 3053 2703 3124; x_wconf 87' lang='lat' dir='ltr'><strong>quod</strong></span> <span class='ocrx_word' id='word_1_726' title='bbox 2735 3055 2989 3124; x_wconf 86' lang='lat' dir='ltr'><strong>possibile</strong></span> <span class='ocrx_word' id='word_1_727' title='bbox 3017 3057 3209 3126; x_wconf 87' lang='lat' dir='ltr'><strong>.reipsa</strong></span> <span class='ocrx_word' id='word_1_728' title='bbox 3244 3058 3448 3112; x_wconf 89' lang='lat' dir='ltr'><strong>tribuit.</strong></span> <span class='ocrx_word' id='word_1_729' title='bbox 3491 3056 3599 3113; x_wconf 87' lang='lat' dir='ltr'><strong>Sed</strong></span> 
     </span>
    </p>
   </div>
   <div class='ocr_carea' id='block_1_93' title="bbox 1990 3143 3592 3218">
    <p class='ocr_par' dir='ltr' id='par_1_93' title="bbox 1990 3143 3592 3218">
     <span class='ocr_line' id='line_1_93' title="bbox 1990 3143 3592 3218; baseline 0.006 -20"><span class='ocrx_word' id='word_1_730' title='bbox 1990 3143 2185 3200; x_wconf 79' lang='lat' dir='ltr'><strong>dixerit</strong></span> <span class='ocrx_word' id='word_1_731' title='bbox 2219 3146 2357 3202; x_wconf 89' lang='lat' dir='ltr'><strong>forte</strong></span> <span class='ocrx_word' id='word_1_732' title='bbox 2384 3147 2683 3217; x_wconf 87' lang='lat' dir='ltr'><strong>quispiam,</strong></span> <span class='ocrx_word' id='word_1_733' title='bbox 2717 3157 2915 3201; x_wconf 72' lang='lat' dir='ltr'><strong>caetera</strong></span> <span class='ocrx_word' id='word_1_734' title='bbox 2944 3149 3161 3218; x_wconf 88' lang='lat' dir='ltr'><strong>quidem</strong></span> <span class='ocrx_word' id='word_1_735' title='bbox 3213 3151 3408 3206; x_wconf 87' lang='lat' dir='ltr'><strong>rationi</strong></span> <span class='ocrx_word' id='word_1_736' title='bbox 3457 3166 3592 3207; x_wconf 80' lang='lat' dir='ltr'><strong>con-</strong></span> 
     </span>
    </p>
   </div>
   <div class='ocr_carea' id='block_1_94' title="bbox 1990 3237 3600 3308">
    <p class='ocr_par' dir='ltr' id='par_1_94' title="bbox 1990 3237 3600 3308">
     <span class='ocr_line' id='line_1_94' title="bbox 1990 3237 3600 3308; baseline 0.004 -16"><span class='ocrx_word' id='word_1_737' title='bbox 1990 3246 2246 3292; x_wconf 87' lang='lat' dir='ltr'><strong>sentanea</strong></span> <span class='ocrx_word' id='word_1_738' title='bbox 2292 3252 2454 3303; x_wconf 89' lang='lat' dir='ltr'><strong>esse,</strong></span> <span class='ocrx_word' id='word_1_739' title='bbox 2482 3237 2576 3292; x_wconf 88' lang='lat' dir='ltr'><strong>sed</strong></span> <span class='ocrx_word' id='word_1_740' title='bbox 2629 3253 2736 3292; x_wconf 92' lang='lat' dir='ltr'><strong>non</strong></span> <span class='ocrx_word' id='word_1_741' title='bbox 2781 3254 2966 3308; x_wconf 85' lang='lat' dir='ltr'><strong>peram</strong></span> <span class='ocrx_word' id='word_1_742' title='bbox 3012 3239 3176 3294; x_wconf 82' lang='lat' dir='ltr'><strong>invia</strong></span> <span class='ocrx_word' id='word_1_743' title='bbox 3230 3240 3462 3308; x_wconf 88' lang='lat' dir='ltr'><strong>habere,</strong></span> <span class='ocrx_word' id='word_1_744' title='bbox 3491 3259 3600 3298; x_wconf 92' lang='lat' dir='ltr'><strong>non</strong></span> 
     </span>
    </p>
   </div>
   <div class='ocr_carea' id='block_1_95' title="bbox 1991 3327 3602 3403">
    <p class='ocr_par' dir='ltr' id='par_1_95' title="bbox 1991 3327 3602 3403">
     <span class='ocr_line' id='line_1_95' title="bbox 1991 3327 3602 3403; baseline 0.004 -21"><span class='ocrx_word' id='word_1_745' title='bbox 1991 3327 2123 3382; x_wconf 92' lang='lat' dir='ltr'><strong>duas</strong></span> <span class='ocrx_word' id='word_1_746' title='bbox 2151 3328 2378 3392; x_wconf 87' lang='lat' dir='ltr'><strong>tunicas,</strong></span> <span class='ocrx_word' id='word_1_747' title='bbox 2410 3343 2516 3382; x_wconf 91' lang='lat' dir='ltr'><strong>non</strong></span> <span class='ocrx_word' id='word_1_748' title='bbox 2545 3329 2770 3398; x_wconf 85' lang='lat' dir='ltr'><strong>virgam,</strong></span> <span class='ocrx_word' id='word_1_749' title='bbox 2803 3345 2908 3384; x_wconf 92' lang='lat' dir='ltr'><strong>non</strong></span> <span class='ocrx_word' id='word_1_750' title='bbox 2934 3330 3297 3386; x_wconf 71' lang='lat' dir='ltr'><strong>calceamenta</strong></span> <span class='ocrx_word' id='word_1_751' title='bbox 3327 3348 3428 3388; x_wconf 89' lang='lat' dir='ltr'><strong>cur</strong></span> <span class='ocrx_word' id='word_1_752' title='bbox 3458 3349 3602 3403; x_wconf 60' lang='lat' dir='ltr'><strong>prce.</strong></span> 
     </span>
    </p>
   </div>
   <div class='ocr_carea' id='block_1_96' title="bbox 1991 3419 3602 3490">
    <p class='ocr_par' dir='ltr' id='par_1_96' title="bbox 1991 3419 3602 3490">
     <span class='ocr_line' id='line_1_96' title="bbox 1991 3419 3602 3490; baseline 0.005 -15"><span class='ocrx_word' id='word_1_753' title='bbox 1991 3420 2176 3490; x_wconf 82' lang='lat' dir='ltr'><strong>cepit?</strong></span> <span class='ocrx_word' id='word_1_754' title='bbox 2215 3419 2284 3476; x_wconf 84' lang='lat' dir='ltr'><strong>Ut</strong></span> <span class='ocrx_word' id='word_1_755' title='bbox 2314 3419 2434 3475; x_wconf 86' lang='lat' dir='ltr'><strong>illos</strong></span> <span class='ocrx_word' id='word_1_756' title='bbox 2464 3419 2532 3475; x_wconf 85' lang='lat' dir='ltr'><strong>ad</strong></span> <span class='ocrx_word' id='word_1_757' title='bbox 2566 3432 2876 3476; x_wconf 87' lang='lat' dir='ltr'><strong>accuratam</strong></span> <span class='ocrx_word' id='word_1_758' title='bbox 2926 3423 3048 3478; x_wconf 76' lang='lat' dir='ltr'><strong>vita:</strong></span> <span class='ocrx_word' id='word_1_759' title='bbox 3089 3427 3351 3480; x_wconf 89' lang='lat' dir='ltr'><strong>rationem</strong></span> <span class='ocrx_word' id='word_1_760' title='bbox 3377 3427 3602 3483; x_wconf 90' lang='lat' dir='ltr'><strong>omnino</strong></span> 
     </span>
    </p>
   </div>
   <div class='ocr_carea' id='block_1_97' title="bbox 1991 3513 3599 3591">
    <p class='ocr_par' dir='ltr' id='par_1_97' title="bbox 1991 3513 3599 3591">
     <span class='ocr_line' id='line_1_97' title="bbox 1991 3513 3599 3591; baseline 0.004 -24"><span class='ocrx_word' id='word_1_761' title='bbox 1991 3522 2276 3568; x_wconf 87' lang='lat' dir='ltr'><strong>exerceret</strong></span> <span class='ocrx_word' id='word_1_762' title='bbox 2304 3530 2317 3566; x_wconf 92' lang='lat'><strong>:</strong></span> <span class='ocrx_word' id='word_1_763' title='bbox 2352 3513 2616 3583; x_wconf 86' lang='lat' dir='ltr'><strong>siquidem</strong></span> <span class='ocrx_word' id='word_1_764' title='bbox 2643 3516 2892 3583; x_wconf 80' lang='lat' dir='ltr'><strong>superius</strong></span> <span class='ocrx_word' id='word_1_765' title='bbox 2919 3530 2986 3570; x_wconf 92' lang='lat' dir='ltr'><strong>ne</strong></span> <span class='ocrx_word' id='word_1_766' title='bbox 3011 3515 3080 3572; x_wconf 91' lang='lat' dir='ltr'><strong>de</strong></span> <span class='ocrx_word' id='word_1_767' title='bbox 3106 3519 3349 3591; x_wconf 79' lang='lat' dir='ltr'><strong>sequenti</strong></span> <span class='ocrx_word' id='word_1_768' title='bbox 3379 3518 3599 3589; x_wconf 85' lang='lat' dir='ltr'><strong>quidem</strong></span> 
     </span>
    </p>
   </div>
   <div class='ocr_carea' id='block_1_98' title="bbox 1991 3602 3599 3674">
    <p class='ocr_par' dir='ltr' id='par_1_98' title="bbox 1991 3602 3599 3674">
     <span class='ocr_line' id='line_1_98' title="bbox 1991 3602 3599 3674; baseline 0.003 -17"><span class='ocrx_word' id='word_1_769' title='bbox 1991 3602 2082 3659; x_wconf 87' lang='lat' dir='ltr'><strong>die</strong></span> <span class='ocrx_word' id='word_1_770' title='bbox 2105 3619 2294 3658; x_wconf 86' lang='lat' dir='ltr'><strong>curare</strong></span> <span class='ocrx_word' id='word_1_771' title='bbox 2323 3603 2588 3674; x_wconf 89' lang='lat' dir='ltr'><strong>permisit.</strong></span> <span class='ocrx_word' id='word_1_772' title='bbox 2612 3603 2744 3658; x_wconf 89' lang='lat' dir='ltr'><strong>Nam</strong></span> <span class='ocrx_word' id='word_1_773' title='bbox 2767 3605 2884 3660; x_wconf 89' lang='lat' dir='ltr'><strong>orbi</strong></span> <span class='ocrx_word' id='word_1_774' title='bbox 2906 3606 3155 3663; x_wconf 84' lang='lat' dir='ltr'><strong>doctores</strong></span> <span class='ocrx_word' id='word_1_775' title='bbox 3178 3608 3439 3662; x_wconf 66' lang='lat' dir='ltr'><strong>missurus</strong></span> <span class='ocrx_word' id='word_1_776' title='bbox 3461 3619 3599 3671; x_wconf 88' lang='lat' dir='ltr'><strong>erat,</strong></span> 
     </span>
    </p>
   </div>
   <div class='ocr_carea' id='block_1_99' title="bbox 1995 3697 3598 3769">
    <p class='ocr_par' dir='ltr' id='par_1_99' title="bbox 1995 3697 3598 3769">
     <span class='ocr_line' id='line_1_99' title="bbox 1995 3697 3598 3769; baseline 0.001 -17"><span class='ocrx_word' id='word_1_777' title='bbox 1995 3697 2226 3767; x_wconf 82' lang='lat' dir='ltr'><strong>ideoque</strong></span> <span class='ocrx_word' id='word_1_778' title='bbox 2251 3713 2315 3752; x_wconf 90' lang='lat' dir='ltr'><strong>ex</strong></span> <span class='ocrx_word' id='word_1_779' title='bbox 2345 3697 2655 3752; x_wconf 89' lang='lat' dir='ltr'><strong>hominibus</strong></span> <span class='ocrx_word' id='word_1_780' title='bbox 2682 3699 2902 3767; x_wconf 79' lang='lat' dir='ltr'><strong>angelos</strong></span> <span class='ocrx_word' id='word_1_781' title='bbox 2923 3740 2942 3766; x_wconf 92' lang='lat'><strong>,</strong></span> <span class='ocrx_word' id='word_1_782' title='bbox 2976 3707 3033 3753; x_wconf 90' lang='lat' dir='ltr'><strong>ut</strong></span> <span class='ocrx_word' id='word_1_783' title='bbox 3061 3701 3132 3754; x_wconf 82' lang='lat' dir='ltr'><strong>ita</strong></span> <span class='ocrx_word' id='word_1_784' title='bbox 3163 3699 3339 3755; x_wconf 90' lang='lat' dir='ltr'><strong>dicam</strong></span> <span class='ocrx_word' id='word_1_785' title='bbox 3364 3743 3380 3766; x_wconf 92' lang='lat'><strong>,</strong></span> <span class='ocrx_word' id='word_1_786' title='bbox 3413 3700 3598 3769; x_wconf 79' lang='lat' dir='ltr'><strong>efficit,</strong></span> 
     </span>
    </p>
   </div>
   <div class='ocr_carea' id='block_1_100' title="bbox 1995 3787 3605 3851">
    <p class='ocr_par' dir='ltr' id='par_1_100' title="bbox 1995 3787 3605 3851">
     <span class='ocr_line' id='line_1_100' title="bbox 1995 3787 3605 3851; baseline 0.004 -9"><span class='ocrx_word' id='word_1_787' title='bbox 1995 3787 2062 3842; x_wconf 88' lang='lat' dir='ltr'><strong>ab</strong></span> <span class='ocrx_word' id='word_1_788' title='bbox 2078 3789 2225 3843; x_wconf 89' lang='lat' dir='ltr'><strong>omni</strong></span> <span class='ocrx_word' id='word_1_789' title='bbox 2243 3789 2365 3844; x_wconf 78' lang='lat' dir='ltr'><strong>vita:</strong></span> <span class='ocrx_word' id='word_1_790' title='bbox 2381 3803 2509 3843; x_wconf 90' lang='lat' dir='ltr'><strong>cura</strong></span> <span class='ocrx_word' id='word_1_791' title='bbox 2530 3789 2763 3851; x_wconf 86' lang='lat' dir='ltr'><strong>solvens.</strong></span> <span class='ocrx_word' id='word_1_792' title='bbox 2786 3799 2842 3843; x_wconf 92' lang='lat' dir='ltr'><strong>ut</strong></span> <span class='ocrx_word' id='word_1_793' title='bbox 2867 3806 3025 3843; x_wconf 88' lang='lat' dir='ltr'><strong>unam</strong></span> <span class='ocrx_word' id='word_1_794' title='bbox 3047 3791 3118 3844; x_wconf 92' lang='lat' dir='ltr'><strong>illi</strong></span> <span class='ocrx_word' id='word_1_795' title='bbox 3137 3791 3436 3846; x_wconf 88' lang='lat' dir='ltr'><strong>doctrinam</strong></span> <span class='ocrx_word' id='word_1_796' title='bbox 3459 3808 3605 3848; x_wconf 62' lang='lat' dir='ltr'><strong>curae</strong></span> 
     </span>
    </p>
   </div>
   <div class='ocr_carea' id='block_1_101' title="bbox 1996 3879 3606 3958">
    <p class='ocr_par' dir='ltr' id='par_1_101' title="bbox 1996 3879 3606 3958">
     <span class='ocr_line' id='line_1_101' title="bbox 1996 3879 3606 3958; baseline 0.004 -26"><span class='ocrx_word' id='word_1_797' title='bbox 1996 3889 2151 3958; x_wconf 84' lang='lat' dir='ltr'><strong>rent:</strong></span> <span class='ocrx_word' id='word_1_798' title='bbox 2185 3879 2292 3933; x_wconf 90' lang='lat' dir='ltr'><strong>imo</strong></span> <span class='ocrx_word' id='word_1_799' title='bbox 2320 3888 2373 3933; x_wconf 91' lang='lat' dir='ltr'><strong>et</strong></span> <span class='ocrx_word' id='word_1_800' title='bbox 2420 3880 2521 3933; x_wconf 87' lang='lat' dir='ltr'><strong>hac</strong></span> <span class='ocrx_word' id='word_1_801' title='bbox 2565 3879 2685 3933; x_wconf 89' lang='lat' dir='ltr'><strong>illos</strong></span> <span class='ocrx_word' id='word_1_802' title='bbox 2725 3894 2854 3932; x_wconf 89' lang='lat' dir='ltr'><strong>cura</strong></span> <span class='ocrx_word' id='word_1_803' title='bbox 2906 3880 3135 3945; x_wconf 88' lang='lat' dir='ltr'><strong>liberat,</strong></span> <span class='ocrx_word' id='word_1_804' title='bbox 3174 3881 3360 3936; x_wconf 89' lang='lat' dir='ltr'><strong>dicens</strong></span> <span class='ocrx_word' id='word_1_805' title='bbox 3388 3901 3401 3936; x_wconf 92' lang='lat'><strong>:</strong></span> <span class='ocrx_word' id='word_1_806' title='bbox 3429 3881 3606 3940; x_wconf 73' lang='lat' dir='ltr'><strong>Nolite</strong></span> 
     </span>
    </p>
   </div>
   <div class='ocr_carea' id='block_1_102' title="bbox 1997 3968 3602 4046">
    <p class='ocr_par' dir='ltr' id='par_1_102' title="bbox 1997 3968 3602 4046">
     <span class='ocr_line' id='line_1_102' title="bbox 1997 3968 3602 4046; baseline 0.005 -23"><span class='ocrx_word' id='word_1_807' title='bbox 1997 3971 2215 4040; x_wconf 84' lang='lat' dir='ltr'><strong>cogitare</strong></span> <span class='ocrx_word' id='word_1_808' title='bbox 2239 3971 2491 4038; x_wconf 86' lang='lat' dir='ltr'><strong>quomodo</strong></span> <span class='ocrx_word' id='word_1_809' title='bbox 2521 3980 2609 4022; x_wconf 84' lang='lat' dir='ltr'><strong>aut</strong></span> <span class='ocrx_word' id='word_1_810' title='bbox 2653 3969 2778 4041; x_wconf 77' lang='lat' dir='ltr'><strong>quid</strong></span> <span class='ocrx_word' id='word_1_811' title='bbox 2815 3968 3096 4039; x_wconf 75' lang='lat' dir='ltr'><strong>loquamini</strong></span> <span class='ocrx_word' id='word_1_812' title='bbox 3128 3970 3343 4040; x_wconf 74' lang='lat' dir='ltr'><strong>(Matth.</strong></span> <span class='ocrx_word' id='word_1_813' title='bbox 3366 3973 3454 4029; x_wconf 76' lang='grc'><strong>10.</strong></span> <span class='ocrx_word' id='word_1_814' title='bbox 3488 3975 3602 4046; x_wconf 74' lang='grc'><strong>19).</strong></span> 
     </span>
    </p>
   </div>
   <div class='ocr_carea' id='block_1_103' title="bbox 2000 4060 3606 4133">
    <p class='ocr_par' dir='ltr' id='par_1_103' title="bbox 2000 4060 3606 4133">
     <span class='ocr_line' id='line_1_103' title="bbox 2000 4060 3606 4133; baseline 0.004 -19"><span class='ocrx_word' id='word_1_815' title='bbox 2000 4060 2074 4114; x_wconf 91' lang='lat' dir='ltr'><strong>lta</strong></span> <span class='ocrx_word' id='word_1_816' title='bbox 2102 4070 2158 4114; x_wconf 93' lang='lat' dir='ltr'><strong>ut</strong></span> <span class='ocrx_word' id='word_1_817' title='bbox 2188 4060 2330 4130; x_wconf 88' lang='lat' dir='ltr'><strong>quod</strong></span> <span class='ocrx_word' id='word_1_818' title='bbox 2362 4061 2574 4115; x_wconf 86' lang='lat' dir='ltr'><strong>videtur</strong></span> <span class='ocrx_word' id='word_1_819' title='bbox 2599 4061 2795 4114; x_wconf 91' lang='lat' dir='ltr'><strong>durum</strong></span> <span class='ocrx_word' id='word_1_820' title='bbox 2822 4076 3224 4133; x_wconf 64' lang='lat' dir='ltr'><strong>onero-sumque</strong></span> <span class='ocrx_word' id='word_1_821' title='bbox 3251 4078 3393 4127; x_wconf 86' lang='lat' dir='ltr'><strong>esse,</strong></span> <span class='ocrx_word' id='word_1_822' title='bbox 3418 4064 3467 4118; x_wconf 91' lang='lat' dir='ltr'><strong>id</strong></span> <span class='ocrx_word' id='word_1_823' title='bbox 3498 4065 3606 4121; x_wconf 87' lang='lat' dir='ltr'><strong>illis</strong></span> 
     </span>
    </p>
   </div>
   <div class='ocr_carea' id='block_1_104' title="bbox 1999 4152 3605 4223">
    <p class='ocr_par' dir='ltr' id='par_1_104' title="bbox 1999 4152 3605 4223">
     <span class='ocr_line' id='line_1_104' title="bbox 1999 4152 3605 4223; baseline 0.001 -15"><span class='ocrx_word' id='word_1_824' title='bbox 1999 4153 2154 4208; x_wconf 86' lang='lat' dir='ltr'><strong>facile</strong></span> <span class='ocrx_word' id='word_1_825' title='bbox 2196 4153 2615 4223; x_wconf 87' lang='lat' dir='ltr'><strong>expeditumque</strong></span> <span class='ocrx_word' id='word_1_826' title='bbox 2661 4153 2750 4207; x_wconf 87' lang='lat' dir='ltr'><strong>sit.</strong></span> <span class='ocrx_word' id='word_1_827' title='bbox 2797 4152 2938 4207; x_wconf 88' lang='lat' dir='ltr'><strong>Nihil</strong></span> <span class='ocrx_word' id='word_1_828' title='bbox 2971 4155 3114 4208; x_wconf 87' lang='lat' dir='ltr'><strong>enim</strong></span> <span class='ocrx_word' id='word_1_829' title='bbox 3165 4154 3605 4223; x_wconf 83' lang='lat' dir='ltr'><strong>tranquillitatem</strong></span> 
     </span>
    </p>
   </div>
   <div class='ocr_carea' id='block_1_105' title="bbox 1998 4244 3612 4315">
    <p class='ocr_par' dir='ltr' id='par_1_105' title="bbox 1998 4244 3612 4315">
     <span class='ocr_line' id='line_1_105' title="bbox 1998 4244 3612 4315; baseline 0.002 -14"><span class='ocrx_word' id='word_1_830' title='bbox 1998 4245 2164 4301; x_wconf 87' lang='lat' dir='ltr'><strong>animi</strong></span> <span class='ocrx_word' id='word_1_831' title='bbox 2211 4246 2378 4315; x_wconf 75' lang='lat' dir='ltr'><strong>magis</strong></span> <span class='ocrx_word' id='word_1_832' title='bbox 2420 4246 2598 4314; x_wconf 77' lang='lat' dir='ltr'><strong>parit,</strong></span> <span class='ocrx_word' id='word_1_833' title='bbox 2632 4259 2794 4314; x_wconf 89' lang='lat' dir='ltr'><strong>quam</strong></span> <span class='ocrx_word' id='word_1_834' title='bbox 2839 4259 2871 4298; x_wconf 88' lang='lat' dir='ltr'><strong>a</strong></span> <span class='ocrx_word' id='word_1_835' title='bbox 2917 4259 3044 4300; x_wconf 89' lang='lat' dir='ltr'><strong>cura</strong></span> <span class='ocrx_word' id='word_1_836' title='bbox 3092 4244 3344 4313; x_wconf 86' lang='lat' dir='ltr'><strong>liberari;</strong></span> <span class='ocrx_word' id='word_1_837' title='bbox 3376 4248 3612 4305; x_wconf 82' lang='lat' dir='ltr'><strong>maxime</strong></span> 
     </span>
    </p>
   </div>
   <div class='ocr_carea' id='block_1_106' title="bbox 1998 4336 3610 4408">
    <p class='ocr_par' dir='ltr' id='par_1_106' title="bbox 1998 4336 3610 4408">
     <span class='ocr_line' id='line_1_106' title="bbox 1998 4336 3610 4408; baseline 0 -14"><span class='ocrx_word' id='word_1_838' title='bbox 1998 4356 2120 4394; x_wconf 89' lang='lat' dir='ltr'><strong>cum</strong></span> <span class='ocrx_word' id='word_1_839' title='bbox 2145 4338 2244 4394; x_wconf 90' lang='lat' dir='ltr'><strong>hac</strong></span> <span class='ocrx_word' id='word_1_840' title='bbox 2267 4339 2498 4404; x_wconf 82' lang='lat' dir='ltr'><strong>liberati,</strong></span> <span class='ocrx_word' id='word_1_841' title='bbox 2522 4346 2743 4407; x_wconf 86' lang='lat' dir='ltr'><strong>possent</strong></span> <span class='ocrx_word' id='word_1_842' title='bbox 2763 4337 2912 4392; x_wconf 92' lang='lat' dir='ltr'><strong>nullo</strong></span> <span class='ocrx_word' id='word_1_843' title='bbox 2932 4352 3068 4406; x_wconf 70' lang='lat' dir='ltr'><strong>opus</strong></span> <span class='ocrx_word' id='word_1_844' title='bbox 3093 4336 3311 4405; x_wconf 90' lang='lat' dir='ltr'><strong>habere,</strong></span> <span class='ocrx_word' id='word_1_845' title='bbox 3337 4337 3451 4394; x_wconf 89' lang='lat' dir='ltr'><strong>Dco</strong></span> <span class='ocrx_word' id='word_1_846' title='bbox 3472 4353 3610 4408; x_wconf 72' lang='lat' dir='ltr'><strong>pra:-</strong></span> 
     </span>
    </p>
   </div>
   <div class='ocr_carea' id='block_1_107' title="bbox 2001 4428 3612 4500">
    <p class='ocr_par' dir='ltr' id='par_1_107' title="bbox 2001 4428 3612 4500">
     <span class='ocr_line' id='line_1_107' title="bbox 2001 4428 3612 4500; baseline -0.001 -13"><span class='ocrx_word' id='word_1_847' title='bbox 2001 4441 2155 4487; x_wconf 89' lang='lat' dir='ltr'><strong>sente</strong></span> <span class='ocrx_word' id='word_1_848' title='bbox 2179 4473 2194 4497; x_wconf 92' lang='lat'><strong>,</strong></span> <span class='ocrx_word' id='word_1_849' title='bbox 2227 4429 2316 4500; x_wconf 89' lang='lat' dir='ltr'><strong>qui</strong></span> <span class='ocrx_word' id='word_1_850' title='bbox 2348 4431 2588 4483; x_wconf 88' lang='lat' dir='ltr'><strong>omnium</strong></span> <span class='ocrx_word' id='word_1_851' title='bbox 2616 4429 2732 4482; x_wconf 85' lang='lat' dir='ltr'><strong>vice</strong></span> <span class='ocrx_word' id='word_1_852' title='bbox 2770 4428 2900 4498; x_wconf 90' lang='lat' dir='ltr'><strong>ipsis</strong></span> <span class='ocrx_word' id='word_1_853' title='bbox 2927 4443 3048 4483; x_wconf 85' lang='lat' dir='ltr'><strong>esse</strong></span> <span class='ocrx_word' id='word_1_854' title='bbox 3089 4430 3280 4497; x_wconf 89' lang='lat' dir='ltr'><strong>possit.</strong></span> <span class='ocrx_word' id='word_1_855' title='bbox 3312 4428 3515 4484; x_wconf 84' lang='lat' dir='ltr'><strong>Deinde</strong></span> <span class='ocrx_word' id='word_1_856' title='bbox 3542 4445 3612 4486; x_wconf 89' lang='lat' dir='ltr'><strong>ne</strong></span> 
     </span>
    </p>
   </div>
   <div class='ocr_carea' id='block_1_108' title="bbox 2003 4518 3615 4590">
    <p class='ocr_par' dir='ltr' id='par_1_108' title="bbox 2003 4518 3615 4590">
     <span class='ocr_line' id='line_1_108' title="bbox 2003 4518 3615 4590; baseline -0.001 -13"><span class='ocrx_word' id='word_1_857' title='bbox 2003 4522 2216 4584; x_wconf 77' lang='lat' dir='ltr'><strong>dicant,</strong></span> <span class='ocrx_word' id='word_1_858' title='bbox 2253 4519 2404 4576; x_wconf 87' lang='lat' dir='ltr'><strong>Unde</strong></span> <span class='ocrx_word' id='word_1_859' title='bbox 2434 4535 2564 4590; x_wconf 89' lang='lat' dir='ltr'><strong>ergo</strong></span> <span class='ocrx_word' id='word_1_860' title='bbox 2595 4520 2907 4575; x_wconf 86' lang='lat' dir='ltr'><strong>necessario</strong></span> <span class='ocrx_word' id='word_1_861' title='bbox 2937 4518 3062 4574; x_wconf 90' lang='lat' dir='ltr'><strong>cibo</strong></span> <span class='ocrx_word' id='word_1_862' title='bbox 3091 4519 3370 4574; x_wconf 82' lang='lat' dir='ltr'><strong>fruemur?</strong></span> <span class='ocrx_word' id='word_1_863' title='bbox 3401 4536 3509 4576; x_wconf 90' lang='lat' dir='ltr'><strong>non</strong></span> <span class='ocrx_word' id='word_1_864' title='bbox 3529 4520 3615 4576; x_wconf 91' lang='lat' dir='ltr'><strong>di-</strong></span> 
     </span>
    </p>
   </div>
   <div class='ocr_carea' id='block_1_109' title="bbox 2001 4611 3612 4682">
    <p class='ocr_par' dir='ltr' id='par_1_109' title="bbox 2001 4611 3612 4682">
     <span class='ocr_line' id='line_1_109' title="bbox 2001 4611 3612 4682; baseline -0.001 -13"><span class='ocrx_word' id='word_1_865' title='bbox 2001 4615 2074 4669; x_wconf 92' lang='lat' dir='ltr'><strong>cit</strong></span> <span class='ocrx_word' id='word_1_866' title='bbox 2103 4615 2210 4668; x_wconf 83' lang='lat' dir='ltr'><strong>illts</strong></span> <span class='ocrx_word' id='word_1_867' title='bbox 2241 4630 2254 4666; x_wconf 90' lang='lat'><strong>:</strong></span> <span class='ocrx_word' id='word_1_868' title='bbox 2280 4613 2518 4667; x_wconf 78' lang='lat' dir='ltr'><strong>Audistis</strong></span> <span class='ocrx_word' id='word_1_869' title='bbox 2546 4613 2668 4678; x_wconf 90' lang='lat' dir='ltr'><strong>quia</strong></span> <span class='ocrx_word' id='word_1_870' title='bbox 2689 4611 2800 4666; x_wconf 90' lang='lat' dir='ltr'><strong>dixi</strong></span> <span class='ocrx_word' id='word_1_871' title='bbox 2828 4611 2982 4666; x_wconf 87' lang='lat' dir='ltr'><strong>vobis</strong></span> <span class='ocrx_word' id='word_1_872' title='bbox 3013 4611 3159 4682; x_wconf 87' lang='lat' dir='ltr'><strong>prius</strong></span> <span class='ocrx_word' id='word_1_873' title='bbox 3189 4628 3205 4667; x_wconf 86' lang='lat'><strong>:</strong></span> <span class='ocrx_word' id='word_1_874' title='bbox 3239 4611 3494 4682; x_wconf 77' lang='lat' dir='ltr'><strong>Respicite</strong></span> <span class='ocrx_word' id='word_1_875' title='bbox 3521 4632 3612 4669; x_wconf 75' lang='lat' dir='ltr'><strong>vo-</strong></span> 
     </span>
    </p>
   </div>
   <div class='ocr_carea' id='block_1_110' title="bbox 2005 4694 3616 4777">
    <p class='ocr_par' dir='ltr' id='par_1_110' title="bbox 2005 4694 3616 4777">
     <span class='ocr_line' id='line_1_110' title="bbox 2005 4694 3616 4777; baseline -0.001 -14"><span class='ocrx_word' id='word_1_876' title='bbox 2005 4710 2166 4764; x_wconf 80' lang='lat' dir='ltr'><strong>latitia</strong></span> <span class='ocrx_word' id='word_1_877' title='bbox 2193 4700 2304 4761; x_wconf 73' lang='grc' dir='ltr'><strong>οωιί</strong></span> <span class='ocrx_word' id='word_1_878' title='bbox 2329 4705 2543 4774; x_wconf 75' lang='lat' dir='ltr'><strong>(Matth.</strong></span> <span class='ocrx_word' id='word_1_879' title='bbox 2573 4705 2624 4760; x_wconf 86' lang='lat'><strong>6.</strong></span> <span class='ocrx_word' id='word_1_880' title='bbox 2651 4705 2744 4775; x_wconf 74' lang='lat'><strong>26)</strong></span> <span class='ocrx_word' id='word_1_881' title='bbox 2799 4694 3037 4761; x_wconf 86' lang='lat' dir='ltr'><strong>nondum</strong></span> <span class='ocrx_word' id='word_1_882' title='bbox 3059 4707 3202 4761; x_wconf 90' lang='lat' dir='ltr'><strong>enim</strong></span> <span class='ocrx_word' id='word_1_883' title='bbox 3233 4715 3479 4777; x_wconf 82' lang='lat' dir='ltr'><strong>poterant</strong></span> <span class='ocrx_word' id='word_1_884' title='bbox 3510 4709 3616 4763; x_wconf 87' lang='lat' dir='ltr'><strong>tale</strong></span> 
     </span>
    </p>
   </div>
   <div class='ocr_carea' id='block_1_111' title="bbox 2006 4797 3615 4872">
    <p class='ocr_par' dir='ltr' id='par_1_111' title="bbox 2006 4797 3615 4872">
     <span class='ocr_line' id='line_1_111' title="bbox 2006 4797 3615 4872; baseline 0.001 -16"><span class='ocrx_word' id='word_1_885' title='bbox 2006 4810 2331 4872; x_wconf 73' lang='lat' dir='ltr'><strong>praeceptum</strong></span> <span class='ocrx_word' id='word_1_886' title='bbox 2363 4799 2621 4868; x_wconf 88' lang='lat' dir='ltr'><strong>operibus</strong></span> <span class='ocrx_word' id='word_1_887' title='bbox 2648 4797 2942 4866; x_wconf 84' lang='lat' dir='ltr'><strong>exhibere,</strong></span> <span class='ocrx_word' id='word_1_888' title='bbox 2989 4799 3083 4854; x_wconf 87' lang='lat' dir='ltr'><strong>sed</strong></span> <span class='ocrx_word' id='word_1_889' title='bbox 3117 4799 3218 4854; x_wconf 90' lang='lat' dir='ltr'><strong>hoc</strong></span> <span class='ocrx_word' id='word_1_890' title='bbox 3250 4801 3406 4870; x_wconf 86' lang='lat' dir='ltr'><strong>longe</strong></span> <span class='ocrx_word' id='word_1_891' title='bbox 3434 4800 3615 4857; x_wconf 87' lang='lat' dir='ltr'><strong>minus</strong></span> 
     </span>
    </p>
   </div>
   <div class='ocr_carea' id='block_1_112' title="bbox 2010 4892 3617 4964">
    <p class='ocr_par' dir='ltr' id='par_1_112' title="bbox 2010 4892 3617 4964">
     <span class='ocr_line' id='line_1_112' title="bbox 2010 4892 3617 4964; baseline 0 -16"><span class='ocrx_word' id='word_1_892' title='bbox 2010 4894 2215 4950; x_wconf 78' lang='lat' dir='ltr'><strong>induxit</strong></span> <span class='ocrx_word' id='word_1_893' title='bbox 2261 4911 2274 4946; x_wconf 95' lang='lat'><strong>:</strong></span> <span class='ocrx_word' id='word_1_894' title='bbox 2324 4892 2523 4963; x_wconf 80' lang='lat' dir='ltr'><strong>Dignus</strong></span> <span class='ocrx_word' id='word_1_895' title='bbox 2562 4903 2636 4947; x_wconf 84' lang='lat' dir='ltr'><strong>est</strong></span> <span class='ocrx_word' id='word_1_896' title='bbox 2684 4894 2952 4964; x_wconf 78' lang='lat' dir='ltr'><strong>operarius</strong></span> <span class='ocrx_word' id='word_1_897' title='bbox 2998 4892 3112 4947; x_wconf 82' lang='lat' dir='ltr'><strong>cibo</strong></span> <span class='ocrx_word' id='word_1_898' title='bbox 3152 4909 3247 4947; x_wconf 84' lang='lat' dir='ltr'><strong>suo</strong></span> <span class='ocrx_word' id='word_1_899' title='bbox 3283 4911 3301 4948; x_wconf 91' lang='lat'><strong>:</strong></span> <span class='ocrx_word' id='word_1_900' title='bbox 3332 4893 3617 4948; x_wconf 83' lang='lat' dir='ltr'><strong>declarans</strong></span> 
     </span>
    </p>
   </div>
   <div class='ocr_carea' id='block_1_113' title="bbox 2010 4987 3616 5058">
    <p class='ocr_par' dir='ltr' id='par_1_113' title="bbox 2010 4987 3616 5058">
     <span class='ocr_line' id='line_1_113' title="bbox 2010 4987 3616 5058; baseline -0.001 -15"><span class='ocrx_word' id='word_1_901' title='bbox 2010 4988 2155 5058; x_wconf 80' lang='lat' dir='ltr'><strong>ipsos</strong></span> <span class='ocrx_word' id='word_1_902' title='bbox 2183 5002 2211 5040; x_wconf 91' lang='lat' dir='ltr'><strong>a</strong></span> <span class='ocrx_word' id='word_1_903' title='bbox 2245 4987 2523 5057; x_wconf 86' lang='lat' dir='ltr'><strong>discipulis</strong></span> <span class='ocrx_word' id='word_1_904' title='bbox 2548 5001 2670 5042; x_wconf 89' lang='lat' dir='ltr'><strong>esse</strong></span> <span class='ocrx_word' id='word_1_905' title='bbox 2718 4987 2943 5042; x_wconf 78' lang='lat' dir='ltr'><strong>alendus</strong></span> <span class='ocrx_word' id='word_1_906' title='bbox 2964 5028 2977 5051; x_wconf 92' lang='lat'><strong>,</strong></span> <span class='ocrx_word' id='word_1_907' title='bbox 3011 4996 3068 5041; x_wconf 91' lang='lat' dir='ltr'><strong>ut</strong></span> <span class='ocrx_word' id='word_1_908' title='bbox 3114 5002 3182 5042; x_wconf 91' lang='lat' dir='ltr'><strong>ne</strong></span> <span class='ocrx_word' id='word_1_909' title='bbox 3213 4987 3309 5056; x_wconf 88' lang='lat' dir='ltr'><strong>ipsi</strong></span> <span class='ocrx_word' id='word_1_910' title='bbox 3350 4987 3616 5042; x_wconf 72' lang='lat' dir='ltr'><strong>adversus</strong></span> 
     </span>
    </p>
   </div>
   <div class='ocr_carea' id='block_1_114' title="bbox 2009 5077 3614 5149">
    <p class='ocr_par' dir='ltr' id='par_1_114' title="bbox 2009 5077 3614 5149">
     <span class='ocr_line' id='line_1_114' title="bbox 2009 5077 3614 5149; baseline -0.004 -14"><span class='ocrx_word' id='word_1_911' title='bbox 2009 5077 2301 5148; x_wconf 89' lang='lat' dir='ltr'><strong>discipulos</strong></span> <span class='ocrx_word' id='word_1_912' title='bbox 2343 5079 2507 5132; x_wconf 90' lang='lat' dir='ltr'><strong>altum</strong></span> <span class='ocrx_word' id='word_1_913' title='bbox 2536 5087 2826 5146; x_wconf 85' lang='lat' dir='ltr'><strong>saperent,</strong></span> <span class='ocrx_word' id='word_1_914' title='bbox 2867 5079 3021 5149; x_wconf 82' lang='lat' dir='ltr'><strong>quasi</strong></span> <span class='ocrx_word' id='word_1_915' title='bbox 3065 5078 3244 5132; x_wconf 89' lang='lat' dir='ltr'><strong>omnia</strong></span> <span class='ocrx_word' id='word_1_916' title='bbox 3276 5078 3614 5147; x_wconf 65' lang='lat' dir='ltr'><strong>prmbentcs,</strong></span> 
     </span>
    </p>
   </div>
   <div class='ocr_carea' id='block_1_115' title="bbox 2013 5157 3612 5241">
    <p class='ocr_par' dir='ltr' id='par_1_115' title="bbox 2013 5157 3612 5241">
     <span class='ocr_line' id='line_1_115' title="bbox 2013 5157 3612 5241; baseline -0.001 -15"><span class='ocrx_word' id='word_1_917' title='bbox 2013 5171 2250 5241; x_wconf 86' lang='lat' dir='ltr'><strong>nihilque</strong></span> <span class='ocrx_word' id='word_1_918' title='bbox 2287 5170 2619 5240; x_wconf 89' lang='lat' dir='ltr'><strong>accipientes</strong></span> <span class='ocrx_word' id='word_1_919' title='bbox 2648 5169 2715 5225; x_wconf 89' lang='lat' dir='ltr'><strong>ab</strong></span> <span class='ocrx_word' id='word_1_920' title='bbox 2745 5170 2883 5237; x_wconf 88' lang='lat' dir='ltr'><strong>illis;</strong></span> <span class='ocrx_word' id='word_1_921' title='bbox 2915 5157 3090 5241; x_wconf 82' lang='lat' dir='ltr'><strong>ncqtte</strong></span> <span class='ocrx_word' id='word_1_922' title='bbox 3139 5168 3389 5240; x_wconf 88' lang='lat' dir='ltr'><strong>discipuli</strong></span> <span class='ocrx_word' id='word_1_923' title='bbox 3431 5169 3612 5224; x_wconf 78' lang='lat' dir='ltr'><strong>disce-</strong></span> 
     </span>
    </p>
   </div>
   <div class='ocr_carea' id='block_1_116' title="bbox 2011 5262 2715 5333">
    <p class='ocr_par' dir='ltr' id='par_1_116' title="bbox 2011 5262 2715 5333">
     <span class='ocr_line' id='line_1_116' title="bbox 2011 5262 2715 5333; baseline -0.006 -14"><span class='ocrx_word' id='word_1_924' title='bbox 2011 5265 2198 5319; x_wconf 80' lang='lat' dir='ltr'><strong>det-ent</strong></span> <span class='ocrx_word' id='word_1_925' title='bbox 2223 5264 2291 5319; x_wconf 91' lang='lat' dir='ltr'><strong>ab</strong></span> <span class='ocrx_word' id='word_1_926' title='bbox 2323 5265 2425 5318; x_wconf 87' lang='lat' dir='ltr'><strong>illis</strong></span> <span class='ocrx_word' id='word_1_927' title='bbox 2453 5262 2715 5333; x_wconf 89' lang='lat' dir='ltr'><strong>despecti.</strong></span> 
     </span>
    </p>
   </div>
   <div class='ocr_carea' id='block_1_117' title="bbox 2082 5355 3610 5426">
    <p class='ocr_par' dir='ltr' id='par_1_117' title="bbox 2082 5355 3610 5426">
     <span class='ocr_line' id='line_1_117' title="bbox 2082 5355 3610 5426; baseline -0.005 -12"><span class='ocrx_word' id='word_1_928' title='bbox 2082 5360 2137 5414; x_wconf 82' lang='lat'><strong>5.</strong></span> <span class='ocrx_word' id='word_1_929' title='bbox 2170 5355 2372 5412; x_wconf 86' lang='lat' dir='ltr'><strong>Deinde</strong></span> <span class='ocrx_word' id='word_1_930' title='bbox 2399 5399 2413 5421; x_wconf 91' lang='lat'><strong>,</strong></span> <span class='ocrx_word' id='word_1_931' title='bbox 2445 5372 2511 5410; x_wconf 89' lang='lat' dir='ltr'><strong>ne</strong></span> <span class='ocrx_word' id='word_1_932' title='bbox 2540 5358 2788 5411; x_wconf 85' lang='lat' dir='ltr'><strong>dicerent</strong></span> <span class='ocrx_word' id='word_1_933' title='bbox 2820 5374 2833 5409; x_wconf 88' lang='lat'><strong>:</strong></span> <span class='ocrx_word' id='word_1_934' title='bbox 2868 5356 3007 5426; x_wconf 89' lang='lat' dir='ltr'><strong>Ergo</strong></span> <span class='ocrx_word' id='word_1_935' title='bbox 3039 5369 3140 5408; x_wconf 91' lang='lat' dir='ltr'><strong>nos</strong></span> <span class='ocrx_word' id='word_1_936' title='bbox 3172 5369 3268 5424; x_wconf 89' lang='lat' dir='ltr'><strong>pro</strong></span> <span class='ocrx_word' id='word_1_937' title='bbox 3297 5355 3435 5407; x_wconf 81' lang='lat' dir='ltr'><strong>\ictu</strong></span> <span class='ocrx_word' id='word_1_938' title='bbox 3467 5369 3610 5407; x_wconf 81' lang='lat' dir='ltr'><strong>men-</strong></span> 
     </span>
    </p>
   </div>
   <div class='ocr_carea' id='block_1_118' title="bbox 2015 5446 3606 5520">
    <p class='ocr_par' dir='ltr' id='par_1_118' title="bbox 2015 5446 3606 5520">
     <span class='ocr_line' id='line_1_118' title="bbox 2015 5446 3606 5520; baseline -0.006 -13"><span class='ocrx_word' id='word_1_939' title='bbox 2015 5452 2193 5507; x_wconf 85' lang='lat' dir='ltr'><strong>dicare</strong></span> <span class='ocrx_word' id='word_1_940' title='bbox 2218 5450 2419 5520; x_wconf 85' lang='lat' dir='ltr'><strong>jubes?</strong></span> <span class='ocrx_word' id='word_1_941' title='bbox 2448 5449 2645 5517; x_wconf 66' lang='lat' dir='ltr'><strong>illaque</strong></span> <span class='ocrx_word' id='word_1_942' title='bbox 2692 5464 2782 5503; x_wconf 86' lang='lat' dir='ltr'><strong>res</strong></span> <span class='ocrx_word' id='word_1_943' title='bbox 2823 5447 2952 5519; x_wconf 87' lang='lat' dir='ltr'><strong>ipsis</strong></span> <span class='ocrx_word' id='word_1_944' title='bbox 2984 5446 3173 5517; x_wconf 88' lang='lat' dir='ltr'><strong>pudori</strong></span> <span class='ocrx_word' id='word_1_945' title='bbox 3222 5456 3406 5501; x_wconf 88' lang='lat' dir='ltr'><strong>esset:</strong></span> <span class='ocrx_word' id='word_1_946' title='bbox 3454 5460 3606 5498; x_wconf 81' lang='lat' dir='ltr'><strong>mon-</strong></span> 
     </span>
    </p>
   </div>
   <div class='ocr_carea' id='block_1_119' title="bbox 2017 5536 3615 5611">
    <p class='ocr_par' dir='ltr' id='par_1_119' title="bbox 2017 5536 3615 5611">
     <span class='ocr_line' id='line_1_119' title="bbox 2017 5536 3615 5611; baseline -0.004 -11"><span class='ocrx_word' id='word_1_947' title='bbox 2017 5553 2147 5600; x_wconf 74' lang='lat' dir='ltr'><strong>strat</strong></span> <span class='ocrx_word' id='word_1_948' title='bbox 2185 5543 2233 5596; x_wconf 90' lang='lat' dir='ltr'><strong>id</strong></span> <span class='ocrx_word' id='word_1_949' title='bbox 2258 5559 2285 5596; x_wconf 90' lang='lat' dir='ltr'><strong>a</strong></span> <span class='ocrx_word' id='word_1_950' title='bbox 2319 5542 2596 5611; x_wconf 85' lang='lat' dir='ltr'><strong>discipulis</strong></span> <span class='ocrx_word' id='word_1_951' title='bbox 2627 5540 2836 5607; x_wconf 85' lang='lat' dir='ltr'><strong>deberi,</strong></span> <span class='ocrx_word' id='word_1_952' title='bbox 2869 5541 2996 5594; x_wconf 88' lang='lat' dir='ltr'><strong>dum</strong></span> <span class='ocrx_word' id='word_1_953' title='bbox 3028 5540 3149 5594; x_wconf 92' lang='lat' dir='ltr'><strong>illos</strong></span> <span class='ocrx_word' id='word_1_954' title='bbox 3170 5581 3185 5605; x_wconf 95' lang='lat'><strong>,</strong></span> <span class='ocrx_word' id='word_1_955' title='bbox 3218 5536 3526 5610; x_wconf 78' lang='lat' dir='ltr'><strong>operarios,</strong></span> <span class='ocrx_word' id='word_1_956' title='bbox 3561 5547 3615 5593; x_wconf 90' lang='lat' dir='ltr'><strong>et</strong></span> 
     </span>
    </p>
   </div>
   <div class='ocr_carea' id='block_1_120' title="bbox 2079 5642 3606 5719">
    <p class='ocr_par' dir='ltr' id='par_1_120' title="bbox 2079 5642 3606 5719">
     <span class='ocr_line' id='line_1_120' title="bbox 2079 5642 3606 5719; baseline -0.006 -18"><span class='ocrx_word' id='word_1_957' title='bbox 2079 5655 2094 5685; x_wconf 85' lang='grc'>¹</span> <span class='ocrx_word' id='word_1_958' title='bbox 2133 5648 2372 5719; x_wconf 75' lang='lat' dir='ltr'><strong>Nonnulli_</strong></span> <span class='ocrx_word' id='word_1_959' title='bbox 2400 5653 2505 5719; x_wconf 75' lang='lat' dir='ltr'><strong>post</strong></span> <span class='ocrx_word' id='word_1_960' title='bbox 2537 5650 2644 5701; x_wconf 65' lang='lat' dir='ltr'><strong>hec</strong></span> <span class='ocrx_word' id='word_1_961' title='bbox 2675 5648 2845 5707; x_wconf 80' lang='lat' dir='ltr'><strong>verba,</strong></span> <span class='ocrx_word' id='word_1_962' title='bbox 2881 5646 3092 5710; x_wconf 77' lang='lat' dir='ltr'><strong>leprosos</strong></span> <span class='ocrx_word' id='word_1_963' title='bbox 3119 5642 3363 5702; x_wconf 68' lang='lat' dir='ltr'><strong>mundule,</strong></span> <span class='ocrx_word' id='word_1_964' title='bbox 3403 5644 3606 5705; x_wconf 84' lang='lat' dir='ltr'><strong>habent,</strong></span> 
     </span>
    </p>
   </div>
   <div class='ocr_carea' id='block_1_121' title="bbox 2018 5717 2484 5765">
    <p class='ocr_par' dir='ltr' id='par_1_121' title="bbox 2018 5717 2484 5765">
     <span class='ocr_line' id='line_1_121' title="bbox 2018 5717 2484 5765; baseline -0.017 0"><span class='ocrx_word' id='word_1_965' title='bbox 2018 5722 2222 5765; x_wconf 81' lang='lat' dir='ltr'><strong>mortuos</strong></span> <span class='ocrx_word' id='word_1_966' title='bbox 2245 5717 2484 5761; x_wconf 71' lang='lat' dir='ltr'><strong>suscitato.</strong></span> 
     </span>
    </p>
   </div>
   <div class='ocr_carea' id='block_1_122' title="bbox 2075 5768 3597 5830">
    <p class='ocr_par' dir='ltr' id='par_1_122' title="bbox 2075 5768 3597 5830">
     <span class='ocr_line' id='line_1_122' title="bbox 2075 5768 3597 5830; baseline -0.011 1"><span class='ocrx_word' id='word_1_967' title='bbox 2075 5784 2094 5812; x_wconf 79' lang='grc'>⁸</span> <span class='ocrx_word' id='word_1_968' title='bbox 2119 5784 2178 5830; x_wconf 80' lang='lat' dir='ltr'><strong>In</strong></span> <span class='ocrx_word' id='word_1_969' title='bbox 2206 5792 2439 5830; x_wconf 63' lang='grc' dir='ltr'><strong>Αιοιεικυο</strong></span> <span class='ocrx_word' id='word_1_970' title='bbox 2463 5780 2604 5825; x_wconf 69' lang='lat' dir='ltr'><strong>verba</strong></span> <span class='ocrx_word' id='word_1_971' title='bbox 2641 5773 2807 5822; x_wconf 67' lang='lat' dir='ltr'><strong>Monti’.</strong></span> <span class='ocrx_word' id='word_1_972' title='bbox 2861 5780 2911 5820; x_wconf 82' lang='lat' dir='ltr'><strong>et</strong></span> <span class='ocrx_word' id='word_1_973' title='bbox 2939 5774 3141 5826; x_wconf 76' lang='lat' dir='ltr'><strong>Uaume,</strong></span> <span class='ocrx_word' id='word_1_974' title='bbox 3168 5769 3410 5829; x_wconf 77' lang='lat' dir='ltr'><strong>singulari</strong></span> <span class='ocrx_word' id='word_1_975' title='bbox 3441 5768 3597 5830; x_wconf 81' lang='lat' dir='ltr'><strong>lapsu.</strong></span> 
     </span>
    </p>
   </div>
   <div class='ocr_carea' id='block_1_123' title="bbox 2015 5843 2152 5893">
    <p class='ocr_par' dir='ltr' id='par_1_123' title="bbox 2015 5843 2152 5893">
     <span class='ocr_line' id='line_1_123' title="bbox 2015 5843 2152 5893; baseline -0.029 0"><span class='ocrx_word' id='word_1_976' title='bbox 2015 5843 2152 5893; x_wconf 77' lang='grc' dir='ltr'><strong>Εοιτ.</strong></span> 
     </span>
    </p>
   </div>
  </div>
