4104 6308
594 480 738 554 quod
779 479 938 550 datur
955 519 974 546 ,
996 475 1298 534 mercedem
1327 515 1342 540 ,
1368 482 1542 532 Vocat.
1585 470 1665 529 Ne
1691 470 1895 541 putetis
1913 510 1931 536 ,
1959 466 2131 537 inquit
2153 505 2169 528 ,

594 571 720 641 quis
740 585 904 640 opera
934 569 1026 624 illa.
1050 577 1158 624 tota
1187 568 1239 621 in
1261 565 1437 621 verbis
1455 564 1703 619 consistit
1724 603 1741 628 ,
1763 568 1984 631 parvum
2013 573 2046 614 a
2075 571 2174 612 vo—
2202 565 2206 572 ‘

596 661 678 716 bis
692 661 1003 722 beneﬁcium
1032 658 1278 729 pra-heri;
1306 655 1455 714 multi
1479 669 1709 725 namque
1727 651 1923 708 laberis
1949 664 2038 705 res
2063 658 2165 704 est:

597 753 848 824 quodque
876 753 1008 808 dant
1040 752 1074 807 ii
1103 752 1189 821 qui
1222 749 1500 812 docentur,
1527 762 1633 801 non
1661 744 1826 815 gratis
1856 742 2169 812 largiuntur,

595 845 688 897 sed
723 844 772 896 id
798 842 1064 899 mercedis
1083 841 1201 896 loco
1228 839 1550 902 habendum;
1577 836 1768 904 Dignus
1795 843 1867 889 est
1892 833 2024 886 enim
2053 847 2176 898 ape-

602 933 1016 995 rariusauercede
1041 946 1152 985 sua.
1187 929 1301 984 lloc
1342 940 1516 982 autem
1551 927 1709 990 dicit,
1742 938 1849 978 non
1877 921 2016 991 quod
2044 919 2172 974 tanti

598 1024 771 1078 solum
799 1021 1094 1089 apostolici
1155 1019 1369 1075 labores
1402 1015 1640 1078 habendi
1672 1015 1826 1079 sint,
1873 1013 2046 1074 absit;
2078 1010 2173 1065 sed

594 1112 734 1184 quod
765 1113 870 1166 illis
883 1113 1188 1175 constituat,
1212 1125 1280 1166 ne
1306 1110 1425 1179 plus
1449 1108 1644 1178 aliquid
1674 1114 1931 1177 quierant,
1957 1114 2012 1158 et
2043 1119 2175 1173 pra:-

601 1188 851 1273 bentibus
876 1203 1117 1262 suadeat.
1149 1215 1210 1256 se
1238 1215 1344 1256 non
1365 1213 1432 1256 ex
1465 1199 1782 1254 liberalitate
1809 1196 1936 1252 illud
1969 1211 2168 1262 suppe-

593 1293 793 1359 ditare,
816 1295 908 1358 sed
936 1308 1010 1348 ex
1029 1293 1230 1349 debito.
1258 1294 1343 1347 Η.
1373 1290 1439 1348 In
1459 1302 1822 1360 quamcumque
1833 1289 2084 1344 civitatem
2099 1286 2177 1339 vel

593 1388 757 1444 vitam
773 1385 1104 1450 innuerim,
1131 1386 1442 1461 interrogate.
1459 1383 1574 1453 quis
1601 1383 1785 1452 dignus
1813 1381 1867 1434 in
1882 1380 1977 1433 illa
2005 1380 2092 1440 sit,
2125 1388 2172 1431 et

590 1476 698 1530 illic
725 1487 919 1529 manete
945 1475 1102 1530 donec
1148 1476 1390 1534 exieritis.
1407 1474 1788 1544 Nequecuiut.
1819 1471 1989 1539 inquit
2007 1511 2022 1536 ,
2050 1469 2171 1538 quia

591 1563 698 1620 dixi
720 1607 733 1626 ,
765 1562 960 1632 Dignus
984 1563 1347 1634 estaperarius
1433 1563 1542 1615 cibo
1596 1577 1691 1615 suo
1745 1563 1762 1594 ⁸
1784 1602 1800 1626 ,
1827 1560 2063 1614 omnium
2084 1557 2170 1625 ja-

595 1670 727 1709 nuas
748 1655 894 1709 vobis
924 1656 1137 1725 aperui;
1164 1653 1258 1708 sed
1288 1653 1373 1707 hic
1402 1668 1612 1722 quoque
1631 1652 1853 1706 multam
1877 1650 2174 1707 accuratio-

595 1760 722 1801 nem
747 1754 958 1814 expeto.
999 1744 1133 1798 Illud
1178 1745 1320 1796 enim
1365 1744 1516 1797 vobis
1555 1743 1696 1796 laudi
1729 1741 2024 1810 honorique
2046 1741 2168 1804 erit,

596 1833 754 1887 etiam
789 1835 840 1886 in
868 1835 1039 1889 victus
1068 1835 1298 1888 ratione.
1321 1833 1376 1886 Si
1423 1835 1565 1887 enim
1600 1831 1906 1900 dignus-ille
1934 1831 2024 1895 sit,
2055 1846 2170 1884 om-

590 1926 718 1991 nino
745 1925 917 1979 cibum
957 1925 1313 1994 suppeditabit
1340 1941 1354 1987 ;
1388 1923 1723 1992 maximeque
1756 1923 1800 1976 si
1832 1921 2039 1976 nonnisi
2071 1935 2170 1976 ne-

589 2015 815 2069 cessaria
849 2017 1058 2083 petatis.
1110 2015 1225 2069 Non
1277 2015 1436 2069 modo
1480 2024 1658 2071 autem
1695 2015 1886 2084 dignos
1930 2028 2170 2084 quaerere

591 2107 849 2174 praecipit,
863 2107 958 2174 sed
981 2109 1291 2174 vetatetiam
1319 2123 1385 2162 ne
1413 2107 1481 2161 de
1499 2108 1736 2164 domoin
1759 2107 1979 2162 domum
2007 2116 2168 2161 trans-

593 2189 740 2269 eant,
770 2211 921 2251 nese
945 2197 1294 2266 excipientem
1323 2197 1612 2262 oﬂ'endaut,
1645 2199 1904 2266 neveipsi
1936 2198 2086 2252 leves
2116 2206 2168 2250 et

587 2285 756 2347 ventri
785 2285 952 2340 dediti
980 2288 1294 2343 habeantur.
1326 2287 1379 2342 Id
1403 2290 1541 2342 enim
1565 2288 1852 2342 declaravit
1873 2288 1954 2342 his
1970 2286 2166 2351 verbis,

588 2374 671 2432 lbi
699 2390 891 2433 manete
918 2379 1075 2433 donec
1104 2381 1340 2434 cxieritis.
1368 2380 1519 2447 Quod
1551 2380 1709 2433 etiam
1750 2395 1816 2433 ex
1844 2381 1964 2433 aliis
2002 2395 2167 2434 evan-

587 2470 790 2539 gelisus
816 2471 836 2541 (
855 2470 1019 2525 Marc.
1048 2472 1101 2526 6.
1135 2471 1256 2524 Luc.
1308 2472 1408 2540 10)
1441 2472 1573 2525 disci
1623 2481 1814 2540 potest.
1849 2472 2034 2525 \‘ideu’
2063 2488 2167 2540 quo

589 2570 742 2630 pacto
767 2561 886 2615 illos
914 2562 1312 2628 honoratiores,
1343 2571 1396 2617 et
1420 2578 1514 2617 eos
1536 2564 1624 2632 qui
1654 2563 1883 2631 hospitio
1908 2565 2169 2631 recipiunt

587 2653 952 2722 diligentiores
978 2654 1166 2720 faciat,
1201 2655 1492 2709 ostendens
1521 2655 1638 2707 ilics
1665 2656 1899 2707 maxime
1941 2656 2164 2720 lucrari,

584 2757 639 2801 et
668 2746 733 2799 ad
756 2746 1005 2816 gloriam,
1043 2756 1097 2802 et
1133 2748 1196 2801 ad
1227 2745 1541 2800 utilitatem?
1590 2745 1789 2800 Deinde
1814 2747 1880 2801 de
1924 2747 2023 2800 hac
2053 2748 2163 2815 ipsa

586 2849 645 2891 re
687 2835 765 2889 sic
808 2837 1144 2905 prosequitur
1179 2854 1191 2887 :
1233 2837 1318 2888 l2.
1351 2837 1610 2889 latrantes
1656 2846 1824 2890 autem
1849 2837 1901 2889 in
1925 2841 2163 2902 domum,

583 2926 796 2979 salutate
837 2925 998 2978 illant.
1034 2927 1118 2980 13.
1152 2925 1216 2978 Et
1255 2929 1300 2979 si
1336 2927 1536 2995 quidem
1574 2929 1730 2998 fuerit
1755 2926 1937 2982 donius
1977 2928 2160 2997 digna,

583 3018 746 3070 statim
770 3033 873 3085 pas:
899 3025 1060 3070 vestra
1087 3032 1241 3084 super
1269 3017 1410 3069 illam
1438 3034 1457 3069 :
1484 3019 1527 3070 si
1566 3028 1733 3070 autem
1776 3034 1877 3071 non
1903 3019 2056 3084 fuerit
2085 3019 2164 3070 di-

582 3122 684 3174 gna
705 3146 720 3167 ,
751 3122 854 3170 pas:
882 3116 1042 3158 vestra
1069 3107 1137 3159 ad
1161 3123 1247 3160 vos
1264 3117 1560 3162 revertatur.
1593 3108 1775 3163 Viden’
1799 3124 1958 3178 quam
1985 3111 2162 3165 minu-

584 3197 730 3249 tatim
786 3197 898 3250 haec
947 3197 1264 3265 praecipiat?
1332 3197 1396 3252 Et
1445 3199 1567 3268 jure
1620 3199 1854 3268 quidem.
1922 3200 2162 3257 Athletas

583 3287 774 3355 quippe
803 3287 1075 3356 religionis
1111 3299 1160 3344 et
1200 3304 1471 3355 prwcoucs
1498 3290 1642 3344 orbis
1694 3289 1939 3356 instruit,
1969 3301 2022 3345 et
2065 3291 2163 3346 hac

584 3378 788 3431 ratione
820 3378 940 3431 illos
968 3389 1020 3431 et
1050 3378 1433 3435 moderatiores
1465 3379 1639 3434 reddit
1677 3390 1730 3434 et
1775 3381 2121 3448 aptabiliores
2141 3424 2156 3447 ,

583 3467 867 3538 adjicitque
900 3488 914 3523 :
950 3469 1035 3522 ll.
1073 3467 1140 3523 Et
1167 3471 1465 3539 quicumque
1492 3486 1593 3524 non
1622 3473 1892 3540 susceperit
1921 3489 2032 3535 vos,
2068 3490 2160 3526 ne-

582 3575 677 3629 que
719 3560 932 3614 audierit
976 3577 1223 3614 sermones
1269 3573 1456 3618 vestros
1480 3603 1496 3627 ,
1537 3575 1769 3616 exeuntes
1818 3581 1880 3617 ea:
1909 3565 2060 3617 domo
2085 3565 2160 3618 vel

581 3649 778 3704 civitate
817 3651 1187 3716 illa,.e.rcutite
1226 3653 1479 3720 pulverem
1523 3653 1705 3722 pedum
1734 3663 2029 3708 vestrorum.
2073 3657 2158 3709 15.

583 3741 742 3794 Amen
769 3740 880 3792 dico
909 3740 1042 3795 vobis
1061 3781 1079 3804 ,
1107 3741 1416 3795 tolerabilius
1446 3745 1537 3794 erit
1565 3750 1714 3806 ωιτη
1741 3741 2083 3798 Sodomorum
2117 3755 2162 3799 et

579 3830 877 3887 Gomorrluc
927 3832 978 3884 in
1021 3833 1100 3884 die
1121 3832 1341 3899 judicii,
1382 3834 1770 3908 qttam_civitati
1811 3834 1905 3887 illi.
1938 3833 2014 3890 Ne
2039 3836 2160 3904 quia

582 3921 814 3984 docetis,
847 3923 1048 3991 inquit,
1073 3922 1192 3976 idco
1215 3911 1791 3994 exspectetis'satutem
1821 3929 1886 3981 ab
1914 3930 2031 3982 aliis
2057 3931 2160 3985 dici

582 4014 764 4071 vobis.
809 4013 902 4066 sed
949 4012 1102 4082 primi
1153 4013 1292 4068 hunc
1350 4014 1608 4071 honorem
1647 4016 1915 4072 exhibete.
1965 4019 2162 4075 Deinde

583 4105 869 4160 ostendens
897 4121 1013 4160 eam
1045 4122 1148 4161 non
1175 4123 1293 4162 esse
1317 4109 1613 4178 simplicem
1640 4111 2033 4176 salutationem,
2065 4114 2159 4168 sed

584 4198 1008 4252 benedirtinnrm
1034 4240 1049 4259 ,
1081 4199 1192 4264 ait,
1242 4199 1295 4252 Si
1342 4199 1498 4267 digna
1531 4197 1689 4253 fuerit
1733 4202 1957 4268 domus,
1985 4206 2162 4258 veniet

585 4303 744 4354 super
771 4288 913 4341 illam
945 4303 1062 4342 :Sm
1095 4289 1476 4343 ccutuuteliosu
1525 4288 1589 4343 sit
1618 4331 1635 4355 ,
1667 4291 1833 4358 prima
1865 4307 2022 4361 pmna
2062 4297 2164 4348 erit

585 4378 723 4447 quod
768 4393 915 4447 pace
941 4395 1043 4432 non
1095 4377 1341 4441 fruatur;
1385 4379 1655 4443 secunda,
1683 4382 1825 4449 quod
1873 4383 2163 4438 Sodomitis

588 4471 728 4540 paria
744 4471 1002 4538 patiatur.
1037 4470 1102 4524 Et
1126 4471 1248 4540 quid
1281 4470 1346 4524 ad
1376 4472 1776 4541 nos.inquieut.
1801 4473 2010 4529 illorum
2037 4491 2168 4544 ευρ.

588 4561 778 4630 plicia?
808 4559 1002 4615 Domos
1025 4561 1299 4630 dignorum
1327 4562 1608 4620 habebitis.
1640 4563 1774 4627 Quid
1803 4580 1928 4619 vero
1955 4567 2161 4635 signiﬁ-

586 4661 670 4706 cat
697 4651 822 4705 illud
842 4693 857 4716 ,
895 4645 1122 4706 Excutite
1147 4655 1398 4723 pulverem
1428 4652 1610 4722 pedum
1637 4656 1954 4709 vestrorum?
1990 4656 2079 4710 Vel
2108 4668 2164 4712 ut

589 4741 937 4797 testiliceutur
970 4756 1029 4796 se
1059 4743 1185 4796 nihil
1216 4744 1282 4797 ab
1315 4744 1442 4812 ipsis
1484 4745 1784 4814 recepisse;
1819 4747 1899 4801 vel
1928 4746 1979 4801 in
2013 4748 2166 4803 testi-

587 4835 824 4888 inonium
874 4833 1011 4901 longi
1064 4836 1295 4903 suscepti
1342 4835 1547 4895 itineris
1586 4835 1638 4889 in
1679 4837 1887 4892 illorum
1915 4839 2161 4906 gratiam.

588 4924 668 4981 Tu
711 4939 838 4980 vero
886 4925 1013 4978 mihi
1039 4926 1317 4979 considera
1360 4927 1530 4995 ipsum
1575 4943 1682 4983 non
1710 4937 1881 4984 totum
1915 4930 2025 5012 jam
2058 4932 2163 4988 iliis

588 5016 737 5068 dare.
767 5014 951 5084 Neque
993 5015 1135 5069 enim
1180 5017 1355 5071 adhuc
1410 5018 1513 5072 illis
1556 5021 1942 5086 prmscieutiam
1991 5023 2160 5088 indit,

586 5122 688 5176 qua
733 5120 890 5160 nosse
940 5109 1141 5176 possint
1179 5109 1267 5175 qui
1298 5107 1473 5178 digni,
1502 5110 1588 5178 qui
1635 5110 1834 5180 indigni
1882 5112 2018 5176 sint;
2069 5113 2162 5167 sed

589 5197 867 5262 explorare
892 5205 946 5249 et
970 5198 1395 5264 experimentum
1423 5215 1635 5253 sumere
1660 5201 1830 5270 jubet.
1859 5203 1964 5258 Cur
2005 5219 2162 5272 porro

589 5286 674 5338 ille
704 5285 1218 5354 apud’publicanum
1268 5290 1553 5344 manebat?
1581 5290 1711 5359 Quia
1749 5291 1838 5345 ille
1881 5303 2158 5347 cx’muta-

591 5378 734 5430 tione
764 5377 951 5446 dignus
989 5388 1249 5433 evaserat.
1288 5380 1366 5434 Tu
1407 5396 1533 5436 vero
1580 5382 1846 5450 perpende
1892 5385 2160 5452 quomodo

590 5467 837 5522 omnibus
881 5468 1091 5522 nudatis
1134 5473 1311 5525 omnia
1356 5473 1640 5543 largiatur,
1671 5475 1796 5528 dum
1829 5477 2065 5546 principit
2106 5488 2161 5530 ut

592 5556 642 5610 in
674 5557 1052 5627 discipulorum
1079 5561 1322 5618 domibus
1352 5576 1633 5632 maneant,
1664 5574 1717 5622 et
1747 5567 1876 5622 nihil
1906 5568 2164 5627 habentes

707 5736 823 5785 l-Jdd.
853 5773 866 5797 ,
943 5733 1162 5782 mercede
1182 5746 1281 5784 sua.

1325 361 1381 418 S.
1422 353 1698 416 103Nle
1723 348 2204 412 CHRYSOSTOII
2245 347 2560 407 ABCIIIEP.
2599 349 3142 409 CONSTANTINOP.

3775 355 3879 418 8M

2283 464 2667 536 ingrediantur.
2702 466 2815 524 Hoc
2830 471 2974 526 enim
3004 477 3162 540 pacto
3181 474 3325 530 omni
3350 489 3484 532 cura
3505 477 3668 534 liberi
3698 491 3871 549 erant,

2282 555 2495 626 illisque
2538 559 2870 628 suadebant,
2921 568 2980 616 se
3020 564 3090 618 ad
3139 566 3376 635 ipsorum
3405 579 3612 628 tantum
3644 577 3870 632 salutem

2281 644 2373 699 illo
2394 648 2623 713 venisse,
2650 658 2760 703 tum
2791 652 2915 720 quia
2942 653 3075 709 nihil
3101 657 3422 724 attulerant,
3449 670 3558 715 tum
3587 667 3710 734 quia
3743 670 3872 725 nihil

2283 739 2402 805 plus
2425 755 2581 809 quant
2615 745 3186 814 necessaria-peterent
3208 791 3224 813 ,
3258 759 3370 804 tum
3395 755 3556 809 etiam
3591 759 3736 826 quod
3767 773 3873 816 non

2279 833 2419 897 apud
2461 847 2651 888 omnes
2698 837 3159 895 indiscriminatim
3210 843 3639 911 ingrederentur.
3687 847 3873 921 Neque

2281 923 2421 977 enim
2452 941 2519 980 ex
2549 927 2715 996 signis
2742 939 2945 986 tantum
2970 933 3182 990 volebat
3224 935 3345 991 illos
3374 939 3687 1008 splendidos
3716 957 3866 1006 esse.

2280 1013 2372 1068 sed
2404 1031 2468 1069 ex
2496 1017 2686 1070 virtute
2713 1022 2909 1089 magis,
2941 1039 3101 1092 quam
3128 1041 3192 1080 ex
3234 1028 3422 1095 signis.
3443 1030 3588 1086 Nihil
3626 1034 3770 1090 enim
3799 1034 3870 1090 ita

2282 1105 2667 1175 philosophiam
2690 1112 2962 1178 exprimit,
2986 1125 3044 1168 ut
3071 1117 3114 1170 si
3145 1116 3275 1172 nihil
3297 1121 3624 1196 superﬂuum
3649 1124 3866 1189 habeas,

2280 1197 2406 1249 etsi
2446 1199 2617 1267 quoad
2665 1200 2789 1255 licet
2817 1203 2958 1257 nulla
2997 1220 3058 1260 re
3087 1207 3346 1278 indigeas.
3394 1211 3520 1267 Illud
3551 1229 3680 1270 vero
3710 1230 3872 1270 nove-

2281 1296 2400 1340 rant
2427 1295 2481 1341 et
2510 1289 2606 1356 ipsi
2640 1291 3089 1362 pseudonpostoli.
3127 1298 3250 1352 Ideo
3278 1301 3472 1357 Paulus
3501 1304 3714 1360 dicebat
3749 1322 3761 1359 :
3802 1303 3869 1361 Ut

2280 1378 2330 1429 in
2354 1395 2451 1444 quo
2487 1379 2792 1448 gloriantur,
2831 1384 3154 1440 inveniantur
3181 1401 3230 1442 ut
3261 1408 3351 1444 nos
3383 1392 3456 1462 (Ξ.
3485 1393 3603 1449 Cor.
3634 1397 3722 1450 Η.
3755 1396 3866 1467 12).

2278 1468 2427 1535 Quod
2457 1471 2500 1525 si
2527 1486 2647 1525 cum
2676 1474 2726 1526 in
2757 1477 3031 1543 peregrina
3055 1482 3275 1549 regione
3303 1499 3519 1552 sumus,
3542 1498 3595 1543 et
3621 1489 3688 1542 ad
3722 1490 3871 1559 igno-

2279 1568 2360 1613 tos
2401 1560 2823 1630 proﬁciscimur,
2876 1567 3010 1622 nihil
3058 1571 3172 1639 plus
3216 1576 3563 1641 qua-rendam
3592 1589 3679 1634 est
3709 1596 3867 1648 quam

2277 1652 2616 1719 quotidianus
2664 1657 2855 1726 cibus,
2899 1659 3070 1715 multo
3113 1665 3282 1734 magis
3330 1666 3407 1723 sic
3437 1671 3702 1740 agendum
3745 1689 3866 1728 cum

2276 1741 2418 1796 domi
2463 1761 2760 1802 manemus.

2347 1835 2400 1890 6.
2443 1835 2561 1891 Pax
2585 1840 2682 1893 Dei
2706 1859 2805 1894 non
2827 1846 2923 1899 nisi
2951 1845 3366 1904 banc-voluntati
3392 1853 3580 1919 datur;
3608 1855 3702 1910 illa
3724 1859 3868 1928 fran-

2275 1927 2406 1991 dari,
2450 1941 2697 1997 quantum
2726 1934 2938 1990 malum.
2971 1936 3266 1994 Reverentia
3300 1942 3356 1996 in
3379 1946 3587 2000 ecclesia
3615 1927 3867 2004 commen-

2275 2018 2463 2082 datur;
2509 2021 2808 2077 describitur
2836 2028 3056 2084 ecclesiae
3083 2033 3346 2087 sanctitas.
3379 2062 3452 2074 —-
3480 2036 3607 2093 Haec
3633 2055 3741 2094 non
3769 2056 3866 2096 au-

2275 2107 2481 2164 diamus
2515 2123 2737 2180 tantum,
2769 2116 2860 2170 sed
2891 2118 3051 2173 etiam
3085 2121 3373 2178 imitemur.
3413 2123 3528 2180 Non
3558 2129 3704 2182 enim
3735 2131 3867 2186 solis

2275 2204 2528 2269 apostolis
2566 2204 2703 2258 dicta
2733 2217 2875 2274 sunt,
2915 2209 3010 2264 sed
3053 2215 3253 2267 sanctis
3282 2214 3546 2270 omnibus-
3571 2229 3758 2287 postea
3788 2219 3867 2274 Γυ-

2275 2292 2422 2346 turis.
2463 2293 2642 2348 Simus
2669 2313 2797 2367 ergo
2824 2315 2921 2355 nos
2947 2301 3035 2355 illa
3066 2307 3410 2361 successione
3439 2307 3604 2378 digni.
3633 2308 3772 2366 Nam
3801 2328 3865 2367 ex

2273 2383 2672 2452 suscipientium
2717 2390 2985 2445 voluntate
3030 2408 3132 2461 pax
3164 2395 3262 2449 iSIa
3293 2398 3456 2452 modo
3484 2401 3646 2463 venit,
3704 2402 3868 2458 modo

2273 2475 2465 2527 avolat.
2495 2475 2677 2546 Neque
2706 2483 2846 2534 enim
2874 2497 2938 2537 ex
2970 2483 3271 2541 docentium
3297 2489 3488 2546 ﬁducia
3520 2501 3572 2546 et
3605 2504 3865 2561 potestate

2277 2573 2501 2630 tantum,
2533 2569 2626 2621 sed
2653 2571 2811 2624 etiam
2838 2587 2902 2627 ex
2934 2577 3308 2646 accipientium
3339 2583 3597 2651 dignitate
3627 2585 3755 2639 illud
3783 2586 3860 2640 cl-

2273 2652 2464 2709 licitur.
2493 2657 2677 2727 Neque
2707 2670 2952 2728 putemus
2981 2665 3103 2720 inde
3129 2682 3314 2735 parum
3341 2671 3521 2726 damni
3551 2691 3858 2746 entergero,

2270 2752 2312 2803 si
2342 2753 2640 2822 hujusmodi
2678 2773 2808 2827 pace
2835 2775 2937 2812 non
2971 2761 3224 2818 fruamur.
3259 2765 3404 2820 Hanc
3429 2769 3570 2822 enim
3604 2772 3859 2842 prOpheta

2269 2841 2395 2893 olim
2429 2847 2816 2909 prmnuntiahat
2838 2848 3019 2906 dicens
3049 2870 3063 2905 :
3101 2853 3263 2920 Quam
3299 2861 3511 2926 speciosi
3553 2873 3669 2914 sunt
3708 2841 3861 2932 pedes

2270 2936 2716 3003 euangelizandum
2761 2957 2934 3009 pacem
2965 2942 3200 3014 (Nalmm
3233 2949 3284 3000 1.
3314 2950 3422 3020 15).
3462 2950 3661 3008 Deinde
3693 2954 3860 3024 ipsius

2269 3025 2578 3093 dignitatem
2661 3032 3015 3091 interpretans
3085 3037 3301 3107 adjicit,
3385 3041 3858 3114 Evarigelisantinm

2220 3158 2241 3171 ς
2270 3119 2397 3170 bona
2455 3120 2646 3187 (Rom.
2685 3124 2772 3178 i0.
2809 3126 2931 3196 l5).
2980 3126 3126 3183 Hanc
3164 3146 3406 3200 magnam
3451 3148 3572 3190 esse
3612 3137 3859 3195 Christus

2268 3209 2625 3276 pronuntiavit
2679 3212 2861 3268 dicens
2899 3233 2913 3271 :
2957 3215 3145 3271 Pacem
3185 3221 3412 3292 relinquo
3461 3223 3627 3291 vobis,
3679 3244 3857 3297 paceni

2267 3313 2428 3350 meam
2454 3301 2520 3352 do
2550 3300 2686 3355 vobis
2711 3303 2887 3373 (Joan.
2919 3307 3004 3363 14.
3038 3307 3154 3378 27).
3180 3309 3431 3381 Nihilque
3455 3324 3570 3368 non’
3592 3317 3857 3386 agendum

2265 3395 2348 3440 est
2390 3398 2447 3442 ut
2492 3390 2578 3444 illa
2620 3391 2880 3461 fruamur,
2912 3405 2967 3451 et
2992 3398 3139 3454 domi
3173 3409 3227 3455 et
3258 3402 3310 3456 in
3340 3403 3588 3459 ecclesia.
3631 3405 3767 3462 Nam
3805 3418 3859 3465 et

2268 3477 2321 3530 in
2369 3480 2592 3534 ecclesia
2644 3485 2734 3552 qui
2780 3488 3049 3554 przesidet,
3099 3505 3284 3558 pacem
3316 3493 3427 3547 dat.
3456 3494 3569 3550 Hoc
3601 3498 3744 3554 illius
3775 3509 3859 3555 est

2269 3579 2423 3640 typus
2455 3574 2530 3644 (a)
2561 3584 2614 3630 et
2641 3584 2861 3644 tessera,
2885 3588 3044 3650 atque
3072 3586 3286 3651 oportet
3310 3599 3505 3657 magno
3529 3602 3650 3644 cum
3677 3592 3856 3646 studio

2273 3674 2452 3743 ipsum
2492 3680 2769 3747 suscipere
2791 3717 2806 3743 ,
2837 3695 3168 3749 propensum
3193 3683 3434 3736 animum
3470 3684 3650 3752 potius
3685 3700 3853 3754 quam

2273 3785 2512 3825 mensam
2529 3774 2854 3842 praebentes.
2875 3773 3008 3828 Nam
3037 3775 3080 3829 si
3107 3791 3134 3826 a
3153 3792 3340 3832 mensa
3363 3793 3467 3831 non
3496 3793 3617 3834 sese
3631 3779 3857 3848 partici-

2270 3872 2388 3925 pem
2410 3857 2606 3912 oll‘erre
2622 3875 2914 3915 onerosum
2933 3870 3244 3930 est,quanto
3258 3865 3544 3921 onerosius
3567 3866 3846 3921 estdicen-

2274 3954 2377 3997 tom
2419 3947 2678 4014 repellere
2700 3948 2723 4001 ?
2744 3947 2969 4017 Propter
2997 3959 3047 4003 te
3060 3951 3211 4003 sedet
3231 3953 3529 4022 presbyter,
3557 3963 3781 4022 propter
3797 3965 3847 4009 te

2272 4043 2378 4088 stat
2398 4037 2656 4104 magister
2677 4041 2832 4099 ‘,non
2850 4040 2970 4093 sine
2985 4039 3169 4095 labore
3180 4041 3649 4112 etdelatigatione.
3669 4043 3842 4110 Quam

2270 4123 2433 4193 igitur
2449 4127 2854 4180 excusationem
2877 4127 3123 4193 habebis,
3145 4131 3235 4197 qui
3255 4147 3322 4186 ne
3342 4135 3560 4202 quidem
3577 4134 3728 4188 illum
3747 4151 3847 4189 au—

2270 4212 2385 4261 dire
2406 4212 2666 4266 sustines?
2684 4215 3002 4273 Communis
3020 4230 3164 4273 certe
3179 4220 3376 4277 domus
3392 4223 3620 4278 ecclesia
3639 4237 3845 4289 εει,νο-

2271 4293 2459 4365 bisque
2490 4300 2920 4365 pracedentlbus
2960 4319 3058 4358 nos
3089 4305 3441 4376 ingrediatur,
3481 4309 3697 4365 illorum
3737 4312 3845 4367 for-

2272 4398 2412 4436 mam
2430 4396 2481 4439 et
2497 4388 2802 4456 exemplum
2824 4402 3126 4447 servantes.
3149 4394 3383 4463 ideoque
3396 4399 3582 4454 statim
3607 4399 3841 4470 ingressi

2271 4484 2454 4537 pacem
2474 4475 2728 4529 omnibus
2746 4477 2906 4530 simul
2921 4477 3150 4532 dicimus
3166 4483 3460 4537 secundum
3479 4486 3648 4556 legem
3671 4487 3836 4542 illam.

2266 4560 2439 4617 Nemo
2462 4566 2624 4634 igitur
2641 4567 2915 4638 negligens
2932 4571 3015 4624 vel
3032 4573 3268 4627 oscitans
3283 4575 3372 4639 sit,
3389 4576 3518 4630 dum
3533 4580 3842 4635 sacerdotes

2270 4652 2503 4721 ingressi
2517 4655 2644 4708 illud
2660 4657 2850 4710 dicunt
2867 4675 2879 4710 :
2899 4675 3007 4712 non
3025 4676 3248 4728 parvum
3278 4665 3553 4721 enimhaec
3565 4669 3843 4739 negligen-

2275 4744 2414 4797 tibus
2437 4744 2680 4799 imminet
2697 4749 3047 4817 supplicium.
3066 4751 3278 4809 Mallcm
3300 4756 3442 4810 enim
3463 4757 3726 4813 millicsin
3745 4760 3842 4815 do-

2271 4852 2418 4888 mum
2441 4837 2739 4906 rujuspiam
2755 4851 2993 4896 vestrum
3013 4843 3297 4914 ingressus
3317 4847 3550 4916 deSpici,
3568 4864 3734 4918 quam
3757 4850 3842 4906 hic

2269 4927 2497 4994 loquens
2529 4943 2635 4982 non
2673 4931 2870 4984 audiri.
2911 4930 3025 4987 Hoc
3049 4935 3184 4988 mihi
3206 4938 3494 4994 onerosius
3529 4939 3621 4995 illo
3656 4951 3838 4996 esset:

2265 5037 2689 5107 quandoquidem
2732 5037 2943 5107 dignior
2979 5038 3093 5093 hzec
3136 5040 3324 5094 domus
3371 5051 3472 5097 est.
3520 5044 3731 5101 Etenim
3764 5047 3847 5102 hic

2267 5128 2496 5198 majores
2530 5136 2722 5181 nostra=
2751 5129 3116 5196 possessiones
3145 5130 3399 5200 deposita:
3427 5142 3580 5201 sunt,
3614 5135 3698 5191 hic
3725 5152 3848 5208 spes

2268 5230 2447 5274 nostra
2473 5219 2666 5272 omnis.
2693 5219 2828 5286 Quid
2859 5220 2998 5273 enim
3031 5219 3117 5274 hic
3155 5238 3258 5276 non
3303 5238 3572 5293 magnum,
3606 5243 3712 5282 non
3745 5240 3847 5284 trc‘

2270 5313 2516 5364 mendum
2556 5313 2680 5364 est?
2726 5309 3002 5380 Siquidem
3033 5310 3148 5367 haec
3174 5329 3355 5368 mensa
3381 5317 3536 5385 longe
3564 5317 3846 5374 honorabi-

2282 5503 2292 5514 “
2325 5493 2337 5521 ²
2367 5487 2465 5538 Alii
2486 5487 2690 5547 habent,
2712 5487 2959 5537 diaconus.
3001 5524 3004 5526 ν

2331 5557 2405 5627 (α)
2440 5555 2491 5627 id
2512 5563 2589 5603 est
2611 5567 2623 5627 ξ
2652 5555 2848 5627 utquod
2870 5554 2970 5619 agit
2996 5571 3182 5627 phrases
3212 5555 3261 5627 in
3286 5560 3525 5627 ecclesia,
3549 5574 3658 5611 cum
3682 5573 3850 5624 pacem

2332 5595 2405 5618 νη
2441 5595 2491 5627 έν
2514 5595 2589 5603 ν’-
2612 5595 2623 5602 -
2653 5595 2696 5636 ’ς
2724 5595 2848 5628 ἰζ-νῖ-
2870 5595 2970 5619 *οη
2996 5595 3181 5632 ιιι-κυνῆ
3203 5595 3261 5642 fr
3286 5595 3527 5672 νξινιναιειί,
3549 5595 3658 5611 ενι-υ·
3685 5595 3848 5624 μιν·-

2267 5618 2365 5676 dat,
2391 5626 2541 5688 typus.
2555 5623 2632 5665 est
2662 5616 2838 5688 μὴτιδιι
2861 5619 3274 5695 pacemuauttstu
3296 5620 3563 5695 pangi-io
3589 5638 3603 5674 :
3629 5631 3848 5695 na_m,_ty-

2269 5693 2386 5742 pus,
2415 5678 2498 5739 pro
2531 5678 3008 5747 imagiueraecipitur
3035 5683 3110 5728 rei
3149 5684 3354 5747 agenda:
3389 5678 3457 5734 etv
3471 5678 3848 5747 aliquaudojsin

2272 5752 2407 5797 actae.
2433 5747 2527 5799 Cir.
2558 5746 2730 5797 Adnot.
2755 5746 2790 5796 1"
2797 5745 2917 5804 icld,
2953 5744 3012 5796 ad
3045 5757 3155 5808 pag.
3182 5745 3289 5796 373.
