4104 6308
225 383 332 441 385

227 509 330 564 lior
355 513 410 563 et
435 503 656 560 suavior
678 507 782 563 est,
815 511 974 570 quam
1006 502 1114 560 tua,
1155 499 1211 547 et
1255 489 1498 547 lucerna.
1537 499 1697 555 quam
1742 481 1828 536 lu-

229 611 398 655 cerna
428 605 541 652 tua.
589 593 647 650 Id
687 605 818 646 vero
845 587 1024 644 sciunt
1049 589 1312 656 quotquot
1341 593 1462 633 cum
1491 575 1598 629 ﬁde
1628 582 1828 640 tempe-

228 690 368 746 stive
392 689 513 743 oleo
535 682 679 740 uncti
703 697 734 735 a
765 676 968 734 morbis
994 672 1204 730 liberati
1226 679 1352 726 sunt
1381 667 1477 738 (a).
1506 665 1645 720 Area
1671 662 1833 717 etiam

232 783 348 836 haec
377 780 536 848 longe
559 773 750 828 melior
778 780 862 826 est
879 783 1038 838 quam
1062 765 1175 830 illa,
1203 772 1258 818 et
1286 764 1454 831 magis
1485 753 1788 812 necessaria
1815 770 1829 806 :

228 886 353 943 qua:
379 885 484 925 non
519 875 720 927 vestes,
763 861 857 916 sed
891 859 1294 929 eleemosynam
1327 851 1586 906 inclusam
1629 855 1831 910 servat,

228 937 441 1018 etiamsi
482 957 636 1030 pauci
677 955 783 1009 sint
831 952 939 1017 hic,
991 947 1084 1018 qui
1137 948 1498 1015 eleemosytue
1545 937 1834 1010 eroganda:

230 1055 483 1108 virtutem
507 1047 809 1118 possideant
841 1042 932 1115 (ὁ).
960 1041 1156 1096 Lectus
1187 1041 1315 1093 item
1339 1045 1432 1089 tuo
1458 1031 1830 1104 praestantior:

229 1161 356 1202 nam
386 1141 690 1199 divinarum
743 1137 901 1193 lectio
945 1134 1342 1204 Scripturarum
1377 1129 1518 1183 lecto
1561 1123 1710 1180 omni
1751 1122 1837 1192 ju-

229 1235 464 1295 cundior
497 1243 596 1287 est.
651 1233 729 1286 Ac
764 1231 809 1286 si
835 1224 1124 1283 concordia
1150 1221 1291 1292 apud
1324 1235 1423 1274 nos
1448 1218 1679 1288 vigeret,
1725 1229 1834 1270 non

229 1328 392 1384 aliam
421 1325 743 1380 haberemus
768 1319 1010 1373 domum.
1053 1313 1205 1383 Quod
1236 1319 1418 1366 autem
1458 1308 1510 1364 id
1542 1305 1686 1378 quod
1712 1305 1837 1362 dico

229 1431 521 1475 onerosum
551 1431 657 1469 non
688 1413 777 1476 sit,
808 1409 1164 1465 tcstitlcantur
1191 1404 1267 1460 illi
1299 1413 1380 1459 ter
1405 1401 1574 1466 mille,
1601 1409 1657 1454 et
1681 1400 1837 1469 quin-

229 1511 387 1580 quies
407 1508 554 1564 mille
573 1504 816 1558 homines
846 1502 941 1572 (ε),
973 1499 1061 1569 qui
1093 1511 1253 1552 unam
1282 1504 1337 1550 et
1359 1493 1583 1549 domum
1603 1500 1660 1546 et
1686 1505 1840 1544 men-

229 1618 370 1666 sam,
400 1608 455 1656 et
473 1600 707 1653 animam
731 1594 1001 1648 habuere:
1035 1605 1156 1645 nam
1186 1589 1280 1651 ait,
1347 1583 1694 1640 Multitudinis
1728 1597 1840 1634 cre-

230 1694 462 1748 dentium
491 1699 599 1743 erat
643 1703 733 1742 cor
779 1701 937 1738 unum
986 1691 1035 1737 et
1085 1681 1258 1734 anima
1305 1693 1409 1732 una
1461 1675 1689 1745 (Asti.
1721 1669 1835 1744 32).

229 1786 371 1853 Quia
401 1797 532 1837 vero
571 1780 730 1848 longe
775 1775 845 1831 ab
890 1775 1103 1830 illorum
1153 1774 1351 1827 virtute
1395 1769 1676 1831 alnumus,
1701 1776 1757 1822 et
1785 1767 1837 1820 in

232 1879 418 1932 varias
443 1875 636 1929 domos
661 1869 902 1927 distracti
927 1881 1134 1931 sumus,
1163 1866 1352 1923 saltem
1379 1878 1504 1920 cum
1531 1863 1618 1917 hic
1640 1874 1840 1917 conve-

231 1969 438 2037 nimus,
479 1964 608 2041 illud
635 1962 877 2019 studiose
905 1957 1182 2015 faciamus.
1212 1955 1346 2012 Nam
1368 1955 1414 2010 si
1445 1954 1498 2009 in
1529 1952 1651 2008 aliis
1683 1966 1838 2007 men-

230 2061 342 2116 dici
372 2066 426 2114 et
453 2071 714 2129 pauperes
738 2068 960 2118 sumus,
992 2053 1047 2110 in
1082 2051 1167 2107 his
1205 2059 1355 2107 certe
1383 2046 1598 2103 divites.
1641 2045 1840 2114 Quam-

229 2150 423 2206 obrem
469 2147 575 2202 huc
621 2145 813 2200 saltem
857 2157 959 2198 nos
998 2143 1260 2197 intrantes
1300 2155 1422 2195 cum
1464 2151 1651 2194 amore
1693 2134 1835 2192 esci-

231 2241 364 2311 pite.
402 2239 468 2293 Et
501 2253 624 2292 cum
664 2235 864 2299 dicam,
908 2233 1015 2289 Pax
1057 2232 1228 2296 vobis,
1271 2230 1482 2295 dicatis,
1514 2227 1584 2284 Et
1625 2225 1838 2298 spiritui

230 2343 356 2388 tuo:
389 2347 494 2387 non
525 2345 657 2384 voce
687 2336 918 2392 tantum,
947 2325 1040 2380 sed
1073 2326 1289 2390 animo;
1335 2336 1443 2377 non
1486 2336 1583 2376 ore
1607 2328 1836 2383 tantum,

228 2424 332 2480 sed
374 2432 430 2479 et
476 2429 679 2478 mente.
708 2419 764 2475 Si
792 2434 920 2475 vero
942 2418 1031 2472 hic
1052 2417 1276 2480 dixeris,
1307 2415 1414 2470 Pax
1433 2415 1597 2470 etiam
1624 2411 1839 2482 Spiritui

229 2527 367 2594 tuo;
396 2516 526 2572 foris
553 2529 682 2570 vero
713 2527 801 2569 me
829 2512 1134 2583 impugnes,
1163 2521 1450 2577 conspuas,
1495 2519 1583 2560 me
1612 2501 1839 2594 maledi-

228 2610 339 2667 ctis
369 2607 774 2677 innumerisque
822 2608 1048 2674 impetas
1093 2599 1418 2671 Opprobriis,
1465 2610 1713 2667 qumuam
1751 2593 1838 2648 illa

231 2700 386 2773 pax?
425 2700 536 2770 Ego
571 2699 715 2753 enim
733 2737 752 2763 ,
781 2691 888 2751 etsi
911 2692 1217 2750 sexcenties
1243 2688 1552 2752 maledicas,
1583 2699 1716 2756 puro
1743 2683 1838 2738 tibi

228 2793 400 2851 corde
425 2806 611 2863 pacem
637 2789 784 2854 dico,
811 2788 1132 2854 sinceraque
1162 2791 1362 2848 mente,
1407 2793 1509 2834 nec
1541 2777 1668 2849 quid
1712 2773 1839 2830 mali

229 2888 308 2944 de
352 2894 405 2942 te
443 2897 660 2957 possum
705 2881 888 2936 dicere
921 2896 933 2932 :
966 2889 1187 2950 paterna
1219 2874 1419 2945 quippe
1447 2885 1579 2941 gero
1607 2869 1836 2922 viscera.

231 2981 299 3038 Si
324 2988 376 3035 te
401 2977 722 3049 quandoque
757 2987 998 3043 carpam,
1028 2985 1156 3026 cura
1187 2968 1260 3022 tui
1294 2976 1570 3036 pennatus
1595 2961 1646 3015 id
1679 2959 1837 3016 facio.

231 3073 318 3129 Tu
352 3086 483 3126 vero
527 3072 829 3125 clanculum
872 3063 1111 3127 mordes,
1144 3071 1199 3116 et
1229 3074 1350 3115 cum
1381 3073 1468 3111 me
1495 3057 1547 3110 in
1571 3052 1836 3109 dominica

232 3163 402 3220 domo
445 3175 553 3216 non
603 3159 864 3228 excipias,
915 3170 1108 3210 vereor
1150 3167 1218 3207 ne
1263 3149 1394 3206 mihi
1426 3161 1717 3206 mterorem
1746 3159 1844 3199 au-

233 3267 369 3326 geas
393 3270 408 3308 :
443 3267 547 3306 non
573 3253 698 3320 quia
717 3248 1040 3303 contumelia
1062 3242 1311 3307 aﬁecisti,
1335 3256 1440 3295 non
1463 3237 1587 3310 quia
1609 3235 1839 3307 eiecisti,

232 3344 335 3401 sed
365 3342 487 3412 quia
521 3355 706 3410 pacem
731 3336 992 3405 repulisti,
1040 3343 1096 3389 et
1135 3348 1304 3404 grave
1343 3331 1472 3386 illud
1512 3330 1605 3416 tibi
1632 3328 1843 3399 suppli-

233 3436 383 3491 cium
423 3431 710 3487 attraxisti.
760 3428 982 3483 Etiamsi
1031 3429 1174 3481 enim
1220 3425 1493 3495 pulverem
1523 3419 1633 3476 non
1673 3435 1841 3475 excito

237 3527 393 3591 tiam,
439 3521 649 3578 etiamsi
694 3533 800 3574 non
845 3525 1077 3579 avertar,
1123 3513 1473 3569 comminatio
1519 3522 1699 3567 tamen
1737 3511 1844 3564 im-

235 3627 386 3674 mota
415 3626 614 3669 manet.
663 3610 777 3679 Ego
805 3623 1036 3677 namque
1066 3622 1251 3677 pacem
1280 3605 1432 3659 vobis
1461 3617 1607 3673 saepe
1635 3609 1842 3671 repeto,

238 3723 418 3779 neque
444 3704 656 3762 dicendi
683 3704 844 3758 linem
871 3700 1100 3765 facium;
1139 3696 1281 3768 quod
1310 3697 1355 3752 si
1388 3711 1474 3752 me
1499 3710 1621 3750 cum
1651 3701 1848 3748 con-tuo

238 3801 418 3858 meliis
467 3797 747 3868 excipiatis
775 3796 796 3828 ¹
819 3835 836 3858 ,
888 3808 1064 3862 neque
1105 3791 1182 3847 sic
1222 3793 1500 3859 pulverem
1527 3788 1795 3843 excutiam
1825 3805 1839 3842 :

239 3910 352 3950 non
377 3891 521 3963 quod
553 3889 782 3945 Domino
810 3902 915 3941 non
945 3899 1183 3956 parcam,
1206 3882 1301 3938 sed
1329 3881 1454 3953 quia
1474 3893 1660 3935 amore
1680 3878 1846 3935 vestri

306 4071 325 4104 ί
364 4067 522 4131 Aliqui
538 4101 553 4128 ,
573 4064 700 4130 quod
723 4063 768 4114 si
789 4075 865 4113 me
881 4059 1180 4112 caumliis
1201 4056 1424 4123 efﬁciatis
1445 4065 1491 4109 et
1511 4069 1608 4108 nat
1629 4055 1851 4119 excipiu-

243 4139 384 4277 mia)
418 4210 773 4277 Singulareest
792 4207 931 4277 quod
949 4206 1026 4256 hic
1047 4205 1225 4277 dicitur
1246 4204 1312 4277 de
1335 4204 1398 4252 iis
1535 4214 1601 4252 ex
1623 4201 1738 4252 οιθο
1772 4202 1848 4252 ιιι.

242 4266 413 4326 cerua:
436 4275 486 4321 iu
502 4266 720 4321 Ecclesia
743 4266 962 4319 ardentis
983 4269 1118 4317 uncti
1139 4266 1504 4317 convaluerant.

313 4358 386 4422 (ὁ)
419 4364 614 4405 ϐιιίθωε
636 4362 805 4404 textus
825 4354 897 4402 sic
915 4351 1060 4402 eﬂ'ert
1082 4351 1212 4400 hunc
1227 4349 1409 4422 locum,
1425 4359 1466 4399 οδ
1490 4361 1558 4412 τερ
1579 4358 1735 4409 με...
1765 4360 1851 4400 ω.

246 4421 502 4483 μείνω-ὕην-
519 4429 591 4481 (χιι
613 4429 927 4483 σντιιιλξισμιηξ
940 4454 958 4483 _,
989 4427 1101 4483 siuti.
1122 4426 1236 4475 όλὶτοι
1260 4423 1348 4483 sidit
1379 4421 1415 4460 οἱ

245 4473 364 4543 Qtth
407 4473 465 4529 ad
491 4473 705 4543 litierat'u
731 4479 801 4543 sic
822 4473 1119 4533 redduntur,
1145 4473 1240 4524 nun
1264 4473 1393 4541 enini
1423 4477 1590 4543 uestes,
1621 4473 1709 4521 sed
1726 4473 1854 4543 ρςεε.
1905 4503 1911 4511 .

354 4553 498 4605 gnam
519 4538 660 4605 habet
676 4536 930 4605 inclusam,
942 4532 1234 4605 quamquam
1248 4533 1393 4605 putei
1409 4532 1502 4583 sint
1513 4532 1593 4583 hic
1608 4532 1855 4605 ῃωεξιιςῃ-

248 4593 442 4656 ὧξῖὶθ
458 4603 601 4665 cuius
621 4609 788 4649 autem
809 4599 895 4665 r--i_
919 4593 1231 4665 possessione
1251 4593 1571 4665 ’agaturhuou
1604 4596 1670 4643 ita
1709 4593 1853 4644 facile

251 4675 330 4716 est
352 4657 648 4716 deceniere.
685 4669 785 4710 lion
818 4657 948 4708 enim
981 4660 1045 4708 de
1079 4661 1393 4721 possessione
1424 4657 1716 4711 divitiarum,
1743 4670 1856 4721 cum

251 4726 508 4778 Antiochia
529 4723 720 4781 civitas,
757 4724 805 4769 in
826 4733 924 4784 qua
954 4721 1062 4788 haec
1080 4717 1287 4788 'homilia
1319 4718 1608 4788 habebatur.
1637 4717 1854 4788 reputen-

253 4789 442 4838 tissima
459 4793 598 4838 esset
626 4779 741 4833 tunc
757 4779 1008 4845 temporis.
1028 4789 1160 4830 Hunc
1177 4781 1334 4845 locum
1354 4783 1425 4828 sic
1440 4793 1499 4828 ex
1507 4779 1665 4845 plicat
1676 4779 1732 4845 in_
1741 4787 1855 4829 uota

252 4847 652 4898 Ilontefulctmins
687 4883 698 4891 .
742 4863 766 4890 ιι
805 4839 1020 4893 Auctoris
1057 4850 1262 4892 metuent
1300 4842 1426 4890 hanc
1456 4839 1810 4891 esttecxistt'mo
1838 4854 1855 4890 :

256 4921 386 4960 arcu
398 4908 487 4960 ilia
509 4905 725 4957 ecclesiis
747 4905 975 4969 pecmtias
997 4903 1169 4954 obtinet
1194 4902 1629 4969 adeteetnosynam
1650 4914 1857 4969 erogat

256 4971 394 5028 dant,
419 4982 565 5034 quam
581 4962 821 5034 virtutem,
855 4965 1169 5034 eteemosymz
1191 4962 1382 5034 scilicet.
1396 4969 1675 5034 eroganda,
1696 4962 1762 5034 eti:
1777 4963 1859 5034 [iis

256 5026 576 5096 prmitibus
598 5030 740 5090 pauci
771 5027 1031 5096 possident.
1056 5026 1078 5071 ii
1118 5034 1232 5085 owe
1251 5027 1470 5096 quidem
1500 5026 1857 5096 interpretatio,

257 5085 300 5144 ξι
326 5095 520 5150 rationi,
547 5085 642 5139 non
667 5085 994 5151 gratiimaticaa
1033 5085 1304 5151 consonat}
1335 5099 1426 5135 vox
1462 5087 1594 5151 enim
1612 5085 1643 5144 ,’
1661 5085 1862 5151 ειξεηιο-

259 5167 402 5220 syria,
418 5147 577 5220 semei
601 5147 828 5220 usurpata
849 5151 906 5198 ad
933 5151 1186 5220 pecuniam
1210 5148 1686 5220 designandammon
1707 5147 1862 5196 debet

260 5210 567 5277 sibiutt-iligi
592 5210 1034 5277 adisigniﬁcaudam
1057 5210 1388 5277 eleemosyuie
1410 5211 1659 5277 virtutem.
1695 5216 1862 5277 Nostra

261 5287 430 5328 autem
447 5269 874 5332 metitentiafmens
897 5273 1120 5321 Auctoris
1141 5273 1211 5332 sic
1237 5269 1414 5320 melius
1437 5270 1861 5332 eXplicatur:Arca

267 5338 350 5388 illa
370 5337 591 5387 ecclesia:
618 5337 847 5398 pecunias
868 5333 1055 5398 obtinet
1077 5332 1137 5380 ad
1162 5331 1524 5392 eleemosynam
1567 5332 1863 5398 erogandam

267 5402 344 5461 (et
365 5398 489 5447 haec
511 5393 671 5461 artam
696 5395 1177 5461 interpossessioues
1197 5401 1384 5441 nostras
1400 5393 1683 5454 recenseo),
1701 5405 1866 5461 quam:

267 5456 416 5521 quam
439 5461 578 5521 pauci
601 5459 698 5521 sint
714 5458 792 5505 hic
807 5456 974 5521 (huius
990 5457 1135 5521 arcte)
1155 5467 1484 5521 possessores.
1497 5461 1594 5521 hoc
1613 5461 1707 5521 est,
1729 5456 1863 5514 pauci

268 5514 602 5582 eleembsynis
616 5520 719 5582 suis
731 5514 1265 5582 arcam'illamditanntes
1289 5529 1300 5564 :
1327 5514 1416 5563 soli
1433 5516 1563 5562 enim
1581 5514 1725 5574 hujus
1742 5529 1866 5564 arcae

271 5575 584 5645 possessoris
602 5580 693 5645 dici
716 5579 1023 5645 possuut‘qui
1045 5579 1090 5626 in
1115 5575 1196 5645 illa
1221 5577 1560 5645 eleemosynas
1581 5589 1698 5625 suas
1719 5591 1866 5638 repo-

269 5637 390 5694 sitas
412 5642 612 5693 habent.
647 5637 894 5690 Caiculum
916 5637 1076 5687 ferant
1107 5639 1365 5687 doctiores.

338 5728 410 5790 (εἴ)
436 5722 514 5790 illi
535 5720 730 5790 scilicet
764 5724 822 5790 ad
849 5720 996 5790 fidem
1026 5724 1251 5775 conversi
1295 5723 1359 5772 de
1391 5721 1570 5786 quibus
1605 5722 1654 5771 in
1679 5721 1870 5771 Actibus

277 5783 618 5851 apostolurtnn,
645 5793 696 5835 ut
721 5783 840 5836 infra
863 5785 1057 5836 indurat.

1231 371 1297 428 IN
1336 362 1751 426 MATTHA'IUM
1792 357 2021 415 liOillL.
2054 355 2270 414 XXXII.
2311 357 2384 411 al.
2427 353 2666 412 XXXIII.

3450 337 3554 394 386

1953 475 2326 531 vehementius
2351 473 2538 528 ardeo.
2564 471 2816 542 Alioquin
2836 478 3021 524 autem
3048 465 3178 521 nihil
3207 470 3428 534 promer
3456 478 3556 517 vos

1951 563 2104 620 ardui
2161 564 2297 632 feci,
2347 578 2456 619 non
2495 562 2711 634 longam
2759 556 3253 632 peregrinationem
3302 558 3554 618 suscepi,

1941 669 2118 725 neque
2159 669 2283 710 cum
2312 653 2404 709 illo
2428 653 2614 708 habitu
2643 652 2728 707 vel
2757 660 3077 722 paupertate
3107 646 3228 701 veni
3257 643 3418 717 (ideo
3440 656 3558 695 nos

1942 746 2088 815 ipsos
2116 745 2264 813 prius
2289 744 2644 814 accusemus)
2671 785 2686 808 ,
2738 757 2916 813 neque
2947 734 3474 795 sinecalceamentis
3502 740 3559 786 et

1940 833 2138 902 duplici
2166 835 2343 889 tunica
2374 834 2662 897 venimus;
2714 832 2945 901 ideoque
2985 830 3216 884 fortasse
3251 841 3347 880 vos
3376 835 3554 878 vestra

1943 925 2276 996 neglexistis.
2332 927 2588 979 Attamen
2622 923 2738 979 lucc
2767 922 2922 978 vobis
2946 920 3012 976 ad
3044 918 3414 990 purgationem
3447 929 3554 970 non

1940 1012 2247 1078 sufﬁciunt;
2301 1014 2396 1069 sed
2443 1016 2650 1069 crimen
2699 1022 2944 1069 nostrum
2987 1011 3160 1081 majus
3203 1017 3321 1073 est,
3381 1018 3558 1075 neque

1941 1115 2126 1160 tamen
2153 1106 2309 1160 venia
2337 1105 2492 1160 vobis
2520 1105 2868 1160 concedetur.

2013 1197 2068 1252 7.
2112 1197 2329 1252 Herulis
2377 1199 2664 1252 exhortatio
2695 1196 2765 1250 ad
2791 1195 3125 1250 reuerentiam
3168 1197 3222 1250 in
3262 1198 3474 1253 ecclesia
3511 1207 3559 1254 et

1941 1290 2205 1344 caritatem
2228 1298 2478 1344 muttiant.
2530 1288 2635 1344 Cur
2655 1290 2801 1360 signa
2830 1290 2977 1343 edere
3002 1290 3270 1344 cessaverit
3299 1269 3459 1345 Deus;
3486 1284 3559 1334 -ὲ

1941 1381 2094 1438 Tunc
2133 1380 2329 1437 domin
2376 1381 2624 1438 ecclesiae
2665 1390 2858 1447 erant;
2907 1395 3054 1436 nunc
3096 1382 3324 1436 ecclesia
3365 1382 3561 1440 domus

1943 1473 2080 1529 facta
2120 1481 2226 1529 est.
2277 1472 2421 1528 Nihil
2466 1481 2594 1528 tunc
2639 1473 2694 1527 in
2739 1473 2902 1528 domo
2945 1473 3207 1529 saeculare
3240 1474 3557 1532 dicebatur:

1943 1580 2086 1621 nunc
2113 1565 2165 1619 in
2193 1564 2422 1620 ecclesia
2454 1563 2589 1619 nihil
2619 1563 2902 1636 spirituale
2946 1563 3165 1630 dicitur,
3208 1565 3305 1619 sed
3350 1574 3404 1620 et
3453 1563 3563 1622 huc

1942 1658 2103 1713 etiam
2148 1655 2250 1712 fori
2275 1656 2488 1728 negotia
2533 1654 2789 1711 inducitis
2833 1672 2850 1711 :
2895 1655 3424 1726 Deoqueloquentc,
3450 1670 3559 1712 nou

1943 1750 2104 1808 modo
2148 1750 2326 1820 ipsum
2369 1748 2591 1805 silentio
2640 1764 2748 1805 non
2795 1747 3016 1814 auditis,
3054 1747 3150 1804 sed
3188 1749 3458 1804 contraria
3501 1747 3560 1804 in

1944 1839 2180 1896 medium
2210 1838 2439 1895 adducta
2467 1838 2682 1911 negotia
2707 1838 2992 1909 loquimini
3023 1854 3043 1894 :
3069 1849 3236 1909 atque
3262 1838 3466 1894 utinam
3495 1854 3561 1895 ea

1942 1948 2064 2003 qua:
2106 1933 2172 1988 ad
2222 1946 2320 1989 vos
2363 1933 2639 2004 pertinent
2671 1943 2881 1988 tantum
2905 1949 2922 1998 ;
2949 1947 3112 1996 nunc
3135 1940 3319 1988 autem
3348 1946 3412 1987 ea
3442 1947 3564 2002 quas

1944 2025 2076 2080 nihil
2101 2024 2169 2080 ad
2197 2039 2296 2080 vos
2323 2035 2568 2096 spectant
2590 2035 2648 2081 et
2673 2025 2854 2083 dicitis
2873 2035 2928 2081 et
2951 2023 3171 2080 auditis.
3223 2025 3352 2082 Ideo
3376 2026 3562 2096 lugeo,

1943 2126 1999 2173 et
2039 2118 2252 2190 lugendi
2276 2119 2437 2174 linem
2469 2134 2576 2174 non
2605 2117 2819 2175 faciam.
2859 2117 3050 2188 Neque
3073 2117 3220 2173 enim
3251 2132 3470 2188 possum
3494 2133 3561 2172 ex

1945 2207 2048 2264 hac
2072 2208 2237 2264 domo
2268 2207 2561 2280 proﬁcisci,
2599 2210 2695 2265 sed
2720 2210 2807 2264 hic
2835 2222 3058 2264 manere
3087 2222 3309 2264 necesse
3331 2221 3436 2273 est,
3461 2207 3564 2264 do-

1945 2313 2047 2355 nec
2080 2313 2149 2359 ex
2183 2300 2440 2370 praesenti
2464 2315 2726 2356 exeamus
2761 2300 2896 2355 vita.
2952 2298 3223 2368 Suscipite
3261 2313 3396 2370 ergo
3439 2313 3562 2365 nos,

1944 2390 2084 2448 sicut
2106 2389 2306 2446 Paulus
2332 2389 2410 2463 (2.
2441 2390 2560 2446 Cor.
2592 2391 2644 2445 7.
2672 2390 2732 2459 2)
2761 2390 3036 2460 pmcepit.
3079 2388 3266 2458 Neque
3309 2388 3458 2443 enim
3490 2385 3564 2444 de

1944 2496 2132 2537 mensa
2176 2480 2500 2552 loquebatur
2547 2480 2662 2548 ille,
2712 2479 2810 2537 sed
2853 2478 2923 2535 de
2974 2478 3250 2534 voluntate
3271 2487 3326 2534 et
3358 2477 3563 2534 animo.

1947 2571 2061 2627 Hoc
2086 2579 2141 2627 et
2162 2587 2263 2627 nos
2291 2586 2321 2626 a
2351 2571 2506 2627 vobis
2537 2571 2895 2640 postulamus,
2943 2569 3250 2632 caritatem,
3303 2577 3361 2624 et
3415 2583 3566 2623 amo-

1946 2679 2059 2719 rem
2090 2663 2241 2720 illum
2282 2663 2562 2720 ardentem
2589 2673 2645 2719 et
2681 2664 2978 2719 sincerum.
3035 2662 3192 2732 Quod
3239 2664 3284 2718 si
3326 2662 3430 2719 hoc
3457 2677 3566 2718 non

1946 2755 2118 2821 fertis,
2161 2753 2354 2810 saltem
2396 2769 2496 2809 vos
2543 2764 2735 2810 mutuo
2776 2763 2976 2819 amate,
3023 2763 3348 2824 prasentem
3392 2752 3566 2823 depo-

1947 2855 2140 2901 nentes
2162 2845 2698 2917 negligentiam.lioc
2719 2846 2877 2900 nobis
2900 2844 2968 2899 ad
2990 2845 3420 2900 consolationem
3436 2843 3569 2899 satis

1945 2942 2049 3004 εει,
2073 2937 2117 2990 si
2141 2935 2418 2992 videamus
2437 2951 2534 2992 vos
2554 2945 2704 2992 recte
2723 2945 2948 3005 agentes
2970 2943 3028 2991 et
3048 2934 3307 3011 meliores
3321 2932 3564 2990 effectos.

1944 3026 2036 3083 Sic
2081 3026 2342 3097 majorem
2373 3041 2476 3098 ego
2512 3027 2792 3082 caritatem
2839 3023 3141 3092 exhibebo,
3180 3024 3226 3079 si
3276 3022 3571 3078 ferventius

1946 3119 2337 3180 amans,minus
2354 3133 2506 3172 amer
2521 3133 2551 3171 a
2575 3117 2916 3172 vobileulta
2931 3115 3077 3172 enim
3097 3130 3198 3169 nos
3210 3114 3556 3184 coniungunt

1949 3226 2051 3264 una
2080 3224 2265 3264 mensa
2292 3209 2545 3263 omnibus
2577 3209 2853 3278 proposita
2871 3247 2886 3270 ,
2921 3220 3061 3261 unus
3091 3206 3246 3261 nobis
3277 3217 3431 3275 pater
3459 3215 3560 3272 est,

1947 3303 2139 3358 eodem
2167 3308 2325 3371 partu
2355 3314 2548 3356 omnes
2577 3299 2900 3368 prodiimus,
2956 3297 3098 3352 idem
3129 3305 3287 3367 potus
3312 3297 3569 3352 omnibus

1948 3391 2106 3446 datus
2134 3399 2250 3455 est;
2290 3390 2401 3445 imo
2426 3404 2535 3444 non
2563 3389 2739 3443 solum
2772 3389 2916 3443 idem
2944 3397 3125 3458 potus,
3155 3385 3253 3446 scd
3282 3401 3346 3442 ex
3374 3386 3568 3442 eodem

1948 3485 2118 3541 calice
2146 3482 2464 3541 sumendus.
2489 3482 2653 3538 Pater
2683 3467 2829 3536 enim
2860 3487 3066 3545 noster,
3117 3495 3243 3536 cum
3282 3493 3382 3535 nos
3408 3478 3572 3535 vellet

1951 3577 2004 3630 in
2053 3586 2298 3629 mutuum
2328 3566 2569 3630 amarem
2620 3572 2897 3636 inducere,
2928 3571 3059 3627 illud
3085 3571 3422 3642 machinatus
3454 3578 3571 3635 est,

1951 3676 2013 3746 ut
2058 3683 2124 3722 ex
2158 3682 2265 3722 uno
2291 3666 2459 3722 calice
2487 3665 2840 3728 biberemus;
2880 3663 3024 3734 quod
3051 3647 3302 3719 maxim
3322 3671 3406 3716 est
3431 3661 3573 3717 cari-

1952 3759 2101 3814 tatis.
2149 3757 2254 3813 Sed
2281 3758 2566 3828 apostolis,
2617 3757 2851 3826 inqules,
2903 3754 3051 3826 digni
3093 3768 3202 3810 non
3250 3766 3458 3810 sumus.
3512 3750 3570 3807 id

1951 3863 2054 3920 ego
2081 3850 2271 3913 fateor,
2323 3862 2424 3902 nec
2471 3861 2727 3916 umquam
2765 3845 3099 3916 negaverim.
3148 3844 3267 3900 Non
3291 3844 3437 3900 enim
3462 3842 3569 3898 illis

1953 3939 2118 3996 modo
2147 3982 2162 4004 ,
2194 3939 2289 3994 sed
2336 3952 2407 3993 ne
2455 3936 2662 3992 umbrat
2698 3935 2920 4007 quidem
2962 3934 3178 3991 illorum
3218 3933 3573 4004 comparandi

1955 4048 2164 4089 smnus.
2211 4035 2460 4086 Attamen
2489 4043 2583 4083 vos
2609 4029 2847 4083 ofticium
2881 4038 3120 4083 vestrum
3158 4028 3400 4098 implete.
3454 4026 3568 4082 Non
3672 4015 3676 4019 ’

1954 4126 2098 4179 enim
2122 4122 2253 4178 illud
2284 4123 2441 4177 vobis
2471 4136 2728 4193 umquam
2761 4120 2952 4191 pudori
2983 4121 3112 4186 erit,
3158 4121 3254 4176 sed
3300 4135 3394 4174 vos
3440 4134 3557 4174 ma-

1955 4219 2098 4273 xime
2139 4216 2367 4287 iuvabit.
2409 4213 2546 4269 Cum
2577 4214 2724 4268 enim
2770 4212 2935 4268 etiam
2963 4226 3093 4284 erga
3131 4211 3384 4281 indignos
3410 4210 3573 4266 talem

1956 4307 2280 4363 exhibebitis
2317 4320 2582 4368 amorem,
2632 4306 2793 4360 talem
2840 4303 3275 4374 obsequentiam,
3303 4311 3430 4357 tunc
3451 4317 3572 4356 ma-

1953 4403 2129 4474 jorem
2162 4401 2436 4471 recipietis
2467 4396 2802 4454 mercedem.
2832 4396 2950 4452 Non
2987 4405 3168 4450 nostra
3201 4395 3401 4465 quippe
3441 4393 3574 4449 diciv

1958 4509 2117 4559 mus;
2155 4495 2279 4565 quia
2322 4493 2502 4548 nullus
2527 4499 2614 4545 est
2640 4490 2797 4545 nobis
2828 4489 3020 4544 doctor
3047 4489 3100 4543 in
3128 4497 3266 4544 terra
3291 4505 3303 4554 ;
3332 4487 3426 4542 sed
3451 4500 3573 4558 quas

1959 4587 2288 4657 accepimus,
2327 4584 2543 4649 damus,
2578 4593 2652 4638 et
2697 4598 2798 4654 pro
2823 4585 2950 4636 dato
2980 4579 3112 4635 nihil
3136 4595 3168 4636 a
3209 4580 3363 4634 vobis
3393 4582 3576 4650 requi-

1962 4681 2150 4744 rimus,
2202 4676 2302 4732 nisi
2354 4682 2414 4732 ut
2454 4673 2799 4731 redamemur
2847 4681 3079 4727 tantum.
3125 4669 3280 4739 Quod
3320 4671 3364 4724 si
3409 4671 3571 4727 etiam

1963 4786 2148 4826 amore
2189 4768 2390 4838 indigni
2438 4781 2628 4822 sumus
2656 4808 2671 4829 ,
2713 4763 2799 4819 vel
2847 4763 2972 4818 hinc
3017 4761 3126 4818 cito
3155 4763 3359 4818 erimus
3402 4760 3573 4830 digni,

1963 4862 2103 4932 quod
2153 4873 2250 4914 vos
2293 4873 2419 4914 vere
2466 4871 2733 4912 amemus.
2777 4852 3228 4926 Quandoquidem
3259 4852 3569 4908 mansimus.)

1968 4953 2122 5008 nobis
2164 4960 2267 5014 est,
2314 4965 2420 5004 non
2450 4948 2626 5003 solum
2649 4961 2745 5001 eos
2770 4946 2860 5015 qui
2897 4959 2997 4999 nos
3021 4953 3204 5000 amant
3229 4959 3433 5008 amare,
3477 4942 3577 4998 sed

1967 5046 2131 5098 etiam
2173 5042 2420 5096 inimicos
2471 5037 2716 5108 diligere.
2770 5038 2902 5103 Quis
2929 5036 3000 5090 ita
3051 5035 3320 5098 immanis,
3357 5034 3477 5104 quis
3505 5033 3576 5087 ita.

1972 5134 2135 5196 ferus,
2169 5131 2261 5203 qui
2289 5129 2378 5184 tali
2407 5137 2625 5197 accepta
2658 5127 2776 5197 lege
2800 5168 2815 5193 ,
2843 5129 3005 5181 etiam
3039 5131 3118 5179 sui
3147 5136 3394 5180 amantes
3430 5138 3583 5179 avere

1971 5233 2121 5280 setur
2169 5232 2224 5278 et
2250 5221 2374 5278 odio
2417 5219 2634 5286 haheat,
2667 5219 2879 5274 etiamsi
2909 5217 3054 5271 mille
3080 5218 3148 5270 sit.
3175 5217 3318 5271 vitiis
3345 5216 3534 5287 plenus
3565 5224 3584 5276 ξ

1972 5311 2486 5390 Μειιεωββίι-ἰιυθιίθ
2511 5317 2793 5365 consortes
2815 5307 3015 5363 fuimus
3051 5325 3064 5360 :
3092 5307 3388 5376 spiritualis
3411 5306 3573 5359 etiam

1972 5405 2209 5461 caritatis
2231 5410 2514 5457 consortes
2547 5403 2737 5455 simus.
2765 5399 2896 5454 Nam
2929 5400 2973 5454 si
3006 5398 3260 5462 latrones,
3297 5398 3386 5466 qui
3419 5399 3580 5451 simul

1976 5503 2284 5556 vescuntur,
2317 5492 2486 5547 moris
2513 5492 2594 5546 sui
2628 5501 2816 5544 mutuo
2846 5490 3260 5552 obliviscuntur,
3290 5503 3450 5558 quam
3486 5501 3583 5543 n0;

1977 5588 2376 5644 excusationem
2426 5582 2766 5646 habebimus,
2799 5583 2886 5651 qui
2919 5579 3173 5634 dominici
3207 5579 3453 5649 corporis
3494 5595 3588 5634 su-

1976 5693 2095 5733 tnus
2121 5684 2422 5739 consortes,
2470 5687 2571 5728 nec
2595 5673 3304 5727 illorum'munsuetudinem
3339 5682 3587 5723 mutuam

1981 5769 2286 5826 imitamur?
2328 5767 2489 5838 Atqui
2514 5765 2698 5822 multis
2725 5779 2831 5821 non
2861 5779 3062 5821 meuszc
3089 5772 3313 5831 tantum,
3343 5762 3445 5824 sed
3473 5760 3597 5816 civi-
