4104 6308
586 359 690 415 387

586 483 714 539 tatis
739 480 898 535 etiam
926 472 1153 534 societas
1182 475 1314 530 satis
1350 474 1446 531 fuit
1471 474 1536 530 ad
1562 475 1848 531 amicitiam
1875 492 1887 526 :
1921 488 2018 527 nos
2043 487 2170 526 vero

583 574 673 643 qui
699 571 943 628 eamdem
970 570 1225 624 habemus
1248 568 1537 635 civitatem,
1571 568 1812 631 domum,
1854 567 2012 628 viam,
2042 580 2169 634 por-

585 676 714 731 tam,
766 661 1020 722 radicem.
1063 664 1247 724 vitam,
1294 660 1428 715 idem
1474 668 1655 727 caput,
1695 656 1940 711 eumdem
1987 666 2167 726 pasto-

584 769 720 815 rem,
772 767 981 823 regetn,
1032 751 1334 812 doctorem,
1376 749 1649 817 judicem,
1696 755 2030 807 creatorem,
2071 761 2166 814 pa-

584 854 745 909 trem,
783 842 1063 909 «muriaque
1098 838 1421 902 communia,
1455 851 1556 907 qua
1584 839 1781 890 erimus
1815 837 1964 889 venia
1999 836 2165 905 digni,

580 936 625 989 si
656 936 879 989 invicem
906 931 1296 985 dissideamus?
1328 928 1520 983 Verum
1551 928 1698 998 signa
1746 929 2004 996 quwritis,
2048 942 2167 995 qua:

583 1028 654 1080 illi
698 1024 918 1094 ingressi
963 1020 1247 1087 faciebant,
1291 1021 1531 1088 leprosos
1577 1018 1923 1083 mttndabant,
1970 1017 2170 1070 dmmo-

581 1131 675 1167 nas
703 1112 1006 1182 ejiciebaut,
1058 1119 1299 1164 mortuos
1320 1106 1684 1162 suscitabat?
1728 1106 1832 1161 Sed
1860 1118 1912 1161 ct
1940 1107 2039 1159 hoc
2071 1122 2169 1160 no-

580 1205 793 1260 bilitatis
814 1213 1003 1258 vestra:
1024 1203 1317 1255 maximum
1343 1201 1593 1254 indicium
1624 1208 1723 1260 est.
1751 1198 2054 1268 amorisque
2078 1214 2170 1249 ve—

580 1297 699 1358 stri,
739 1294 876 1364 quod
927 1295 1042 1346 sine
1088 1292 1397 1361 pignoribus
1432 1290 1732 1361 bujusmodi
1767 1290 1875 1343 Deo
1914 1289 2162 1344 ert-datis.

583 1385 653 1439 Ea
684 1386 822 1438 enim
853 1382 921 1437 de
948 1397 1107 1451 eausa
1153 1383 1381 1436 cessavit
1409 1382 1548 1434 Deus
1573 1368 1720 1450 aikna
1744 1382 1904 1434 edere
1923 1420 1936 1443 ,
1980 1381 2134 1432 aliam
2152 1406 2168 1419 ο

578 1490 683 1545 que
712 1489 928 1529 causam
962 1466 1193 1542 profero.
1228 1471 1359 1526 Nam
1394 1461 1461 1538 si,
1488 1473 1818 1526 cessantibus
1845 1472 2029 1541 signis,
2076 1469 2165 1539 qui

579 1565 697 1618 aliis
747 1564 958 1618 dotibus
993 1573 1114 1617 sunt
1155 1562 1421 1627 instructi,
1474 1571 1531 1615 ut
1577 1561 1721 1614 verbi
1769 1562 2047 1632 sapientia.
2080 1562 2165 1617 vel

582 1656 790 1724 pietatis
825 1654 1148 1724 praestantia,
1180 1669 1329 1708 vanze.
1354 1654 1541 1722 εισι-ξω
1573 1663 1696 1707 sunt
1722 1652 1911 1716 dediti,
1943 1669 2060 1707 sese
2089 1653 2167 1707 ef-

579 1744 778 1809 ferunt,
823 1758 1049 1813 seseque
1094 1745 1163 1797 ab
1207 1745 1327 1797 aliis
1368 1744 1653 1813 seiungunt
1692 1762 1705 1798 :
1748 1744 1793 1797 si
1824 1744 1982 1798 etiam
2014 1744 2167 1810 signa

576 1835 845 1896 adessent,
889 1849 997 1903 quo
1023 1850 1127 1893 non
1154 1820 1506 1903 erumperent
1535 1831 1859 1887 schismata?
1894 1831 2044 1897 Quod
2071 1847 2166 1885 au-

580 1934 685 1979 tem
732 1925 845 1977 haec
887 1939 991 1976 non
1038 1940 1101 1977 ex
1154 1924 1460 1991 conjectura
1491 1922 1757 1983 ditantur,
1814 1924 2164 1976 tcstiticautur

572 2015 857 2077 Corinthii,
902 2018 990 2085 qui
1042 2016 1164 2070 inde
1208 2016 1404 2070 attritas
1447 2016 1498 2068 in
1548 2025 1729 2082 partes
1754 2014 1993 2067 distracti
2038 2023 2163 2068 sunt

579 2105 656 2173 (1.
683 2102 801 2171 Cor.
838 2106 911 2173 I).
966 2103 1047 2158 Ne
1083 2106 1229 2173 signa
1254 2118 1484 2173 qtneras,
1528 2103 1619 2159 sed
1658 2104 1852 2157 animm
1880 2103 2161 2157 incolumi-

581 2204 763 2249 tatem.
812 2194 889 2250 Ne
930 2211 1139 2265 quaeras
1166 2205 1434 2250 mortuum
1461 2197 1775 2249 suscitatam
1804 2195 2006 2255 videre,
2039 2210 2163 2249 cum

572 2286 823 2342 didiceris
849 2296 1014 2342 totum
1049 2287 1233 2343 orbem
1264 2298 1690 2344 resurrecturum
1720 2301 1862 2342 esse.
1908 2285 1983 2342 Ne
2011 2301 2158 2356 quaa-

572 2390 664 2431 ras
702 2392 902 2433 aecum
942 2388 1186 2435 sanatum
1226 2376 1443 2441 videre;
1492 2379 1587 2433 sed
1618 2377 1739 2432 vide
1762 2393 1906 2433 nunc
1933 2392 2157 2443 omnes,

573 2466 791 2522 meliore
839 2476 897 2521 et
942 2468 1156 2522 utiliore
1200 2469 1392 2524 intuitu
1452 2470 1800 2539 respicientes
1850 2488 1863 2523 :
1918 2484 1981 2524 ac
2014 2469 2162 2525 disce

572 2544 934 2625 temperanter
980 2559 1289 2625 respicere,
1352 2567 1409 2612 et
1454 2560 1671 2612 oculum
1722 2567 1872 2613 tuum
1929 2560 2154 2629 corrige.

573 2644 706 2700 Nam
761 2648 804 2700 si
847 2650 1082 2701 omnium
1133 2659 1371 2701 nostrum
1426 2651 1531 2702 vita
1585 2650 1703 2703 talis
1738 2660 1900 2715 esset,
1947 2650 2156 2719 qualem

572 2750 694 2789 esse
725 2746 1017 2803 oporteret,
1046 2738 1271 2805 gentiles
1318 2739 1438 2808 plus
1484 2754 1582 2795 nos
1623 2742 1966 2804 mirarentur,
1996 2756 2154 2811 quam

574 2824 618 2878 si
649 2826 902 2880 miracula
933 2840 1283 2896 patraremus.
1331 2829 1491 2898 Signa
1518 2829 1717 2899 quippe
1742 2832 1921 2899 specie
1949 2839 2153 2885 tantum

570 2917 693 2970 talia
745 2932 867 2972 esse
912 2927 1182 2985 putantur,
1230 2933 1403 2990 neque
1451 2931 1577 2975 sunt
1606 2936 1635 2974 a
1665 2936 1827 2991 prava
1852 2924 2155 2992 suspicione

572 3009 760 3074 libera,
825 3012 1029 3067 etiamsi
1076 3012 1222 3079 signa
1271 3022 1451 3066 nostra
1496 3028 1598 3067 non
1652 3013 1954 3083 hujusmodi
2001 3017 2151 3071 sint:

570 3100 673 3154 vita
713 3110 886 3154 autem
932 3116 1059 3171 pura
1095 3103 1184 3155 tali
1216 3104 1502 3171 suspicioni
1531 3106 1759 3160 obnoxia
1791 3123 1909 3162 esse
1937 3112 2150 3179 nequit;

569 3192 658 3247 sed
703 3190 906 3244 virtutis
936 3194 1200 3260 possessio
1232 3196 1468 3248 omnium
1496 3198 1721 3251 obstruit
1752 3213 1866 3253 ora.

635 3283 688 3337 8.
729 3280 939 3336 Virtutis
966 3286 1275 3351 pm‘stantia.
1304 3314 1373 3323 —
1403 3285 1595 3341 Virtuti
1627 3304 1755 3358 ergo
1784 3292 2094 3347 studeamus
2123 3311 2138 3347 :

571 3374 749 3426 multa:
775 3373 970 3441 quippe
997 3384 1119 3427 sunt
1147 3376 1287 3427 illius
1316 3376 1532 3441 diviti-.e,
1568 3395 1883 3449 magn-eque
1912 3382 2150 3439 admira~

568 3462 693 3515 tioni
746 3462 1023 3516 habentur.
1056 3463 1143 3516 Illa
1177 3478 1358 3518 veram
1400 3468 1598 3533 praebet
1629 3469 1957 3540 libertatem,
1994 3474 2061 3527 ita
2095 3486 2152 3531 ut

568 3550 729 3605 etiam
762 3552 816 3605 in
846 3555 1101 3608 servitute
1126 3556 1431 3623 spectaculo
1460 3558 1527 3612 sit
1558 3577 1571 3611 :
1602 3574 1709 3613 non
1736 3563 1877 3629 quod
1916 3579 1946 3617 a
1977 3568 2149 3620 servi-

569 3653 678 3698 tute
706 3643 913 3709 liberet,
945 3645 1039 3700 sed
1067 3647 1208 3715 quod
1239 3664 1427 3703 servos
1460 3651 1644 3705 reddat
1677 3653 1857 3708 liberis
1888 3664 2148 3724 praestan-

566 3738 747 3799 tiiires,
780 3736 829 3789 id
861 3738 1000 3805 quod
1032 3738 1280 3794 libertate
1302 3742 1475 3795 multo
1495 3744 1667 3812 tnajus
1695 3755 1779 3800 est
1812 3763 1827 3799 :
1863 3761 2149 3820 pauperem

564 3840 669 3880 non
718 3825 891 3879 reddit
928 3825 1172 3891 divitem,
1208 3829 1302 3883 sed
1342 3832 1445 3884 etsi
1487 3846 1687 3899 pauper
1732 3846 1962 3899 maneat,
1996 3839 2144 3895 illum

562 3915 724 3968 divite
754 3914 875 3967 facit
905 3917 1311 3983 opulentiorem.
1339 3906 1496 3986 Quod
1531 3923 1573 3974 si
1605 3924 1738 3977 velis
1767 3927 1916 3995 signa
1949 3928 2142 3998 facere,

564 4021 594 4057 υ
615 4004 837 4068 peccatis
867 4014 917 4058 te
942 4006 1151 4073 expedi,
1182 4016 1418 4062 cttotutn
1444 4010 1733 4081 perferisti.
1762 4016 1894 4070 Nam
1923 4036 2146 4090 magnus

558 4091 767 4146 dastuon
813 4103 895 4149 est
934 4106 1241 4162 peccatum,
1273 4097 1509 4166 dilecte;
1541 4111 1595 4155 et
1637 4103 1680 4157 si
1723 4105 1848 4159 illud
1892 4110 2140 4178 eieceris,

571 4226 2711 4260 Ἣ

1313 361 1368 413 S.
1410 358 1687 415 JO.\NNIS
1722 354 2198 415 CHRYSOSTOHI
2232 353 2544 413 ARCIIIEP.
2585 354 3117 412 CONSTANTINOI’.

3767 350 3868 408 538

2275 470 2447 538 majus
2487 470 2759 541 quidpiam
2806 469 3022 537 fecisti,
3061 482 3222 538 quam
3264 467 3355 538 qui
3410 466 3559 523 mille
3596 466 3867 523 daemonas

2272 560 2555 627 expulerit.
2590 559 2727 613 Audi
2760 558 2980 615 Paulum
3010 559 3278 613 dicentem
3299 599 3314 622 ,
3341 565 3396 612 et
3418 557 3678 611 virtutem
3707 557 3867 610 mira-

2271 650 2405 704 culis
2425 660 2838 721 anteponentem
2868 668 2883 704 :
2910 648 3258 704 ﬁmntamini
3280 658 3448 703 autem
3467 690 3483 715 ,
3514 649 3725 717 inquit,
3750 648 3871 702 clul-

2269 742 2481 794 rismata
2508 744 2796 811 spiritantia
2825 756 2844 793 :
2870 749 2917 795 et
2943 740 3112 793 adhuc
3139 740 3544 795 excellentium:
3572 742 3708 793 uiam
3732 739 3872 793 vobis

2268 832 2478 885 ostendo
2508 831 2583 902 (t.
2610 832 2727 885 Cor.
2762 830 2845 885 12.
2878 828 2971 901 51)
2998 848 3011 892 ;
3039 839 3095 884 et
3133 828 3271 884 hanc
3296 831 3437 884 viam
3474 840 3660 900 postea
3704 844 3869 897 espo-

2271 934 2437 981 neus,
2486 937 2591 974 non
2641 929 2883 975 mortuos
2932 920 3220 975 suscitatus
3272 919 3424 986 dicit,
3468 936 3575 977 non
3625 921 3866 989 leprosos

2271 1009 2587 1072 mundatos,
2620 1025 2723 1063 non
2760 1009 2905 1064 aliud
2948 1009 3123 1064 simile
3149 1007 3464 1079 quidpiam;
3507 1010 3603 1065 sed
3648 1026 3748 1081 pro
3787 1008 3867 1062 bis

2270 1102 2518 1156 omnibus
2543 1102 2820 1157 caritatem
2851 1104 3046 1170 posuit.
3070 1101 3209 1156 Audi
3236 1116 3449 1172 quoque
3476 1100 3752 1157 Christum
3780 1102 3864 1156 di-

2271 1202 2481 1247 contem
2514 1212 2527 1247 :
2559 1191 2735 1247 Nolite
2761 1194 2942 1257 laturi,
2978 1195 3217 1263 quoniam
3245 1192 3496 1247 dmonin
3525 1194 3664 1246 vobis
3700 1193 3865 1263 subji-

2270 1285 2494 1349 ciuntur,
2536 1283 2626 1337 scd
2651 1285 2772 1350 quia
2811 1285 3017 1337 nomina
3047 1294 3212 1337 vestra
3246 1283 3437 1351 scripta
3477 1293 3593 1337 sunt
3636 1283 3693 1336 in
3729 1285 3865 1337 caelis

2272 1373 2423 1433 (Luc.
2459 1374 2543 1428 10.
2574 1373 2687 1444 20).
2721 1374 2784 1428 Et
2807 1382 2961 1429 antea
2987 1374 3194 1429 d'xerat
3224 1390 3237 1424 τ
3269 1372 3425 1426 Multi
3454 1374 3623 1427 dicent
3651 1375 3780 1426 mihi
3811 1376 3861 1428 itt

2263 1467 2349 1517 dte
2372 1464 2464 1516 illa
2494 1479 2513 1517 :
2542 1462 2728 1518 Nonne
2751 1465 2802 1518 in
2831 1464 3033 1517 nomine
3071 1474 3157 1517 tuo
3205 1464 3649 1531 praphetaoimus,
3683 1474 3729 1517 et
3755 1465 3864 1517 dae-

2269 1554 2436 1607 monia
2474 1555 2768 1623 ejecimus‘,
2796 1564 2844 1606 et
2865 1556 3069 1607 virtutes
3113 1555 3300 1607 multas
3346 1553 3596 1623 fecimus."
3628 1554 3699 1609 Et
3747 1564 3864 1608 tunc

2266 1646 2540 1712 conﬁtebor
2565 1647 2672 1711 eis,
2713 1644 2900 1701 Nescia
2948 1661 3034 1700 vos
3081 1644 3312 1713 (Matth.
3363 1645 3414 1697 7.
3464 1644 3554 1699 ἥ.
3604 1646 3734 1715 25).
3785 1645 3861 1699 Ad

2266 1752 2481 1793 crucem
2504 1738 2663 1792 etiam
2691 1739 2862 1794 iturus
2884 1779 2899 1802 ,
2930 1737 3134 1791 vocatis
3164 1736 3440 1805 discipulis
3468 1736 3605 1791 dixit
3630 1754 3644 1789 :
3676 1735 3745 1790 In
3772 1737 3863 1791 hoc

2266 1838 2564 1897 cognoscent
2584 1844 2755 1882 omnes
2777 1828 2897 1898 quia
2914 1828 3011 1880 mei
3025 1828 3265 1895 discipuli
3284 1827 3424 1893 estis,
3455 1843 3560 1881 non
3589 1828 3632 1882 si
3664 1828 3864 1883 damo-

2269 1920 2352 1970 uia
2402 1918 2651 1988 ejiciatis,
2692 1918 2786 1973 sed
2829 1918 2891 1973 Si
2916 1918 3233 1972 dilectionem
3259 1918 3534 1987 habueritis
3555 1919 3627 1971 ad
3654 1921 3863 1973 inuicem

2267 2004 2445 2077 (Joan.
2468 2008 2556 2062 15.
2579 2006 2693 2080 35).
2722 2010 2798 2065 At:
2825 2023 3035 2061 rursum
3071 2024 3085 2060 :
3118 2005 3185 2060 In
3213 2008 3307 2061 hoc
3336 2020 3635 2079 cognoscent
3666 2025 3861 2076 murtea,

2264 2098 2381 2166 quia
2419 2108 2474 2150 tu
2512 2114 2592 2153 me
2629 2099 2846 2162 misisti;
2885 2112 2993 2152 non
3024 2099 3067 2153 si
3100 2108 3340 2152 mortuos
3370 2097 3421 2151 hi
3452 2098 3861 2162 suscitaveriut,

2266 2187 2358 2241 sed
2387 2186 2447 2243 Si
2477 2204 2632 2243 unum
2659 2189 2848 2257 fuerint
2874 2187 3056 2257 (Joan.
3083 2189 3172 2242 17.
3198 2186 3315 2259 αδ).
3355 2188 3487 2243 Nam
3527 2205 3673 2259 ωερε
3714 2192 3861 2261 signa

2264 2277 2488 2331 alterum
2523 2277 2739 2348 quidem
2764 2279 3024 2347 juvaruut
3052 2294 3065 2330 :
3096 2278 3144 2332 ei
3190 2293 3318 2332 vero
3355 2277 3448 2348 qui
3490 2280 3704 2349 signum
3744 2281 3865 2337 fecit

2265 2379 2584 2435 nocuerunt,
2606 2367 2734 2423 dum
2759 2369 2813 2423 in
2837 2376 3103 2424 tumorem
3126 2368 3447 2438 inanemque
3461 2368 3687 2439 gloriam
3718 2370 3862 2424 i-Ium

2263 2458 2649 2528 coniecerunt,
2694 2459 2782 2513 vel
2819 2458 2924 2512 alio
2964 2459 3124 2513 modo
3169 2459 3472 2513 laeserunt:
3507 2459 3558 2513 in
3601 2460 3860 2529 operibus

2266 2565 2392 2605 vero
2431 2550 2561 2604 nihil
2600 2549 2705 2605 tale
2753 2550 3012 2619 suapicari
3068 2550 3212 2616 licet,
3256 2552 3350 2604 sed
3395 2558 3451 2605 et
3489 2565 3605 2617 eos,
3638 2552 3731 2622 qui
3777 2553 3860 2607 illa

2261 2651 2544 2705 exerceant,
2590 2651 2643 2695 et
2682 2642 2813 2697 alios
2862 2643 3059 2697 multos
3102 2643 3314 2712 juvant.
3356 2643 3481 2699 litec
3515 2645 3696 2714 itaque
3735 2660 3855 2701 cum

2262 2746 2451 2801 magna
2498 2731 2775 2802 diligentia
2819 2732 3063 2788 edamus.
3105 2732 3238 2789 Nam
3282 2733 3330 2788 si
3372 2749 3437 2788 ex
3465 2735 3859 2793 inhumanitate

2260 2821 2327 2875 ad
2358 2823 2756 2895 eleemosynam
2782 2824 3011 2879 dandam
3039 2834 3090 2879 te
3116 2827 3468 2890 converteris,
3496 2842 3715 2883 manum
3738 2839 3860 2885 ante

2260 2911 2464 2965 aridam
2491 2915 2799 2970 extendisti.
2825 2913 2880 2969 Si
2915 2930 2942 2968 a
2974 2915 3188 2971 theatro
3202 2916 3470 2972 absistens
3495 2918 3547 2972 in
3571 2919 3856 2975 ecclesiam

2261 3002 2542 3057 intraveris
2565 3044 2579 3069 ,
2604 3003 2992 3059 claudicantem
3020 3006 3211 3075 pedem
3238 3006 3537 3062 restituisti.
3562 3010 3620 3065 Si
3646 3022 3860 3069 avertas

2261 3094 2444 3147 oculos
2485 3103 2602 3149 tuos
2650 3110 2677 3148 a
2728 3097 3012 3152 meretrice
3048 3107 3101 3152 et
3144 3113 3174 3150 a
3220 3100 3618 3167 pulchritudine
3658 3104 3855 3174 aliena,

2260 3183 2379 3237 illos
2413 3194 2567 3239 antea
2607 3200 2780 3240 (προς
2820 3188 3095 3256 aperuisti.
3127 3187 3184 3244 Si
3229 3205 3327 3259 pro
3351 3193 3605 3247 satauicis
3637 3196 3861 3252 canticis

2259 3274 2494 3343 psalmos
2524 3275 2795 3345 spiritales
2819 3275 3095 3343 didiceris,
3120 3293 3241 3334 cum
3270 3290 3453 3335 mutus
3480 3293 3608 3339 ante
3637 3282 3854 3352 fuisses,

2259 3366 2506 3435 loquutus
2538 3352 2616 3421 ei.
2662 3365 2785 3423 ﬂxae
2813 3368 3044 3422 maxima
3091 3369 3347 3425 miracula
3375 3381 3532 3437 sunt;
3564 3373 3682 3430 huic
3708 3378 3856 3445 signa

2257 3457 2471 3509 exituia.
2513 3456 2571 3512 Si
2618 3457 2735 3513 hmc
2764 3462 2911 3529 signa
2956 3461 3181 3517 edentes
3208 3478 3617 3533 perseveremus
3638 3508 3653 3532 ,
3679 3468 3855 3539 magni

2258 3559 2312 3599 et
2355 3546 2651 3600 admirandi
2696 3563 2790 3616 per
2835 3550 2948 3604 base
2979 3551 3212 3615 erimus,
3248 3553 3526 3624 malosque
3555 3571 3748 3613 onnies
3790 3558 3855 3612 ad

2258 3634 2505 3689 virtutem
2534 3636 2888 3704 alti-abemus,
2908 3654 2971 3693 ac
2999 3639 3171 3695 futura
3192 3641 3357 3712 gloria
3386 3641 3629 3699 fruemur
3653 3665 3667 3701 :
3697 3663 3855 3718 quam

2258 3727 2458 3779 utinam
2509 3743 2607 3781 nos
2646 3742 2832 3781 omnes
2877 3745 3292 3799 consequamur.
3336 3737 3507 3803 gratia
3550 3748 3604 3791 et
3647 3738 3853 3795 miseri-

2255 3815 2439 3871 cordia
2468 3815 2679 3873 Domini
2714 3820 2880 3875 nostri
2910 3820 3038 3886 Jesu
3076 3823 3275 3879 Christi
3296 3867 3311 3888 ,
3340 3827 3427 3880 cui
3456 3827 3628 3897 gloria
3661 3841 3717 3886 et
3752 3832 3849 3887 im-

2257 3906 2485 3975 perium,
2516 3907 2567 3961 in
2598 3907 2803 3963 inﬁnita
2826 3913 3020 3965 mula
3051 3914 3391 3983 seculorum.
3424 3919 3619 3972 Amen.

2318 4066 2335 4097 ¹
2376 4065 2447 4136 sic
2466 4067 2791 4136 Manuseripti.
2808 4064 2951 4115 Savii.
2976 4073 3139 4136 autem
3164 4073 3215 4136 et
3238 4069 3428 4136 logie!”
3453 4078 3573 4123 Ecce
3592 4072 3645 4123 in
3665 4075 3849 4129 nantis

2263 4131 2343 4175 tuo
2365 4127 2607 4175 dwmoniu
2622 4127 2872 4187 ejccnruts,
2898 4130 3089 4178 omissis
3109 4127 3417 4193 quibusdam.

2719 4250 3840 4276 ___________.________________

1634 4307 1977 4374 HOMILIA
2024 4315 2331 4381 XXXIII.
2376 4320 2462 4382 ai.
2508 4321 2809 4385 XXXIV.

564 4444 691 4500 Car.
725 4441 809 4496 10.
843 4457 894 4494 v.
928 4442 1012 4496 l6.
1043 4442 1169 4497 Ecce
1196 4461 1287 4515 ego
1315 4448 1457 4501 mitto
1483 4464 1569 4504 vos
1608 4443 1739 4504 sicut
1764 4469 1876 4509 oues
1905 4457 1956 4509 in
1984 4460 2147 4514 medio

636 4534 893 4599 luporum.
940 4531 1111 4587 Estote
1146 4552 1262 4605 ergo
1297 4537 1569 4606 prudentes
1613 4542 1740 4596 sicut
1782 4560 2067 4617 serpentes,
2100 4563 2145 4605 et

632 4621 883 4685 rimpiices
909 4623 1035 4675 sicut
1061 4623 1320 4678 cotuntbw.

636 4713 685 4765 1.
724 4711 1003 4780 Postquam
1036 4714 1153 4767 iitos
1184 4730 1248 4768 eo
1279 4716 1606 4785 deduxerat,
1643 4731 1697 4776 ut
1723 4723 1790 4780 de
1825 4733 2141 4788 necessariis

564 4800 628 4854 ad
655 4801 846 4856 victum
876 4803 971 4854 sibi
1003 4805 1403 4874 suppeditandis
1430 4812 1760 4868 conﬁderent
1786 4857 1800 4879 ,
1829 4826 1881 4871 et
1908 4822 2141 4876 omnium

560 4893 750 4947 domos
791 4894 918 4962 ipsis
944 4908 1253 4963 apt-ritual,
1299 4888 1835 4976 honestissimamqne
1876 4914 2142 4982 ingressus

562 4984 785 5038 fortnam
811 4984 1052 5049 dederat,
1080 5003 1184 5040 non
1210 4999 1263 5041 ut
1289 5005 1509 5047 errones
1538 5003 1589 5047 et
1616 5000 1888 5053 mendicos
1914 5019 2032 5059 esse
2058 5006 2143 5075 ju-

563 5078 729 5140 tteas,
768 5078 859 5129 sed
908 5085 963 5128 ut
999 5090 1055 5129 se
1100 5080 1509 5146 suscipientibus
1554 5084 1708 5154 longe
1752 5095 2144 5155 prmstantiores

562 5164 690 5229 (hoc
708 5165 849 5218 enim
882 5164 1331 5234 signiﬁcavitcum
1353 5171 1482 5224 dixit
1515 5191 1526 5225 :
1560 5174 1753 5245 Dignus
1778 5188 1850 5231 est
1882 5185 2143 5249 operarius

564 5255 787 5305 mercede
814 5268 938 5315 suo;
964 5262 1018 5307 et
1054 5271 1174 5309 cum
1206 5262 1453 5328 prmCepit
1478 5263 1779 5330 explanare,
1808 5269 1927 5336 quis
1954 5272 2144 5342 dignus

562 5352 742 5405 casct,
786 5342 963 5409 ibique
1007 5359 1262 5404 manere.
1303 5359 1460 5417 atque
1505 5354 1831 5419 excipientes
1880 5360 2133 5423 salutare,

562 5445 788 5497 rumque
825 5446 926 5482 non
966 5434 1376 5501 suscipientibus
1408 5438 1752 5495 intolerabilia
1794 5450 2146 5507 comminatus

564 5529 707 5574 esset
746 5520 914 5590 maia)
948 5538 960 5573 :
994 5533 1267 5591 postquam
1315 5528 1469 5597 igitur
1496 5530 1572 5583 sic
1606 5546 1817 5587 omnem
1856 5551 2036 5592 curam
2079 5544 2143 5595 ab

563 5611 693 5680 ipsxs
734 5610 984 5678 cjecerat,
1025 5626 1085 5666 ac
1110 5613 1381 5681 signorum
1423 5622 1725 5688 spectaculo
1752 5628 2017 5682 munierat
2043 5672 2057 5693 ,
2091 5642 2146 5687 et

562 5702 711 5771 quasi
747 5702 948 5755 ferreos
970 5702 1440 5779 adamantinosquc
1458 5709 1776 5779 reddiderat,
1802 5718 2147 5778 scccularibus

2254 4461 2502 4517 omnibus
2532 4469 2837 4535 superiores
2860 4511 2875 4534 ,
2900 4479 2953 4524 et
2980 4470 3048 4525 ab
3086 4472 3233 4528 omni
3277 4456 3625 4543 temporanea
3655 4481 3853 4537 sollici-

2262 4551 2449 4608 tudine
2497 4553 2792 4613 liberatos:
2828 4559 3045 4615 demum
3074 4561 3163 4617 illa
3215 4564 3457 4633 prmdieit
3504 4570 3681 4636 mala,
3734 4589 3853 4643 qua-

2256 4643 2398 4733 iﬁpsos
2441 4645 2682 4701 invasura
2716 4662 2867 4705 erant
2900 4668 2912 4703 :
2948 4669 3055 4707 non
3091 4656 3263 4709 sutum
3309 4672 3372 4711 ea
3416 4674 3537 4728 qua:
3566 4664 3849 4733 paulopost

2256 4732 2452 4799 futura,
2504 4737 2598 4791 sed
2652 4739 2812 4793 etiam
2865 4757 2926 4796 ea
2980 4758 3098 4812 quae
3152 4755 3272 4814 post
3316 4749 3546 4805 multum
3592 4732 3854 4825 temporis

2254 4834 2407 4878 arant
2436 4837 2725 4891 eventura,
2763 4831 2852 4885 diu
2884 4842 3009 4888 ante
3051 4835 3171 4888 illos
3208 4836 3273 4890 ad
3312 4838 3511 4893 bellum
3542 4858 3853 4914 pta-parans

2254 4924 2437 4967 contra
2460 4914 2725 4972 diabolum
2754 4922 3179 4991 suscipiendum.
3208 4926 3365 4980 Multa
3394 4930 3538 4985 enim
3566 4933 3693 4988 hinc
3714 4935 3852 4992 bona

2253 5004 2600 5073 emergebant
2644 5023 2656 5059 :
2706 5009 2899 5077 primo,
2950 5015 3094 5080 quod
3149 5015 3708 5086 ipsius'prtrscientiaa
3748 5026 3853 5081 vim

2253 5106 2601 5185 agnoscerent
2634 5114 2649 5161 ;
2693 5101 2960 5167 secundo,
2994 5104 3136 5172 quod
3171 5121 3326 5161 nemo
3356 5112 3615 5180 suspicari
3649 5128 3853 5185 posset,

2254 5181 2370 5237 lucc
2396 5185 2533 5238 mala
2564 5187 2631 5240 ob
2659 5188 2893 5245 doctoris
2923 5193 3341 5252 imbecillitatem
3368 5203 3587 5256 evenire
3611 5220 3628 5269 ;
3650 5181 3847 5273 tertio,

2256 5290 2321 5329 ne
2369 5276 2402 5329 ii
2444 5278 2533 5346 qui
2576 5277 2687 5335 haec
2739 5284 2942 5350 passuri
2969 5296 3153 5352 erant,
3186 5290 3630 5358 percellcrentur,
3660 5296 3707 5350 si
3740 5297 3853 5353 [nec

2257 5365 2616 5437 inexspectata
2640 5379 2695 5425 et
2716 5383 2909 5441 prater
2945 5389 3098 5445 spem
3127 5380 3486 5447 accidissent;
3528 5398 3723 5455 quarto
3742 5431 3757 5453 ,
3788 5404 3854 5444 ne

2260 5458 2371 5511 hmc
2394 5460 2569 5515 crucis
2588 5470 2828 5533 tempore
2855 5465 3135 5523 audientes
3164 5470 3544 5542 turbarentur;
3577 5493 3699 5533 nam
3726 5490 3852 5536 tunc

2258 5548 2448 5601 turbati
2480 5560 2623 5615 sunt,
2652 5567 2770 5605 cum
2792 5548 3124 5623 exprobrans
3145 5558 3276 5627 ipsis
3301 5561 3505 5619 diceret
3530 5584 3542 5618 :
3571 5568 3709 5634 Quia
3737 5572 3844 5626 tuac

2259 5637 2496 5705 loquutus
2538 5659 2649 5696 sum
2694 5645 2862 5711 robis,
2886 5649 3099 5717 tristitia
3128 5651 3355 5721 implevit
3394 5672 3482 5711 cor
3507 5670 3729 5714 rostrum
3751 5702 3769 5725 ,
3803 5672 3849 5716 et

2258 5741 2401 5781 uento
2425 5743 2487 5781 ex
2506 5733 2640 5786 vobis
2660 5734 2937 5806 interrogat
2962 5754 3059 5807 me,
3083 5739 3195 5808 Quo
3209 5741 3355 5796 vadis
3375 5741 3552 5810 (Joan.
3585 5746 3665 5801 16.
3692 5746 3743 5802 6.
3772 5747 3846 5803 5'?
