4104 6308
367 357 475 418 τέω

367 479 616 531 Attamen
651 471 721 526 de
763 484 822 526 se
859 469 990 524 nihil
1033 469 1210 523 adhuc
1246 469 1415 533 dicit,
1447 482 1640 538 nempe
1669 466 1814 537 quod
1848 467 1963 522 viu-

364 565 590 624 ciendus
614 572 786 631 esset,
816 561 1165 632 ﬂagellandus
1191 601 1205 624 ,
1239 559 1603 625 occidendus,
1649 575 1717 616 ne
1757 558 1836 615 sic
1870 575 1965 616 co-

363 674 486 716 rum
513 656 849 729 perturbaret
871 655 1101 719 animos,
1130 653 1225 709 sed
1253 653 1466 709 interim
1491 667 1610 723 qua:
1639 653 1772 722 ipsis
1797 668 1965 710 even-

367 759 483 806 tura
518 751 627 804 sint
665 745 1009 818 pneuuntiat.
1041 745 1244 802 Deinde
1271 753 1331 800 ut
1359 744 1592 808 discant,
1621 759 1814 798 novato
1846 758 1969 799 esse

366 840 504 896 banc
527 839 758 895 bellandi
783 838 976 910 legem,
1003 846 1057 892 et
1084 835 1380 891 inauditum
1410 835 1543 890 aciei
1573 833 1813 892 modum.
1841 849 1966 890 cum

365 932 539 989 nudos
566 931 773 997 mittat,
804 946 907 986 una
936 930 1153 985 indutos
1181 929 1359 984 tunica
1385 970 1400 992 ,
1437 927 1556 983 sine
1585 928 1783 982 calceis
1802 967 1819 994 ,
1851 926 1969 982 sine

366 1027 532 1096 virga,
578 1025 695 1081 sine
734 1024 949 1094 cingulo
978 1022 1062 1078 vel
1093 1035 1250 1091 pera,
1286 1035 1419 1092 quos
1451 1021 1521 1074 ali
1545 1019 1698 1091 jubet
1723 1019 1792 1074 ah
1825 1021 1970 1074 exci-

365 1116 666 1189 pientibus,
695 1130 802 1170 non
825 1114 913 1170 hic
935 1114 1096 1168 finem
1124 1111 1338 1167 dicendi
1375 1111 1534 1177 facit,
1567 1111 1662 1166 sed
1691 1125 1844 1165 suam
1875 1125 1967 1164 os-

364 1209 595 1266 tendens
629 1207 953 1265 inell'abilem
995 1206 1291 1276 potentiam
1337 1205 1467 1259 dicit
1510 1222 1522 1258 :
1567 1203 1656 1259 Sic
1705 1203 1969 1259 abeuntes

360 1302 541 1358 ovium
578 1299 1044 1358 mansuetudinem
1092 1299 1362 1362 exhibete,
1393 1298 1606 1354 etiamsi
1643 1308 1831 1354 contra
1880 1297 1968 1353 lu-

363 1411 460 1464 pos
491 1394 649 1461 ituri;
677 1408 778 1451 nec
794 1392 954 1449 modo
975 1400 1163 1449 contra
1192 1393 1370 1463 lupos,
1401 1390 1499 1448 sed
1524 1391 1687 1447 etiam
1713 1390 1781 1446 In
1803 1391 1967 1447 medio

359 1488 616 1556 luporum.
647 1486 834 1558 Neque
872 1495 1077 1540 tantum
1113 1485 1293 1541 ovium
1326 1483 1791 1540 mansuetudinem
1815 1483 1970 1555 jubet

359 1578 595 1647 habere,
626 1580 722 1636 sed
752 1579 916 1635 etiam
945 1577 1344 1648 simplicitatem
1381 1578 1667 1634 columbm.
1705 1575 1796 1634 Sic
1831 1593 1969 1649 pra:-

357 1671 544 1726 sertim
585 1685 758 1725 meam
800 1668 1080 1725 ostendam
1102 1668 1499 1735 fortitudinem.
1522 1684 1642 1726 cum
1665 1684 1796 1726 oves
1814 1670 1968 1741 lupos

356 1761 602 1826 vicerint,
637 1760 848 1816 etiamsi
878 1762 932 1816 in
958 1761 1135 1817 medio
1166 1760 1414 1832 luporum
1439 1761 1567 1828 sint,
1591 1770 1645 1817 et
1670 1762 1966 1818 innumeris

357 1849 998 1917 morsibus-lacerentur,
1032 1866 1134 1907 nec
1181 1851 1342 1907 modo
1385 1867 1490 1907 non
1531 1851 1833 1919 deleantur,
1867 1851 1966 1907 sed

356 1943 520 1999 etiam
553 1943 709 2013 lupos
750 1951 1100 2009 convertant;
1131 1943 1277 2014 quod
1310 1944 1470 2014 longe
1509 1944 1811 2000 mirabilius
1855 1955 1961 2010 εει,

356 2043 414 2090 ct
445 2034 618 2104 majus
647 2048 805 2104 quam
846 2034 894 2089 si
922 2034 1223 2090 occiderent
1244 2076 1260 2101 ,
1288 2034 1332 2089 si
1362 2049 1559 2105 nempe
1597 2034 1812 2090 illorum
1842 2052 1965 2090 mu-

355 2133 474 2181 tent
502 2125 832 2181 voluntatem
857 2165 873 2191 ,
905 2127 1252 2195 animumque
1294 2123 1683 2181 transforment
1711 2143 1724 2181 :
1757 2135 1812 2181 et
1849 2125 1967 2181 lure

355 2231 481 2271 cum
503 2216 578 2272 illi
605 2216 888 2274 duodecim
918 2225 1098 2273 essent
1127 2225 1334 2272 tantum
1361 2259 1376 2284 ,
1405 2227 1460 2273 et
1484 2226 1626 2274 totus
1650 2217 1796 2274 orbis
1825 2218 1965 2288 lupis

355 2318 502 2366 esset
528 2310 738 2380 plenus.

431 2399 562 2455 Oves
601 2400 792 2456 Christi
824 2403 1062 2467 vincunt,
1109 2403 1220 2472 lupi
1251 2403 1539 2457 uincuntur.
1568 2431 1638 2442 —
1665 2401 1963 2457 Erubesca-

355 2505 478 2546 mus
506 2492 689 2562 igitur,
717 2493 805 2563 qui
839 2503 1024 2548 contra
1055 2492 1348 2560 facientes,
1383 2495 1532 2564 quasi
1567 2493 1674 2564 lupi
1710 2494 1960 2549 inimicos

355 2575 677 2631 invadimus.
733 2575 999 2644 Quamdiu
1053 2579 1196 2632 enim
1227 2592 1360 2633 oves
1400 2591 1626 2642 sumus,
1673 2577 1961 2643 vincimus,

353 2677 515 2739 atque
556 2668 656 2724 etsi
680 2669 975 2724 innumeris
998 2670 1314 2726 circumdati
1361 2670 1499 2740 lupis
1524 2685 1882 2740 superamus;
1915 2671 1960 2726 si

354 2773 487 2816 vero
509 2759 621 2828 lupi
642 2758 960 2826 efficiamur,
985 2761 1250 2816 vincimur
1275 2779 1288 2816 :
1320 2761 1549 2831 pastoris
1578 2762 1778 2832 quippe
1807 2761 1958 2817 auxi-

353 2848 429 2903 lio
455 2849 820 2906 destituimur.
839 2849 953 2908 Non
977 2851 1122 2906 enim
1155 2851 1243 2906 ille
1268 2850 1444 2921 lupos,
1471 2849 1566 2905 sed
1597 2865 1726 2906 oves
1747 2849 1959 2922 pascit;

354 2948 484 2996 tunc
521 2948 698 2996 autem
745 2951 800 2999 te
847 2941 1104 3012 relinquit
1128 2956 1194 2998 ac
1230 2941 1501 2998 discedit:
1530 2942 1658 3012 quia
1690 2958 1797 2999 non
1828 2943 1963 3002 sinis

353 3030 504 3086 illum
531 3031 780 3089 virtutem
807 3047 957 3088 suam
984 3033 1289 3089 ostendere.
1313 3033 1370 3090 Si
1397 3034 1540 3090 enim
1568 3044 1789 3090 vexatus
1805 3051 1960 3091 man-

352 3123 694 3180 suetudinem
723 3125 1003 3190 exhibeas,
1026 3127 1125 3197 ipsi
1151 3136 1318 3182 totum
1345 3127 1654 3183 attribuitur
1675 3137 1959 3198 trop-rum;

354 3215 440 3271 sin
467 3215 664 3271 exieris
706 3217 1164 3288 pugnaverisque,
1218 3219 1499 3274 victoriam
1551 3217 1830 3272 obscuras.
1881 3218 1961 3275 Tu

352 3319 485 3360 vero
527 3305 656 3360 mihi
700 3307 982 3362 considera
1026 3309 1242 3378 quinam
1291 3307 1399 3362 sint
1442 3308 1500 3373 ii,
1541 3309 1633 3378 qui
1678 3306 1794 3363 hare
1819 3306 1957 3365 dura

354 3397 730 3468 laboriosaquc
751 3408 1016 3469 prmeepta
1028 3398 1257 3454 audiunt
1279 3416 1292 3452 ε
1319 3398 1652 3455 formidolosi
1684 3397 1955 3463 homines,

355 3489 577 3555 idioue;
627 3491 862 3545 illiterati
883 3533 898 3558 ,
930 3499 986 3547 et
1025 3491 1224 3548 indocti
1257 3506 1274 3558 ;
1321 3504 1542 3562 prorsus
1571 3491 1788 3546 obscuri
1814 3508 1829 3556 ;
1859 3493 1950 3561 ιιιιί

357 3592 676 3638 exterarum
723 3583 870 3653 leges
907 3582 1262 3654 ignorabant,
1294 3582 1384 3652 qui
1413 3595 1518 3637 non
1561 3582 1614 3637 in
1655 3581 1831 3637 furum
1864 3581 1960 3637 de-

355 3672 718 3738 sccnderant;
749 3674 1068 3744 piscatores,
1099 3673 1389 3742 publicani,
1429 3673 1481 3727 in
1511 3671 1762 3726 omnibus
1791 3671 1959 3726 imbe-

355 3763 530 3819 cilles.
558 3763 712 3831 Quod
749 3765 793 3819 si
841 3765 956 3819 haec
999 3765 1083 3819 vel
1127 3778 1322 3836 magno
1353 3762 1609 3833 prmditos
1652 3763 1866 3834 ingenio
1903 3771 1960 3818 et

355 3854 538 3908 animo
559 3854 704 3909 viros
724 3854 939 3910 turbare
959 3863 1204 3924 possunt,
1228 3852 1502 3924 quomodo
1524 3868 1630 3908 non
1655 3853 1957 3923 potuissent

357 3946 636 4018 imperitos
663 3945 929 4014 homines,
944 3945 1035 4017 qui
1065 3945 1197 4001 nihil
1217 3945 1467 4018 generosi
1496 3959 1748 4015 umquam
1778 3945 1959 4000 animo

356 4045 733 4109 conceperant,
756 4037 994 4108 dejicere
1023 4046 1182 4108 atque
1210 4035 1550 4107 percellere?
1576 4035 1646 4089 At
1673 4051 1778 4089 non
1803 4034 1956 4103 deje-

357 4145 503 4187 eere.
531 4129 696 4198 quue
715 4130 838 4200 jure
870 4129 1097 4198 merito,
1122 4129 1267 4185 dicet
1295 4129 1434 4184 forte
1463 4127 1727 4199 quispiam
1757 4145 1771 4181 :
1806 4126 1961 4182 dedit

357 4222 499 4278 enim
527 4221 632 4276 illis
657 4230 974 4291 potestatem
1005 4220 1283 4276 daemonas
1303 4217 1551 4290 ejicieudi
1569 4261 1584 4284 ,
1618 4232 1681 4273 ac
1711 4218 1967 4289 leprosns,

356 4313 670 4370 mandandi.
705 4313 821 4386 Ego
847 4324 1026 4370 autem
1069 4311 1298 4368 dixerim
1320 4353 1335 4377 ,
1375 4310 1478 4366 hoc
1516 4310 1690 4380 ipsum
1720 4309 1960 4364 maxime

355 4405 478 4460 illos
505 4403 722 4459 turbare
752 4404 1013 4473 potuisse,
1038 4401 1180 4474 quod
1208 4401 1310 4457 etsi
1334 4410 1577 4456 mortuos
1607 4400 1955 4466 suscitarent,

356 4495 476 4551 Iure
524 4504 704 4551 tamen
749 4493 1107 4550 intolerabilia
1152 4493 1362 4563 passuri
1411 4499 1608 4554 erant;
1651 4489 1956 4554 tribunalia,

353 4585 708 4643 abductiones
726 4585 796 4641 ad
822 4599 1034 4651 necem,
1058 4582 1256 4639 bellum
1284 4583 1542 4638 adversus
1562 4596 1776 4646 omnes,
1807 4595 1956 4635 com-

355 4694 520 4735 mune
551 4679 714 4734 tetius
740 4677 890 4736 orbis
927 4674 1110 4733 odium
1133 4716 1147 4739 ,
1171 4684 1227 4732 et
1257 4675 1372 4730 bzec
1407 4673 1535 4730 dum
1568 4673 1823 4728 miracula
1865 4688 1959 4742 pa-

357 4779 583 4825 trarent.
615 4769 748 4837 Qua:
789 4767 1090 4824 consolatio
1139 4767 1279 4822 inter
1331 4774 1410 4821 tot
1459 4774 1715 4836 tantaque
1771 4764 1958 4819 mala?

357 4861 619 4917 Blittentis
651 4862 906 4931 potentis.
937 4859 1144 4916 Idcirco
1173 4858 1289 4914 haec
1314 4857 1576 4928 premisit
1605 4857 1724 4912 aliis
1744 4855 1953 4918 dicens,

360 4953 497 5010 Ecce
515 4969 607 5024 ego
635 4953 779 5008 ntitto
804 4969 913 5011 vos.
947 4951 1061 5010 Hoc
1088 4950 1240 5006 vobis
1270 4950 1336 5005 ad
1366 4947 1796 5006 consolationem
1825 4948 1958 5002 satis

358 5055 446 5102 est
467 5087 482 5109 ,
521 5043 826 5114 sufficitque
849 5044 917 5099 ad
946 5043 1194 5100 fiduciam
1219 5041 1536 5098 sumendam
1582 5042 1960 5108 neminemque

359 5137 794 5192 adversariorum
823 5133 1218 5191 formidandum
1237 5136 1276 5188 ί.

433 5227 492 5282 ﬂ.
512 5227 683 5295 Quare
691 5225 920 5281 Christus
936 5227 1180 5296 apostolis
1191 5226 1357 5280 ouium
1370 5225 1716 5294 inﬁrmitatem
1736 5225 1956 5293 reliquit.

365 5318 654 5375 Prudentia
677 5318 921 5386 serpentis
940 5332 1072 5386 qua.
1093 5345 1166 5358 —-
1186 5316 1349 5372 Vides
1377 5314 1788 5371 auctoritatem?
1813 5314 1964 5392 vides

365 5408 704 5482 potentiam?
751 5408 901 5463 vides
939 5406 1189 5462 virtutem
1242 5404 1757 5476 inexpugnabilem?
1807 5403 1964 5473 Quod

363 5510 545 5554 autem
590 5497 749 5563 dicit,
785 5497 1091 5568 bujusmodi
1135 5507 1217 5554 est
1246 5514 1258 5549 :
1291 5496 1369 5552 Ne
1406 5497 1732 5562 turbemini,
1765 5495 1960 5566 inquit,

363 5590 511 5661 quod
529 5605 651 5645 cum
671 5605 764 5645 vos
785 5591 923 5646 inter
945 5592 1097 5660 lupos
1122 5591 1352 5651 mittam,
1374 5599 1574 5642 utoves
1602 5601 1654 5642 et
1675 5597 1734 5641 ut
1754 5587 1964 5642 colum-

367 5685 464 5742 bas
487 5683 862 5753 essejubeam.
891 5683 1232 5739 Contrarium
1266 5692 1519 5753 praestare
1544 5691 1807 5750 poteram,
1836 5694 1963 5736 vos-

435 5839 454 5876 ³
482 5839 683 5902 Quidam
699 5839 902 5902 habent,
916 5837 1130 5904 nihilque
1152 5841 1463 5891 adversor-mn
1482 5835 1868 5903 formidandum.

1250 351 1317 410 IN
1355 351 1764 410 MATTHASUM
1807 351 2037 409 llOMlL.
2081 351 2324 412 XXXIII,
2362 355 2435 410 al.
2478 353 2722 411 XXXIV.

3581 352 3684 408 390

2082 483 2186 538 que
2223 469 2435 525 mittere
2472 469 2604 524 nihil
2650 483 2907 539 passuros
2945 470 3070 525 mali
3097 512 3111 532 ,
3142 486 3242 525 nec
3283 481 3340 526 ut
3377 484 3509 527 oves
3547 472 3687 544 lupis

2077 562 2344 632 subjicere
2365 605 2381 629 ,
2410 563 2508 617 St'd
2543 563 2785 618 leonibus
2813 562 3272 619 formidabiliores
3299 562 3564 632 reddere;
3590 568 3686 624 sed

2079 653 2149 708 ita
2179 655 2294 708 tieri
2337 669 2431 725 par
2458 665 2542 710 est
2573 674 2586 709 :
2622 653 2724 710 hoc
2752 663 2807 710 et
2837 670 2933 711 vos
2967 656 3369 726 splendidiores
3394 657 3596 722 efficit.
3629 672 3686 718 et

2079 743 2370 813 potentiam
2418 760 2594 800 meam
2634 745 2910 818 praedicat.
2958 745 3072 801 Hoc
3111 757 3166 802 et
3210 747 3378 801 Paulo
3423 747 3687 810 dicebat:

2077 837 2273 908 Sit/ﬁcit
2304 839 2392 892 tibi
2415 839 2584 908 gratia
2605 853 2759 905 mea;
2785 855 2905 892 nam
2939 839 3100 895 virtus
3139 827 3274 894 mea~
3297 841 3350 895 in
3391 842 3691 909 inﬁmitate

2076 930 2338 1000 per/icitur
2357 930 2432 1000 (9..
2463 929 2584 986 Cor.
2617 929 2704 987 l2.
2727 930 2946 1003 9).-Ego
2974 932 3156 1002 itaque
3182 933 3262 988 sic
3287 949 3385 989 vos
3405 935 3685 992 constitui.

2075 1018 2208 1076 Cum
2239 1021 2381 1077 enim
2412 1021 2563 1089 dicit,
2599 1020 2710 1094 Ego
2742 1022 2888 1076 mitto
2914 1039 3003 1078 vos
3028 1023 3161 1078 sicut
3185 1039 3320 1090 oves,
3358 1023 3463 1081 hoc
3487 1026 3682 1081 subin-

2074 1111 2218 1166 dieat
2248 1129 2264 1167 :
2305 1110 2384 1167 Ne
2431 1113 2612 1183 itaque
2640 1113 2823 1169 animo
2849 1112 3111 1169 deficiatis
3138 1131 3152 1168 :
3184 1115 3308 1169 novi
3341 1115 3487 1171 enim
3512 1156 3531 1184 ,
3561 1119 3688 1173 novi

2076 1206 2280 1275 utique,
2317 1220 2414 1260 vos
2437 1204 2518 1260 sic
2549 1205 2799 1261 omnibus
2829 1205 3272 1276 inexpugnabiles
3291 1207 3424 1263 fore.
3460 1197 3687 1276 Deinde,

2075 1303 2133 1348 ut
2161 1293 2434 1365 quidpiam
2463 1295 2564 1367 ipsi
2588 1311 2653 1350 ex
2685 1311 2745 1352 se
2770 1295 3096 1366 proferrent,
3128 1311 3231 1352 nec
3256 1300 3435 1353 omnia
3459 1316 3528 1354 ex
3557 1316 3685 1370 gra-

2077 1389 2147 1441 tia
2177 1387 2444 1456 proficisci
2473 1387 2822 1455 viderentur,
2857 1404 3032 1460 neque
3075 1391 3194 1445 sine
3221 1405 3384 1446 causa
3431 1394 3685 1448 coronari

2073 1488 2409 1550 putarentur,
2441 1481 2515 1535 ait
2541 1502 2553 1537 :
2578 1479 2757 1535 Estote
2784 1497 2904 1553 ergo
2931 1482 3206 1552 prudentes
3231 1483 3362 1536 sicut
3391 1494 3647 1554 serpentes
3667 1528 3686 1554 ,

2073 1581 2120 1625 et
2159 1571 2417 1643 simplices
2442 1573 2576 1627 sicut
2607 1573 2874 1628 columbae.
2906 1573 2974 1629 Et
3005 1574 3134 1645 quid
3173 1575 3455 1646 prudentia
3498 1587 3685 1632 nostra

2074 1663 2276 1732 possit,
2310 1663 2556 1734 inquiunt
2583 1705 2599 1729 ,
2628 1664 2682 1718 in
2714 1675 2789 1721 tot
2830 1665 3122 1736 periculis?
3147 1668 3420 1738 quomodo
3448 1669 3686 1739 pruden-

2074 1755 2200 1810 tiam
2227 1754 2427 1813 habere
2452 1757 2770 1827 poterimus,
2798 1766 2876 1813 tot
2905 1759 3098 1829 agitati
3120 1758 3374 1816 ﬂuctibus
3396 1761 3421 1814 ἲ
3447 1761 3692 1832 Quanta-

2071 1861 2304 1919 cumque
2342 1849 2624 1918 prudentia
2666 1851 2737 1905 sit
2781 1850 3005 1921 prtedita
3027 1850 3179 1919 ovis,
3211 1866 3334 1907 cum
3363 1852 3505 1909 inter
3529 1855 3686 1925 lupos

2072 1939 2161 2008 sit,
2190 1950 2244 1996 et
2275 1950 2477 1996 tantum
2509 1941 2760 2012 luporum
2796 1957 3111 2006 numerum,
3140 1943 3267 2014 quid
3300 1945 3494 2013 poterit
3521 1947 3686 2015 perli-

2072 2034 2234 2087 cere?
2273 2043 2707 2105 quantacumque
2749 2035 2820 2088 sit
2861 2034 3128 2089 columba:
3167 2035 3486 2106 simplicitas
3510 2075 3527 2105 ,
3555 2037 3684 2107 quid

2074 2123 2145 2178 illi
2169 2124 2412 2194 juvabit,
2451 2135 2527 2179 tot
2563 2126 2888 2182 instantibus
2927 2126 3316 2197 accipitribus?
3345 2127 3402 2182 In
3431 2127 3514 2182 bis
3538 2139 3688 2185 certe

2073 2215 2531 2272 irrationabilibus
2560 2217 2715 2284 nihil,
2747 2217 2798 2272 in
2823 2217 2974 2274 vobis
3001 2227 3182 2274 autem
3210 2219 3682 2291 multumjuvabit.

2070 2304 2175 2362 Sed
2199 2307 2478 2364 videamus
2507 2324 2667 2378 quam
2695 2310 2780 2364 hic
2801 2310 3139 2380 prudentiam
3159 2309 3356 2381 exigat.
3379 2310 3677 2381 Serpentis.

2070 2397 2260 2468 inquit.
2288 2398 2753 2467 Quemadmodum
2785 2400 2876 2455 ille
2903 2401 3083 2458 omnia
3115 2401 3297 2464 tradit,
3326 2403 3537 2458 etiamsi
3559 2417 3686 2459 eor-

2072 2504 2171 2560 pus
2215 2489 2374 2546 incidi
2420 2500 2704 2561 oporteat,
2757 2506 2864 2545 non
2907 2491 3201 2548 admodum
3229 2494 3685 2564 repugnat,dum

2069 2591 2230 2654 caput
2254 2591 2508 2638 servetur
2539 2601 2552 2636 :
2583 2582 2665 2640 sic
2685 2592 2739 2638 et
2771 2592 2850 2648 tu,
2882 2583 3073 2654 inquit,
3105 2593 3328 2653 excepta
3352 2584 3478 2648 fide,
3502 2587 3681 2642 onuiia

2071 2677 2223 2732 trade
2243 2717 2258 2740 ,
2309 2677 2598 2746 pecunias,
2642 2691 2840 2744 corpus
2861 2717 2875 2740 ,
2904 2675 3012 2730 imo
3035 2675 3206 2745 ipsam
3232 2677 3489 2732 animam.
3524 2677 3685 2734 Fides

2068 2768 2213 2825 enim
2257 2777 2419 2836 caput
2466 2776 2550 2822 est
2592 2775 2648 2822 et
2692 2767 2886 2821 radix:
2918 2767 3116 2837 illaque
3161 2778 3370 2822 servata
3396 2810 3412 2835 ,
3461 2770 3675 2824 etiamsi

2068 2858 2249 2913 omnia
2292 2857 2540 2912 amiseris
2565 2899 2580 2925 ,
2626 2857 2807 2911 omnia
2839 2866 3026 2928 postea
3058 2857 3421 2933 abundantius
3449 2876 3679 2933 recupe-

2069 2949 2235 3004 rabis.
2285 2947 2411 3004 ideo
2441 2964 2547 3004 non
2577 2948 2876 3020 simplicem
2926 2960 3131 3004 tantum
3158 2993 3174 3018 ,
3209 2929 3312 3008 nec
3357 2929 3677 3023 prudentem

2069 3040 2246 3096 solum
2274 3054 2395 3095 esse
2423 3040 2679 3110 prtecepit
2702 3081 2718 3106 ,
2764 3040 2860 3096 sed
2893 3040 3009 3096 lucc
3039 3042 3198 3098 ambo
3228 3043 3442 3100 miscuit
3468 3062 3482 3110 ;
3518 3047 3588 3102 ita
3624 3057 3684 3103 ut

2068 3132 2185 3188 htec
2233 3132 2406 3186 virtus
2473 3147 2603 3186 vere
2671 3131 2834 3197 sint;
2901 3133 3352 3206 prudentiamque
3413 3140 3678 3208 serpentis

2066 3225 2378 3297 assumpsit,
2411 3234 2468 3280 ut
2498 3239 2567 3279 ne
2595 3224 2772 3280 letalia
2804 3231 3029 3281 vulnera
3054 3226 3330 3298 accipias;
3361 3228 3682 3299 simplicita-

2065 3327 2175 3374 tem
2204 3332 2338 3373 vero
2361 3317 2648 3384 columba,
2681 3325 2740 3371 ut
2770 3330 2839 3372 ne
2866 3316 3124 3373 laedentes
3147 3327 3199 3374 te
3221 3318 3517 3386 ulciscaris,
3543 3337 3681 3377 neve

2066 3407 2382 3465 insidiantes
2405 3421 2503 3477 per
2531 3407 2821 3462 vindictam
2849 3421 3102 3463 amoveas
3135 3429 3147 3464 :
3176 3408 3311 3464 nihil
3341 3411 3485 3466 enim
3515 3413 3679 3482 prod-

2064 3511 2149 3558 est
2173 3499 2474 3572 prudentia,
2500 3499 2602 3556 nisi
2625 3499 2728 3555 hoc
2748 3498 2907 3554 adsit.
2932 3498 3070 3568 Quid
3099 3515 3227 3571 ergo
3252 3501 3423 3571 magis
3449 3501 3676 3557 arduum

2066 3591 2150 3647 his
2199 3591 2522 3662 praeceptis?
2574 3589 2690 3646 Non
2743 3591 2889 3646 enim
2942 3591 3076 3646 satis
3118 3600 3235 3646 erat
3281 3592 3420 3646 mala
3449 3593 3679 3648 subire?

2063 3688 2220 3758 Non,
2249 3689 2422 3760 inquit
2443 3687 2571 3754 ille;
2612 3687 2710 3743 sed
2738 3687 2900 3743 etiam
2931 3702 3000 3742 ne
3027 3687 3321 3759 indigneris
3365 3695 3509 3742 veto.
3562 3687 3678 3744 Hoc

2065 3783 2211 3838 enim
2242 3779 2310 3836 ad
2339 3781 2643 3836 columbam
2673 3780 2928 3850 pertinet.
2977 3781 3055 3835 Ac
3100 3780 3147 3834 si
3177 3780 3300 3850 quis
3325 3780 3592 3834 calamum
3620 3781 3676 3836 in

2066 3879 2242 3946 ignem
2281 3874 2505 3930 mittens
2529 3913 2546 3941 ,
2587 3872 2801 3944 juberet
2847 3887 2952 3927 non
2983 3872 3063 3927 uri
3091 3872 3160 3927 ab
3188 3872 3332 3943 igne,
3367 3871 3462 3928 sed
3492 3873 3671 3943 ignem

2064 3965 2426 4035 exstinguere.
2457 3961 2657 4019 Verum
2685 3977 2752 4016 ue
2783 3962 3062 4017 turbemur
3090 3980 3103 4015 :
3135 3961 3252 4017 ιιωο
3277 3972 3327 4016 et
3359 3974 3676 4030 evenerunt,

2064 4070 2119 4114 et
2141 4059 2302 4112 finem
2329 4065 2675 4126 acceperunt,
2707 4049 2945 4125 ipsisque
2964 4055 3217 4125 operibus
3243 4055 3487 4110 exhibita
3510 4065 3636 4111 sunt
3664 4077 3679 4112 :

2068 4148 2362 4220 prudentes
2390 4148 2533 4203 enim
2557 4145 2777 4202 fuerunt
2804 4147 2946 4201 sicut
2975 4157 3259 4217 serpentes
3284 4188 3298 4212 ,
3332 4157 3386 4202 et
3406 4148 3689 4219 simplices

2067 4247 2206 4301 sicut
2231 4244 2494 4299 columba:
2526 4263 2538 4297 :
2572 4258 2678 4298 non
2706 4243 2849 4314 quod
2879 4259 2944 4298 ex
2971 4244 3073 4297 alia
3102 4252 3292 4298 natura
3325 4255 3510 4299 essent
3529 4286 3545 4309 ,
3577 4249 3676 4302 sed

2066 4355 2133 4394 ex
2180 4338 2368 4394 eadem
2422 4353 2526 4409 qua
2569 4353 2670 4399 nos
2716 4347 2888 4393 erant.
2931 4337 3010 4392 Ne
3059 4339 3181 4408 quis
3223 4354 3353 4410 ergo
3383 4349 3533 4409 putet
3562 4339 3682 4398 hmo

2065 4440 2332 4500 praecepta
2362 4429 2571 4499 impleri
2599 4441 2704 4480 non
2734 4441 2910 4496 posse.
2943 4427 3060 4482 Prae
3086 4430 3337 4482 omnibus
3367 4429 3513 4483 enim
3556 4431 3680 4485 aliis

2068 4524 2183 4595 ipse
2209 4521 2358 4577 novit
2385 4536 2564 4576 rerum
2597 4529 2843 4573 naturam
2878 4537 2890 4573 :
2933 4519 3080 4573 novit
3106 4519 3363 4574 ferociam
3401 4535 3510 4575 non
3541 4520 3684 4577 fero-

2067 4616 2170 4678 cia,
2222 4612 2315 4669 sed
2365 4610 2736 4665 moderatione
2791 4610 3068 4680 restingui.
3123 4609 3276 4678 Quod
3323 4612 3366 4666 si
3411 4612 3589 4683 reipsa
3629 4622 3687 4668 et

2067 4725 2233 4780 opere
2277 4708 2330 4764 id
2357 4708 2542 4764 videre
2570 4709 2723 4771 velis,
2757 4708 2874 4779 lege
2916 4708 3112 4763 librum
3145 4711 3375 4776 Actuum
3405 4711 3687 4782 apostolo-

2066 4817 2221 4868 rum,
2273 4801 2588 4871 videbisque
2637 4801 2852 4871 quoties
2901 4799 3102 4856 Judteis
3152 4801 3572 4876 insurgentibus,
3632 4816 3684 4857 ιι

2067 4893 2257 4948 dentes
2301 4894 2620 4948 acuentibus
2643 4933 2659 4959 ,
2703 4891 2755 4946 hi
2795 4891 3098 4948 columbam
3123 4892 3439 4960 imitantes,
3475 4905 3682 4949 etcum

2068 4985 2444 5042 moderatioch
2482 4984 2664 5040 debita
2706 4984 3011 5054 loquentes,
3047 4985 3262 5039 illorum
3297 4986 3531 5040 furorem
3581 5003 3679 5042 cx-

2068 5080 2375 5143 stinxerint,
2425 5079 2560 5134 iram
2605 5079 2905 5148 placariut,
2960 5079 3216 5148 impetum
3250 5077 3510 5134 sederint.
3545 5080 3679 5134 Nam

2069 5189 2191 5228 cum
2217 5171 2460 5227 dicerent
2485 5189 2498 5223 :
2531 5170 2718 5226 Nonne
2749 5171 3081 5241 praecepimus
3107 5174 3244 5227 vobis
3271 5189 3333 5226 ne
3354 5174 3686 5243 loqueremini

2070 5267 2122 5320 in
2170 5264 2371 5318 nomine
2409 5264 2505 5318 isto
2537 5264 2675 5334 (Act.
2725 5263 2780 5317 5.
2809 5261 2959 5333 28)?
2985 5262 3086 5317 etsi
3117 5263 3373 5318 miracula
3401 5263 3682 5319 innumera

2071 5369 2287 5430 patrare
2315 5362 2554 5427 possent,
2590 5352 2723 5408 nihil
2749 5367 3000 5423 asperum
3027 5353 3112 5407 vel
3137 5351 3390 5408 dixerunt
3416 5353 3501 5408 vel
3532 5352 3682 5408 fece-

2070 5458 2218 5516 runt,
2247 5447 2341 5503 sed
2366 5461 2487 5502 cum
2516 5445 2661 5500 omni
2693 5457 2816 5500 sese
2843 5443 3258 5499 mansuetudine
3283 5453 3583 5514 purgarunt
3604 5443 3683 5498 di-

2073 5551 2258 5597 centes
2296 5557 2310 5594 :
2343 5538 2403 5593 Si
2437 5538 2635 5606 justum
2661 5546 2732 5590 est
2770 5551 2856 5589 vos
2886 5535 3064 5589 audire
3095 5544 3265 5605 potius
3298 5551 3449 5605 quam
3483 5535 3648 5589 Deum
3669 5576 3686 5598 .

2063 5633 2293 5706 judicntc
2323 5629 2483 5700 (Ibid.
2505 5629 2555 5685 4.
2583 5629 2693 5696 l9).
2725 5626 2914 5681 Vidisti
2938 5627 3342 5695 simplicitatem
3368 5621 3683 5680 columbae?

2079 5724 2208 5780 Vide
2239 5721 2572 5793 prudentiam
2614 5719 2906 5790 serpentis.
2952 5717 3074 5772 Non
3098 5720 3229 5772 enim
3257 5735 3529 5789 possumus
3548 5757 3565 5783 ,
3601 5718 3684 5772 iu-

2079 5817 2285 5889 quium,
2305 5830 2414 5886 qua
2436 5813 2648 5868 vidimus
2666 5823 2710 5867 et
2728 5813 3011 5868 audiuimus
3031 5830 3130 5868 non
3151 5812 3288 5883 loqui
3311 5811 3363 5883 (l
3371 5812 3472 5868 bid.
3498 5826 3547 5866 ι’.
3566 5810 3686 5884 20).
