  <div class='ocr_page' id='page_1' title='image "/cluster/home/n/w/nwhite01/storage/ocr_20150623/57/pst.000005712564/327.png"; bbox 0 0 4104 6308; ppageno 0'>
   <div class='ocr_carea' id='block_1_1' title="bbox 478 397 579 449">
    <p class='ocr_par' dir='ltr' id='par_1_1' title="bbox 478 397 579 449">
     <span class='ocr_line' id='line_1_1' title="bbox 478 397 579 449; baseline 0.01 -1"><span class='ocrx_word' id='word_1_1' title='bbox 478 397 579 449; x_wconf 69' lang='lat' dir='ltr'><strong>Sili</strong></span> 
     </span>
    </p>
   </div>
   <div class='ocr_carea' id='block_1_2' title="bbox 491 463 2063 555">
    <p class='ocr_par' dir='ltr' id='par_1_2' title="bbox 491 463 2063 555">
     <span class='ocr_line' id='line_1_2' title="bbox 491 463 2063 555; baseline -0.018 -16"><span class='ocrx_word' id='word_1_2' title='bbox 491 484 674 543; x_wconf 79' lang='lat' dir='ltr'><strong>\‘idcn‘</strong></span> <span class='ocrx_word' id='word_1_3' title='bbox 698 479 966 555; x_wconf 85' lang='lat' dir='ltr'><strong>quomodo</strong></span> <span class='ocrx_word' id='word_1_4' title='bbox 997 493 1095 534; x_wconf 84' lang='lat' dir='ltr'><strong>nos</strong></span> <span class='ocrx_word' id='word_1_5' title='bbox 1126 475 1358 543; x_wconf 87' lang='lat' dir='ltr'><strong>undique</strong></span> <span class='ocrx_word' id='word_1_6' title='bbox 1385 477 1631 526; x_wconf 82' lang='lat' dir='ltr'><strong>accurate</strong></span> <span class='ocrx_word' id='word_1_7' title='bbox 1667 463 1875 523; x_wconf 82' lang='lat' dir='ltr'><strong>munire</strong></span> <span class='ocrx_word' id='word_1_8' title='bbox 1902 475 2063 555; x_wconf 81' lang='lat' dir='ltr'><strong>opor-</strong></span> 
     </span>
    </p>
   </div>
   <div class='ocr_carea' id='block_1_3' title="bbox 489 548 2063 643">
    <p class='ocr_par' dir='ltr' id='par_1_3' title="bbox 489 548 2063 643">
     <span class='ocr_line' id='line_1_3' title="bbox 489 548 2063 643; baseline -0.02 -9"><span class='ocrx_word' id='word_1_9' title='bbox 489 590 617 643; x_wconf 86' lang='lat' dir='ltr'><strong>teat,</strong></span> <span class='ocrx_word' id='word_1_10' title='bbox 649 548 797 631; x_wconf 48' lang='lat' dir='ltr'><strong>ut-ne</strong></span> <span class='ocrx_word' id='word_1_11' title='bbox 824 573 910 629; x_wconf 90' lang='lat' dir='ltr'><strong>vel</strong></span> <span class='ocrx_word' id='word_1_12' title='bbox 940 556 1190 641; x_wconf 77' lang='lat' dir='ltr'><strong>periculis</strong></span> <span class='ocrx_word' id='word_1_13' title='bbox 1209 565 1521 636; x_wconf 89' lang='lat' dir='ltr'><strong>deiiciamur</strong></span> <span class='ocrx_word' id='word_1_14' title='bbox 1544 602 1559 623; x_wconf 91' lang='lat'><strong>,</strong></span> <span class='ocrx_word' id='word_1_15' title='bbox 1589 558 1671 613; x_wconf 85' lang='lat' dir='ltr'><strong>vel</strong></span> <span class='ocrx_word' id='word_1_16' title='bbox 1702 556 1779 611; x_wconf 87' lang='lat' dir='ltr'><strong>ira</strong></span> <span class='ocrx_word' id='word_1_17' title='bbox 1810 548 2063 643; x_wconf 85' lang='lat' dir='ltr'><strong>incenda-</strong></span> 
     </span>
    </p>
   </div>
   <div class='ocr_carea' id='block_1_4' title="bbox 487 642 2069 725">
    <p class='ocr_par' dir='ltr' id='par_1_4' title="bbox 487 642 2069 725">
     <span class='ocr_line' id='line_1_4' title="bbox 487 642 2069 725; baseline -0.02 -1"><span class='ocrx_word' id='word_1_18' title='bbox 487 642 644 725; x_wconf 78' lang='lat' dir='ltr'><strong>mur?</strong></span> <span class='ocrx_word' id='word_1_19' title='bbox 662 667 863 722; x_wconf 89' lang='lat' dir='ltr'><strong>Idcirco</strong></span> <span class='ocrx_word' id='word_1_20' title='bbox 883 663 1124 719; x_wconf 79' lang='lat' dir='ltr'><strong>dicebat:</strong></span> <span class='ocrx_word' id='word_1_21' title='bbox 1147 660 1231 714; x_wconf 77' lang='lat' dir='ltr'><strong>l7.</strong></span> <span class='ocrx_word' id='word_1_22' title='bbox 1250 656 1427 712; x_wconf 73' lang='lat' dir='ltr'><strong>Cavete</strong></span> <span class='ocrx_word' id='word_1_23' title='bbox 1449 652 1511 705; x_wconf 87' lang='lat' dir='ltr'><strong>ub</strong></span> <span class='ocrx_word' id='word_1_24' title='bbox 1534 648 1814 705; x_wconf 87' lang='lat' dir='ltr'><strong>hominibus</strong></span> <span class='ocrx_word' id='word_1_25' title='bbox 1833 661 1851 697; x_wconf 88' lang='lat'><strong><em>:</em></strong></span> <span class='ocrx_word' id='word_1_26' title='bbox 1872 642 2069 696; x_wconf 84' lang='lat' dir='ltr'><strong>tradent</strong></span> 
     </span>
    </p>
   </div>
   <div class='ocr_carea' id='block_1_5' title="bbox 488 732 2069 817">
    <p class='ocr_par' dir='ltr' id='par_1_5' title="bbox 488 732 2069 817">
     <span class='ocr_line' id='line_1_5' title="bbox 488 732 2069 817; baseline -0.02 -3"><span class='ocrx_word' id='word_1_27' title='bbox 488 763 622 814; x_wconf 85' lang='lat' dir='ltr'><strong>enim</strong></span> <span class='ocrx_word' id='word_1_28' title='bbox 649 775 736 813; x_wconf 73' lang='lat' dir='ltr'><strong>vos</strong></span> <span class='ocrx_word' id='word_1_29' title='bbox 762 760 816 811; x_wconf 86' lang='lat' dir='ltr'><strong>in</strong></span> <span class='ocrx_word' id='word_1_30' title='bbox 844 753 1069 810; x_wconf 71' lang='lat' dir='ltr'><strong>conciliis</strong></span> <span class='ocrx_word' id='word_1_31' title='bbox 1093 792 1107 815; x_wconf 92' lang='lat'><strong>,</strong></span> <span class='ocrx_word' id='word_1_32' title='bbox 1139 760 1184 805; x_wconf 82' lang='lat' dir='ltr'><strong>st</strong></span> <span class='ocrx_word' id='word_1_33' title='bbox 1212 749 1264 801; x_wconf 88' lang='lat' dir='ltr'><strong>in</strong></span> <span class='ocrx_word' id='word_1_34' title='bbox 1293 743 1564 817; x_wconf 80' lang='lat' dir='ltr'><strong>synagogis</strong></span> <span class='ocrx_word' id='word_1_35' title='bbox 1597 740 1701 794; x_wconf 86' lang='lat' dir='ltr'><strong>suis</strong></span> <span class='ocrx_word' id='word_1_36' title='bbox 1737 732 2069 806; x_wconf 79' lang='lat' dir='ltr'><strong>ﬂagellabant</strong></span> 
     </span>
    </p>
   </div>
   <div class='ocr_carea' id='block_1_6' title="bbox 490 826 2069 916">
    <p class='ocr_par' dir='ltr' id='par_1_6' title="bbox 490 826 2069 916">
     <span class='ocr_line' id='line_1_6' title="bbox 490 826 2069 916; baseline -0.02 -9"><span class='ocrx_word' id='word_1_37' title='bbox 490 871 576 909; x_wconf 80' lang='lat' dir='ltr'><strong>vos</strong></span> <span class='ocrx_word' id='word_1_38' title='bbox 609 868 628 909; x_wconf 90' lang='lat'><strong><em>:</em></strong></span> <span class='ocrx_word' id='word_1_39' title='bbox 660 853 746 908; x_wconf 81' lang='lat' dir='ltr'><strong>l8.</strong></span> <span class='ocrx_word' id='word_1_40' title='bbox 778 860 824 905; x_wconf 79' lang='lat' dir='ltr'><strong>et</strong></span> <span class='ocrx_word' id='word_1_41' title='bbox 854 848 922 902; x_wconf 83' lang='lat' dir='ltr'><strong>ad</strong></span> <span class='ocrx_word' id='word_1_42' title='bbox 951 842 1187 916; x_wconf 73' lang='lat' dir='ltr'><strong>prmities</strong></span> <span class='ocrx_word' id='word_1_43' title='bbox 1213 849 1260 894; x_wconf 86' lang='lat' dir='ltr'><strong>et</strong></span> <span class='ocrx_word' id='word_1_44' title='bbox 1298 854 1440 909; x_wconf 85' lang='lat' dir='ltr'><strong>reges</strong></span> <span class='ocrx_word' id='word_1_45' title='bbox 1467 830 1715 889; x_wconf 82' lang='lat' dir='ltr'><strong>ducemini</strong></span> <span class='ocrx_word' id='word_1_46' title='bbox 1752 830 1807 882; x_wconf 83' lang='lat' dir='ltr'><strong>in</strong></span> <span class='ocrx_word' id='word_1_47' title='bbox 1847 826 2069 881; x_wconf 84' lang='lat' dir='ltr'><strong>testimo-</strong></span> 
     </span>
    </p>
   </div>
   <div class='ocr_carea' id='block_1_7' title="bbox 491 916 2070 1007">
    <p class='ocr_par' dir='ltr' id='par_1_7' title="bbox 491 916 2070 1007">
     <span class='ocr_line' id='line_1_7' title="bbox 491 916 2070 1007; baseline -0.018 -9"><span class='ocrx_word' id='word_1_48' title='bbox 491 947 635 998; x_wconf 80' lang='lat' dir='ltr'><strong>nium</strong></span> <span class='ocrx_word' id='word_1_49' title='bbox 678 942 784 996; x_wconf 88' lang='lat' dir='ltr'><strong>illis</strong></span> <span class='ocrx_word' id='word_1_50' title='bbox 831 948 879 992; x_wconf 91' lang='lat' dir='ltr'><strong>et</strong></span> <span class='ocrx_word' id='word_1_51' title='bbox 920 934 1165 1007; x_wconf 83' lang='lat' dir='ltr'><strong>gentibus.</strong></span> <span class='ocrx_word' id='word_1_52' title='bbox 1215 929 1418 985; x_wconf 81' lang='lat' dir='ltr'><strong>Rursus</strong></span> <span class='ocrx_word' id='word_1_53' title='bbox 1469 925 1587 981; x_wconf 86' lang='lat' dir='ltr'><strong>illos</strong></span> <span class='ocrx_word' id='word_1_54' title='bbox 1633 921 1701 976; x_wconf 91' lang='lat' dir='ltr'><strong>ad</strong></span> <span class='ocrx_word' id='word_1_55' title='bbox 1745 916 2070 989; x_wconf 89' lang='lat' dir='ltr'><strong>vigilandum</strong></span> 
     </span>
    </p>
   </div>
   <div class='ocr_carea' id='block_1_8' title="bbox 494 1009 2073 1106">
    <p class='ocr_par' dir='ltr' id='par_1_8' title="bbox 494 1009 2073 1106">
     <span class='ocr_line' id='line_1_8' title="bbox 494 1009 2073 1106; baseline -0.019 -16"><span class='ocrx_word' id='word_1_56' title='bbox 494 1039 776 1106; x_wconf 72' lang='lat' dir='ltr'><strong>praeparat,</strong></span> <span class='ocrx_word' id='word_1_57' title='bbox 800 1027 991 1097; x_wconf 89' lang='lat' dir='ltr'><strong>ubique</strong></span> <span class='ocrx_word' id='word_1_58' title='bbox 1008 1022 1270 1084; x_wconf 90' lang='lat' dir='ltr'><strong>indicens,</strong></span> <span class='ocrx_word' id='word_1_59' title='bbox 1290 1028 1347 1074; x_wconf 92' lang='lat' dir='ltr'><strong>ut</strong></span> <span class='ocrx_word' id='word_1_60' title='bbox 1367 1016 1504 1072; x_wconf 86' lang='lat' dir='ltr'><strong>mala</strong></span> <span class='ocrx_word' id='word_1_61' title='bbox 1525 1012 1814 1106; x_wconf 81' lang='lat' dir='ltr'><strong>patiantur,</strong></span> <span class='ocrx_word' id='word_1_62' title='bbox 1834 1009 2073 1106; x_wconf 78' lang='lat' dir='ltr'><strong>aliosque</strong></span> 
     </span>
    </p>
   </div>
   <div class='ocr_carea' id='block_1_9' title="bbox 494 1098 2073 1182">
    <p class='ocr_par' dir='ltr' id='par_1_9' title="bbox 494 1098 2073 1182">
     <span class='ocr_line' id='line_1_9' title="bbox 494 1098 2073 1182; baseline -0.019 -1"><span class='ocrx_word' id='word_1_63' title='bbox 494 1098 633 1182; x_wconf 73' lang='lat' dir='ltr'><strong>mala</strong></span> <span class='ocrx_word' id='word_1_64' title='bbox 678 1122 875 1177; x_wconf 84' lang='lat' dir='ltr'><strong>inferre</strong></span> <span class='ocrx_word' id='word_1_65' title='bbox 926 1119 1129 1181; x_wconf 87' lang='lat' dir='ltr'><strong>sinens,</strong></span> <span class='ocrx_word' id='word_1_66' title='bbox 1176 1121 1236 1168; x_wconf 90' lang='lat' dir='ltr'><strong>ut</strong></span> <span class='ocrx_word' id='word_1_67' title='bbox 1259 1111 1454 1173; x_wconf 87' lang='lat' dir='ltr'><strong>discas,</strong></span> <span class='ocrx_word' id='word_1_68' title='bbox 1508 1105 1648 1162; x_wconf 85' lang='lat' dir='ltr'><strong>male</strong></span> <span class='ocrx_word' id='word_1_69' title='bbox 1694 1100 1946 1174; x_wconf 90' lang='lat' dir='ltr'><strong>patiendo</strong></span> <span class='ocrx_word' id='word_1_70' title='bbox 1990 1098 2073 1152; x_wconf 81' lang='lat' dir='ltr'><strong>vi-</strong></span> 
     </span>
    </p>
   </div>
   <div class='ocr_carea' id='block_1_10' title="bbox 493 1188 2074 1280">
    <p class='ocr_par' dir='ltr' id='par_1_10' title="bbox 493 1188 2074 1280">
     <span class='ocr_line' id='line_1_10' title="bbox 493 1188 2074 1280; baseline -0.018 -10"><span class='ocrx_word' id='word_1_71' title='bbox 493 1214 716 1270; x_wconf 75' lang='lat' dir='ltr'><strong>ctoriam</strong></span> <span class='ocrx_word' id='word_1_72' title='bbox 764 1207 1064 1280; x_wconf 86' lang='lat' dir='ltr'><strong>reportari,</strong></span> <span class='ocrx_word' id='word_1_73' title='bbox 1113 1203 1342 1272; x_wconf 89' lang='lat' dir='ltr'><strong>hincque</strong></span> <span class='ocrx_word' id='word_1_74' title='bbox 1372 1208 1571 1269; x_wconf 62' lang='lat' dir='ltr'><strong>tropaea</strong></span> <span class='ocrx_word' id='word_1_75' title='bbox 1600 1194 1753 1265; x_wconf 92' lang='lat' dir='ltr'><strong>erigi.</strong></span> <span class='ocrx_word' id='word_1_76' title='bbox 1786 1190 1904 1248; x_wconf 84' lang='lat' dir='ltr'><strong>Non</strong></span> <span class='ocrx_word' id='word_1_77' title='bbox 1930 1188 2074 1245; x_wconf 88' lang='lat' dir='ltr'><strong>enim</strong></span> 
     </span>
    </p>
   </div>
   <div class='ocr_carea' id='block_1_11' title="bbox 495 1282 2065 1372">
    <p class='ocr_par' dir='ltr' id='par_1_11' title="bbox 495 1282 2065 1372">
     <span class='ocr_line' id='line_1_11' title="bbox 495 1282 2065 1372; baseline -0.015 -15"><span class='ocrx_word' id='word_1_78' title='bbox 495 1305 649 1367; x_wconf 81' lang='lat' dir='ltr'><strong>dixit,</strong></span> <span class='ocrx_word' id='word_1_79' title='bbox 679 1303 913 1372; x_wconf 86' lang='lat' dir='ltr'><strong>Pugnate</strong></span> <span class='ocrx_word' id='word_1_80' title='bbox 941 1313 1059 1363; x_wconf 89' lang='lat' dir='ltr'><strong>vos,</strong></span> <span class='ocrx_word' id='word_1_81' title='bbox 1089 1307 1143 1352; x_wconf 86' lang='lat' dir='ltr'><strong>et</strong></span> <span class='ocrx_word' id='word_1_82' title='bbox 1169 1292 1402 1350; x_wconf 87' lang='lat' dir='ltr'><strong>resistite</strong></span> <span class='ocrx_word' id='word_1_83' title='bbox 1432 1290 1497 1345; x_wconf 88' lang='lat' dir='ltr'><strong>iis</strong></span> <span class='ocrx_word' id='word_1_84' title='bbox 1518 1288 1606 1359; x_wconf 88' lang='lat' dir='ltr'><strong>qui</strong></span> <span class='ocrx_word' id='word_1_85' title='bbox 1635 1300 1730 1341; x_wconf 89' lang='lat' dir='ltr'><strong>vos</strong></span> <span class='ocrx_word' id='word_1_86' title='bbox 1758 1282 1956 1339; x_wconf 76' lang='lat' dir='ltr'><strong>laedere</strong></span> <span class='ocrx_word' id='word_1_87' title='bbox 1978 1294 2065 1335; x_wconf 66' lang='grc' dir='ltr'><strong>νος</strong></span> 
     </span>
    </p>
   </div>
   <div class='ocr_carea' id='block_1_12' title="bbox 499 1377 1851 1461">
    <p class='ocr_par' dir='ltr' id='par_1_12' title="bbox 499 1377 1851 1461">
     <span class='ocr_line' id='line_1_12' title="bbox 499 1377 1851 1461; baseline -0.014 -13"><span class='ocrx_word' id='word_1_88' title='bbox 499 1399 653 1461; x_wconf 86' lang='lat' dir='ltr'><strong>lunt;</strong></span> <span class='ocrx_word' id='word_1_89' title='bbox 680 1393 773 1449; x_wconf 87' lang='lat' dir='ltr'><strong>scd</strong></span> <span class='ocrx_word' id='word_1_90' title='bbox 802 1392 903 1446; x_wconf 88' lang='lat' dir='ltr'><strong>hoc</strong></span> <span class='ocrx_word' id='word_1_91' title='bbox 926 1398 1155 1453; x_wconf 89' lang='lat' dir='ltr'><strong>tantum,</strong></span> <span class='ocrx_word' id='word_1_92' title='bbox 1186 1386 1435 1443; x_wconf 78' lang='lat' dir='ltr'><strong>Extrema</strong></span> <span class='ocrx_word' id='word_1_93' title='bbox 1467 1378 1674 1451; x_wconf 84' lang='lat' dir='ltr'><strong>passuri</strong></span> <span class='ocrx_word' id='word_1_94' title='bbox 1700 1377 1851 1433; x_wconf 86' lang='lat' dir='ltr'><strong>estis.</strong></span> 
     </span>
    </p>
   </div>
   <div class='ocr_carea' id='block_1_13' title="bbox 568 1463 2075 1553">
    <p class='ocr_par' dir='ltr' id='par_1_13' title="bbox 568 1463 2075 1553">
     <span class='ocr_line' id='line_1_13' title="bbox 568 1463 2075 1553; baseline -0.019 -10"><span class='ocrx_word' id='word_1_95' title='bbox 568 1489 622 1543; x_wconf 75' lang='lat'><strong>5.</strong></span> <span class='ocrx_word' id='word_1_96' title='bbox 664 1485 856 1553; x_wconf 61' lang='lat' dir='ltr'><strong>Papae!</strong></span> <span class='ocrx_word' id='word_1_97' title='bbox 885 1490 1077 1551; x_wconf 89' lang='lat' dir='ltr'><strong>quanta</strong></span> <span class='ocrx_word' id='word_1_98' title='bbox 1102 1476 1366 1548; x_wconf 75' lang='lat' dir='ltr'><strong>loquentis</strong></span> <span class='ocrx_word' id='word_1_99' title='bbox 1391 1474 1504 1528; x_wconf 85' lang='lat' dir='ltr'><strong>vis!</strong></span> <span class='ocrx_word' id='word_1_100' title='bbox 1533 1477 1726 1540; x_wconf 82' lang='lat' dir='ltr'><strong>quanta</strong></span> <span class='ocrx_word' id='word_1_101' title='bbox 1749 1463 2075 1521; x_wconf 87' lang='lat' dir='ltr'><strong>audientium</strong></span> 
     </span>
    </p>
   </div>
   <div class='ocr_carea' id='block_1_14' title="bbox 501 1558 2079 1652">
    <p class='ocr_par' dir='ltr' id='par_1_14' title="bbox 501 1558 2079 1652">
     <span class='ocr_line' id='line_1_14' title="bbox 501 1558 2079 1652; baseline -0.018 -16"><span class='ocrx_word' id='word_1_102' title='bbox 501 1579 870 1652; x_wconf 79' lang='lat' dir='ltr'><strong>philosophia!</strong></span> <span class='ocrx_word' id='word_1_103' title='bbox 903 1576 1061 1632; x_wconf 87' lang='lat' dir='ltr'><strong>Certe</strong></span> <span class='ocrx_word' id='word_1_104' title='bbox 1085 1571 1236 1626; x_wconf 90' lang='lat' dir='ltr'><strong>valde</strong></span> <span class='ocrx_word' id='word_1_105' title='bbox 1262 1566 1557 1623; x_wconf 90' lang='lat' dir='ltr'><strong>mirandum</strong></span> <span class='ocrx_word' id='word_1_106' title='bbox 1582 1571 1664 1618; x_wconf 87' lang='lat' dir='ltr'><strong>est</strong></span> <span class='ocrx_word' id='word_1_107' title='bbox 1694 1561 1815 1615; x_wconf 90' lang='lat' dir='ltr'><strong>illos</strong></span> <span class='ocrx_word' id='word_1_108' title='bbox 1841 1558 1962 1612; x_wconf 89' lang='lat' dir='ltr'><strong>talia</strong></span> <span class='ocrx_word' id='word_1_109' title='bbox 1985 1572 2079 1609; x_wconf 88' lang='lat' dir='ltr'><strong>au-</strong></span> 
     </span>
    </p>
   </div>
   <div class='ocr_carea' id='block_1_15' title="bbox 503 1647 2081 1733">
    <p class='ocr_par' dir='ltr' id='par_1_15' title="bbox 503 1647 2081 1733">
     <span class='ocr_line' id='line_1_15' title="bbox 503 1647 2081 1733; baseline -0.016 -7"><span class='ocrx_word' id='word_1_110' title='bbox 503 1647 729 1733; x_wconf 65' lang='lat' dir='ltr'><strong>dientes,</strong></span> <span class='ocrx_word' id='word_1_111' title='bbox 759 1684 862 1723; x_wconf 91' lang='lat' dir='ltr'><strong>non</strong></span> <span class='ocrx_word' id='word_1_112' title='bbox 894 1665 1071 1721; x_wconf 89' lang='lat' dir='ltr'><strong>statim</strong></span> <span class='ocrx_word' id='word_1_113' title='bbox 1110 1659 1397 1730; x_wconf 73' lang='lat' dir='ltr'><strong>aufugisse,</strong></span> <span class='ocrx_word' id='word_1_114' title='bbox 1422 1657 1564 1709; x_wconf 87' lang='lat' dir='ltr'><strong>viros</strong></span> <span class='ocrx_word' id='word_1_115' title='bbox 1595 1650 1960 1713; x_wconf 88' lang='lat' dir='ltr'><strong>meticulosos,</strong></span> <span class='ocrx_word' id='word_1_116' title='bbox 1989 1647 2081 1716; x_wconf 88' lang='lat' dir='ltr'><strong>qui</strong></span> 
     </span>
    </p>
   </div>
   <div class='ocr_carea' id='block_1_16' title="bbox 504 1746 2084 1827">
    <p class='ocr_par' dir='ltr' id='par_1_16' title="bbox 504 1746 2084 1827">
     <span class='ocr_line' id='line_1_16' title="bbox 504 1746 2084 1827; baseline -0.018 -8"><span class='ocrx_word' id='word_1_117' title='bbox 504 1781 608 1819; x_wconf 88' lang='lat' dir='ltr'><strong>non</strong></span> <span class='ocrx_word' id='word_1_118' title='bbox 636 1764 771 1817; x_wconf 89' lang='lat' dir='ltr'><strong>ultra</strong></span> <span class='ocrx_word' id='word_1_119' title='bbox 802 1770 1069 1827; x_wconf 82' lang='lat' dir='ltr'><strong>stagnum,</strong></span> <span class='ocrx_word' id='word_1_120' title='bbox 1097 1757 1149 1810; x_wconf 89' lang='lat' dir='ltr'><strong>in</strong></span> <span class='ocrx_word' id='word_1_121' title='bbox 1178 1767 1284 1826; x_wconf 91' lang='lat' dir='ltr'><strong>quo</strong></span> <span class='ocrx_word' id='word_1_122' title='bbox 1322 1750 1512 1821; x_wconf 83' lang='lat' dir='ltr'><strong>piscari</strong></span> <span class='ocrx_word' id='word_1_123' title='bbox 1536 1746 1800 1809; x_wconf 79' lang='lat' dir='ltr'><strong>solebant,</strong></span> <span class='ocrx_word' id='word_1_124' title='bbox 1829 1754 2084 1813; x_wconf 88' lang='lat' dir='ltr'><strong>peragra-</strong></span> 
     </span>
    </p>
   </div>
   <div class='ocr_carea' id='block_1_17' title="bbox 503 1831 2083 1921">
    <p class='ocr_par' dir='ltr' id='par_1_17' title="bbox 503 1831 2083 1921">
     <span class='ocr_line' id='line_1_17' title="bbox 503 1831 2083 1921; baseline -0.018 -11"><span class='ocrx_word' id='word_1_125' title='bbox 503 1864 705 1912; x_wconf 82' lang='lat' dir='ltr'><strong>verant.</strong></span> <span class='ocrx_word' id='word_1_126' title='bbox 743 1849 1023 1921; x_wconf 83' lang='lat' dir='ltr'><strong>Quomodo</strong></span> <span class='ocrx_word' id='word_1_127' title='bbox 1051 1862 1155 1902; x_wconf 92' lang='lat' dir='ltr'><strong>non</strong></span> <span class='ocrx_word' id='word_1_128' title='bbox 1194 1845 1513 1915; x_wconf 70' lang='lat' dir='ltr'><strong>cogitarunt,</strong></span> <span class='ocrx_word' id='word_1_129' title='bbox 1555 1852 1653 1893; x_wconf 90' lang='lat' dir='ltr'><strong>nec</strong></span> <span class='ocrx_word' id='word_1_130' title='bbox 1681 1838 1820 1890; x_wconf 89' lang='lat' dir='ltr'><strong>intra</strong></span> <span class='ocrx_word' id='word_1_131' title='bbox 1846 1847 1904 1888; x_wconf 86' lang='lat' dir='ltr'><strong>se</strong></span> <span class='ocrx_word' id='word_1_132' title='bbox 1932 1831 2083 1885; x_wconf 80' lang='lat' dir='ltr'><strong>dixe-</strong></span> 
     </span>
    </p>
   </div>
   <div class='ocr_carea' id='block_1_18' title="bbox 506 1927 2085 2010">
    <p class='ocr_par' dir='ltr' id='par_1_18' title="bbox 506 1927 2085 2010">
     <span class='ocr_line' id='line_1_18' title="bbox 506 1927 2085 2010; baseline -0.017 -9"><span class='ocrx_word' id='word_1_133' title='bbox 506 1956 629 2001; x_wconf 91' lang='lat' dir='ltr'><strong>runt</strong></span> <span class='ocrx_word' id='word_1_134' title='bbox 661 1964 673 1998; x_wconf 88' lang='lat'><strong>:</strong></span> <span class='ocrx_word' id='word_1_135' title='bbox 702 1944 817 2010; x_wconf 85' lang='lat' dir='ltr'><strong>Quo</strong></span> <span class='ocrx_word' id='word_1_136' title='bbox 848 1939 1060 1996; x_wconf 86' lang='lat' dir='ltr'><strong>tandem</strong></span> <span class='ocrx_word' id='word_1_137' title='bbox 1098 1934 1395 2007; x_wconf 80' lang='lat' dir='ltr'><strong>fugiemus?</strong></span> <span class='ocrx_word' id='word_1_138' title='bbox 1429 1927 1733 1985; x_wconf 87' lang='lat' dir='ltr'><strong>Tribunalia</strong></span> <span class='ocrx_word' id='word_1_139' title='bbox 1764 1932 1948 1980; x_wconf 89' lang='lat' dir='ltr'><strong>contra</strong></span> <span class='ocrx_word' id='word_1_140' title='bbox 1986 1934 2085 1975; x_wconf 88' lang='lat' dir='ltr'><strong>nos</strong></span> 
     </span>
    </p>
   </div>
   <div class='ocr_carea' id='block_1_19' title="bbox 507 2011 2085 2105">
    <p class='ocr_par' dir='ltr' id='par_1_19' title="bbox 507 2011 2085 2105">
     <span class='ocr_line' id='line_1_19' title="bbox 507 2011 2085 2105; baseline -0.018 -13"><span class='ocrx_word' id='word_1_141' title='bbox 507 2046 670 2102; x_wconf 79' lang='lat' dir='ltr'><strong>stant,</strong></span> <span class='ocrx_word' id='word_1_142' title='bbox 715 2047 890 2105; x_wconf 81' lang='lat' dir='ltr'><strong>reges,</strong></span> <span class='ocrx_word' id='word_1_143' title='bbox 922 2028 1200 2100; x_wconf 70' lang='lat' dir='ltr'><strong>prmsides,</strong></span> <span class='ocrx_word' id='word_1_144' title='bbox 1231 2036 1513 2095; x_wconf 77' lang='lat' dir='ltr'><strong>synagogas</strong></span> <span class='ocrx_word' id='word_1_145' title='bbox 1538 2018 1867 2080; x_wconf 68' lang='lat' dir='ltr'><strong>Judteorum,</strong></span> <span class='ocrx_word' id='word_1_146' title='bbox 1911 2011 2085 2082; x_wconf 87' lang='lat' dir='ltr'><strong>genti-</strong></span> 
     </span>
    </p>
   </div>
   <div class='ocr_carea' id='block_1_20' title="bbox 508 2104 2087 2194">
    <p class='ocr_par' dir='ltr' id='par_1_20' title="bbox 508 2104 2087 2194">
     <span class='ocr_line' id='line_1_20' title="bbox 508 2104 2087 2194; baseline -0.015 -9"><span class='ocrx_word' id='word_1_147' title='bbox 508 2133 638 2185; x_wconf 91' lang='lat' dir='ltr'><strong>lium</strong></span> <span class='ocrx_word' id='word_1_148' title='bbox 673 2104 846 2191; x_wconf 88' lang='lat' dir='ltr'><strong>turba,</strong></span> <span class='ocrx_word' id='word_1_149' title='bbox 880 2122 1143 2194; x_wconf 80' lang='lat' dir='ltr'><strong>principes</strong></span> <span class='ocrx_word' id='word_1_150' title='bbox 1169 2128 1223 2173; x_wconf 89' lang='lat' dir='ltr'><strong>et</strong></span> <span class='ocrx_word' id='word_1_151' title='bbox 1266 2114 1485 2170; x_wconf 83' lang='lat' dir='ltr'><strong>subditi.</strong></span> <span class='ocrx_word' id='word_1_152' title='bbox 1512 2110 1644 2167; x_wconf 82' lang='lat' dir='ltr'><strong>Nam</strong></span> <span class='ocrx_word' id='word_1_153' title='bbox 1695 2122 1799 2163; x_wconf 91' lang='lat' dir='ltr'><strong>non</strong></span> <span class='ocrx_word' id='word_1_154' title='bbox 1848 2104 2087 2161; x_wconf 66' lang='lat' dir='ltr'><strong>Palmst&#39;t-</strong></span> 
     </span>
    </p>
   </div>
   <div class='ocr_carea' id='block_1_21' title="bbox 506 2201 2092 2283">
    <p class='ocr_par' dir='ltr' id='par_1_21' title="bbox 506 2201 2092 2283">
     <span class='ocr_line' id='line_1_21' title="bbox 506 2201 2092 2283; baseline -0.018 -8"><span class='ocrx_word' id='word_1_155' title='bbox 506 2237 631 2275; x_wconf 86' lang='lat' dir='ltr'><strong>nam</strong></span> <span class='ocrx_word' id='word_1_156' title='bbox 677 2218 858 2283; x_wconf 89' lang='lat' dir='ltr'><strong>modo,</strong></span> <span class='ocrx_word' id='word_1_157' title='bbox 910 2228 1007 2268; x_wconf 88' lang='lat' dir='ltr'><strong>nec</strong></span> <span class='ocrx_word' id='word_1_158' title='bbox 1037 2210 1194 2275; x_wconf 90' lang='lat' dir='ltr'><strong>mala,</strong></span> <span class='ocrx_word' id='word_1_159' title='bbox 1236 2222 1355 2278; x_wconf 64' lang='lat' dir='ltr'><strong>quae</strong></span> <span class='ocrx_word' id='word_1_160' title='bbox 1395 2205 1465 2261; x_wconf 90' lang='lat' dir='ltr'><strong>ibi</strong></span> <span class='ocrx_word' id='word_1_161' title='bbox 1499 2201 1702 2273; x_wconf 82' lang='lat' dir='ltr'><strong>passuri</strong></span> <span class='ocrx_word' id='word_1_162' title='bbox 1748 2206 1920 2263; x_wconf 89' lang='lat' dir='ltr'><strong>erant,</strong></span> <span class='ocrx_word' id='word_1_163' title='bbox 1952 2210 2092 2266; x_wconf 66' lang='lat' dir='ltr'><strong>prte-</strong></span> 
     </span>
    </p>
   </div>
   <div class='ocr_carea' id='block_1_22' title="bbox 472 2284 2089 2373">
    <p class='ocr_par' dir='ltr' id='par_1_22' title="bbox 472 2284 2089 2373">
     <span class='ocr_line' id='line_1_22' title="bbox 472 2284 2089 2373; baseline -0.019 -6"><span class='ocrx_word' id='word_1_164' title='bbox 472 2352 475 2353; x_wconf 46' lang='grc' dir='ltr'><em>ν</em></span> <span class='ocrx_word' id='word_1_165' title='bbox 511 2310 794 2373; x_wconf 86' lang='lat' dir='ltr'><strong>nuntiavit,</strong></span> <span class='ocrx_word' id='word_1_166' title='bbox 837 2304 931 2360; x_wconf 87' lang='lat' dir='ltr'><strong>scd</strong></span> <span class='ocrx_word' id='word_1_167' title='bbox 961 2302 1095 2357; x_wconf 89' lang='lat' dir='ltr'><strong>bella</strong></span> <span class='ocrx_word' id='word_1_168' title='bbox 1128 2315 1221 2370; x_wconf 89' lang='lat' dir='ltr'><strong>per</strong></span> <span class='ocrx_word' id='word_1_169' title='bbox 1262 2297 1446 2353; x_wconf 92' lang='lat' dir='ltr'><strong>orbem</strong></span> <span class='ocrx_word' id='word_1_170' title='bbox 1488 2295 1660 2347; x_wconf 91' lang='lat' dir='ltr'><strong>futura</strong></span> <span class='ocrx_word' id='word_1_171' title='bbox 1689 2287 1934 2359; x_wconf 68' lang='lat' dir='ltr'><strong>praedixit</strong></span> <span class='ocrx_word' id='word_1_172' title='bbox 1964 2303 1977 2337; x_wconf 94' lang='lat'><strong>:</strong></span> <span class='ocrx_word' id='word_1_173' title='bbox 2011 2284 2089 2337; x_wconf 79' lang='lat' dir='ltr'><strong>Ad</strong></span> 
     </span>
    </p>
   </div>
   <div class='ocr_carea' id='block_1_23' title="bbox 509 2377 2091 2475">
    <p class='ocr_par' dir='ltr' id='par_1_23' title="bbox 509 2377 2091 2475">
     <span class='ocr_line' id='line_1_23' title="bbox 509 2377 2091 2475; baseline -0.017 -17"><span class='ocrx_word' id='word_1_174' title='bbox 509 2420 670 2475; x_wconf 82' lang='lat' dir='ltr'><strong>reges,</strong></span> <span class='ocrx_word' id='word_1_175' title='bbox 711 2399 899 2469; x_wconf 88' lang='lat' dir='ltr'><strong>inquit,</strong></span> <span class='ocrx_word' id='word_1_176' title='bbox 949 2404 996 2450; x_wconf 86' lang='lat' dir='ltr'><strong>et</strong></span> <span class='ocrx_word' id='word_1_177' title='bbox 1027 2390 1265 2465; x_wconf 67' lang='lat' dir='ltr'><strong>praesides</strong></span> <span class='ocrx_word' id='word_1_178' title='bbox 1300 2387 1587 2452; x_wconf 83' lang='lat' dir='ltr'><strong>ducemim&#39;;</strong></span> <span class='ocrx_word' id='word_1_179' title='bbox 1632 2379 1924 2439; x_wconf 83' lang='lat' dir='ltr'><strong>ostendens</strong></span> <span class='ocrx_word' id='word_1_180' title='bbox 1970 2377 2091 2432; x_wconf 89' lang='lat' dir='ltr'><strong>illos</strong></span> 
     </span>
    </p>
   </div>
   <div class='ocr_carea' id='block_1_24' title="bbox 510 2478 2092 2566">
    <p class='ocr_par' dir='ltr' id='par_1_24' title="bbox 510 2478 2092 2566">
     <span class='ocr_line' id='line_1_24' title="bbox 510 2478 2092 2566; baseline -0.015 -16"><span class='ocrx_word' id='word_1_181' title='bbox 510 2498 579 2552; x_wconf 90' lang='lat' dir='ltr'><strong>ad</strong></span> <span class='ocrx_word' id='word_1_182' title='bbox 606 2500 792 2566; x_wconf 83' lang='lat' dir='ltr'><strong>gentes</strong></span> <span class='ocrx_word' id='word_1_183' title='bbox 830 2486 1025 2544; x_wconf 91' lang='lat' dir='ltr'><strong>deinde</strong></span> <span class='ocrx_word' id='word_1_184' title='bbox 1060 2500 1180 2541; x_wconf 89' lang='lat' dir='ltr'><strong>esse</strong></span> <span class='ocrx_word' id='word_1_185' title='bbox 1203 2480 1511 2538; x_wconf 88' lang='lat' dir='ltr'><strong>mittendos.</strong></span> <span class='ocrx_word' id='word_1_186' title='bbox 1541 2478 1738 2533; x_wconf 86' lang='lat' dir='ltr'><strong>Orbem</strong></span> <span class='ocrx_word' id='word_1_187' title='bbox 1767 2483 1952 2530; x_wconf 89' lang='lat' dir='ltr'><strong>contra</strong></span> <span class='ocrx_word' id='word_1_188' title='bbox 1992 2484 2092 2527; x_wconf 87' lang='lat' dir='ltr'><strong>nos</strong></span> 
     </span>
    </p>
   </div>
   <div class='ocr_carea' id='block_1_25' title="bbox 512 2565 2091 2648">
    <p class='ocr_par' dir='ltr' id='par_1_25' title="bbox 512 2565 2091 2648">
     <span class='ocr_line' id='line_1_25' title="bbox 512 2565 2091 2648; baseline -0.013 -8"><span class='ocrx_word' id='word_1_189' title='bbox 512 2565 754 2648; x_wconf 85' lang='lat' dir='ltr'><strong>armasti,</strong></span> <span class='ocrx_word' id='word_1_190' title='bbox 791 2579 938 2635; x_wconf 87' lang='lat' dir='ltr'><strong>orbis</strong></span> <span class='ocrx_word' id='word_1_191' title='bbox 964 2589 1121 2632; x_wconf 71' lang='lat' dir='ltr'><strong>terra:</strong></span> <span class='ocrx_word' id='word_1_192' title='bbox 1145 2573 1472 2628; x_wconf 89' lang='lat' dir='ltr'><strong>habitatores</strong></span> <span class='ocrx_word' id='word_1_193' title='bbox 1496 2582 1685 2623; x_wconf 86' lang='lat' dir='ltr'><strong>omnes</strong></span> <span class='ocrx_word' id='word_1_194' title='bbox 1710 2565 1874 2625; x_wconf 76' lang='lat' dir='ltr'><strong>anuis</strong></span> <span class='ocrx_word' id='word_1_195' title='bbox 1904 2572 2091 2619; x_wconf 89' lang='lat' dir='ltr'><strong>contra</strong></span> 
     </span>
    </p>
   </div>
   <div class='ocr_carea' id='block_1_26' title="bbox 510 2654 2097 2739">
    <p class='ocr_par' dir='ltr' id='par_1_26' title="bbox 510 2654 2097 2739">
     <span class='ocr_line' id='line_1_26' title="bbox 510 2654 2097 2739; baseline -0.014 -9"><span class='ocrx_word' id='word_1_196' title='bbox 510 2690 613 2730; x_wconf 90' lang='lat' dir='ltr'><strong>nos</strong></span> <span class='ocrx_word' id='word_1_197' title='bbox 639 2671 931 2739; x_wconf 85' lang='lat' dir='ltr'><strong>munivisti,</strong></span> <span class='ocrx_word' id='word_1_198' title='bbox 962 2666 1201 2738; x_wconf 88' lang='lat' dir='ltr'><strong>populos,</strong></span> <span class='ocrx_word' id='word_1_199' title='bbox 1228 2673 1500 2734; x_wconf 83' lang='lat' dir='ltr'><strong>tyrannos,</strong></span> <span class='ocrx_word' id='word_1_200' title='bbox 1531 2672 1705 2728; x_wconf 88' lang='lat' dir='ltr'><strong>reges.</strong></span> <span class='ocrx_word' id='word_1_201' title='bbox 1738 2655 1887 2723; x_wconf 86' lang='lat' dir='ltr'><strong>Quod</strong></span> <span class='ocrx_word' id='word_1_202' title='bbox 1915 2654 2097 2719; x_wconf 81' lang='lat' dir='ltr'><strong>sequi-</strong></span> 
     </span>
    </p>
   </div>
   <div class='ocr_carea' id='block_1_27' title="bbox 514 2745 2095 2831">
    <p class='ocr_par' dir='ltr' id='par_1_27' title="bbox 514 2745 2095 2831">
     <span class='ocr_line' id='line_1_27' title="bbox 514 2745 2095 2831; baseline -0.015 -9"><span class='ocrx_word' id='word_1_203' title='bbox 514 2781 601 2821; x_wconf 89' lang='lat' dir='ltr'><strong>tur</strong></span> <span class='ocrx_word' id='word_1_204' title='bbox 624 2780 749 2820; x_wconf 78' lang='lat' dir='ltr'><strong>vcro</strong></span> <span class='ocrx_word' id='word_1_205' title='bbox 778 2764 933 2831; x_wconf 80' lang='lat' dir='ltr'><strong>longe</strong></span> <span class='ocrx_word' id='word_1_206' title='bbox 958 2757 1265 2813; x_wconf 88' lang='lat' dir='ltr'><strong>horribilius</strong></span> <span class='ocrx_word' id='word_1_207' title='bbox 1302 2761 1405 2818; x_wconf 89' lang='lat' dir='ltr'><strong>est,</strong></span> <span class='ocrx_word' id='word_1_208' title='bbox 1435 2750 1648 2821; x_wconf 90' lang='lat' dir='ltr'><strong>quando</strong></span> <span class='ocrx_word' id='word_1_209' title='bbox 1687 2746 1913 2802; x_wconf 78' lang='lat' dir='ltr'><strong>fratrum</strong></span> <span class='ocrx_word' id='word_1_210' title='bbox 1957 2745 2095 2799; x_wconf 84' lang='lat' dir='ltr'><strong>ﬁlio-</strong></span> 
     </span>
    </p>
   </div>
   <div class='ocr_carea' id='block_1_28' title="bbox 517 2834 2098 2927">
    <p class='ocr_par' dir='ltr' id='par_1_28' title="bbox 517 2834 2098 2927">
     <span class='ocr_line' id='line_1_28' title="bbox 517 2834 2098 2927; baseline -0.015 -13"><span class='ocrx_word' id='word_1_211' title='bbox 517 2873 740 2927; x_wconf 87' lang='lat' dir='ltr'><strong>rumque</strong></span> <span class='ocrx_word' id='word_1_212' title='bbox 771 2852 1142 2909; x_wconf 81' lang='lat' dir='ltr'><strong>interfectores</strong></span> <span class='ocrx_word' id='word_1_213' title='bbox 1181 2857 1235 2902; x_wconf 90' lang='lat' dir='ltr'><strong>et</strong></span> <span class='ocrx_word' id='word_1_214' title='bbox 1262 2842 1538 2914; x_wconf 80' lang='lat' dir='ltr'><strong>parricidas</strong></span> <span class='ocrx_word' id='word_1_215' title='bbox 1564 2849 1781 2910; x_wconf 88' lang='lat' dir='ltr'><strong>propter</strong></span> <span class='ocrx_word' id='word_1_216' title='bbox 1805 2852 1901 2893; x_wconf 88' lang='lat' dir='ltr'><strong>nos</strong></span> <span class='ocrx_word' id='word_1_217' title='bbox 1933 2834 2098 2891; x_wconf 85' lang='lat' dir='ltr'><strong>futuri</strong></span> 
     </span>
    </p>
   </div>
   <div class='ocr_carea' id='block_1_29' title="bbox 515 2932 2099 3006">
    <p class='ocr_par' dir='ltr' id='par_1_29' title="bbox 515 2932 2099 3006">
     <span class='ocr_line' id='line_1_29' title="bbox 515 2932 2099 3006; baseline -0.016 1"><span class='ocrx_word' id='word_1_218' title='bbox 515 2961 641 3006; x_wconf 86' lang='lat' dir='ltr'><strong>sunt</strong></span> <span class='ocrx_word' id='word_1_219' title='bbox 665 2949 930 3005; x_wconf 86' lang='lat' dir='ltr'><strong>homines.</strong></span> <span class='ocrx_word' id='word_1_220' title='bbox 982 2942 1115 2998; x_wconf 88' lang='lat' dir='ltr'><strong>Nam</strong></span> <span class='ocrx_word' id='word_1_221' title='bbox 1140 2940 1231 2994; x_wconf 74' lang='lat'><strong>21.</strong></span> <span class='ocrx_word' id='word_1_222' title='bbox 1260 2938 1447 2992; x_wconf 74' lang='lat' dir='ltr'><strong>Tradat</strong></span> <span class='ocrx_word' id='word_1_223' title='bbox 1476 2938 1633 3006; x_wconf 83' lang='lat' dir='ltr'><strong>frater</strong></span> <span class='ocrx_word' id='word_1_224' title='bbox 1658 2937 1865 3004; x_wconf 71' lang='lat' dir='ltr'><strong>fratrem</strong></span> <span class='ocrx_word' id='word_1_225' title='bbox 1889 2932 1944 2984; x_wconf 87' lang='lat' dir='ltr'><strong>in</strong></span> <span class='ocrx_word' id='word_1_226' title='bbox 1964 2945 2099 2984; x_wconf 83' lang='lat' dir='ltr'><strong>mor-</strong></span> 
     </span>
    </p>
   </div>
   <div class='ocr_carea' id='block_1_30' title="bbox 519 3025 2101 3109">
    <p class='ocr_par' dir='ltr' id='par_1_30' title="bbox 519 3025 2101 3109">
     <span class='ocr_line' id='line_1_30' title="bbox 519 3025 2101 3109; baseline -0.013 -14"><span class='ocrx_word' id='word_1_227' title='bbox 519 3054 637 3105; x_wconf 85' lang='lat' dir='ltr'><strong>tem,</strong></span> <span class='ocrx_word' id='word_1_228' title='bbox 667 3046 807 3109; x_wconf 83' lang='lat' dir='ltr'><strong>pater</strong></span> <span class='ocrx_word' id='word_1_229' title='bbox 830 3035 1013 3105; x_wconf 79' lang='lat' dir='ltr'><strong>filium,</strong></span> <span class='ocrx_word' id='word_1_230' title='bbox 1036 3041 1083 3085; x_wconf 80' lang='lat' dir='ltr'><strong>et</strong></span> <span class='ocrx_word' id='word_1_231' title='bbox 1106 3032 1364 3098; x_wconf 83' lang='lat' dir='ltr'><strong>insurgent</strong></span> <span class='ocrx_word' id='word_1_232' title='bbox 1389 3026 1484 3094; x_wconf 77' lang='lat' dir='ltr'><strong>filii</strong></span> <span class='ocrx_word' id='word_1_233' title='bbox 1512 3025 1565 3077; x_wconf 84' lang='lat' dir='ltr'><strong>in</strong></span> <span class='ocrx_word' id='word_1_234' title='bbox 1591 3032 1843 3094; x_wconf 81' lang='lat' dir='ltr'><strong>parentes,</strong></span> <span class='ocrx_word' id='word_1_235' title='bbox 1874 3031 1919 3075; x_wconf 92' lang='lat' dir='ltr'><strong>et</strong></span> <span class='ocrx_word' id='word_1_236' title='bbox 1942 3029 2101 3075; x_wconf 77' lang='lat' dir='ltr'><strong>morte</strong></span> 
     </span>
    </p>
   </div>
   <div class='ocr_carea' id='block_1_31' title="bbox 515 3111 2099 3199">
    <p class='ocr_par' dir='ltr' id='par_1_31' title="bbox 515 3111 2099 3199">
     <span class='ocr_line' id='line_1_31' title="bbox 515 3111 2099 3199; baseline -0.013 -14"><span class='ocrx_word' id='word_1_237' title='bbox 515 3147 601 3185; x_wconf 81' lang='lat' dir='ltr'><strong>eos</strong></span> <span class='ocrx_word' id='word_1_238' title='bbox 627 3128 859 3199; x_wconf 69' lang='lat' dir='ltr'><strong>afﬁciant.</strong></span> <span class='ocrx_word' id='word_1_239' title='bbox 884 3120 1183 3191; x_wconf 84' lang='lat' dir='ltr'><strong>Quomodo,</strong></span> <span class='ocrx_word' id='word_1_240' title='bbox 1214 3116 1438 3188; x_wconf 86' lang='lat' dir='ltr'><strong>inquies,</strong></span> <span class='ocrx_word' id='word_1_241' title='bbox 1480 3114 1673 3184; x_wconf 89' lang='lat' dir='ltr'><strong>reliqui</strong></span> <span class='ocrx_word' id='word_1_242' title='bbox 1703 3111 1944 3176; x_wconf 88' lang='lat' dir='ltr'><strong>credent,</strong></span> <span class='ocrx_word' id='word_1_243' title='bbox 1975 3125 2099 3165; x_wconf 88' lang='lat' dir='ltr'><strong>cum</strong></span> 
     </span>
    </p>
   </div>
   <div class='ocr_carea' id='block_1_32' title="bbox 518 3202 2102 3289">
    <p class='ocr_par' dir='ltr' id='par_1_32' title="bbox 518 3202 2102 3289">
     <span class='ocr_line' id='line_1_32' title="bbox 518 3202 2102 3289; baseline -0.011 -13"><span class='ocrx_word' id='word_1_244' title='bbox 518 3220 751 3289; x_wconf 81' lang='lat' dir='ltr'><strong>viderint</strong></span> <span class='ocrx_word' id='word_1_245' title='bbox 779 3217 915 3272; x_wconf 82' lang='lat' dir='ltr'><strong>ﬁlios</strong></span> <span class='ocrx_word' id='word_1_246' title='bbox 946 3220 1159 3284; x_wconf 86' lang='lat' dir='ltr'><strong>propter</strong></span> <span class='ocrx_word' id='word_1_247' title='bbox 1187 3224 1335 3266; x_wconf 84' lang='lat' dir='ltr'><strong>nosa</strong></span> <span class='ocrx_word' id='word_1_248' title='bbox 1364 3206 1602 3278; x_wconf 88' lang='lat' dir='ltr'><strong>patribus</strong></span> <span class='ocrx_word' id='word_1_249' title='bbox 1628 3205 1855 3271; x_wconf 87' lang='lat' dir='ltr'><strong>occisos,</strong></span> <span class='ocrx_word' id='word_1_250' title='bbox 1885 3202 2102 3259; x_wconf 85' lang='lat' dir='ltr'><strong>fratres-</strong></span> 
     </span>
    </p>
   </div>
   <div class='ocr_carea' id='block_1_33' title="bbox 517 3296 2101 3382">
    <p class='ocr_par' dir='ltr' id='par_1_33' title="bbox 517 3296 2101 3382">
     <span class='ocr_line' id='line_1_33' title="bbox 517 3296 2101 3382; baseline -0.011 -16"><span class='ocrx_word' id='word_1_251' title='bbox 517 3326 623 3382; x_wconf 89' lang='lat' dir='ltr'><strong>que</strong></span> <span class='ocrx_word' id='word_1_252' title='bbox 648 3326 678 3364; x_wconf 88' lang='lat' dir='ltr'><strong>a</strong></span> <span class='ocrx_word' id='word_1_253' title='bbox 705 3308 973 3370; x_wconf 85' lang='lat' dir='ltr'><strong>fratribus,</strong></span> <span class='ocrx_word' id='word_1_254' title='bbox 1002 3303 1311 3372; x_wconf 81' lang='lat' dir='ltr'><strong>sceleraque</strong></span> <span class='ocrx_word' id='word_1_255' title='bbox 1335 3300 1513 3355; x_wconf 84' lang='lat' dir='ltr'><strong>omnia</strong></span> <span class='ocrx_word' id='word_1_256' title='bbox 1543 3296 1783 3367; x_wconf 81' lang='lat' dir='ltr'><strong>patrata?</strong></span> <span class='ocrx_word' id='word_1_257' title='bbox 1812 3297 2002 3349; x_wconf 81' lang='lat' dir='ltr'><strong>Annon</strong></span> <span class='ocrx_word' id='word_1_258' title='bbox 2041 3300 2101 3349; x_wconf 84' lang='lat' dir='ltr'><strong>ut</strong></span> 
     </span>
    </p>
   </div>
   <div class='ocr_carea' id='block_1_34' title="bbox 520 3383 2102 3473">
    <p class='ocr_par' dir='ltr' id='par_1_34' title="bbox 520 3383 2102 3473">
     <span class='ocr_line' id='line_1_34' title="bbox 520 3383 2102 3473; baseline -0.011 -16"><span class='ocrx_word' id='word_1_259' title='bbox 520 3402 875 3473; x_wconf 83' lang='lat' dir='ltr'><strong>nequissimos</strong></span> <span class='ocrx_word' id='word_1_260' title='bbox 900 3396 1192 3461; x_wconf 71' lang='lat' dir='ltr'><strong>daemonas,</strong></span> <span class='ocrx_word' id='word_1_261' title='bbox 1217 3396 1394 3449; x_wconf 80' lang='lat' dir='ltr'><strong>annon</strong></span> <span class='ocrx_word' id='word_1_262' title='bbox 1418 3398 1476 3444; x_wconf 91' lang='lat' dir='ltr'><strong>ut</strong></span> <span class='ocrx_word' id='word_1_263' title='bbox 1500 3386 1856 3444; x_wconf 83' lang='lat' dir='ltr'><strong>exsecrandos</strong></span> <span class='ocrx_word' id='word_1_264' title='bbox 1884 3394 1939 3441; x_wconf 87' lang='lat' dir='ltr'><strong>et</strong></span> <span class='ocrx_word' id='word_1_265' title='bbox 1956 3383 2102 3441; x_wconf 80' lang='lat' dir='ltr'><strong>orbis</strong></span> 
     </span>
    </p>
   </div>
   <div class='ocr_carea' id='block_1_35' title="bbox 519 3480 2101 3561">
    <p class='ocr_par' dir='ltr' id='par_1_35' title="bbox 519 3480 2101 3561">
     <span class='ocr_line' id='line_1_35' title="bbox 519 3480 2101 3561; baseline -0.011 -14"><span class='ocrx_word' id='word_1_266' title='bbox 519 3500 880 3561; x_wconf 88' lang='lat' dir='ltr'><strong>corruptores,</strong></span> <span class='ocrx_word' id='word_1_267' title='bbox 906 3500 1002 3543; x_wconf 91' lang='lat' dir='ltr'><strong>nos</strong></span> <span class='ocrx_word' id='word_1_268' title='bbox 1025 3485 1257 3555; x_wconf 88' lang='lat' dir='ltr'><strong>undique</strong></span> <span class='ocrx_word' id='word_1_269' title='bbox 1282 3480 1572 3551; x_wconf 80' lang='lat' dir='ltr'><strong>expellent,</strong></span> <span class='ocrx_word' id='word_1_270' title='bbox 1600 3486 1946 3559; x_wconf 85' lang='lat' dir='ltr'><strong>cognatorum</strong></span> <span class='ocrx_word' id='word_1_271' title='bbox 1974 3490 2101 3530; x_wconf 88' lang='lat' dir='ltr'><strong>san-</strong></span> 
     </span>
    </p>
   </div>
   <div class='ocr_carea' id='block_1_36' title="bbox 518 3556 2103 3656">
    <p class='ocr_par' dir='ltr' id='par_1_36' title="bbox 518 3556 2103 3656">
     <span class='ocr_line' id='line_1_36' title="bbox 518 3556 2103 3656; baseline -0.011 -18"><span class='ocrx_word' id='word_1_272' title='bbox 518 3556 755 3656; x_wconf 40' lang='lat' dir='ltr'><strong>guine-et</strong></span> <span class='ocrx_word' id='word_1_273' title='bbox 778 3577 1037 3649; x_wconf 87' lang='lat' dir='ltr'><strong>ejusmodi</strong></span> <span class='ocrx_word' id='word_1_274' title='bbox 1059 3575 1297 3631; x_wconf 60' lang='lat' dir='ltr'><strong>caedibus</strong></span> <span class='ocrx_word' id='word_1_275' title='bbox 1328 3582 1521 3628; x_wconf 83' lang='lat' dir='ltr'><strong>terram</strong></span> <span class='ocrx_word' id='word_1_276' title='bbox 1548 3556 1804 3639; x_wconf 87' lang='lat' dir='ltr'><strong>repletam</strong></span> <span class='ocrx_word' id='word_1_277' title='bbox 1830 3565 2103 3622; x_wconf 73' lang='lat' dir='ltr'><strong>videntes?</strong></span> 
     </span>
    </p>
   </div>
   <div class='ocr_carea' id='block_1_37' title="bbox 520 3661 2087 3741">
    <p class='ocr_par' dir='ltr' id='par_1_37' title="bbox 520 3661 2087 3741">
     <span class='ocr_line' id='line_1_37' title="bbox 520 3661 2087 3741; baseline -0.012 -14"><span class='ocrx_word' id='word_1_278' title='bbox 520 3674 779 3741; x_wconf 77' lang='lat' dir='ltr'><strong>Equidem</strong></span> <span class='ocrx_word' id='word_1_279' title='bbox 817 3668 1080 3737; x_wconf 85' lang='lat' dir='ltr'><strong>(nonne?)</strong></span> <span class='ocrx_word' id='word_1_280' title='bbox 1112 3681 1311 3736; x_wconf 83' lang='lat' dir='ltr'><strong>pacem</strong></span> <span class='ocrx_word' id='word_1_281' title='bbox 1342 3664 1397 3717; x_wconf 90' lang='lat' dir='ltr'><strong>in</strong></span> <span class='ocrx_word' id='word_1_282' title='bbox 1423 3663 1615 3717; x_wconf 90' lang='lat' dir='ltr'><strong>domos</strong></span> <span class='ocrx_word' id='word_1_283' title='bbox 1663 3661 2087 3725; x_wconf 70' lang='lat' dir='ltr'><strong>introducemus,</strong></span> 
     </span>
    </p>
   </div>
   <div class='ocr_carea' id='block_1_38' title="bbox 519 3751 2092 3827">
    <p class='ocr_par' dir='ltr' id='par_1_38' title="bbox 519 3751 2092 3827">
     <span class='ocr_line' id='line_1_38' title="bbox 519 3751 2092 3827; baseline -0.012 -9"><span class='ocrx_word' id='word_1_284' title='bbox 519 3774 599 3818; x_wconf 90' lang='lat' dir='ltr'><strong>tot</strong></span> <span class='ocrx_word' id='word_1_285' title='bbox 627 3763 747 3817; x_wconf 88' lang='lat' dir='ltr'><strong>illas</strong></span> <span class='ocrx_word' id='word_1_286' title='bbox 776 3759 1013 3815; x_wconf 83' lang='lat' dir='ltr'><strong>caedibus</strong></span> <span class='ocrx_word' id='word_1_287' title='bbox 1046 3757 1350 3827; x_wconf 86' lang='lat' dir='ltr'><strong>implentcs.</strong></span> <span class='ocrx_word' id='word_1_288' title='bbox 1380 3751 1515 3806; x_wconf 85' lang='lat' dir='ltr'><strong>Nam</strong></span> <span class='ocrx_word' id='word_1_289' title='bbox 1541 3752 1586 3806; x_wconf 92' lang='lat' dir='ltr'><strong>si</strong></span> <span class='ocrx_word' id='word_1_290' title='bbox 1616 3764 1811 3820; x_wconf 87' lang='lat' dir='ltr'><strong>magno</strong></span> <span class='ocrx_word' id='word_1_291' title='bbox 1846 3758 2092 3803; x_wconf 89' lang='lat' dir='ltr'><strong>essemus</strong></span> 
     </span>
    </p>
   </div>
   <div class='ocr_carea' id='block_1_39' title="bbox 520 3832 2096 3917">
    <p class='ocr_par' dir='ltr' id='par_1_39' title="bbox 520 3832 2096 3917">
     <span class='ocr_line' id='line_1_39' title="bbox 520 3832 2096 3917; baseline -0.013 -8"><span class='ocrx_word' id='word_1_292' title='bbox 520 3867 773 3917; x_wconf 84' lang='lat' dir='ltr'><strong>numero,</strong></span> <span class='ocrx_word' id='word_1_293' title='bbox 822 3865 924 3906; x_wconf 82' lang='lat' dir='ltr'><strong>nec</strong></span> <span class='ocrx_word' id='word_1_294' title='bbox 978 3832 1265 3904; x_wconf 84' lang='lat' dir='ltr'><strong>duodecim</strong></span> <span class='ocrx_word' id='word_1_295' title='bbox 1307 3853 1541 3917; x_wconf 77' lang='lat' dir='ltr'><strong>tantum,</strong></span> <span class='ocrx_word' id='word_1_296' title='bbox 1580 3842 1630 3897; x_wconf 87' lang='lat' dir='ltr'><strong>si</strong></span> <span class='ocrx_word' id='word_1_297' title='bbox 1669 3855 1778 3895; x_wconf 88' lang='lat' dir='ltr'><strong>non</strong></span> <span class='ocrx_word' id='word_1_298' title='bbox 1830 3838 2009 3893; x_wconf 63' lang='lat' dir='ltr'><strong>idiota</strong></span> <span class='ocrx_word' id='word_1_299' title='bbox 2040 3843 2096 3889; x_wconf 87' lang='lat' dir='ltr'><strong>et</strong></span> 
     </span>
    </p>
   </div>
   <div class='ocr_carea' id='block_1_40' title="bbox 523 3923 2090 4007">
    <p class='ocr_par' dir='ltr' id='par_1_40' title="bbox 523 3923 2090 4007">
     <span class='ocr_line' id='line_1_40' title="bbox 523 3923 2090 4007; baseline -0.013 -8"><span class='ocrx_word' id='word_1_300' title='bbox 523 3940 763 3999; x_wconf 89' lang='lat' dir='ltr'><strong>illiterati</strong></span> <span class='ocrx_word' id='word_1_301' title='bbox 797 3982 813 4007; x_wconf 91' lang='lat'><strong>,</strong></span> <span class='ocrx_word' id='word_1_302' title='bbox 870 3939 966 3996; x_wconf 89' lang='lat' dir='ltr'><strong>sed</strong></span> <span class='ocrx_word' id='word_1_303' title='bbox 1006 3938 1279 4007; x_wconf 87' lang='lat' dir='ltr'><strong>sapientes</strong></span> <span class='ocrx_word' id='word_1_304' title='bbox 1326 3923 1573 3993; x_wconf 71' lang='lat' dir='ltr'><strong>rhetores</strong></span> <span class='ocrx_word' id='word_1_305' title='bbox 1600 3973 1615 3998; x_wconf 96' lang='lat'><strong>,</strong></span> <span class='ocrx_word' id='word_1_306' title='bbox 1662 3938 1946 3992; x_wconf 84' lang='lat' dir='ltr'><strong>oratores;</strong></span> <span class='ocrx_word' id='word_1_307' title='bbox 1980 3926 2090 3979; x_wconf 88' lang='lat' dir='ltr'><strong>imo</strong></span> 
     </span>
    </p>
   </div>
   <div class='ocr_carea' id='block_1_41' title="bbox 520 4020 2099 4103">
    <p class='ocr_par' dir='ltr' id='par_1_41' title="bbox 520 4020 2099 4103">
     <span class='ocr_line' id='line_1_41' title="bbox 520 4020 2099 4103; baseline -0.014 -12"><span class='ocrx_word' id='word_1_308' title='bbox 520 4039 684 4091; x_wconf 81' lang='lat' dir='ltr'><strong>etiam</strong></span> <span class='ocrx_word' id='word_1_309' title='bbox 734 4048 890 4103; x_wconf 87' lang='lat' dir='ltr'><strong>reges</strong></span> <span class='ocrx_word' id='word_1_310' title='bbox 931 4030 1204 4086; x_wconf 82' lang='lat' dir='ltr'><strong>exercitus</strong></span> <span class='ocrx_word' id='word_1_311' title='bbox 1253 4026 1509 4081; x_wconf 85' lang='lat' dir='ltr'><strong>habentes</strong></span> <span class='ocrx_word' id='word_1_312' title='bbox 1540 4034 1596 4079; x_wconf 88' lang='lat' dir='ltr'><strong>et</strong></span> <span class='ocrx_word' id='word_1_313' title='bbox 1614 4021 1866 4093; x_wconf 79' lang='lat' dir='ltr'><strong>pecuniis</strong></span> <span class='ocrx_word' id='word_1_314' title='bbox 1895 4020 2099 4072; x_wconf 87' lang='lat' dir='ltr'><strong>instru-</strong></span> 
     </span>
    </p>
   </div>
   <div class='ocr_carea' id='block_1_42' title="bbox 524 4108 2103 4196">
    <p class='ocr_par' dir='ltr' id='par_1_42' title="bbox 524 4108 2103 4196">
     <span class='ocr_line' id='line_1_42' title="bbox 524 4108 2103 4196; baseline -0.011 -15"><span class='ocrx_word' id='word_1_315' title='bbox 524 4126 618 4189; x_wconf 90' lang='lat' dir='ltr'><strong>cti,</strong></span> <span class='ocrx_word' id='word_1_316' title='bbox 657 4123 926 4196; x_wconf 90' lang='lat' dir='ltr'><strong>quomodo</strong></span> <span class='ocrx_word' id='word_1_317' title='bbox 967 4118 1233 4191; x_wconf 85' lang='lat' dir='ltr'><strong>quidpiam</strong></span> <span class='ocrx_word' id='word_1_318' title='bbox 1273 4114 1591 4186; x_wconf 83' lang='lat' dir='ltr'><strong>persuadere</strong></span> <span class='ocrx_word' id='word_1_319' title='bbox 1624 4112 1935 4181; x_wconf 87' lang='lat' dir='ltr'><strong>poterimus,</strong></span> <span class='ocrx_word' id='word_1_320' title='bbox 1976 4108 2103 4164; x_wconf 91' lang='lat' dir='ltr'><strong>dum</strong></span> 
     </span>
    </p>
   </div>
   <div class='ocr_carea' id='block_1_43' title="bbox 530 4199 2104 4276">
    <p class='ocr_par' dir='ltr' id='par_1_43' title="bbox 530 4199 2104 4276">
     <span class='ocr_line' id='line_1_43' title="bbox 530 4199 2104 4276; baseline -0.011 -6"><span class='ocrx_word' id='word_1_321' title='bbox 530 4216 666 4271; x_wconf 86' lang='lat' dir='ltr'><strong>bella</strong></span> <span class='ocrx_word' id='word_1_322' title='bbox 696 4214 868 4269; x_wconf 82' lang='lat' dir='ltr'><strong>civilia</strong></span> <span class='ocrx_word' id='word_1_323' title='bbox 896 4221 945 4267; x_wconf 90' lang='lat' dir='ltr'><strong>et</strong></span> <span class='ocrx_word' id='word_1_324' title='bbox 988 4210 1233 4267; x_wconf 88' lang='lat' dir='ltr'><strong>civilibus</strong></span> <span class='ocrx_word' id='word_1_325' title='bbox 1266 4206 1507 4276; x_wconf 85' lang='lat' dir='ltr'><strong>graviora</strong></span> <span class='ocrx_word' id='word_1_326' title='bbox 1537 4202 1943 4257; x_wconf 81' lang='lat' dir='ltr'><strong>succendimus?</strong></span> <span class='ocrx_word' id='word_1_327' title='bbox 1972 4199 2104 4253; x_wconf 83' lang='lat' dir='ltr'><strong>Nam</strong></span> 
     </span>
    </p>
   </div>
   <div class='ocr_carea' id='block_1_44' title="bbox 532 4292 2106 4366">
    <p class='ocr_par' dir='ltr' id='par_1_44' title="bbox 532 4292 2106 4366">
     <span class='ocr_line' id='line_1_44' title="bbox 532 4292 2106 4366; baseline -0.006 -12"><span class='ocrx_word' id='word_1_328' title='bbox 532 4300 631 4354; x_wconf 83' lang='lat' dir='ltr'><strong>etsi</strong></span> <span class='ocrx_word' id='word_1_329' title='bbox 654 4299 880 4354; x_wconf 89' lang='lat' dir='ltr'><strong>salutem</strong></span> <span class='ocrx_word' id='word_1_330' title='bbox 900 4307 1141 4352; x_wconf 88' lang='lat' dir='ltr'><strong>nostram</strong></span> <span class='ocrx_word' id='word_1_331' title='bbox 1172 4309 1364 4366; x_wconf 88' lang='lat' dir='ltr'><strong>parum</strong></span> <span class='ocrx_word' id='word_1_332' title='bbox 1391 4307 1667 4354; x_wconf 87' lang='lat' dir='ltr'><strong>curemus,</strong></span> <span class='ocrx_word' id='word_1_333' title='bbox 1695 4292 1818 4361; x_wconf 89' lang='lat' dir='ltr'><strong>quis</strong></span> <span class='ocrx_word' id='word_1_334' title='bbox 1850 4292 2006 4345; x_wconf 86' lang='lat' dir='ltr'><strong>nobis</strong></span> <span class='ocrx_word' id='word_1_335' title='bbox 2037 4306 2106 4345; x_wconf 78' lang='lat' dir='ltr'><strong>ex</strong></span> 
     </span>
    </p>
   </div>
   <div class='ocr_carea' id='block_1_45' title="bbox 532 4380 2106 4451">
    <p class='ocr_par' dir='ltr' id='par_1_45' title="bbox 532 4380 2106 4451">
     <span class='ocr_line' id='line_1_45' title="bbox 532 4380 2106 4451; baseline -0.004 -9"><span class='ocrx_word' id='word_1_336' title='bbox 532 4389 651 4442; x_wconf 81' lang='lat' dir='ltr'><strong>aliis</strong></span> <span class='ocrx_word' id='word_1_337' title='bbox 679 4396 917 4442; x_wconf 90' lang='lat' dir='ltr'><strong>mentem</strong></span> <span class='ocrx_word' id='word_1_338' title='bbox 946 4384 1258 4441; x_wconf 79' lang='lat' dir='ltr'><strong>adhibebit?</strong></span> <span class='ocrx_word' id='word_1_339' title='bbox 1287 4382 1393 4438; x_wconf 89' lang='lat' dir='ltr'><strong>Sed</strong></span> <span class='ocrx_word' id='word_1_340' title='bbox 1415 4382 1553 4437; x_wconf 88' lang='lat' dir='ltr'><strong>nihil</strong></span> <span class='ocrx_word' id='word_1_341' title='bbox 1578 4382 1771 4436; x_wconf 91' lang='lat' dir='ltr'><strong>horum</strong></span> <span class='ocrx_word' id='word_1_342' title='bbox 1795 4380 1881 4436; x_wconf 83' lang='lat' dir='ltr'><strong>vel</strong></span> <span class='ocrx_word' id='word_1_343' title='bbox 1909 4381 2106 4451; x_wconf 79' lang='lat' dir='ltr'><strong>cogita-</strong></span> 
     </span>
    </p>
   </div>
   <div class='ocr_carea' id='block_1_46' title="bbox 532 4473 2106 4545">
    <p class='ocr_par' dir='ltr' id='par_1_46' title="bbox 532 4473 2106 4545">
     <span class='ocr_line' id='line_1_46' title="bbox 532 4473 2106 4545; baseline -0.004 -11"><span class='ocrx_word' id='word_1_344' title='bbox 532 4489 663 4534; x_wconf 84' lang='lat' dir='ltr'><strong>runt</strong></span> <span class='ocrx_word' id='word_1_345' title='bbox 684 4480 769 4534; x_wconf 72' lang='grc' dir='ltr'><strong>νει</strong></span> <span class='ocrx_word' id='word_1_346' title='bbox 789 4480 1060 4543; x_wconf 82' lang='lat' dir='ltr'><strong>dixerunt,</strong></span> <span class='ocrx_word' id='word_1_347' title='bbox 1090 4492 1194 4531; x_wconf 90' lang='lat' dir='ltr'><strong>nec</strong></span> <span class='ocrx_word' id='word_1_348' title='bbox 1216 4483 1607 4545; x_wconf 55' lang='lat' dir='ltr'><strong>praeceptorum</strong></span> <span class='ocrx_word' id='word_1_349' title='bbox 1631 4473 1895 4528; x_wconf 90' lang='lat' dir='ltr'><strong>rationem</strong></span> <span class='ocrx_word' id='word_1_350' title='bbox 1916 4488 2106 4545; x_wconf 77' lang='lat' dir='ltr'><strong>exege—</strong></span> 
     </span>
    </p>
   </div>
   <div class='ocr_carea' id='block_1_47' title="bbox 532 4562 2106 4634">
    <p class='ocr_par' dir='ltr' id='par_1_47' title="bbox 532 4562 2106 4634">
     <span class='ocr_line' id='line_1_47' title="bbox 532 4562 2106 4634; baseline -0.005 -10"><span class='ocrx_word' id='word_1_351' title='bbox 532 4578 693 4634; x_wconf 90' lang='lat' dir='ltr'><strong>runt;</strong></span> <span class='ocrx_word' id='word_1_352' title='bbox 728 4570 823 4623; x_wconf 88' lang='lat' dir='ltr'><strong>sed</strong></span> <span class='ocrx_word' id='word_1_353' title='bbox 843 4576 1126 4624; x_wconf 90' lang='lat' dir='ltr'><strong>cesserunt</strong></span> <span class='ocrx_word' id='word_1_354' title='bbox 1153 4576 1208 4621; x_wconf 91' lang='lat' dir='ltr'><strong>et</strong></span> <span class='ocrx_word' id='word_1_355' title='bbox 1232 4566 1679 4634; x_wconf 74' lang='lat' dir='ltr'><strong>obtemperarent</strong></span> <span class='ocrx_word' id='word_1_356' title='bbox 1705 4582 1719 4617; x_wconf 90' lang='lat'><strong>:</strong></span> <span class='ocrx_word' id='word_1_357' title='bbox 1751 4562 1802 4617; x_wconf 92' lang='lat' dir='ltr'><strong>id</strong></span> <span class='ocrx_word' id='word_1_358' title='bbox 1825 4564 1969 4633; x_wconf 90' lang='lat' dir='ltr'><strong>quod</strong></span> <span class='ocrx_word' id='word_1_359' title='bbox 1995 4579 2106 4617; x_wconf 91' lang='lat' dir='ltr'><strong>non</strong></span> 
     </span>
    </p>
   </div>
   <div class='ocr_carea' id='block_1_48' title="bbox 534 4649 2107 4729">
    <p class='ocr_par' dir='ltr' id='par_1_48' title="bbox 534 4649 2107 4729">
     <span class='ocr_line' id='line_1_48' title="bbox 534 4649 2107 4729; baseline -0.002 -17"><span class='ocrx_word' id='word_1_360' title='bbox 534 4674 599 4713; x_wconf 79' lang='lat' dir='ltr'><strong>ex</strong></span> <span class='ocrx_word' id='word_1_361' title='bbox 628 4661 866 4729; x_wconf 90' lang='lat' dir='ltr'><strong>ipsorum</strong></span> <span class='ocrx_word' id='word_1_362' title='bbox 910 4661 1111 4714; x_wconf 87' lang='lat' dir='ltr'><strong>virtute</strong></span> <span class='ocrx_word' id='word_1_363' title='bbox 1144 4666 1378 4719; x_wconf 89' lang='lat' dir='ltr'><strong>tantum,</strong></span> <span class='ocrx_word' id='word_1_364' title='bbox 1423 4654 1519 4709; x_wconf 89' lang='lat' dir='ltr'><strong>sed</strong></span> <span class='ocrx_word' id='word_1_365' title='bbox 1554 4654 1715 4709; x_wconf 89' lang='lat' dir='ltr'><strong>etiam</strong></span> <span class='ocrx_word' id='word_1_366' title='bbox 1762 4667 1828 4709; x_wconf 71' lang='lat' dir='ltr'><strong>ex</strong></span> <span class='ocrx_word' id='word_1_367' title='bbox 1864 4649 2107 4709; x_wconf 86' lang='lat' dir='ltr'><strong>Doctoris</strong></span> 
     </span>
    </p>
   </div>
   <div class='ocr_carea' id='block_1_49' title="bbox 534 4742 2110 4820">
    <p class='ocr_par' dir='ltr' id='par_1_49' title="bbox 534 4742 2110 4820">
     <span class='ocr_line' id='line_1_49' title="bbox 534 4742 2110 4820; baseline -0.003 -15"><span class='ocrx_word' id='word_1_368' title='bbox 534 4751 797 4820; x_wconf 87' lang='lat' dir='ltr'><strong>sapientia</strong></span> <span class='ocrx_word' id='word_1_369' title='bbox 818 4749 1277 4819; x_wconf 85' lang='lat' dir='ltr'><strong>proficiscebatur.</strong></span> <span class='ocrx_word' id='word_1_370' title='bbox 1296 4745 1430 4802; x_wconf 72' lang='lat' dir='ltr'><strong>Vide</strong></span> <span class='ocrx_word' id='word_1_371' title='bbox 1456 4744 1601 4799; x_wconf 88' lang='lat' dir='ltr'><strong>enim</strong></span> <span class='ocrx_word' id='word_1_372' title='bbox 1621 4742 1891 4814; x_wconf 91' lang='lat' dir='ltr'><strong>quomodo</strong></span> <span class='ocrx_word' id='word_1_373' title='bbox 1919 4759 2110 4800; x_wconf 63' lang='lat' dir='ltr'><strong>aerum-</strong></span> 
     </span>
    </p>
   </div>
   <div class='ocr_carea' id='block_1_50' title="bbox 534 4836 2108 4911">
    <p class='ocr_par' dir='ltr' id='par_1_50' title="bbox 534 4836 2108 4911">
     <span class='ocr_line' id='line_1_50' title="bbox 534 4836 2108 4911; baseline -0.002 -15"><span class='ocrx_word' id='word_1_374' title='bbox 534 4842 622 4897; x_wconf 87' lang='lat' dir='ltr'><strong>nis</strong></span> <span class='ocrx_word' id='word_1_375' title='bbox 660 4842 883 4911; x_wconf 83' lang='lat' dir='ltr'><strong>singulis</strong></span> <span class='ocrx_word' id='word_1_376' title='bbox 923 4841 1345 4897; x_wconf 85' lang='lat' dir='ltr'><strong>consolationem</strong></span> <span class='ocrx_word' id='word_1_377' title='bbox 1380 4837 1624 4907; x_wconf 77' lang='lat' dir='ltr'><strong>adiunxit</strong></span> <span class='ocrx_word' id='word_1_378' title='bbox 1653 4853 1665 4889; x_wconf 94' lang='lat'>:</span> <span class='ocrx_word' id='word_1_379' title='bbox 1699 4836 1767 4891; x_wconf 88' lang='lat' dir='ltr'><strong>de</strong></span> <span class='ocrx_word' id='word_1_380' title='bbox 1800 4852 1909 4891; x_wconf 88' lang='lat' dir='ltr'><strong>non</strong></span> <span class='ocrx_word' id='word_1_381' title='bbox 1935 4838 2108 4893; x_wconf 85' lang='lat' dir='ltr'><strong>susci-</strong></span> 
     </span>
    </p>
   </div>
   <div class='ocr_carea' id='block_1_51' title="bbox 535 4927 2109 5003">
    <p class='ocr_par' dir='ltr' id='par_1_51' title="bbox 535 4927 2109 5003">
     <span class='ocr_line' id='line_1_51' title="bbox 535 4927 2109 5003; baseline -0.002 -17"><span class='ocrx_word' id='word_1_382' title='bbox 535 4934 808 5003; x_wconf 86' lang='lat' dir='ltr'><strong>pientibus</strong></span> <span class='ocrx_word' id='word_1_383' title='bbox 837 4933 954 4987; x_wconf 90' lang='lat' dir='ltr'><strong>illos</strong></span> <span class='ocrx_word' id='word_1_384' title='bbox 986 4932 1140 4997; x_wconf 84' lang='lat' dir='ltr'><strong>dixit,</strong></span> <span class='ocrx_word' id='word_1_385' title='bbox 1180 4929 1518 4985; x_wconf 73' lang='lat' dir='ltr'><strong>Tolerabilius</strong></span> <span class='ocrx_word' id='word_1_386' title='bbox 1546 4929 1644 4982; x_wconf 86' lang='lat' dir='ltr'><strong>erit</strong></span> <span class='ocrx_word' id='word_1_387' title='bbox 1681 4936 1835 4982; x_wconf 63' lang='lat' dir='ltr'><strong>terra</strong></span> <span class='ocrx_word' id='word_1_388' title='bbox 1856 4927 2109 4983; x_wconf 85' lang='lat' dir='ltr'><strong>Sodomo-</strong></span> 
     </span>
    </p>
   </div>
   <div class='ocr_carea' id='block_1_52' title="bbox 535 5020 2108 5089">
    <p class='ocr_par' dir='ltr' id='par_1_52' title="bbox 535 5020 2108 5089">
     <span class='ocr_line' id='line_1_52' title="bbox 535 5020 2108 5089; baseline -0.001 -12"><span class='ocrx_word' id='word_1_389' title='bbox 535 5042 653 5078; x_wconf 88' lang='lat' dir='ltr'><strong>rum</strong></span> <span class='ocrx_word' id='word_1_390' title='bbox 693 5034 740 5078; x_wconf 85' lang='lat' dir='ltr'><strong>et</strong></span> <span class='ocrx_word' id='word_1_391' title='bbox 777 5023 1076 5079; x_wconf 75' lang='lat' dir='ltr'><strong>Gomorrha:</strong></span> <span class='ocrx_word' id='word_1_392' title='bbox 1108 5023 1161 5077; x_wconf 85' lang='lat' dir='ltr'><strong>in</strong></span> <span class='ocrx_word' id='word_1_393' title='bbox 1201 5023 1283 5075; x_wconf 86' lang='lat' dir='ltr'><strong>die</strong></span> <span class='ocrx_word' id='word_1_394' title='bbox 1317 5021 1527 5089; x_wconf 86' lang='lat' dir='ltr'><strong>judicii,</strong></span> <span class='ocrx_word' id='word_1_395' title='bbox 1571 5036 1732 5089; x_wconf 87' lang='lat' dir='ltr'><strong>quam</strong></span> <span class='ocrx_word' id='word_1_396' title='bbox 1780 5020 1980 5074; x_wconf 81' lang='lat' dir='ltr'><strong>civitati</strong></span> <span class='ocrx_word' id='word_1_397' title='bbox 2028 5021 2108 5075; x_wconf 82' lang='lat' dir='ltr'><strong>illi</strong></span> 
     </span>
    </p>
   </div>
   <div class='ocr_carea' id='block_1_53' title="bbox 538 5108 2111 5184">
    <p class='ocr_par' dir='ltr' id='par_1_53' title="bbox 538 5108 2111 5184">
     <span class='ocr_line' id='line_1_53' title="bbox 538 5108 2111 5184; baseline -0.004 -15"><span class='ocrx_word' id='word_1_398' title='bbox 538 5115 746 5184; x_wconf 84' lang='lat' dir='ltr'><strong>(Matth.</strong></span> <span class='ocrx_word' id='word_1_399' title='bbox 782 5114 869 5169; x_wconf 86' lang='lat' dir='ltr'><strong>l0.</strong></span> <span class='ocrx_word' id='word_1_400' title='bbox 892 5113 977 5183; x_wconf 75' lang='grc'><strong>15)</strong></span> <span class='ocrx_word' id='word_1_401' title='bbox 1002 5131 1017 5179; x_wconf 87' lang='grc'>;</span> <span class='ocrx_word' id='word_1_402' title='bbox 1043 5122 1096 5167; x_wconf 88' lang='lat' dir='ltr'><strong>et</strong></span> <span class='ocrx_word' id='word_1_403' title='bbox 1119 5111 1209 5167; x_wconf 89' lang='lat' dir='ltr'><strong>hic</strong></span> <span class='ocrx_word' id='word_1_404' title='bbox 1233 5126 1446 5164; x_wconf 77' lang='lat' dir='ltr'><strong>rursum</strong></span> <span class='ocrx_word' id='word_1_405' title='bbox 1473 5125 1595 5164; x_wconf 88' lang='lat' dir='ltr'><strong>cum</strong></span> <span class='ocrx_word' id='word_1_406' title='bbox 1615 5109 1770 5173; x_wconf 81' lang='lat' dir='ltr'><strong>dixit,</strong></span> <span class='ocrx_word' id='word_1_407' title='bbox 1800 5108 1867 5163; x_wconf 85' lang='lat' dir='ltr'><strong>Et</strong></span> <span class='ocrx_word' id='word_1_408' title='bbox 1887 5111 1956 5163; x_wconf 81' lang='lat' dir='ltr'><strong>ad</strong></span> <span class='ocrx_word' id='word_1_409' title='bbox 1976 5126 2111 5179; x_wconf 67' lang='lat' dir='ltr'><strong>prte—</strong></span> 
     </span>
    </p>
   </div>
   <div class='ocr_carea' id='block_1_54' title="bbox 534 5201 2109 5277">
    <p class='ocr_par' dir='ltr' id='par_1_54' title="bbox 534 5201 2109 5277">
     <span class='ocr_line' id='line_1_54' title="bbox 534 5201 2109 5277; baseline -0.004 -16"><span class='ocrx_word' id='word_1_410' title='bbox 534 5209 669 5261; x_wconf 84' lang='lat' dir='ltr'><strong>sides</strong></span> <span class='ocrx_word' id='word_1_411' title='bbox 693 5215 739 5260; x_wconf 88' lang='lat' dir='ltr'><strong>et</strong></span> <span class='ocrx_word' id='word_1_412' title='bbox 758 5222 901 5277; x_wconf 82' lang='lat' dir='ltr'><strong>reges</strong></span> <span class='ocrx_word' id='word_1_413' title='bbox 916 5204 1197 5265; x_wconf 79' lang='lat' dir='ltr'><strong>ducemini,</strong></span> <span class='ocrx_word' id='word_1_414' title='bbox 1217 5202 1439 5267; x_wconf 87' lang='lat' dir='ltr'><strong>addidit,</strong></span> <span class='ocrx_word' id='word_1_415' title='bbox 1460 5201 1681 5270; x_wconf 82' lang='lat' dir='ltr'><strong>Propter</strong></span> <span class='ocrx_word' id='word_1_416' title='bbox 1698 5218 1780 5255; x_wconf 84' lang='lat' dir='ltr'><strong>me</strong></span> <span class='ocrx_word' id='word_1_417' title='bbox 1806 5201 1861 5255; x_wconf 88' lang='lat' dir='ltr'><strong>in</strong></span> <span class='ocrx_word' id='word_1_418' title='bbox 1878 5202 2109 5255; x_wconf 89' lang='lat' dir='ltr'><strong>testimo-</strong></span> 
     </span>
    </p>
   </div>
   <div class='ocr_carea' id='block_1_55' title="bbox 538 5293 2110 5367">
    <p class='ocr_par' dir='ltr' id='par_1_55' title="bbox 538 5293 2110 5367">
     <span class='ocr_line' id='line_1_55' title="bbox 538 5293 2110 5367; baseline -0.001 -18"><span class='ocrx_word' id='word_1_419' title='bbox 538 5300 681 5351; x_wconf 82' lang='lat' dir='ltr'><strong>nium</strong></span> <span class='ocrx_word' id='word_1_420' title='bbox 703 5296 807 5351; x_wconf 84' lang='lat' dir='ltr'><strong>illis</strong></span> <span class='ocrx_word' id='word_1_421' title='bbox 828 5305 877 5350; x_wconf 86' lang='lat' dir='ltr'><strong>et</strong></span> <span class='ocrx_word' id='word_1_422' title='bbox 892 5296 1143 5367; x_wconf 76' lang='lat' dir='ltr'><strong>gentibus.</strong></span> <span class='ocrx_word' id='word_1_423' title='bbox 1160 5294 1285 5349; x_wconf 63' lang='lat' dir='ltr'><strong>Haec</strong></span> <span class='ocrx_word' id='word_1_424' title='bbox 1306 5303 1484 5348; x_wconf 89' lang='lat' dir='ltr'><strong>autem</strong></span> <span class='ocrx_word' id='word_1_425' title='bbox 1506 5309 1612 5349; x_wconf 89' lang='lat' dir='ltr'><strong>non</strong></span> <span class='ocrx_word' id='word_1_426' title='bbox 1631 5308 1791 5363; x_wconf 86' lang='lat' dir='ltr'><strong>parva</strong></span> <span class='ocrx_word' id='word_1_427' title='bbox 1813 5293 2110 5349; x_wconf 78' lang='lat' dir='ltr'><strong>consolatio</strong></span> 
     </span>
    </p>
   </div>
   <div class='ocr_carea' id='block_1_56' title="bbox 537 5388 2109 5460">
    <p class='ocr_par' dir='ltr' id='par_1_56' title="bbox 537 5388 2109 5460">
     <span class='ocr_line' id='line_1_56' title="bbox 537 5388 2109 5460; baseline -0.003 -13"><span class='ocrx_word' id='word_1_428' title='bbox 537 5403 640 5455; x_wconf 86' lang='lat' dir='ltr'><strong>est,</strong></span> <span class='ocrx_word' id='word_1_429' title='bbox 688 5392 791 5446; x_wconf 91' lang='lat' dir='ltr'><strong>hoc</strong></span> <span class='ocrx_word' id='word_1_430' title='bbox 832 5400 1049 5460; x_wconf 88' lang='lat' dir='ltr'><strong>propter</strong></span> <span class='ocrx_word' id='word_1_431' title='bbox 1092 5390 1367 5446; x_wconf 90' lang='lat' dir='ltr'><strong>Christum</strong></span> <span class='ocrx_word' id='word_1_432' title='bbox 1411 5389 1538 5459; x_wconf 89' lang='lat' dir='ltr'><strong>pati,</strong></span> <span class='ocrx_word' id='word_1_433' title='bbox 1573 5398 1629 5443; x_wconf 89' lang='lat' dir='ltr'><strong>et</strong></span> <span class='ocrx_word' id='word_1_434' title='bbox 1668 5389 1735 5444; x_wconf 91' lang='lat' dir='ltr'><strong>ad</strong></span> <span class='ocrx_word' id='word_1_435' title='bbox 1771 5388 1890 5441; x_wconf 90' lang='lat' dir='ltr'><strong>illos</strong></span> <span class='ocrx_word' id='word_1_436' title='bbox 1926 5389 2109 5442; x_wconf 89' lang='lat' dir='ltr'><strong>redar-</strong></span> 
     </span>
    </p>
   </div>
   <div class='ocr_carea' id='block_1_57' title="bbox 538 5480 2106 5555">
    <p class='ocr_par' dir='ltr' id='par_1_57' title="bbox 538 5480 2106 5555">
     <span class='ocr_line' id='line_1_57' title="bbox 538 5480 2106 5555; baseline -0.003 -16"><span class='ocrx_word' id='word_1_437' title='bbox 538 5484 781 5555; x_wconf 71' lang='lat' dir='ltr'><strong>guendos</strong></span> <span class='ocrx_word' id='word_1_438' title='bbox 811 5482 1058 5539; x_wconf 87' lang='lat' dir='ltr'><strong>conduci.</strong></span> <span class='ocrx_word' id='word_1_439' title='bbox 1100 5481 1244 5537; x_wconf 89' lang='lat' dir='ltr'><strong>Deus</strong></span> <span class='ocrx_word' id='word_1_440' title='bbox 1275 5481 1439 5545; x_wconf 90' lang='lat' dir='ltr'><strong>enim,</strong></span> <span class='ocrx_word' id='word_1_441' title='bbox 1483 5481 1586 5536; x_wconf 89' lang='lat' dir='ltr'><strong>etsi</strong></span> <span class='ocrx_word' id='word_1_442' title='bbox 1633 5480 1815 5535; x_wconf 88' lang='lat' dir='ltr'><strong>nullus</strong></span> <span class='ocrx_word' id='word_1_443' title='bbox 1846 5480 2106 5543; x_wconf 86' lang='lat' dir='ltr'><strong>attendat,</strong></span> 
     </span>
    </p>
   </div>
   <div class='ocr_carea' id='block_1_58' title="bbox 540 5572 2111 5647">
    <p class='ocr_par' dir='ltr' id='par_1_58' title="bbox 540 5572 2111 5647">
     <span class='ocr_line' id='line_1_58' title="bbox 540 5572 2111 5647; baseline -0.003 -18"><span class='ocrx_word' id='word_1_444' title='bbox 540 5577 740 5647; x_wconf 88' lang='lat' dir='ltr'><strong>ubique</strong></span> <span class='ocrx_word' id='word_1_445' title='bbox 759 5590 819 5629; x_wconf 89' lang='lat' dir='ltr'><strong>ea</strong></span> <span class='ocrx_word' id='word_1_446' title='bbox 842 5590 959 5645; x_wconf 67' lang='lat' dir='ltr'><strong>qua:</strong></span> <span class='ocrx_word' id='word_1_447' title='bbox 976 5589 1070 5629; x_wconf 90' lang='lat' dir='ltr'><strong>sua</strong></span> <span class='ocrx_word' id='word_1_448' title='bbox 1089 5581 1215 5629; x_wconf 89' lang='lat' dir='ltr'><strong>sunt</strong></span> <span class='ocrx_word' id='word_1_449' title='bbox 1236 5582 1512 5643; x_wconf 87' lang='lat' dir='ltr'><strong>operatur.</strong></span> <span class='ocrx_word' id='word_1_450' title='bbox 1535 5572 1625 5628; x_wconf 89' lang='lat' dir='ltr'><strong>Sic</strong></span> <span class='ocrx_word' id='word_1_451' title='bbox 1642 5583 1823 5628; x_wconf 89' lang='lat' dir='ltr'><strong>autem</strong></span> <span class='ocrx_word' id='word_1_452' title='bbox 1844 5573 1961 5627; x_wconf 87' lang='lat' dir='ltr'><strong>illos</strong></span> <span class='ocrx_word' id='word_1_453' title='bbox 1980 5588 2111 5627; x_wconf 91' lang='lat' dir='ltr'><strong>con-</strong></span> 
     </span>
    </p>
   </div>
   <div class='ocr_carea' id='block_1_59' title="bbox 539 5664 2109 5734">
    <p class='ocr_par' dir='ltr' id='par_1_59' title="bbox 539 5664 2109 5734">
     <span class='ocr_line' id='line_1_59' title="bbox 539 5664 2109 5734; baseline 0 -15"><span class='ocrx_word' id='word_1_454' title='bbox 539 5668 832 5728; x_wconf 83' lang='lat' dir='ltr'><strong>solabatur,</strong></span> <span class='ocrx_word' id='word_1_455' title='bbox 881 5680 989 5717; x_wconf 90' lang='lat' dir='ltr'><strong>non</strong></span> <span class='ocrx_word' id='word_1_456' title='bbox 1028 5665 1173 5734; x_wconf 88' lang='lat' dir='ltr'><strong>quod</strong></span> <span class='ocrx_word' id='word_1_457' title='bbox 1216 5665 1317 5733; x_wconf 88' lang='lat' dir='ltr'><strong>ipsi</strong></span> <span class='ocrx_word' id='word_1_458' title='bbox 1362 5665 1429 5719; x_wconf 90' lang='lat' dir='ltr'><strong>de</strong></span> <span class='ocrx_word' id='word_1_459' title='bbox 1463 5664 1667 5718; x_wconf 88' lang='lat' dir='ltr'><strong>ultione</strong></span> <span class='ocrx_word' id='word_1_460' title='bbox 1694 5673 1965 5728; x_wconf 85' lang='lat' dir='ltr'><strong>curarent,</strong></span> <span class='ocrx_word' id='word_1_461' title='bbox 2017 5665 2109 5719; x_wconf 91' lang='lat' dir='ltr'><strong>sed</strong></span> 
     </span>
    </p>
   </div>
   <div class='ocr_carea' id='block_1_60' title="bbox 532 5754 2108 5827">
    <p class='ocr_par' dir='ltr' id='par_1_60' title="bbox 532 5754 2108 5827">
     <span class='ocr_line' id='line_1_60' title="bbox 532 5754 2108 5827; baseline 0 -16"><span class='ocrx_word' id='word_1_462' title='bbox 532 5758 664 5827; x_wconf 81' lang='lat' dir='ltr'><strong>quia</strong></span> <span class='ocrx_word' id='word_1_463' title='bbox 687 5758 813 5811; x_wconf 88' lang='lat' dir='ltr'><strong>hinc</strong></span> <span class='ocrx_word' id='word_1_464' title='bbox 846 5754 1212 5820; x_wconf 82' lang='lat' dir='ltr'><strong>confidebant,</strong></span> <span class='ocrx_word' id='word_1_465' title='bbox 1250 5756 1426 5825; x_wconf 89' lang='lat' dir='ltr'><strong>ipsum</strong></span> <span class='ocrx_word' id='word_1_466' title='bbox 1454 5756 1554 5811; x_wconf 87' lang='lat' dir='ltr'><strong>sibi</strong></span> <span class='ocrx_word' id='word_1_467' title='bbox 1593 5756 1789 5826; x_wconf 82' lang='lat' dir='ltr'><strong>ubique</strong></span> <span class='ocrx_word' id='word_1_468' title='bbox 1814 5755 2108 5811; x_wconf 77' lang='lat' dir='ltr'><strong>all‘uturum</strong></span> 
     </span>
    </p>
   </div>
   <div class='ocr_carea' id='block_1_61' title="bbox 1222 351 3039 438">
    <p class='ocr_par' dir='ltr' id='par_1_61' title="bbox 1222 351 3039 438">
     <span class='ocr_line' id='line_1_61' title="bbox 1222 351 3039 438; baseline -0.018 0"><span class='ocrx_word' id='word_1_469' title='bbox 1222 384 1277 438; x_wconf 82' lang='lat' dir='ltr'><strong>S.</strong></span> <span class='ocrx_word' id='word_1_470' title='bbox 1318 374 1596 437; x_wconf 69' lang='lat' dir='ltr'><strong>JOANNIS</strong></span> <span class='ocrx_word' id='word_1_471' title='bbox 1633 364 2105 431; x_wconf 73' lang='lat' dir='ltr'><strong>CHRYSOSTOMI</strong></span> <span class='ocrx_word' id='word_1_472' title='bbox 2148 359 2462 417; x_wconf 70' lang='lat' dir='ltr'><strong>AllCillEP.</strong></span> <span class='ocrx_word' id='word_1_473' title='bbox 2506 351 3039 411; x_wconf 69' lang='lat' dir='ltr'><strong>CONS&#39;I‘ANHNOP.</strong></span> 
     </span>
    </p>
   </div>
   <div class='ocr_carea' id='block_1_62' title="bbox 3653 342 3765 399">
    <p class='ocr_par' dir='ltr' id='par_1_62' title="bbox 3653 342 3765 399">
     <span class='ocr_line' id='line_1_62' title="bbox 3653 342 3765 399; baseline 0 0"><span class='ocrx_word' id='word_1_474' title='bbox 3653 342 3765 399; x_wconf 64' lang='lat'><strong>5‘9!</strong></span> 
     </span>
    </p>
   </div>
   <div class='ocr_carea' id='block_1_63' title="bbox 2177 440 3767 521">
    <p class='ocr_par' dir='ltr' id='par_1_63' title="bbox 2177 440 3767 521">
     <span class='ocr_line' id='line_1_63' title="bbox 2177 440 3767 521; baseline -0.011 -14"><span class='ocrx_word' id='word_1_475' title='bbox 2177 468 2316 516; x_wconf 75' lang='lat' dir='ltr'><strong>esse,</strong></span> <span class='ocrx_word' id='word_1_476' title='bbox 2346 451 2433 521; x_wconf 88' lang='lat' dir='ltr'><strong>qui</strong></span> <span class='ocrx_word' id='word_1_477' title='bbox 2467 451 2580 503; x_wconf 77' lang='lat' dir='ltr'><strong>Ita-c</strong></span> <span class='ocrx_word' id='word_1_478' title='bbox 2604 457 2657 501; x_wconf 82' lang='lat' dir='ltr'><strong>et</strong></span> <span class='ocrx_word' id='word_1_479' title='bbox 2679 445 2997 516; x_wconf 76' lang='lat' dir='ltr'><strong>pra-dixerat</strong></span> <span class='ocrx_word' id='word_1_480' title='bbox 3027 453 3077 498; x_wconf 86' lang='lat' dir='ltr'><strong>et</strong></span> <span class='ocrx_word' id='word_1_481' title='bbox 3105 440 3444 511; x_wconf 70' lang='lat' dir='ltr'><strong>pra-viderat,</strong></span> <span class='ocrx_word' id='word_1_482' title='bbox 3473 448 3525 493; x_wconf 88' lang='lat' dir='ltr'><strong>et</strong></span> <span class='ocrx_word' id='word_1_483' title='bbox 3553 451 3614 495; x_wconf 79' lang='lat' dir='ltr'><strong>se</strong></span> <span class='ocrx_word' id='word_1_484' title='bbox 3654 450 3767 490; x_wconf 84' lang='lat' dir='ltr'><strong>non</strong></span> 
     </span>
    </p>
   </div>
   <div class='ocr_carea' id='block_1_64' title="bbox 2177 528 3764 606">
    <p class='ocr_par' dir='ltr' id='par_1_64' title="bbox 2177 528 3764 606">
     <span class='ocr_line' id='line_1_64' title="bbox 2177 528 3764 606; baseline -0.011 -9"><span class='ocrx_word' id='word_1_485' title='bbox 2177 552 2232 598; x_wconf 84' lang='lat' dir='ltr'><strong>ut</strong></span> <span class='ocrx_word' id='word_1_486' title='bbox 2262 542 2430 597; x_wconf 91' lang='lat' dir='ltr'><strong>malos</strong></span> <span class='ocrx_word' id='word_1_487' title='bbox 2462 550 2517 596; x_wconf 91' lang='lat' dir='ltr'><strong>et</strong></span> <span class='ocrx_word' id='word_1_488' title='bbox 2549 547 2890 606; x_wconf 89' lang='lat' dir='ltr'><strong>corruptores</strong></span> <span class='ocrx_word' id='word_1_489' title='bbox 2920 535 3035 589; x_wconf 77' lang='lat' dir='ltr'><strong>lucc</strong></span> <span class='ocrx_word' id='word_1_490' title='bbox 3062 547 3181 588; x_wconf 86' lang='lat' dir='ltr'><strong>esse</strong></span> <span class='ocrx_word' id='word_1_491' title='bbox 3208 544 3478 601; x_wconf 84' lang='lat' dir='ltr'><strong>passuros.</strong></span> <span class='ocrx_word' id='word_1_492' title='bbox 3528 529 3606 583; x_wconf 78' lang='lat' dir='ltr'><strong>Ad</strong></span> <span class='ocrx_word' id='word_1_493' title='bbox 3646 528 3764 581; x_wconf 68' lang='lat' dir='ltr'><strong>hare</strong></span> 
     </span>
    </p>
   </div>
   <div class='ocr_carea' id='block_1_65' title="bbox 2178 618 3762 699">
    <p class='ocr_par' dir='ltr' id='par_1_65' title="bbox 2178 618 3762 699">
     <span class='ocr_line' id='line_1_65' title="bbox 2178 618 3762 699; baseline -0.008 -15"><span class='ocrx_word' id='word_1_494' title='bbox 2178 649 2303 688; x_wconf 82' lang='lat' dir='ltr'><strong>vero</strong></span> <span class='ocrx_word' id='word_1_495' title='bbox 2342 646 2446 685; x_wconf 92' lang='lat' dir='ltr'><strong>non</strong></span> <span class='ocrx_word' id='word_1_496' title='bbox 2488 644 2701 699; x_wconf 86' lang='lat' dir='ltr'><strong>parvam</strong></span> <span class='ocrx_word' id='word_1_497' title='bbox 2744 627 2902 695; x_wconf 85' lang='lat' dir='ltr'><strong>aliam</strong></span> <span class='ocrx_word' id='word_1_498' title='bbox 2937 622 3360 678; x_wconf 88' lang='lat' dir='ltr'><strong>consolationem</strong></span> <span class='ocrx_word' id='word_1_499' title='bbox 3390 619 3594 688; x_wconf 87' lang='lat' dir='ltr'><strong>adjicit,</strong></span> <span class='ocrx_word' id='word_1_500' title='bbox 3635 618 3762 672; x_wconf 88' lang='lat' dir='ltr'><strong>dum</strong></span> 
     </span>
    </p>
   </div>
   <div class='ocr_carea' id='block_1_66' title="bbox 2177 710 3768 782">
    <p class='ocr_par' dir='ltr' id='par_1_66' title="bbox 2177 710 3768 782">
     <span class='ocr_line' id='line_1_66' title="bbox 2177 710 3768 782; baseline -0.011 -4"><span class='ocrx_word' id='word_1_501' title='bbox 2177 726 2248 778; x_wconf 91' lang='lat' dir='ltr'><strong>ait</strong></span> <span class='ocrx_word' id='word_1_502' title='bbox 2276 740 2289 775; x_wconf 90' lang='lat'>:</span> <span class='ocrx_word' id='word_1_503' title='bbox 2325 722 2410 777; x_wconf 83' lang='lat' dir='ltr'><strong>l9.</strong></span> <span class='ocrx_word' id='word_1_504' title='bbox 2438 721 2565 775; x_wconf 87' lang='lat' dir='ltr'><strong>Cum</strong></span> <span class='ocrx_word' id='word_1_505' title='bbox 2602 728 2766 773; x_wconf 83' lang='lat' dir='ltr'><strong>autent</strong></span> <span class='ocrx_word' id='word_1_506' title='bbox 2810 715 3007 769; x_wconf 81' lang='lat' dir='ltr'><strong>tradent</strong></span> <span class='ocrx_word' id='word_1_507' title='bbox 3052 729 3160 777; x_wconf 82' lang='lat' dir='ltr'><strong>vos,</strong></span> <span class='ocrx_word' id='word_1_508' title='bbox 3192 712 3350 767; x_wconf 83' lang='lat' dir='ltr'><strong>nolite</strong></span> <span class='ocrx_word' id='word_1_509' title='bbox 3385 710 3603 782; x_wconf 81' lang='lat' dir='ltr'><strong>cogitare</strong></span> <span class='ocrx_word' id='word_1_510' title='bbox 3638 724 3768 779; x_wconf 82' lang='lat' dir='ltr'><strong>quo-</strong></span> 
     </span>
    </p>
   </div>
   <div class='ocr_carea' id='block_1_67' title="bbox 2178 798 3770 880">
    <p class='ocr_par' dir='ltr' id='par_1_67' title="bbox 2178 798 3770 880">
     <span class='ocr_line' id='line_1_67' title="bbox 2178 798 3770 880; baseline -0.012 -11"><span class='ocrx_word' id='word_1_511' title='bbox 2178 814 2327 869; x_wconf 87' lang='lat' dir='ltr'><strong>modo</strong></span> <span class='ocrx_word' id='word_1_512' title='bbox 2364 822 2453 865; x_wconf 87' lang='lat' dir='ltr'><strong>ant</strong></span> <span class='ocrx_word' id='word_1_513' title='bbox 2494 810 2614 880; x_wconf 84' lang='lat' dir='ltr'><strong>quid</strong></span> <span class='ocrx_word' id='word_1_514' title='bbox 2653 807 2929 876; x_wconf 82' lang='lat' dir='ltr'><strong>loquamini</strong></span> <span class='ocrx_word' id='word_1_515' title='bbox 2958 824 2977 860; x_wconf 90' lang='lat'><strong><em>:</em></strong></span> <span class='ocrx_word' id='word_1_516' title='bbox 3001 804 3204 858; x_wconf 83' lang='lat' dir='ltr'><strong>dabitur</strong></span> <span class='ocrx_word' id='word_1_517' title='bbox 3241 804 3375 857; x_wconf 84' lang='lat' dir='ltr'><strong>enim</strong></span> <span class='ocrx_word' id='word_1_518' title='bbox 3414 802 3551 855; x_wconf 73' lang='lat' dir='ltr'><strong>vobis</strong></span> <span class='ocrx_word' id='word_1_519' title='bbox 3591 799 3646 853; x_wconf 80' lang='lat' dir='ltr'><strong>in</strong></span> <span class='ocrx_word' id='word_1_520' title='bbox 3673 798 3770 851; x_wconf 71' lang='lat' dir='ltr'><strong>ille</strong></span> 
     </span>
    </p>
   </div>
   <div class='ocr_carea' id='block_1_68' title="bbox 2180 889 3770 973">
    <p class='ocr_par' dir='ltr' id='par_1_68' title="bbox 2180 889 3770 973">
     <span class='ocr_line' id='line_1_68' title="bbox 2180 889 3770 973; baseline -0.011 -15"><span class='ocrx_word' id='word_1_521' title='bbox 2180 909 2304 960; x_wconf 89' lang='lat' dir='ltr'><strong>hora</strong></span> <span class='ocrx_word' id='word_1_522' title='bbox 2331 903 2451 973; x_wconf 85' lang='lat' dir='ltr'><strong>quid</strong></span> <span class='ocrx_word' id='word_1_523' title='bbox 2471 900 2766 969; x_wconf 84' lang='lat' dir='ltr'><strong>loquamini.</strong></span> <span class='ocrx_word' id='word_1_524' title='bbox 2804 896 2894 952; x_wconf 64' lang='lat'><strong>20.</strong></span> <span class='ocrx_word' id='word_1_525' title='bbox 2927 894 3048 951; x_wconf 81' lang='lat' dir='ltr'><strong>Non</strong></span> <span class='ocrx_word' id='word_1_526' title='bbox 3072 895 3205 949; x_wconf 84' lang='lat' dir='ltr'><strong>enim</strong></span> <span class='ocrx_word' id='word_1_527' title='bbox 3243 910 3329 948; x_wconf 83' lang='lat' dir='ltr'><strong>vos</strong></span> <span class='ocrx_word' id='word_1_528' title='bbox 3359 894 3473 947; x_wconf 82' lang='lat' dir='ltr'><strong>estis</strong></span> <span class='ocrx_word' id='word_1_529' title='bbox 3493 892 3579 962; x_wconf 85' lang='lat' dir='ltr'><strong>qui</strong></span> <span class='ocrx_word' id='word_1_530' title='bbox 3606 889 3770 958; x_wconf 78' lang='lat' dir='ltr'><strong>loqui-</strong></span> 
     </span>
    </p>
   </div>
   <div class='ocr_carea' id='block_1_69' title="bbox 2180 978 3772 1061">
    <p class='ocr_par' dir='ltr' id='par_1_69' title="bbox 2180 978 3772 1061">
     <span class='ocr_line' id='line_1_69' title="bbox 2180 978 3772 1061; baseline -0.011 -10"><span class='ocrx_word' id='word_1_531' title='bbox 2180 998 2324 1061; x_wconf 87' lang='lat' dir='ltr'><strong>mini,</strong></span> <span class='ocrx_word' id='word_1_532' title='bbox 2349 994 2437 1048; x_wconf 84' lang='lat' dir='ltr'><strong>sed</strong></span> <span class='ocrx_word' id='word_1_533' title='bbox 2462 992 2685 1061; x_wconf 83' lang='lat' dir='ltr'><strong>Spiritus</strong></span> <span class='ocrx_word' id='word_1_534' title='bbox 2711 988 2883 1044; x_wconf 86' lang='lat' dir='ltr'><strong>Patris</strong></span> <span class='ocrx_word' id='word_1_535' title='bbox 2912 988 3061 1042; x_wconf 78' lang='lat' dir='ltr'><strong>uestri</strong></span> <span class='ocrx_word' id='word_1_536' title='bbox 3081 988 3167 1056; x_wconf 79' lang='lat' dir='ltr'><strong>qui</strong></span> <span class='ocrx_word' id='word_1_537' title='bbox 3188 984 3412 1054; x_wconf 83' lang='lat' dir='ltr'><strong>loquitur</strong></span> <span class='ocrx_word' id='word_1_538' title='bbox 3430 984 3481 1035; x_wconf 87' lang='lat' dir='ltr'><strong>in</strong></span> <span class='ocrx_word' id='word_1_539' title='bbox 3505 982 3665 1035; x_wconf 72' lang='lat' dir='ltr'><strong>vobis.</strong></span> <span class='ocrx_word' id='word_1_540' title='bbox 3692 978 3772 1033; x_wconf 79' lang='lat' dir='ltr'><strong>Ne</strong></span> 
     </span>
    </p>
   </div>
   <div class='ocr_carea' id='block_1_70' title="bbox 2181 1071 3771 1147">
    <p class='ocr_par' dir='ltr' id='par_1_70' title="bbox 2181 1071 3771 1147">
     <span class='ocr_line' id='line_1_70' title="bbox 2181 1071 3771 1147; baseline -0.012 -5"><span class='ocrx_word' id='word_1_541' title='bbox 2181 1089 2421 1143; x_wconf 87' lang='lat' dir='ltr'><strong>dicerent</strong></span> <span class='ocrx_word' id='word_1_542' title='bbox 2470 1084 2634 1147; x_wconf 88' lang='lat' dir='ltr'><strong>enim,</strong></span> <span class='ocrx_word' id='word_1_543' title='bbox 2692 1078 2973 1147; x_wconf 87' lang='lat' dir='ltr'><strong>Quomodo</strong></span> <span class='ocrx_word' id='word_1_544' title='bbox 3009 1076 3334 1147; x_wconf 85' lang='lat' dir='ltr'><strong>persuadere</strong></span> <span class='ocrx_word' id='word_1_545' title='bbox 3378 1073 3673 1144; x_wconf 85' lang='lat' dir='ltr'><strong>poterimus</strong></span> <span class='ocrx_word' id='word_1_546' title='bbox 3716 1071 3771 1124; x_wconf 89' lang='lat' dir='ltr'><strong>in</strong></span> 
     </span>
    </p>
   </div>
   <div class='ocr_carea' id='block_1_71' title="bbox 2185 1162 3774 1244">
    <p class='ocr_par' dir='ltr' id='par_1_71' title="bbox 2185 1162 3774 1244">
     <span class='ocr_line' id='line_1_71' title="bbox 2185 1162 3774 1244; baseline -0.011 -12"><span class='ocrx_word' id='word_1_547' title='bbox 2185 1179 2344 1232; x_wconf 82' lang='lat' dir='ltr'><strong>tantis</strong></span> <span class='ocrx_word' id='word_1_548' title='bbox 2384 1173 2753 1244; x_wconf 84' lang='lat' dir='ltr'><strong>rebus?juhet</strong></span> <span class='ocrx_word' id='word_1_549' title='bbox 2798 1172 3070 1227; x_wconf 88' lang='lat' dir='ltr'><strong>conlidere</strong></span> <span class='ocrx_word' id='word_1_550' title='bbox 3117 1169 3184 1225; x_wconf 90' lang='lat' dir='ltr'><strong>de</strong></span> <span class='ocrx_word' id='word_1_551' title='bbox 3226 1166 3559 1238; x_wconf 84' lang='lat' dir='ltr'><strong>suggerenda</strong></span> <span class='ocrx_word' id='word_1_552' title='bbox 3586 1162 3774 1219; x_wconf 88' lang='lat' dir='ltr'><strong>defen-</strong></span> 
     </span>
    </p>
   </div>
   <div class='ocr_carea' id='block_1_72' title="bbox 2182 1256 3769 1337">
    <p class='ocr_par' dir='ltr' id='par_1_72' title="bbox 2182 1256 3769 1337">
     <span class='ocr_line' id='line_1_72' title="bbox 2182 1256 3769 1337; baseline -0.011 -12"><span class='ocrx_word' id='word_1_553' title='bbox 2182 1272 2353 1325; x_wconf 82' lang='lat' dir='ltr'><strong>sione.</strong></span> <span class='ocrx_word' id='word_1_554' title='bbox 2390 1268 2523 1324; x_wconf 84' lang='lat' dir='ltr'><strong>Alibi</strong></span> <span class='ocrx_word' id='word_1_555' title='bbox 2554 1281 2765 1337; x_wconf 88' lang='lat' dir='ltr'><strong>quoque</strong></span> <span class='ocrx_word' id='word_1_556' title='bbox 2789 1266 2861 1320; x_wconf 89' lang='lat' dir='ltr'><strong>ait</strong></span> <span class='ocrx_word' id='word_1_557' title='bbox 2890 1282 2904 1319; x_wconf 91' lang='lat'>:</span> <span class='ocrx_word' id='word_1_558' title='bbox 2938 1263 3050 1335; x_wconf 84' lang='lat' dir='ltr'><strong>Ego</strong></span> <span class='ocrx_word' id='word_1_559' title='bbox 3081 1263 3211 1317; x_wconf 82' lang='lat' dir='ltr'><strong>dabo</strong></span> <span class='ocrx_word' id='word_1_560' title='bbox 3240 1262 3377 1315; x_wconf 72' lang='lat' dir='ltr'><strong>nobis</strong></span> <span class='ocrx_word' id='word_1_561' title='bbox 3405 1276 3462 1313; x_wconf 90' lang='lat' dir='ltr'><strong>os</strong></span> <span class='ocrx_word' id='word_1_562' title='bbox 3487 1268 3534 1311; x_wconf 80' lang='lat' dir='ltr'><strong>et</strong></span> <span class='ocrx_word' id='word_1_563' title='bbox 3564 1256 3769 1326; x_wconf 81' lang='lat' dir='ltr'><strong>sapien-</strong></span> 
     </span>
    </p>
   </div>
   <div class='ocr_carea' id='block_1_73' title="bbox 2186 1348 3775 1434">
    <p class='ocr_par' dir='ltr' id='par_1_73' title="bbox 2186 1348 3775 1434">
     <span class='ocr_line' id='line_1_73' title="bbox 2186 1348 3775 1434; baseline -0.011 -17"><span class='ocrx_word' id='word_1_564' title='bbox 2186 1366 2306 1417; x_wconf 87' lang='lat' dir='ltr'><strong>tiam</strong></span> <span class='ocrx_word' id='word_1_565' title='bbox 2335 1361 2485 1434; x_wconf 88' lang='lat' dir='ltr'><strong>(Luc.</strong></span> <span class='ocrx_word' id='word_1_566' title='bbox 2527 1360 2618 1413; x_wconf 72' lang='lat'><strong>21.</strong></span> <span class='ocrx_word' id='word_1_567' title='bbox 2655 1360 2782 1428; x_wconf 82' lang='lat' dir='ltr'><strong>l5);</strong></span> <span class='ocrx_word' id='word_1_568' title='bbox 2834 1358 2919 1411; x_wconf 89' lang='lat' dir='ltr'><strong>hic</strong></span> <span class='ocrx_word' id='word_1_569' title='bbox 2947 1370 3095 1418; x_wconf 79' lang='lat' dir='ltr'><strong>vero,</strong></span> <span class='ocrx_word' id='word_1_570' title='bbox 3141 1354 3369 1424; x_wconf 80' lang='lat' dir='ltr'><strong>Spiritus</strong></span> <span class='ocrx_word' id='word_1_571' title='bbox 3403 1349 3579 1405; x_wconf 84' lang='lat' dir='ltr'><strong>Patris</strong></span> <span class='ocrx_word' id='word_1_572' title='bbox 3628 1348 3775 1401; x_wconf 75' lang='lat' dir='ltr'><strong>vestri</strong></span> 
     </span>
    </p>
   </div>
   <div class='ocr_carea' id='block_1_74' title="bbox 2183 1443 3771 1525">
    <p class='ocr_par' dir='ltr' id='par_1_74' title="bbox 2183 1443 3771 1525">
     <span class='ocr_line' id='line_1_74' title="bbox 2183 1443 3771 1525; baseline -0.012 -13"><span class='ocrx_word' id='word_1_573' title='bbox 2183 1455 2373 1525; x_wconf 76' lang='lat' dir='ltr'><strong>estqui</strong></span> <span class='ocrx_word' id='word_1_574' title='bbox 2402 1450 2613 1523; x_wconf 72' lang='lat' dir='ltr'><strong>loquitu.</strong></span> <span class='ocrx_word' id='word_1_575' title='bbox 2652 1453 2705 1505; x_wconf 87' lang='lat' dir='ltr'><strong>in</strong></span> <span class='ocrx_word' id='word_1_576' title='bbox 2731 1451 2887 1513; x_wconf 76' lang='lat' dir='ltr'><strong>vobis,</strong></span> <span class='ocrx_word' id='word_1_577' title='bbox 2935 1448 2999 1503; x_wconf 91' lang='lat' dir='ltr'><strong>ad</strong></span> <span class='ocrx_word' id='word_1_578' title='bbox 3046 1447 3427 1518; x_wconf 84' lang='lat' dir='ltr'><strong>prophetarum</strong></span> <span class='ocrx_word' id='word_1_579' title='bbox 3460 1443 3771 1513; x_wconf 79' lang='lat' dir='ltr'><strong>dignitatem</strong></span> 
     </span>
    </p>
   </div>
   <div class='ocr_carea' id='block_1_75' title="bbox 2186 1536 3825 1617">
    <p class='ocr_par' dir='ltr' id='par_1_75' title="bbox 2186 1536 3825 1617">
     <span class='ocr_line' id='line_1_75' title="bbox 2186 1536 3825 1617; baseline -0.008 -16"><span class='ocrx_word' id='word_1_580' title='bbox 2186 1550 2331 1617; x_wconf 88' lang='lat' dir='ltr'><strong>ipsos</strong></span> <span class='ocrx_word' id='word_1_581' title='bbox 2380 1546 2671 1601; x_wconf 76' lang='lat' dir='ltr'><strong>adducens.</strong></span> <span class='ocrx_word' id='word_1_582' title='bbox 2726 1545 3082 1612; x_wconf 83' lang='lat' dir='ltr'><strong>Quapmptcr,</strong></span> <span class='ocrx_word' id='word_1_583' title='bbox 3131 1555 3253 1595; x_wconf 89' lang='lat' dir='ltr'><strong>cum</strong></span> <span class='ocrx_word' id='word_1_584' title='bbox 3299 1538 3476 1593; x_wconf 85' lang='lat' dir='ltr'><strong>datam</strong></span> <span class='ocrx_word' id='word_1_585' title='bbox 3523 1536 3778 1590; x_wconf 82' lang='lat' dir='ltr'><strong>virtutem</strong></span> <span class='ocrx_word' id='word_1_586' title='bbox 3817 1604 3825 1609; x_wconf 16' lang='lat' dir='ltr'>ﬁ</span> 
     </span>
    </p>
   </div>
   <div class='ocr_carea' id='block_1_76' title="bbox 2186 1626 3775 1708">
    <p class='ocr_par' dir='ltr' id='par_1_76' title="bbox 2186 1626 3775 1708">
     <span class='ocr_line' id='line_1_76' title="bbox 2186 1626 3775 1708; baseline -0.008 -14"><span class='ocrx_word' id='word_1_587' title='bbox 2186 1639 2425 1708; x_wconf 76' lang='lat' dir='ltr'><strong>exponit,</strong></span> <span class='ocrx_word' id='word_1_588' title='bbox 2458 1647 2581 1691; x_wconf 91' lang='lat' dir='ltr'><strong>tunc</strong></span> <span class='ocrx_word' id='word_1_589' title='bbox 2610 1646 2662 1691; x_wconf 89' lang='lat' dir='ltr'><strong>et</strong></span> <span class='ocrx_word' id='word_1_590' title='bbox 2689 1634 2827 1689; x_wconf 90' lang='lat' dir='ltr'><strong>mala</strong></span> <span class='ocrx_word' id='word_1_591' title='bbox 2864 1632 3124 1703; x_wconf 85' lang='lat' dir='ltr'><strong>adiungit,</strong></span> <span class='ocrx_word' id='word_1_592' title='bbox 3155 1629 3333 1686; x_wconf 62' lang='lat' dir='ltr'><strong>caedes</strong></span> <span class='ocrx_word' id='word_1_593' title='bbox 3358 1641 3412 1683; x_wconf 90' lang='lat' dir='ltr'><strong>et</strong></span> <span class='ocrx_word' id='word_1_594' title='bbox 3439 1626 3724 1683; x_wconf 85' lang='lat' dir='ltr'><strong>homicidia</strong></span> <span class='ocrx_word' id='word_1_595' title='bbox 3759 1644 3775 1682; x_wconf 90' lang='lat'><strong>:</strong></span> 
     </span>
    </p>
   </div>
   <div class='ocr_carea' id='block_1_77' title="bbox 2186 1716 3780 1795">
    <p class='ocr_par' dir='ltr' id='par_1_77' title="bbox 2186 1716 3780 1795">
     <span class='ocr_line' id='line_1_77' title="bbox 2186 1716 3780 1795; baseline -0.008 -13"><span class='ocrx_word' id='word_1_596' title='bbox 2186 1732 2275 1784; x_wconf 66' lang='lat' dir='ltr'><strong>2i.</strong></span> <span class='ocrx_word' id='word_1_597' title='bbox 2308 1727 2496 1782; x_wconf 66' lang='lat' dir='ltr'><strong>Tradat</strong></span> <span class='ocrx_word' id='word_1_598' title='bbox 2522 1727 2653 1780; x_wconf 88' lang='lat' dir='ltr'><strong>enim</strong></span> <span class='ocrx_word' id='word_1_599' title='bbox 2684 1726 2842 1794; x_wconf 85' lang='lat' dir='ltr'><strong>frater</strong></span> <span class='ocrx_word' id='word_1_600' title='bbox 2871 1726 3079 1795; x_wconf 81' lang='lat' dir='ltr'><strong>fratrem</strong></span> <span class='ocrx_word' id='word_1_601' title='bbox 3115 1721 3168 1773; x_wconf 86' lang='lat' dir='ltr'><strong>in</strong></span> <span class='ocrx_word' id='word_1_602' title='bbox 3202 1728 3435 1784; x_wconf 84' lang='lat' dir='ltr'><strong>mortem,</strong></span> <span class='ocrx_word' id='word_1_603' title='bbox 3470 1730 3515 1771; x_wconf 81' lang='lat' dir='ltr'><strong>et</strong></span> <span class='ocrx_word' id='word_1_604' title='bbox 3548 1728 3690 1787; x_wconf 84' lang='lat' dir='ltr'><strong>pater</strong></span> <span class='ocrx_word' id='word_1_605' title='bbox 3717 1716 3780 1785; x_wconf 75' lang='lat' dir='ltr'><strong>ﬁ-</strong></span> 
     </span>
    </p>
   </div>
   <div class='ocr_carea' id='block_1_78' title="bbox 2188 1812 3776 1889">
    <p class='ocr_par' dir='ltr' id='par_1_78' title="bbox 2188 1812 3776 1889">
     <span class='ocr_line' id='line_1_78' title="bbox 2188 1812 3776 1889; baseline -0.005 -17"><span class='ocrx_word' id='word_1_606' title='bbox 2188 1825 2333 1886; x_wconf 79' lang='lat' dir='ltr'><strong>liam,</strong></span> <span class='ocrx_word' id='word_1_607' title='bbox 2353 1831 2397 1873; x_wconf 86' lang='lat' dir='ltr'><strong>et</strong></span> <span class='ocrx_word' id='word_1_608' title='bbox 2423 1822 2681 1889; x_wconf 84' lang='lat' dir='ltr'><strong>insurgent</strong></span> <span class='ocrx_word' id='word_1_609' title='bbox 2706 1819 2799 1887; x_wconf 81' lang='lat' dir='ltr'><strong>ﬁlii</strong></span> <span class='ocrx_word' id='word_1_610' title='bbox 2824 1816 2877 1869; x_wconf 83' lang='lat' dir='ltr'><strong>in</strong></span> <span class='ocrx_word' id='word_1_611' title='bbox 2903 1824 3155 1886; x_wconf 83' lang='lat' dir='ltr'><strong>parentes,</strong></span> <span class='ocrx_word' id='word_1_612' title='bbox 3184 1823 3229 1867; x_wconf 82' lang='lat' dir='ltr'><strong>et</strong></span> <span class='ocrx_word' id='word_1_613' title='bbox 3250 1822 3409 1867; x_wconf 85' lang='lat' dir='ltr'><strong>morte</strong></span> <span class='ocrx_word' id='word_1_614' title='bbox 3430 1812 3649 1881; x_wconf 64' lang='lat' dir='ltr'><strong>apiriam</strong></span> <span class='ocrx_word' id='word_1_615' title='bbox 3672 1825 3776 1864; x_wconf 84' lang='lat' dir='ltr'><strong>eos.</strong></span> 
     </span>
    </p>
   </div>
   <div class='ocr_carea' id='block_1_79' title="bbox 2190 1903 3782 1983">
    <p class='ocr_par' dir='ltr' id='par_1_79' title="bbox 2190 1903 3782 1983">
     <span class='ocr_line' id='line_1_79' title="bbox 2190 1903 3782 1983; baseline -0.007 -17"><span class='ocrx_word' id='word_1_616' title='bbox 2190 1914 2371 1983; x_wconf 84' lang='lat' dir='ltr'><strong>Neque</strong></span> <span class='ocrx_word' id='word_1_617' title='bbox 2399 1913 2485 1967; x_wconf 90' lang='lat' dir='ltr'><strong>hic</strong></span> <span class='ocrx_word' id='word_1_618' title='bbox 2514 1912 2679 1977; x_wconf 73' lang='lat' dir='ltr'><strong>Stetit,</strong></span> <span class='ocrx_word' id='word_1_619' title='bbox 2712 1909 2804 1965; x_wconf 82' lang='lat' dir='ltr'><strong>sed</strong></span> <span class='ocrx_word' id='word_1_620' title='bbox 2831 1909 2989 1979; x_wconf 82' lang='lat' dir='ltr'><strong>longe</strong></span> <span class='ocrx_word' id='word_1_621' title='bbox 3031 1906 3371 1961; x_wconf 81' lang='lat' dir='ltr'><strong>ltorribiliora</strong></span> <span class='ocrx_word' id='word_1_622' title='bbox 3398 1903 3618 1973; x_wconf 83' lang='lat' dir='ltr'><strong>adjecit,</strong></span> <span class='ocrx_word' id='word_1_623' title='bbox 3660 1917 3782 1972; x_wconf 78' lang='lat' dir='ltr'><strong>qua:</strong></span> 
     </span>
    </p>
   </div>
   <div class='ocr_carea' id='block_1_80' title="bbox 2194 1996 3784 2074">
    <p class='ocr_par' dir='ltr' id='par_1_80' title="bbox 2194 1996 3784 2074">
     <span class='ocr_line' id='line_1_80' title="bbox 2194 1996 3784 2074; baseline -0.005 -20"><span class='ocrx_word' id='word_1_624' title='bbox 2194 2005 2398 2074; x_wconf 84' lang='lat' dir='ltr'><strong>possint</strong></span> <span class='ocrx_word' id='word_1_625' title='bbox 2417 2004 2502 2059; x_wconf 88' lang='lat' dir='ltr'><strong>vel</strong></span> <span class='ocrx_word' id='word_1_626' title='bbox 2523 2011 2665 2073; x_wconf 86' lang='lat' dir='ltr'><strong>petra</strong></span> <span class='ocrx_word' id='word_1_627' title='bbox 2674 2018 2726 2056; x_wconf 91' lang='lat' dir='ltr'><strong>m</strong></span> <span class='ocrx_word' id='word_1_628' title='bbox 2746 2014 3105 2057; x_wconf 89' lang='lat' dir='ltr'><strong>commovere.</strong></span> <span class='ocrx_word' id='word_1_629' title='bbox 3123 1998 3215 2052; x_wconf 73' lang='lat'><strong>9.3.</strong></span> <span class='ocrx_word' id='word_1_630' title='bbox 3240 1997 3301 2051; x_wconf 85' lang='lat' dir='ltr'><strong>Et</strong></span> <span class='ocrx_word' id='word_1_631' title='bbox 3322 1998 3460 2051; x_wconf 81' lang='lat' dir='ltr'><strong>eritis</strong></span> <span class='ocrx_word' id='word_1_632' title='bbox 3480 1996 3598 2050; x_wconf 74' lang='lat' dir='ltr'><strong>odio</strong></span> <span class='ocrx_word' id='word_1_633' title='bbox 3618 1996 3784 2049; x_wconf 81' lang='lat' dir='ltr'><strong>omni-</strong></span> 
     </span>
    </p>
   </div>
   <div class='ocr_carea' id='block_1_81' title="bbox 2192 2089 3784 2163">
    <p class='ocr_par' dir='ltr' id='par_1_81' title="bbox 2192 2089 3784 2163">
     <span class='ocr_line' id='line_1_81' title="bbox 2192 2089 3784 2163; baseline -0.005 -14"><span class='ocrx_word' id='word_1_634' title='bbox 2192 2098 2302 2150; x_wconf 86' lang='lat' dir='ltr'><strong>bus.</strong></span> <span class='ocrx_word' id='word_1_635' title='bbox 2349 2096 2443 2149; x_wconf 91' lang='lat' dir='ltr'><strong>llic</strong></span> <span class='ocrx_word' id='word_1_636' title='bbox 2471 2096 2631 2151; x_wconf 90' lang='lat' dir='ltr'><strong>etiam</strong></span> <span class='ocrx_word' id='word_1_637' title='bbox 2656 2094 2954 2151; x_wconf 87' lang='lat' dir='ltr'><strong>consolatio</strong></span> <span class='ocrx_word' id='word_1_638' title='bbox 2980 2091 3325 2163; x_wconf 87' lang='lat' dir='ltr'><strong>adiungitur;</strong></span> <span class='ocrx_word' id='word_1_639' title='bbox 3357 2089 3581 2158; x_wconf 82' lang='lat' dir='ltr'><strong>Propter</strong></span> <span class='ocrx_word' id='word_1_640' title='bbox 3603 2104 3784 2141; x_wconf 75' lang='lat' dir='ltr'><strong>nomen</strong></span> 
     </span>
    </p>
   </div>
   <div class='ocr_carea' id='block_1_82' title="bbox 2196 2178 3786 2259">
    <p class='ocr_par' dir='ltr' id='par_1_82' title="bbox 2196 2178 3786 2259">
     <span class='ocr_line' id='line_1_82' title="bbox 2196 2178 3786 2259; baseline -0.008 -16"><span class='ocrx_word' id='word_1_641' title='bbox 2196 2206 2382 2255; x_wconf 82' lang='lat' dir='ltr'><strong>meum,</strong></span> <span class='ocrx_word' id='word_1_642' title='bbox 2412 2189 2601 2259; x_wconf 89' lang='lat' dir='ltr'><strong>inquit,</strong></span> <span class='ocrx_word' id='word_1_643' title='bbox 2634 2188 2747 2241; x_wconf 76' lang='lat' dir='ltr'><strong>haec</strong></span> <span class='ocrx_word' id='word_1_644' title='bbox 2770 2186 3077 2256; x_wconf 83' lang='lat' dir='ltr'><strong>patiemini;</strong></span> <span class='ocrx_word' id='word_1_645' title='bbox 3106 2193 3159 2239; x_wconf 88' lang='lat' dir='ltr'><strong>et</strong></span> <span class='ocrx_word' id='word_1_646' title='bbox 3182 2197 3368 2237; x_wconf 87' lang='lat' dir='ltr'><strong>rursus</strong></span> <span class='ocrx_word' id='word_1_647' title='bbox 3391 2181 3493 2235; x_wconf 90' lang='lat' dir='ltr'><strong>alia</strong></span> <span class='ocrx_word' id='word_1_648' title='bbox 3524 2197 3538 2233; x_wconf 86' lang='lat'>:</span> <span class='ocrx_word' id='word_1_649' title='bbox 3569 2178 3671 2245; x_wconf 85' lang='lat' dir='ltr'><strong>Qui</strong></span> <span class='ocrx_word' id='word_1_650' title='bbox 3690 2196 3786 2232; x_wconf 87' lang='lat' dir='ltr'><strong>au-</strong></span> 
     </span>
    </p>
   </div>
   <div class='ocr_carea' id='block_1_83' title="bbox 2195 2272 3784 2350">
    <p class='ocr_par' dir='ltr' id='par_1_83' title="bbox 2195 2272 3784 2350">
     <span class='ocr_line' id='line_1_83' title="bbox 2195 2272 3784 2350; baseline -0.007 -14"><span class='ocrx_word' id='word_1_651' title='bbox 2195 2294 2291 2337; x_wconf 84' lang='lat' dir='ltr'><strong>tent</strong></span> <span class='ocrx_word' id='word_1_652' title='bbox 2320 2281 2704 2349; x_wconf 77' lang='lat' dir='ltr'><strong>perseveraverit</strong></span> <span class='ocrx_word' id='word_1_653' title='bbox 2728 2296 2885 2350; x_wconf 84' lang='lat' dir='ltr'><strong>usque</strong></span> <span class='ocrx_word' id='word_1_654' title='bbox 2918 2280 2970 2333; x_wconf 90' lang='lat' dir='ltr'><strong>in</strong></span> <span class='ocrx_word' id='word_1_655' title='bbox 2997 2279 3171 2346; x_wconf 79' lang='lat' dir='ltr'><strong>ﬁnem,</strong></span> <span class='ocrx_word' id='word_1_656' title='bbox 3206 2277 3287 2329; x_wconf 86' lang='lat' dir='ltr'><strong>hic</strong></span> <span class='ocrx_word' id='word_1_657' title='bbox 3311 2276 3481 2329; x_wconf 81' lang='lat' dir='ltr'><strong>salvus</strong></span> <span class='ocrx_word' id='word_1_658' title='bbox 3510 2275 3625 2328; x_wconf 85' lang='lat' dir='ltr'><strong>erit.</strong></span> <span class='ocrx_word' id='word_1_659' title='bbox 3660 2272 3784 2326; x_wconf 70' lang='lat' dir='ltr'><strong>llaec</strong></span> 
     </span>
    </p>
   </div>
   <div class='ocr_carea' id='block_1_84' title="bbox 2194 2364 3789 2435">
    <p class='ocr_par' dir='ltr' id='par_1_84' title="bbox 2194 2364 3789 2435">
     <span class='ocr_line' id='line_1_84' title="bbox 2194 2364 3789 2435; baseline -0.008 -6"><span class='ocrx_word' id='word_1_660' title='bbox 2194 2374 2357 2429; x_wconf 89' lang='lat' dir='ltr'><strong>etiam</strong></span> <span class='ocrx_word' id='word_1_661' title='bbox 2399 2372 2506 2426; x_wconf 89' lang='lat' dir='ltr'><strong>alio</strong></span> <span class='ocrx_word' id='word_1_662' title='bbox 2546 2371 2707 2426; x_wconf 89' lang='lat' dir='ltr'><strong>modo</strong></span> <span class='ocrx_word' id='word_1_663' title='bbox 2744 2385 2927 2425; x_wconf 89' lang='lat' dir='ltr'><strong>eorum</strong></span> <span class='ocrx_word' id='word_1_664' title='bbox 2974 2370 3183 2422; x_wconf 90' lang='lat' dir='ltr'><strong>animos</strong></span> <span class='ocrx_word' id='word_1_665' title='bbox 3221 2365 3431 2435; x_wconf 80' lang='lat' dir='ltr'><strong>erigere</strong></span> <span class='ocrx_word' id='word_1_666' title='bbox 3471 2372 3708 2434; x_wconf 85' lang='lat' dir='ltr'><strong>possent,</strong></span> <span class='ocrx_word' id='word_1_667' title='bbox 3741 2364 3789 2417; x_wconf 87' lang='lat' dir='ltr'><strong>si</strong></span> 
     </span>
    </p>
   </div>
   <div class='ocr_carea' id='block_1_85' title="bbox 2199 2460 3788 2535">
    <p class='ocr_par' dir='ltr' id='par_1_85' title="bbox 2199 2460 3788 2535">
     <span class='ocr_line' id='line_1_85' title="bbox 2199 2460 3788 2535; baseline -0.009 -14"><span class='ocrx_word' id='word_1_668' title='bbox 2199 2475 2344 2535; x_wconf 88' lang='lat' dir='ltr'><strong>tanta</strong></span> <span class='ocrx_word' id='word_1_669' title='bbox 2383 2465 2554 2519; x_wconf 86' lang='lat' dir='ltr'><strong>futura</strong></span> <span class='ocrx_word' id='word_1_670' title='bbox 2612 2471 2730 2518; x_wconf 89' lang='lat' dir='ltr'><strong>erat</strong></span> <span class='ocrx_word' id='word_1_671' title='bbox 2776 2460 3169 2535; x_wconf 60' lang='lat' dir='ltr'><strong>praedicationis</strong></span> <span class='ocrx_word' id='word_1_672' title='bbox 3211 2465 3469 2527; x_wconf 87' lang='lat' dir='ltr'><strong>potestas,</strong></span> <span class='ocrx_word' id='word_1_673' title='bbox 3510 2465 3564 2510; x_wconf 90' lang='lat' dir='ltr'><strong>ut</strong></span> <span class='ocrx_word' id='word_1_674' title='bbox 3596 2466 3788 2509; x_wconf 80' lang='lat' dir='ltr'><strong>natura</strong></span> 
     </span>
    </p>
   </div>
   <div class='ocr_carea' id='block_1_86' title="bbox 2200 2547 3790 2624">
    <p class='ocr_par' dir='ltr' id='par_1_86' title="bbox 2200 2547 3790 2624">
     <span class='ocr_line' id='line_1_86' title="bbox 2200 2547 3790 2624; baseline -0.008 -12"><span class='ocrx_word' id='word_1_675' title='bbox 2200 2557 2632 2623; x_wconf 89' lang='lat' dir='ltr'><strong>inhonoraretur,</strong></span> <span class='ocrx_word' id='word_1_676' title='bbox 2682 2552 2931 2624; x_wconf 80' lang='lat' dir='ltr'><strong>cognatio</strong></span> <span class='ocrx_word' id='word_1_677' title='bbox 2976 2560 3033 2606; x_wconf 90' lang='lat' dir='ltr'><strong>et</strong></span> <span class='ocrx_word' id='word_1_678' title='bbox 3071 2547 3306 2603; x_wconf 84' lang='lat' dir='ltr'><strong>afﬁnitas</strong></span> <span class='ocrx_word' id='word_1_679' title='bbox 3347 2547 3693 2617; x_wconf 84' lang='lat' dir='ltr'><strong>abiiceretur,</strong></span> <span class='ocrx_word' id='word_1_680' title='bbox 3734 2554 3790 2599; x_wconf 83' lang='lat' dir='ltr'><strong>et</strong></span> 
     </span>
    </p>
   </div>
   <div class='ocr_carea' id='block_1_87' title="bbox 2198 2637 3790 2713">
    <p class='ocr_par' dir='ltr' id='par_1_87' title="bbox 2198 2637 3790 2713">
     <span class='ocr_line' id='line_1_87' title="bbox 2198 2637 3790 2713; baseline -0.006 -10"><span class='ocrx_word' id='word_1_681' title='bbox 2198 2650 2420 2705; x_wconf 88' lang='lat' dir='ltr'><strong>verbum</strong></span> <span class='ocrx_word' id='word_1_682' title='bbox 2465 2649 2559 2703; x_wconf 87' lang='lat' dir='ltr'><strong>Dei</strong></span> <span class='ocrx_word' id='word_1_683' title='bbox 2603 2646 2853 2701; x_wconf 87' lang='lat' dir='ltr'><strong>onmibus</strong></span> <span class='ocrx_word' id='word_1_684' title='bbox 2900 2650 3341 2713; x_wconf 87' lang='lat' dir='ltr'><strong>anteponeretur,</strong></span> <span class='ocrx_word' id='word_1_685' title='bbox 3386 2638 3530 2711; x_wconf 89' lang='lat' dir='ltr'><strong>quod</strong></span> <span class='ocrx_word' id='word_1_686' title='bbox 3577 2637 3790 2693; x_wconf 84' lang='lat' dir='ltr'><strong>fortiter</strong></span> 
     </span>
    </p>
   </div>
   <div class='ocr_carea' id='block_1_88' title="bbox 2197 2727 3790 2810">
    <p class='ocr_par' dir='ltr' id='par_1_88' title="bbox 2197 2727 3790 2810">
     <span class='ocr_line' id='line_1_88' title="bbox 2197 2727 3790 2810; baseline -0.007 -14"><span class='ocrx_word' id='word_1_687' title='bbox 2197 2742 2376 2796; x_wconf 89' lang='lat' dir='ltr'><strong>omnia</strong></span> <span class='ocrx_word' id='word_1_688' title='bbox 2405 2738 2735 2810; x_wconf 80' lang='lat' dir='ltr'><strong>dispelleret.</strong></span> <span class='ocrx_word' id='word_1_689' title='bbox 2763 2734 2895 2791; x_wconf 82' lang='lat' dir='ltr'><strong>Nam</strong></span> <span class='ocrx_word' id='word_1_690' title='bbox 2922 2735 2965 2789; x_wconf 92' lang='lat' dir='ltr'><strong>si</strong></span> <span class='ocrx_word' id='word_1_691' title='bbox 2989 2743 3191 2789; x_wconf 68' lang='lat' dir='ltr'><strong>natura:</strong></span> <span class='ocrx_word' id='word_1_692' title='bbox 3219 2732 3301 2788; x_wconf 91' lang='lat' dir='ltr'><strong>vis</strong></span> <span class='ocrx_word' id='word_1_693' title='bbox 3325 2745 3433 2786; x_wconf 89' lang='lat' dir='ltr'><strong>non</strong></span> <span class='ocrx_word' id='word_1_694' title='bbox 3463 2737 3641 2801; x_wconf 87' lang='lat' dir='ltr'><strong>potest</strong></span> <span class='ocrx_word' id='word_1_695' title='bbox 3664 2727 3790 2785; x_wconf 84' lang='lat' dir='ltr'><strong>huic</strong></span> 
     </span>
    </p>
   </div>
   <div class='ocr_carea' id='block_1_89' title="bbox 2200 2821 3787 2894">
    <p class='ocr_par' dir='ltr' id='par_1_89' title="bbox 2200 2821 3787 2894">
     <span class='ocr_line' id='line_1_89' title="bbox 2200 2821 3787 2894; baseline -0.006 -8"><span class='ocrx_word' id='word_1_696' title='bbox 2200 2831 2436 2887; x_wconf 86' lang='lat' dir='ltr'><strong>sermoni</strong></span> <span class='ocrx_word' id='word_1_697' title='bbox 2466 2830 2740 2894; x_wconf 89' lang='lat' dir='ltr'><strong>resistere,</strong></span> <span class='ocrx_word' id='word_1_698' title='bbox 2772 2826 2867 2883; x_wconf 89' lang='lat' dir='ltr'><strong>scd</strong></span> <span class='ocrx_word' id='word_1_699' title='bbox 2895 2824 2984 2881; x_wconf 90' lang='lat' dir='ltr'><strong>illa</strong></span> <span class='ocrx_word' id='word_1_700' title='bbox 3010 2824 3320 2881; x_wconf 77' lang='lat' dir='ltr'><strong>dissolvitur</strong></span> <span class='ocrx_word' id='word_1_701' title='bbox 3343 2833 3398 2879; x_wconf 90' lang='lat' dir='ltr'><strong>et</strong></span> <span class='ocrx_word' id='word_1_702' title='bbox 3420 2821 3787 2885; x_wconf 85' lang='lat' dir='ltr'><strong>conculcatur.</strong></span> 
     </span>
    </p>
   </div>
   <div class='ocr_carea' id='block_1_90' title="bbox 2201 2914 3789 2993">
    <p class='ocr_par' dir='ltr' id='par_1_90' title="bbox 2201 2914 3789 2993">
     <span class='ocr_line' id='line_1_90' title="bbox 2201 2914 3789 2993; baseline -0.006 -17"><span class='ocrx_word' id='word_1_703' title='bbox 2201 2922 2328 2993; x_wconf 92' lang='lat' dir='ltr'><strong>quid</strong></span> <span class='ocrx_word' id='word_1_704' title='bbox 2367 2921 2511 2975; x_wconf 89' lang='lat' dir='ltr'><strong>aliud</strong></span> <span class='ocrx_word' id='word_1_705' title='bbox 2551 2935 2645 2974; x_wconf 85' lang='lat' dir='ltr'><strong>vos</strong></span> <span class='ocrx_word' id='word_1_706' title='bbox 2690 2932 2948 2988; x_wconf 84' lang='lat' dir='ltr'><strong>superare</strong></span> <span class='ocrx_word' id='word_1_707' title='bbox 2986 2916 3219 2985; x_wconf 83' lang='lat' dir='ltr'><strong>poterit?</strong></span> <span class='ocrx_word' id='word_1_708' title='bbox 3263 2914 3379 2969; x_wconf 76' lang='lat' dir='ltr'><strong>Non</strong></span> <span class='ocrx_word' id='word_1_709' title='bbox 3426 2921 3625 2979; x_wconf 87' lang='lat' dir='ltr'><strong>tamen,</strong></span> <span class='ocrx_word' id='word_1_710' title='bbox 3665 2914 3789 2983; x_wconf 88' lang='lat' dir='ltr'><strong>quia</strong></span> 
     </span>
    </p>
   </div>
   <div class='ocr_carea' id='block_1_91' title="bbox 2204 3003 3789 3078">
    <p class='ocr_par' dir='ltr' id='par_1_91' title="bbox 2204 3003 3789 3078">
     <span class='ocr_line' id='line_1_91' title="bbox 2204 3003 3789 3078; baseline -0.006 -10"><span class='ocrx_word' id='word_1_711' title='bbox 2204 3013 2319 3069; x_wconf 63' lang='lat' dir='ltr'><strong>haec</strong></span> <span class='ocrx_word' id='word_1_712' title='bbox 2348 3014 2419 3067; x_wconf 89' lang='lat' dir='ltr'><strong>ita</strong></span> <span class='ocrx_word' id='word_1_713' title='bbox 2459 3027 2518 3067; x_wconf 89' lang='lat' dir='ltr'><strong>se</strong></span> <span class='ocrx_word' id='word_1_714' title='bbox 2562 3010 2853 3078; x_wconf 82' lang='lat' dir='ltr'><strong>habebunt,</strong></span> <span class='ocrx_word' id='word_1_715' title='bbox 2897 3021 2994 3064; x_wconf 93' lang='lat' dir='ltr'><strong>vos</strong></span> <span class='ocrx_word' id='word_1_716' title='bbox 3023 3007 3075 3062; x_wconf 92' lang='lat' dir='ltr'><strong>in</strong></span> <span class='ocrx_word' id='word_1_717' title='bbox 3117 3008 3407 3062; x_wconf 86' lang='lat' dir='ltr'><strong>securitate</strong></span> <span class='ocrx_word' id='word_1_718' title='bbox 3443 3004 3654 3068; x_wconf 75' lang='lat' dir='ltr'><strong>vivatis,</strong></span> <span class='ocrx_word' id='word_1_719' title='bbox 3694 3003 3789 3059; x_wconf 86' lang='lat' dir='ltr'><strong>sed</strong></span> 
     </span>
    </p>
   </div>
   <div class='ocr_carea' id='block_1_92' title="bbox 2205 3098 3790 3167">
    <p class='ocr_par' dir='ltr' id='par_1_92' title="bbox 2205 3098 3790 3167">
     <span class='ocr_line' id='line_1_92' title="bbox 2205 3098 3790 3167; baseline -0.006 -7"><span class='ocrx_word' id='word_1_720' title='bbox 2205 3119 2520 3160; x_wconf 89' lang='lat' dir='ltr'><strong>communes</strong></span> <span class='ocrx_word' id='word_1_721' title='bbox 2551 3102 2815 3159; x_wconf 84' lang='lat' dir='ltr'><strong>habebitis</strong></span> <span class='ocrx_word' id='word_1_722' title='bbox 2859 3098 3103 3155; x_wconf 85' lang='lat' dir='ltr'><strong>inimicos</strong></span> <span class='ocrx_word' id='word_1_723' title='bbox 3144 3108 3200 3154; x_wconf 91' lang='lat' dir='ltr'><strong>ct</strong></span> <span class='ocrx_word' id='word_1_724' title='bbox 3233 3098 3418 3153; x_wconf 86' lang='lat' dir='ltr'><strong>hostes</strong></span> <span class='ocrx_word' id='word_1_725' title='bbox 3441 3111 3537 3153; x_wconf 90' lang='lat' dir='ltr'><strong>cos</strong></span> <span class='ocrx_word' id='word_1_726' title='bbox 3565 3098 3655 3167; x_wconf 91' lang='lat' dir='ltr'><strong>qui</strong></span> <span class='ocrx_word' id='word_1_727' title='bbox 3688 3106 3790 3151; x_wconf 81' lang='lat' dir='ltr'><strong>ter-</strong></span> 
     </span>
    </p>
   </div>
   <div class='ocr_carea' id='block_1_93' title="bbox 2204 3193 2886 3251">
    <p class='ocr_par' dir='ltr' id='par_1_93' title="bbox 2204 3193 2886 3251">
     <span class='ocr_line' id='line_1_93' title="bbox 2204 3193 2886 3251; baseline -0.004 -1"><span class='ocrx_word' id='word_1_728' title='bbox 2204 3209 2383 3250; x_wconf 90' lang='lat' dir='ltr'><strong>rarum</strong></span> <span class='ocrx_word' id='word_1_729' title='bbox 2410 3194 2595 3251; x_wconf 87' lang='lat' dir='ltr'><strong>orbem</strong></span> <span class='ocrx_word' id='word_1_730' title='bbox 2628 3193 2886 3248; x_wconf 83' lang='lat' dir='ltr'><strong>habitant.</strong></span> 
     </span>
    </p>
   </div>
   <div class='ocr_carea' id='block_1_94' title="bbox 2268 3280 3788 3354">
    <p class='ocr_par' dir='ltr' id='par_1_94' title="bbox 2268 3280 3788 3354">
     <span class='ocr_line' id='line_1_94' title="bbox 2268 3280 3788 3354; baseline 0.003 -18"><span class='ocrx_word' id='word_1_731' title='bbox 2268 3281 2323 3337; x_wconf 77' lang='grc'><strong>4.</strong></span> <span class='ocrx_word' id='word_1_732' title='bbox 2362 3280 2667 3347; x_wconf 76' lang='lat' dir='ltr'><strong>Philosophi</strong></span> <span class='ocrx_word' id='word_1_733' title='bbox 2700 3291 2888 3334; x_wconf 81' lang='lat' dir='ltr'><strong>veteres</strong></span> <span class='ocrx_word' id='word_1_734' title='bbox 2944 3283 3122 3351; x_wconf 85' lang='lat' dir='ltr'><strong>quales</strong></span> <span class='ocrx_word' id='word_1_735' title='bbox 3176 3283 3387 3354; x_wconf 78' lang='lat' dir='ltr'><strong>fuerint.</strong></span> <span class='ocrx_word' id='word_1_736' title='bbox 3416 3312 3489 3323; x_wconf 88' lang='lat'><strong>—-</strong></span> <span class='ocrx_word' id='word_1_737' title='bbox 3510 3282 3614 3339; x_wconf 82' lang='lat' dir='ltr'><strong>Ubi</strong></span> <span class='ocrx_word' id='word_1_738' title='bbox 3646 3300 3788 3341; x_wconf 86' lang='lat' dir='ltr'><strong>nunc</strong></span> 
     </span>
    </p>
   </div>
   <div class='ocr_carea' id='block_1_95' title="bbox 2200 3374 3790 3446">
    <p class='ocr_par' dir='ltr' id='par_1_95' title="bbox 2200 3374 3790 3446">
     <span class='ocr_line' id='line_1_95' title="bbox 2200 3374 3790 3446; baseline 0.002 -16"><span class='ocrx_word' id='word_1_739' title='bbox 2200 3376 2388 3431; x_wconf 80' lang='lat' dir='ltr'><strong>Plato?</strong></span> <span class='ocrx_word' id='word_1_740' title='bbox 2420 3377 2507 3429; x_wconf 87' lang='lat' dir='ltr'><strong>ubi</strong></span> <span class='ocrx_word' id='word_1_741' title='bbox 2537 3374 2910 3446; x_wconf 78' lang='lat' dir='ltr'><strong>Pythagoras?</strong></span> <span class='ocrx_word' id='word_1_742' title='bbox 2940 3376 3029 3430; x_wconf 89' lang='lat' dir='ltr'><strong>ubi</strong></span> <span class='ocrx_word' id='word_1_743' title='bbox 3061 3377 3377 3431; x_wconf 86' lang='lat' dir='ltr'><strong>Stoicorum</strong></span> <span class='ocrx_word' id='word_1_744' title='bbox 3410 3377 3563 3431; x_wconf 86' lang='lat' dir='ltr'><strong>turba</strong></span> <span class='ocrx_word' id='word_1_745' title='bbox 3590 3378 3614 3432; x_wconf 67' lang='grc' dir='ltr'><strong><em>ξ</em></strong></span> <span class='ocrx_word' id='word_1_746' title='bbox 3642 3378 3790 3433; x_wconf 86' lang='lat' dir='ltr'><strong>Plato</strong></span> 
     </span>
    </p>
   </div>
   <div class='ocr_carea' id='block_1_96' title="bbox 2200 3467 3792 3537">
    <p class='ocr_par' dir='ltr' id='par_1_96' title="bbox 2200 3467 3792 3537">
     <span class='ocr_line' id='line_1_96' title="bbox 2200 3467 3792 3537; baseline -0.001 -13"><span class='ocrx_word' id='word_1_747' title='bbox 2200 3479 2366 3529; x_wconf 88' lang='lat' dir='ltr'><strong>certe,</strong></span> <span class='ocrx_word' id='word_1_748' title='bbox 2400 3469 2521 3522; x_wconf 86' lang='lat' dir='ltr'><strong>licet</strong></span> <span class='ocrx_word' id='word_1_749' title='bbox 2551 3482 2800 3537; x_wconf 59' lang='lat' dir='ltr'><strong>n‘tagnum</strong></span> <span class='ocrx_word' id='word_1_750' title='bbox 2830 3479 3196 3536; x_wconf 81' lang='lat' dir='ltr'><strong>consequutus</strong></span> <span class='ocrx_word' id='word_1_751' title='bbox 3251 3467 3533 3532; x_wconf 89' lang='lat' dir='ltr'><strong>honorem,</strong></span> <span class='ocrx_word' id='word_1_752' title='bbox 3564 3484 3631 3523; x_wconf 87' lang='lat' dir='ltr'><strong>eo</strong></span> <span class='ocrx_word' id='word_1_753' title='bbox 3674 3469 3792 3523; x_wconf 88' lang='lat' dir='ltr'><strong>red-</strong></span> 
     </span>
    </p>
   </div>
   <div class='ocr_carea' id='block_1_97' title="bbox 2208 3556 3793 3627">
    <p class='ocr_par' dir='ltr' id='par_1_97' title="bbox 2208 3556 3793 3627">
     <span class='ocr_line' id='line_1_97' title="bbox 2208 3556 3793 3627; baseline 0 -15"><span class='ocrx_word' id='word_1_754' title='bbox 2208 3568 2360 3612; x_wconf 86' lang='lat' dir='ltr'><strong>actus</strong></span> <span class='ocrx_word' id='word_1_755' title='bbox 2387 3557 2480 3611; x_wconf 86' lang='lat' dir='ltr'><strong>fuit</strong></span> <span class='ocrx_word' id='word_1_756' title='bbox 2502 3557 2729 3610; x_wconf 89' lang='lat' dir='ltr'><strong>utetiam</strong></span> <span class='ocrx_word' id='word_1_757' title='bbox 2751 3556 3077 3612; x_wconf 86' lang='lat' dir='ltr'><strong>venderetur</strong></span> <span class='ocrx_word' id='word_1_758' title='bbox 3108 3559 3205 3627; x_wconf 78' lang='grc' dir='ltr'><strong>(α),</strong></span> <span class='ocrx_word' id='word_1_759' title='bbox 3229 3557 3363 3612; x_wconf 76' lang='lat' dir='ltr'><strong>nihil</strong></span> <span class='ocrx_word' id='word_1_760' title='bbox 3388 3572 3576 3612; x_wconf 80' lang='lat' dir='ltr'><strong>eorum</strong></span> <span class='ocrx_word' id='word_1_761' title='bbox 3599 3573 3719 3627; x_wconf 64' lang='lat' dir='ltr'><strong>qua!</strong></span> <span class='ocrx_word' id='word_1_762' title='bbox 3741 3558 3793 3612; x_wconf 85' lang='lat' dir='ltr'><strong>in</strong></span> 
     </span>
    </p>
   </div>
   <div class='ocr_carea' id='block_1_98' title="bbox 2203 3646 3792 3719">
    <p class='ocr_par' dir='ltr' id='par_1_98' title="bbox 2203 3646 3792 3719">
     <span class='ocr_line' id='line_1_98' title="bbox 2203 3646 3792 3719; baseline -0.001 -15"><span class='ocrx_word' id='word_1_763' title='bbox 2203 3659 2385 3704; x_wconf 89' lang='lat' dir='ltr'><strong>mente</strong></span> <span class='ocrx_word' id='word_1_764' title='bbox 2403 3650 2642 3704; x_wconf 78' lang='lat' dir='ltr'><strong>habebat</strong></span> <span class='ocrx_word' id='word_1_765' title='bbox 2656 3646 2875 3704; x_wconf 84' lang='lat' dir='ltr'><strong>efficere</strong></span> <span class='ocrx_word' id='word_1_766' title='bbox 2891 3659 3090 3717; x_wconf 91' lang='lat' dir='ltr'><strong>posset,</strong></span> <span class='ocrx_word' id='word_1_767' title='bbox 3111 3647 3555 3718; x_wconf 82' lang='lat' dir='ltr'><strong>nihilqueeorum</strong></span> <span class='ocrx_word' id='word_1_768' title='bbox 3572 3664 3692 3719; x_wconf 66' lang='lat' dir='ltr'><strong>quae</strong></span> <span class='ocrx_word' id='word_1_769' title='bbox 3708 3665 3792 3703; x_wconf 88' lang='lat' dir='ltr'><strong>vo-</strong></span> 
     </span>
    </p>
   </div>
   <div class='ocr_carea' id='block_1_99' title="bbox 2207 3740 3791 3812">
    <p class='ocr_par' dir='ltr' id='par_1_99' title="bbox 2207 3740 3791 3812">
     <span class='ocr_line' id='line_1_99' title="bbox 2207 3740 3791 3812; baseline 0.001 -17"><span class='ocrx_word' id='word_1_770' title='bbox 2207 3742 2347 3796; x_wconf 87' lang='lat' dir='ltr'><strong>lebat</strong></span> <span class='ocrx_word' id='word_1_771' title='bbox 2369 3742 2455 3795; x_wconf 90' lang='lat' dir='ltr'><strong>uni</strong></span> <span class='ocrx_word' id='word_1_772' title='bbox 2486 3749 2713 3811; x_wconf 74' lang='lat' dir='ltr'><strong>tyranno</strong></span> <span class='ocrx_word' id='word_1_773' title='bbox 2739 3740 2967 3797; x_wconf 88' lang='lat' dir='ltr'><strong>suadere</strong></span> <span class='ocrx_word' id='word_1_774' title='bbox 2996 3743 3265 3811; x_wconf 90' lang='lat' dir='ltr'><strong>potuerit;</strong></span> <span class='ocrx_word' id='word_1_775' title='bbox 3297 3741 3387 3797; x_wconf 87' lang='lat' dir='ltr'><strong>hic</strong></span> <span class='ocrx_word' id='word_1_776' title='bbox 3402 3754 3582 3797; x_wconf 88' lang='lat' dir='ltr'><strong>autem</strong></span> <span class='ocrx_word' id='word_1_777' title='bbox 3609 3743 3791 3812; x_wconf 88' lang='lat' dir='ltr'><strong>prodi-</strong></span> 
     </span>
    </p>
   </div>
   <div class='ocr_carea' id='block_1_100' title="bbox 2206 3833 3792 3907">
    <p class='ocr_par' dir='ltr' id='par_1_100' title="bbox 2206 3833 3792 3907">
     <span class='ocr_line' id='line_1_100' title="bbox 2206 3833 3792 3907; baseline 0 -18"><span class='ocrx_word' id='word_1_778' title='bbox 2206 3837 2273 3889; x_wconf 90' lang='lat' dir='ltr'><strong>tis</strong></span> <span class='ocrx_word' id='word_1_779' title='bbox 2295 3834 2589 3903; x_wconf 78' lang='lat' dir='ltr'><strong>discipulis,</strong></span> <span class='ocrx_word' id='word_1_780' title='bbox 2611 3833 2991 3889; x_wconf 80' lang='lat' dir='ltr'><strong>miserabiliter</strong></span> <span class='ocrx_word' id='word_1_781' title='bbox 3008 3835 3169 3889; x_wconf 87' lang='lat' dir='ltr'><strong>vitam</strong></span> <span class='ocrx_word' id='word_1_782' title='bbox 3195 3836 3409 3890; x_wconf 88' lang='lat' dir='ltr'><strong>clausit.</strong></span> <span class='ocrx_word' id='word_1_783' title='bbox 3438 3834 3638 3907; x_wconf 79' lang='lat' dir='ltr'><strong>Cynica</strong></span> <span class='ocrx_word' id='word_1_784' title='bbox 3666 3851 3792 3890; x_wconf 86' lang='lat' dir='ltr'><strong>vero</strong></span> 
     </span>
    </p>
   </div>
   <div class='ocr_carea' id='block_1_101' title="bbox 2207 3926 3793 3996">
    <p class='ocr_par' dir='ltr' id='par_1_101' title="bbox 2207 3926 3793 3996">
     <span class='ocr_line' id='line_1_101' title="bbox 2207 3926 3793 3996; baseline 0.001 -16"><span class='ocrx_word' id='word_1_785' title='bbox 2207 3927 2323 3980; x_wconf 89' lang='lat' dir='ltr'><strong>lues</strong></span> <span class='ocrx_word' id='word_1_786' title='bbox 2351 3927 2503 3996; x_wconf 87' lang='lat' dir='ltr'><strong>quasi</strong></span> <span class='ocrx_word' id='word_1_787' title='bbox 2532 3926 2800 3981; x_wconf 89' lang='lat' dir='ltr'><strong>somnium</strong></span> <span class='ocrx_word' id='word_1_788' title='bbox 2830 3934 2885 3980; x_wconf 91' lang='lat' dir='ltr'><strong>et</strong></span> <span class='ocrx_word' id='word_1_789' title='bbox 2906 3927 3093 3981; x_wconf 88' lang='lat' dir='ltr'><strong>umbra</strong></span> <span class='ocrx_word' id='word_1_790' title='bbox 3124 3928 3402 3996; x_wconf 67' lang='lat' dir='ltr'><strong>prasteriit.</strong></span> <span class='ocrx_word' id='word_1_791' title='bbox 3436 3926 3660 3983; x_wconf 85' lang='lat' dir='ltr'><strong>Etiamsi</strong></span> <span class='ocrx_word' id='word_1_792' title='bbox 3689 3927 3793 3982; x_wconf 84' lang='lat' dir='ltr'><strong>illis</strong></span> 
     </span>
    </p>
   </div>
   <div class='ocr_carea' id='block_1_102' title="bbox 2206 4018 3793 4093">
    <p class='ocr_par' dir='ltr' id='par_1_102' title="bbox 2206 4018 3793 4093">
     <span class='ocr_line' id='line_1_102' title="bbox 2206 4018 3793 4093; baseline 0.002 -19"><span class='ocrx_word' id='word_1_793' title='bbox 2206 4019 2340 4074; x_wconf 87' lang='lat' dir='ltr'><strong>nihil</strong></span> <span class='ocrx_word' id='word_1_794' title='bbox 2364 4019 2539 4075; x_wconf 89' lang='lat' dir='ltr'><strong>simile</strong></span> <span class='ocrx_word' id='word_1_795' title='bbox 2565 4018 2842 4086; x_wconf 90' lang='lat' dir='ltr'><strong>acciderit,</strong></span> <span class='ocrx_word' id='word_1_796' title='bbox 2870 4021 2977 4076; x_wconf 92' lang='lat' dir='ltr'><strong>imo</strong></span> <span class='ocrx_word' id='word_1_797' title='bbox 3002 4035 3101 4089; x_wconf 90' lang='lat' dir='ltr'><strong>per</strong></span> <span class='ocrx_word' id='word_1_798' title='bbox 3130 4034 3411 4077; x_wconf 78' lang='lat' dir='ltr'><strong>externam</strong></span> <span class='ocrx_word' id='word_1_799' title='bbox 3439 4022 3587 4077; x_wconf 88' lang='lat' dir='ltr'><strong>illam</strong></span> <span class='ocrx_word' id='word_1_800' title='bbox 3618 4021 3793 4093; x_wconf 88' lang='lat' dir='ltr'><strong>philo-</strong></span> 
     </span>
    </p>
   </div>
   <div class='ocr_carea' id='block_1_103' title="bbox 2205 4110 3799 4184">
    <p class='ocr_par' dir='ltr' id='par_1_103' title="bbox 2205 4110 3799 4184">
     <span class='ocr_line' id='line_1_103' title="bbox 2205 4110 3799 4184; baseline 0.001 -17"><span class='ocrx_word' id='word_1_801' title='bbox 2205 4112 2449 4182; x_wconf 87' lang='lat' dir='ltr'><strong>s0phiam</strong></span> <span class='ocrx_word' id='word_1_802' title='bbox 2479 4110 2611 4165; x_wconf 85' lang='lat' dir='ltr'><strong>clari</strong></span> <span class='ocrx_word' id='word_1_803' title='bbox 2644 4110 2971 4178; x_wconf 87' lang='lat' dir='ltr'><strong>viderentur,</strong></span> <span class='ocrx_word' id='word_1_804' title='bbox 2993 4112 3202 4167; x_wconf 84' lang='lat' dir='ltr'><strong>etiamsi</strong></span> <span class='ocrx_word' id='word_1_805' title='bbox 3223 4110 3583 4169; x_wconf 82' lang='lat' dir='ltr'><strong>Athenienses</strong></span> <span class='ocrx_word' id='word_1_806' title='bbox 3602 4114 3799 4184; x_wconf 88' lang='lat' dir='ltr'><strong>episto-</strong></span> 
     </span>
    </p>
   </div>
   <div class='ocr_carea' id='block_1_104' title="bbox 2211 4200 3796 4277">
    <p class='ocr_par' dir='ltr' id='par_1_104' title="bbox 2211 4200 3796 4277">
     <span class='ocr_line' id='line_1_104' title="bbox 2211 4200 3796 4277; baseline 0.003 -21"><span class='ocrx_word' id='word_1_807' title='bbox 2211 4204 2289 4257; x_wconf 89' lang='lat' dir='ltr'><strong>las</strong></span> <span class='ocrx_word' id='word_1_808' title='bbox 2312 4200 2549 4255; x_wconf 82' lang='lat' dir='ltr'><strong>Platonis</strong></span> <span class='ocrx_word' id='word_1_809' title='bbox 2579 4215 2675 4269; x_wconf 90' lang='lat' dir='ltr'><strong>per</strong></span> <span class='ocrx_word' id='word_1_810' title='bbox 2706 4200 2928 4257; x_wconf 89' lang='lat' dir='ltr'><strong>Dionem</strong></span> <span class='ocrx_word' id='word_1_811' title='bbox 2957 4204 3149 4257; x_wconf 88' lang='lat' dir='ltr'><strong>missas</strong></span> <span class='ocrx_word' id='word_1_812' title='bbox 3177 4205 3389 4273; x_wconf 87' lang='lat' dir='ltr'><strong>publice</strong></span> <span class='ocrx_word' id='word_1_813' title='bbox 3415 4207 3796 4277; x_wconf 80' lang='lat' dir='ltr'><strong>exposuerint:</strong></span> 
     </span>
    </p>
   </div>
   <div class='ocr_carea' id='block_1_105' title="bbox 2209 4295 3800 4371">
    <p class='ocr_par' dir='ltr' id='par_1_105' title="bbox 2209 4295 3800 4371">
     <span class='ocr_line' id='line_1_105' title="bbox 2209 4295 3800 4371; baseline 0.003 -22"><span class='ocrx_word' id='word_1_814' title='bbox 2209 4305 2443 4349; x_wconf 88' lang='lat' dir='ltr'><strong>attamen</strong></span> <span class='ocrx_word' id='word_1_815' title='bbox 2488 4304 2598 4349; x_wconf 83' lang='lat' dir='ltr'><strong>toto</strong></span> <span class='ocrx_word' id='word_1_816' title='bbox 2627 4306 2869 4367; x_wconf 86' lang='lat' dir='ltr'><strong>tempore</strong></span> <span class='ocrx_word' id='word_1_817' title='bbox 2913 4295 2965 4350; x_wconf 91' lang='lat' dir='ltr'><strong>in</strong></span> <span class='ocrx_word' id='word_1_818' title='bbox 2990 4298 3377 4366; x_wconf 62' lang='lat' dir='ltr'><strong>tranquillitate</strong></span> <span class='ocrx_word' id='word_1_819' title='bbox 3416 4299 3718 4371; x_wconf 81' lang='lat' dir='ltr'><strong>degebant,</strong></span> <span class='ocrx_word' id='word_1_820' title='bbox 3747 4310 3800 4355; x_wconf 90' lang='lat' dir='ltr'><strong>et</strong></span> 
     </span>
    </p>
   </div>
   <div class='ocr_carea' id='block_1_106' title="bbox 2212 4386 3800 4462">
    <p class='ocr_par' dir='ltr' id='par_1_106' title="bbox 2212 4386 3800 4462">
     <span class='ocr_line' id='line_1_106' title="bbox 2212 4386 3800 4462; baseline 0.006 -27"><span class='ocrx_word' id='word_1_821' title='bbox 2212 4387 2403 4454; x_wconf 87' lang='lat' dir='ltr'><strong>opibus</strong></span> <span class='ocrx_word' id='word_1_822' title='bbox 2449 4400 2554 4440; x_wconf 90' lang='lat' dir='ltr'><strong>non</strong></span> <span class='ocrx_word' id='word_1_823' title='bbox 2594 4387 2781 4455; x_wconf 87' lang='lat' dir='ltr'><strong>paucis</strong></span> <span class='ocrx_word' id='word_1_824' title='bbox 2831 4386 3144 4443; x_wconf 85' lang='lat' dir='ltr'><strong>allluebant.</strong></span> <span class='ocrx_word' id='word_1_825' title='bbox 3179 4388 3269 4444; x_wconf 87' lang='lat' dir='ltr'><strong>Sic</strong></span> <span class='ocrx_word' id='word_1_826' title='bbox 3304 4391 3451 4445; x_wconf 86' lang='lat' dir='ltr'><strong>enim</strong></span> <span class='ocrx_word' id='word_1_827' title='bbox 3498 4393 3800 4462; x_wconf 78' lang='lat' dir='ltr'><strong>Aristippus</strong></span> 
     </span>
    </p>
   </div>
   <div class='ocr_carea' id='block_1_107' title="bbox 2211 4478 3802 4553">
    <p class='ocr_par' dir='ltr' id='par_1_107' title="bbox 2211 4478 3802 4553">
     <span class='ocr_line' id='line_1_107' title="bbox 2211 4478 3802 4553; baseline 0.006 -24"><span class='ocrx_word' id='word_1_828' title='bbox 2211 4492 2407 4547; x_wconf 87' lang='lat' dir='ltr'><strong>magno</strong></span> <span class='ocrx_word' id='word_1_829' title='bbox 2422 4478 2598 4547; x_wconf 84' lang='lat' dir='ltr'><strong>pretio</strong></span> <span class='ocrx_word' id='word_1_830' title='bbox 2627 4487 2805 4534; x_wconf 89' lang='lat' dir='ltr'><strong>scorta</strong></span> <span class='ocrx_word' id='word_1_831' title='bbox 2833 4479 3089 4535; x_wconf 85' lang='lat' dir='ltr'><strong>conduxit</strong></span> <span class='ocrx_word' id='word_1_832' title='bbox 3119 4480 3223 4553; x_wconf 88' lang='lat' dir='ltr'><strong>(b);</strong></span> <span class='ocrx_word' id='word_1_833' title='bbox 3254 4482 3389 4536; x_wconf 90' lang='lat' dir='ltr'><strong>alius</strong></span> <span class='ocrx_word' id='word_1_834' title='bbox 3422 4492 3802 4539; x_wconf 87' lang='lat' dir='ltr'><strong>testamentum</strong></span> 
     </span>
    </p>
   </div>
   <div class='ocr_carea' id='block_1_108' title="bbox 2214 4569 3803 4641">
    <p class='ocr_par' dir='ltr' id='par_1_108' title="bbox 2214 4569 3803 4641">
     <span class='ocr_line' id='line_1_108' title="bbox 2214 4569 3803 4641; baseline 0.005 -20"><span class='ocrx_word' id='word_1_835' title='bbox 2214 4569 2467 4637; x_wconf 89' lang='lat' dir='ltr'><strong>scripsit,</strong></span> <span class='ocrx_word' id='word_1_836' title='bbox 2497 4584 2602 4624; x_wconf 92' lang='lat' dir='ltr'><strong>non</strong></span> <span class='ocrx_word' id='word_1_837' title='bbox 2633 4584 2851 4639; x_wconf 87' lang='lat' dir='ltr'><strong>parvam</strong></span> <span class='ocrx_word' id='word_1_838' title='bbox 2902 4571 3212 4641; x_wconf 87' lang='lat' dir='ltr'><strong>relinquens</strong></span> <span class='ocrx_word' id='word_1_839' title='bbox 3244 4572 3601 4629; x_wconf 86' lang='lat' dir='ltr'><strong>hereditatem</strong></span> <span class='ocrx_word' id='word_1_840' title='bbox 3628 4593 3642 4640; x_wconf 91' lang='lat'><strong>;</strong></span> <span class='ocrx_word' id='word_1_841' title='bbox 3670 4576 3803 4631; x_wconf 81' lang='lat' dir='ltr'><strong>alios</strong></span> 
     </span>
    </p>
   </div>
   <div class='ocr_carea' id='block_1_109' title="bbox 2216 4651 3798 4735">
    <p class='ocr_par' dir='ltr' id='par_1_109' title="bbox 2216 4651 3798 4735">
     <span class='ocr_line' id='line_1_109' title="bbox 2216 4651 3798 4735; baseline 0.006 -23"><span class='ocrx_word' id='word_1_842' title='bbox 2216 4674 2377 4729; x_wconf 86' lang='lat' dir='ltr'><strong>supra</strong></span> <span class='ocrx_word' id='word_1_843' title='bbox 2406 4651 2696 4731; x_wconf 83' lang='lat' dir='ltr'><strong>discipulos</strong></span> <span class='ocrx_word' id='word_1_844' title='bbox 2723 4661 2901 4730; x_wconf 85' lang='lat' dir='ltr'><strong>pontis</strong></span> <span class='ocrx_word' id='word_1_845' title='bbox 2930 4664 3101 4717; x_wconf 92' lang='lat' dir='ltr'><strong>instar</strong></span> <span class='ocrx_word' id='word_1_846' title='bbox 3124 4666 3431 4720; x_wconf 83' lang='lat' dir='ltr'><strong>substratos</strong></span> <span class='ocrx_word' id='word_1_847' title='bbox 3454 4668 3798 4735; x_wconf 86' lang='lat' dir='ltr'><strong>pertransiit;</strong></span> 
     </span>
    </p>
   </div>
   <div class='ocr_carea' id='block_1_110' title="bbox 2216 4750 3797 4829">
    <p class='ocr_par' dir='ltr' id='par_1_110' title="bbox 2216 4750 3797 4829">
     <span class='ocr_line' id='line_1_110' title="bbox 2216 4750 3797 4829; baseline 0.005 -23"><span class='ocrx_word' id='word_1_848' title='bbox 2216 4750 2570 4822; x_wconf 83' lang='lat' dir='ltr'><strong>Sinopensem</strong></span> <span class='ocrx_word' id='word_1_849' title='bbox 2590 4762 2768 4807; x_wconf 84' lang='lat' dir='ltr'><strong>autem</strong></span> <span class='ocrx_word' id='word_1_850' title='bbox 2784 4751 2929 4807; x_wconf 77' lang='lat' dir='ltr'><strong>ﬂium</strong></span> <span class='ocrx_word' id='word_1_851' title='bbox 2944 4752 3121 4808; x_wconf 86' lang='lat' dir='ltr'><strong>ferunt</strong></span> <span class='ocrx_word' id='word_1_852' title='bbox 3150 4754 3201 4809; x_wconf 87' lang='lat' dir='ltr'><strong>in</strong></span> <span class='ocrx_word' id='word_1_853' title='bbox 3216 4753 3336 4811; x_wconf 90' lang='lat' dir='ltr'><strong>foro</strong></span> <span class='ocrx_word' id='word_1_854' title='bbox 3354 4758 3585 4828; x_wconf 88' lang='lat' dir='ltr'><strong>turpiter</strong></span> <span class='ocrx_word' id='word_1_855' title='bbox 3603 4761 3797 4829; x_wconf 86' lang='lat' dir='ltr'><strong>egisse.</strong></span> 
     </span>
    </p>
   </div>
   <div class='ocr_carea' id='block_1_111' title="bbox 2219 4847 3802 4916">
    <p class='ocr_par' dir='ltr' id='par_1_111' title="bbox 2219 4847 3802 4916">
     <span class='ocr_line' id='line_1_111' title="bbox 2219 4847 3802 4916; baseline 0.004 -16"><span class='ocrx_word' id='word_1_856' title='bbox 2219 4847 2345 4902; x_wconf 67' lang='lat' dir='ltr'><strong>llaec</strong></span> <span class='ocrx_word' id='word_1_857' title='bbox 2368 4858 2491 4902; x_wconf 90' lang='lat' dir='ltr'><strong>sunt</strong></span> <span class='ocrx_word' id='word_1_858' title='bbox 2520 4848 2736 4903; x_wconf 89' lang='lat' dir='ltr'><strong>illorum</strong></span> <span class='ocrx_word' id='word_1_859' title='bbox 2785 4849 3039 4916; x_wconf 71' lang='lat' dir='ltr'><strong>prazclara</strong></span> <span class='ocrx_word' id='word_1_860' title='bbox 3068 4848 3333 4905; x_wconf 78' lang='lat' dir='ltr'><strong>facinora.</strong></span> <span class='ocrx_word' id='word_1_861' title='bbox 3361 4854 3430 4906; x_wconf 86' lang='lat' dir='ltr'><strong>At</strong></span> <span class='ocrx_word' id='word_1_862' title='bbox 3449 4854 3583 4909; x_wconf 88' lang='lat' dir='ltr'><strong>nihil</strong></span> <span class='ocrx_word' id='word_1_863' title='bbox 3614 4857 3802 4910; x_wconf 86' lang='lat' dir='ltr'><strong>horum</strong></span> 
     </span>
    </p>
   </div>
   <div class='ocr_carea' id='block_1_112' title="bbox 2229 4936 3801 5011">
    <p class='ocr_par' dir='ltr' id='par_1_112' title="bbox 2229 4936 3801 5011">
     <span class='ocr_line' id='line_1_112' title="bbox 2229 4936 3801 5011; baseline 0.004 -19"><span class='ocrx_word' id='word_1_864' title='bbox 2229 4936 2319 4993; x_wconf 78' lang='lat' dir='ltr'><strong>hic</strong></span> <span class='ocrx_word' id='word_1_865' title='bbox 2347 4938 2688 4999; x_wconf 90' lang='lat' dir='ltr'><strong>observatur.</strong></span> <span class='ocrx_word' id='word_1_866' title='bbox 2720 4937 2815 4994; x_wconf 88' lang='lat' dir='ltr'><strong>sed</strong></span> <span class='ocrx_word' id='word_1_867' title='bbox 2851 4938 3204 5009; x_wconf 87' lang='lat' dir='ltr'><strong>temperantia</strong></span> <span class='ocrx_word' id='word_1_868' title='bbox 3227 4954 3595 5011; x_wconf 83' lang='lat' dir='ltr'><strong>perseverans,</strong></span> <span class='ocrx_word' id='word_1_869' title='bbox 3624 4946 3801 5003; x_wconf 77' lang='lat' dir='ltr'><strong>mode-</strong></span> 
     </span>
    </p>
   </div>
   <div class='ocr_carea' id='block_1_113' title="bbox 2213 5025 3797 5101">
    <p class='ocr_par' dir='ltr' id='par_1_113' title="bbox 2213 5025 3797 5101">
     <span class='ocr_line' id='line_1_113' title="bbox 2213 5025 3797 5101; baseline -0.006 -16"><span class='ocrx_word' id='word_1_870' title='bbox 2213 5034 2312 5085; x_wconf 86' lang='lat' dir='ltr'><strong>stia</strong></span> <span class='ocrx_word' id='word_1_871' title='bbox 2340 5032 2599 5101; x_wconf 80' lang='lat' dir='ltr'><strong>exquisita</strong></span> <span class='ocrx_word' id='word_1_872' title='bbox 2619 5069 2634 5093; x_wconf 91' lang='lat'><strong>,</strong></span> <span class='ocrx_word' id='word_1_873' title='bbox 2667 5026 2863 5082; x_wconf 87' lang='lat' dir='ltr'><strong>bellum</strong></span> <span class='ocrx_word' id='word_1_874' title='bbox 2892 5036 3077 5082; x_wconf 88' lang='lat' dir='ltr'><strong>contra</strong></span> <span class='ocrx_word' id='word_1_875' title='bbox 3110 5033 3279 5080; x_wconf 87' lang='lat' dir='ltr'><strong>totum</strong></span> <span class='ocrx_word' id='word_1_876' title='bbox 3308 5025 3494 5080; x_wconf 88' lang='lat' dir='ltr'><strong>orbem</strong></span> <span class='ocrx_word' id='word_1_877' title='bbox 3535 5039 3633 5092; x_wconf 87' lang='lat' dir='ltr'><strong>pro</strong></span> <span class='ocrx_word' id='word_1_878' title='bbox 3662 5027 3797 5079; x_wconf 82' lang='lat' dir='ltr'><strong>veri-</strong></span> 
     </span>
    </p>
   </div>
   <div class='ocr_carea' id='block_1_114' title="bbox 2212 5116 3789 5191">
    <p class='ocr_par' dir='ltr' id='par_1_114' title="bbox 2212 5116 3789 5191">
     <span class='ocr_line' id='line_1_114' title="bbox 2212 5116 3789 5191; baseline -0.005 -14"><span class='ocrx_word' id='word_1_879' title='bbox 2212 5133 2319 5178; x_wconf 90' lang='lat' dir='ltr'><strong>tate</strong></span> <span class='ocrx_word' id='word_1_880' title='bbox 2342 5137 2405 5177; x_wconf 89' lang='lat' dir='ltr'><strong>ac</strong></span> <span class='ocrx_word' id='word_1_881' title='bbox 2428 5137 2523 5191; x_wconf 89' lang='lat' dir='ltr'><strong>pro</strong></span> <span class='ocrx_word' id='word_1_882' title='bbox 2544 5120 2823 5189; x_wconf 89' lang='lat' dir='ltr'><strong>religione,</strong></span> <span class='ocrx_word' id='word_1_883' title='bbox 2852 5119 2977 5173; x_wconf 88' lang='lat' dir='ltr'><strong>hinc</strong></span> <span class='ocrx_word' id='word_1_884' title='bbox 2999 5120 3237 5187; x_wconf 86' lang='lat' dir='ltr'><strong>ipsorum</strong></span> <span class='ocrx_word' id='word_1_885' title='bbox 3256 5116 3581 5187; x_wconf 72' lang='lat' dir='ltr'><strong>quotidiana:</strong></span> <span class='ocrx_word' id='word_1_886' title='bbox 3601 5116 3789 5177; x_wconf 71' lang='lat' dir='ltr'><strong>etcdes,</strong></span> 
     </span>
    </p>
   </div>
   <div class='ocr_carea' id='block_1_115' title="bbox 2211 5208 3793 5284">
    <p class='ocr_par' dir='ltr' id='par_1_115' title="bbox 2211 5208 3793 5284">
     <span class='ocr_line' id='line_1_115' title="bbox 2211 5208 3793 5284; baseline -0.006 -16"><span class='ocrx_word' id='word_1_887' title='bbox 2211 5226 2264 5268; x_wconf 89' lang='lat' dir='ltr'><strong>et</strong></span> <span class='ocrx_word' id='word_1_888' title='bbox 2294 5224 2411 5284; x_wconf 86' lang='lat' dir='ltr'><strong>post</strong></span> <span class='ocrx_word' id='word_1_889' title='bbox 2438 5216 2553 5268; x_wconf 64' lang='lat' dir='ltr'><strong>haec</strong></span> <span class='ocrx_word' id='word_1_890' title='bbox 2581 5210 2861 5282; x_wconf 85' lang='lat' dir='ltr'><strong>splendida</strong></span> <span class='ocrx_word' id='word_1_891' title='bbox 2885 5221 3105 5281; x_wconf 73' lang='lat' dir='ltr'><strong>tropzea.</strong></span> <span class='ocrx_word' id='word_1_892' title='bbox 3134 5212 3204 5263; x_wconf 83' lang='lat' dir='ltr'><strong>At</strong></span> <span class='ocrx_word' id='word_1_893' title='bbox 3223 5220 3369 5275; x_wconf 88' lang='lat' dir='ltr'><strong>sunt,</strong></span> <span class='ocrx_word' id='word_1_894' title='bbox 3394 5208 3661 5279; x_wconf 86' lang='lat' dir='ltr'><strong>inquiunt,</strong></span> <span class='ocrx_word' id='word_1_895' title='bbox 3683 5208 3793 5277; x_wconf 87' lang='lat' dir='ltr'><strong>qui-</strong></span> 
     </span>
    </p>
   </div>
   <div class='ocr_carea' id='block_1_116' title="bbox 2213 5298 3794 5377">
    <p class='ocr_par' dir='ltr' id='par_1_116' title="bbox 2213 5298 3794 5377">
     <span class='ocr_line' id='line_1_116' title="bbox 2213 5298 3794 5377; baseline -0.004 -17"><span class='ocrx_word' id='word_1_896' title='bbox 2213 5306 2335 5360; x_wconf 87' lang='lat' dir='ltr'><strong>dam</strong></span> <span class='ocrx_word' id='word_1_897' title='bbox 2366 5304 2503 5377; x_wconf 85' lang='lat' dir='ltr'><strong>apud</strong></span> <span class='ocrx_word' id='word_1_898' title='bbox 2532 5304 2649 5358; x_wconf 90' lang='lat' dir='ltr'><strong>illos</strong></span> <span class='ocrx_word' id='word_1_899' title='bbox 2676 5302 2839 5358; x_wconf 90' lang='lat' dir='ltr'><strong>duces</strong></span> <span class='ocrx_word' id='word_1_900' title='bbox 2865 5302 3132 5371; x_wconf 66' lang='lat' dir='ltr'><strong>praeclari,</strong></span> <span class='ocrx_word' id='word_1_901' title='bbox 3166 5310 3222 5354; x_wconf 92' lang='lat' dir='ltr'><strong>ut</strong></span> <span class='ocrx_word' id='word_1_902' title='bbox 3250 5298 3637 5356; x_wconf 89' lang='lat' dir='ltr'><strong>Themistocles</strong></span> <span class='ocrx_word' id='word_1_903' title='bbox 3656 5342 3671 5365; x_wconf 90' lang='lat'><strong>,</strong></span> <span class='ocrx_word' id='word_1_904' title='bbox 3700 5298 3794 5353; x_wconf 87' lang='lat' dir='ltr'><strong>Pe-</strong></span> 
     </span>
    </p>
   </div>
   <div class='ocr_carea' id='block_1_117' title="bbox 2272 5431 3791 5508">
    <p class='ocr_par' dir='ltr' id='par_1_117' title="bbox 2272 5431 3791 5508">
     <span class='ocr_line' id='line_1_117' title="bbox 2272 5431 3791 5508; baseline -0.01 -14"><span class='ocrx_word' id='word_1_905' title='bbox 2272 5444 2345 5508; x_wconf 84' lang='lat' dir='ltr'><strong>(a)</strong></span> <span class='ocrx_word' id='word_1_906' title='bbox 2378 5443 2509 5508; x_wconf 64' lang='lat' dir='ltr'><strong>quod</strong></span> <span class='ocrx_word' id='word_1_907' title='bbox 2529 5443 2608 5491; x_wconf 87' lang='lat' dir='ltr'><strong>hic</strong></span> <span class='ocrx_word' id='word_1_908' title='bbox 2618 5440 2800 5508; x_wconf 68' lang='lat' dir='ltr'><strong>dicitur</strong></span> <span class='ocrx_word' id='word_1_909' title='bbox 2818 5440 2882 5489; x_wconf 89' lang='lat' dir='ltr'><strong>de</strong></span> <span class='ocrx_word' id='word_1_910' title='bbox 2914 5438 3126 5508; x_wconf 77' lang='lat' dir='ltr'><strong>Platone,</strong></span> <span class='ocrx_word' id='word_1_911' title='bbox 3159 5434 3400 5508; x_wconf 77' lang='lat' dir='ltr'><strong>quomodo</strong></span> <span class='ocrx_word' id='word_1_912' title='bbox 3420 5447 3450 5483; x_wconf 83' lang='lat' dir='ltr'><strong>a</strong></span> <span class='ocrx_word' id='word_1_913' title='bbox 3472 5431 3791 5508; x_wconf 9' lang='lat' dir='ltr'><strong>Dionysioru-</strong></span> 
     </span>
    </p>
   </div>
   <div class='ocr_carea' id='block_1_118' title="bbox 2208 5496 3790 5559">
    <p class='ocr_par' dir='ltr' id='par_1_118' title="bbox 2208 5496 3790 5559">
     <span class='ocr_line' id='line_1_118' title="bbox 2208 5496 3790 5559; baseline -0.01 -2"><span class='ocrx_word' id='word_1_914' title='bbox 2208 5496 2361 5557; x_wconf 65' lang='lat' dir='ltr'><strong>ra&#39;nn&#39;o</strong></span> <span class='ocrx_word' id='word_1_915' title='bbox 2389 5496 2593 5554; x_wconf 72' lang='lat' dir='ltr'><strong>traditus</strong></span> <span class='ocrx_word' id='word_1_916' title='bbox 2612 5501 2778 5559; x_wconf 84' lang='lat' dir='ltr'><strong>fuerit,</strong></span> <span class='ocrx_word' id='word_1_917' title='bbox 2802 5509 2859 5551; x_wconf 88' lang='lat' dir='ltr'><strong>ut</strong></span> <span class='ocrx_word' id='word_1_918' title='bbox 2880 5496 3277 5555; x_wconf 67' lang='lat' dir='ltr'><strong>venundaretur,</strong></span> <span class='ocrx_word' id='word_1_919' title='bbox 3296 5496 3595 5559; x_wconf 80' lang='lat' dir='ltr'><strong>dequeeius</strong></span> <span class='ocrx_word' id='word_1_920' title='bbox 3619 5496 3790 5559; x_wconf 58' lang='lat' dir='ltr'><strong>epistoc</strong></span> 
     </span>
    </p>
   </div>
   <div class='ocr_carea' id='block_1_119' title="bbox 2210 5556 3790 5639">
    <p class='ocr_par' dir='ltr' id='par_1_119' title="bbox 2210 5556 3790 5639">
     <span class='ocr_line' id='line_1_119' title="bbox 2210 5556 3790 5639; baseline -0.01 -21"><span class='ocrx_word' id='word_1_921' title='bbox 2210 5568 2269 5639; x_wconf 79' lang='lat' dir='ltr'><strong>lis</strong></span> <span class='ocrx_word' id='word_1_922' title='bbox 2290 5570 2348 5618; x_wconf 87' lang='lat' dir='ltr'><strong>ad</strong></span> <span class='ocrx_word' id='word_1_923' title='bbox 2371 5568 2600 5639; x_wconf 79' lang='lat' dir='ltr'><strong>Dionem,</strong></span> <span class='ocrx_word' id='word_1_924' title='bbox 2626 5565 2734 5613; x_wconf 80' lang='lat' dir='ltr'><strong>vide</strong></span> <span class='ocrx_word' id='word_1_925' title='bbox 2757 5556 2884 5626; x_wconf 82' lang='lat' dir='ltr'><strong>apud</strong></span> <span class='ocrx_word' id='word_1_926' title='bbox 2906 5561 3183 5625; x_wconf 83' lang='lat' dir='ltr'><strong>Diogenem</strong></span> <span class='ocrx_word' id='word_1_927' title='bbox 3204 5556 3443 5609; x_wconf 72' lang='lat' dir='ltr'><strong>Laeuium</strong></span> <span class='ocrx_word' id='word_1_928' title='bbox 3462 5556 3546 5606; x_wconf 83' lang='lat' dir='ltr'><strong>lib.</strong></span> <span class='ocrx_word' id='word_1_929' title='bbox 3562 5558 3613 5615; x_wconf 79' lang='lat'><strong>5,</strong></span> <span class='ocrx_word' id='word_1_930' title='bbox 3632 5557 3680 5603; x_wconf 87' lang='lat' dir='ltr'><strong>iu</strong></span> <span class='ocrx_word' id='word_1_931' title='bbox 3700 5556 3790 5604; x_wconf 78' lang='lat' dir='ltr'><strong>vita</strong></span> 
     </span>
    </p>
   </div>
   <div class='ocr_carea' id='block_1_120' title="bbox 2208 5630 3786 5755">
    <p class='ocr_par' dir='ltr' id='par_1_120' title="bbox 2208 5630 3786 5755">
     <span class='ocr_line' id='line_1_120' title="bbox 2208 5630 3786 5755; baseline -0.01 -12"><span class='ocrx_word' id='word_1_932' title='bbox 2208 5630 2452 5755; x_wconf 29' lang='lat' dir='ltr'><strong>viiimtsie</strong></span> <span class='ocrx_word' id='word_1_933' title='bbox 2479 5690 2697 5755; x_wconf 73' lang='lat' dir='ltr'><strong>Aristippi</strong></span> <span class='ocrx_word' id='word_1_934' title='bbox 2721 5687 2911 5755; x_wconf 81' lang='lat' dir='ltr'><strong>lnxurta</strong></span> <span class='ocrx_word' id='word_1_935' title='bbox 2935 5686 3046 5737; x_wconf 80' lang='lat' dir='ltr'><strong>vide</strong></span> <span class='ocrx_word' id='word_1_936' title='bbox 3077 5684 3202 5749; x_wconf 84' lang='lat' dir='ltr'><strong>apud</strong></span> <span class='ocrx_word' id='word_1_937' title='bbox 3241 5682 3521 5746; x_wconf 76' lang='lat' dir='ltr'><strong>Diogenem</strong></span> <span class='ocrx_word' id='word_1_938' title='bbox 3557 5679 3786 5730; x_wconf 76' lang='lat' dir='ltr'><strong>ueniunt</strong></span> 
     </span>
    </p>
   </div>
   <div class='ocr_carea' id='block_1_121' title="bbox 2206 5751 3481 5815">
    <p class='ocr_par' dir='ltr' id='par_1_121' title="bbox 2206 5751 3481 5815">
     <span class='ocr_line' id='line_1_121' title="bbox 2206 5751 3481 5815; baseline -0.016 -11"><span class='ocrx_word' id='word_1_939' title='bbox 2206 5752 2241 5804; x_wconf 95' lang='lat' dir='ltr'><strong>l.</strong></span> <span class='ocrx_word' id='word_1_940' title='bbox 2260 5754 2308 5815; x_wconf 74' lang='lat'><strong>‘2,</strong></span> <span class='ocrx_word' id='word_1_941' title='bbox 2324 5751 2376 5803; x_wconf 50' lang='lat' dir='ltr'><strong>&quot;in</strong></span> <span class='ocrx_word' id='word_1_942' title='bbox 2396 5756 2494 5804; x_wconf 82' lang='lat' dir='ltr'><strong>vita</strong></span> <span class='ocrx_word' id='word_1_943' title='bbox 2519 5751 2756 5814; x_wconf 69' lang='lat' dir='ltr'><strong>aristippi.</strong></span> <span class='ocrx_word' id='word_1_944' title='bbox 3476 5776 3481 5783; x_wconf 92' lang='lat'><strong>.</strong></span> 
     </span>
    </p>
   </div>
  </div>
