4104 6308
207 415 314 472 593

211 531 386 586 rietes.
415 527 614 583 Verum
639 525 758 581 tunc
788 536 1085 594 puerorum.
1101 520 1268 590 inepti
1291 519 1404 575 ludi
1429 529 1577 587 sunt,
1608 518 1654 574 si
1673 531 1796 573 cum

213 622 533 692 piscatorum
571 615 738 688 gestis
774 622 1173 682 comparentur.
1217 609 1356 680 Quid
1384 611 1527 666 enim
1555 609 1625 667 de
1655 608 1798 664 The-

205 709 454 764 mistocle
478 705 717 762 dixeris?
754 702 908 774 Quod
948 701 1365 758 Atheniensibus
1389 708 1448 756 ut
1475 714 1643 756 naves
1669 714 1800 756 con-

208 798 532 854 scenderent
561 793 822 858 suaserit,
859 807 980 848 cum
1011 791 1220 846 Xerxes
1247 789 1508 847 Graeciam
1533 789 1677 846 bello
1703 793 1803 843 im-

209 886 453 959 peteret?
482 882 580 938 ilic
602 897 764 956 porro
789 896 894 937 non
919 880 1098 937 Xerxe
1126 879 1438 950 impetente,
1465 878 1558 933 sed
1589 878 1803 933 diabolo

210 969 498 1032 cum‘orbe
540 981 656 1027 toto
687 980 742 1027 et
779 971 934 1025 turba
974 969 1278 1025 dmonum
1306 969 1586 1024 innumera
1615 976 1804 1022 contra

209 1065 495 1123 duodecim
524 1064 647 1121 illos
672 1064 944 1126 irruente;
975 1076 1081 1114 non
1107 1060 1255 1115 brevi
1280 1069 1521 1129 tempore
1539 1100 1554 1126 ,
1588 1058 1682 1114 sed
1711 1073 1806 1128 per

211 1168 384 1213 totum
405 1157 529 1212 vitae
548 1154 779 1227 spatium
798 1154 1044 1210 vicerunt
1069 1151 1147 1208 illi
1169 1159 1224 1206 et
1243 1160 1567 1222 superarunt
1594 1167 1608 1203 :
1635 1151 1806 1221 quod-

207 1265 318 1320 que
364 1251 558 1303 mirum
594 1255 699 1313 est,
727 1260 835 1301 non
872 1244 1030 1300 caesis
1067 1241 1332 1306 hostibus,
1367 1241 1462 1298 sed
1500 1241 1730 1315 mutatis
1750 1248 1807 1297 et

208 1340 512 1396 conversis.
557 1337 690 1394 Illud
732 1337 876 1393 enim
916 1334 1152 1391 maxime
1188 1335 1383 1405 ubique
1411 1332 1806 1389 observandum

209 1441 330 1499 est,
376 1431 524 1502 ipsos
567 1443 666 1486 nec
709 1427 970 1485 occidisse
1013 1440 1112 1482 nec
1156 1426 1423 1482 delevisse
1467 1424 1809 1481 insidiatores

209 1539 340 1582 suos
358 1567 375 1592 ,
405 1523 500 1580 sed
528 1538 651 1580 cum
680 1523 801 1578 illos
824 1520 1160 1577 daemonibus
1192 1534 1348 1586 pares
1375 1518 1678 1588 cepissent,
1712 1532 1809 1572 an-

211 1619 348 1690 gelis
374 1617 606 1689 mquales
631 1617 842 1685 fecisse,
865 1614 1153 1670 humanam
1176 1621 1420 1669 naturam
1444 1611 1543 1666 hac
1567 1610 1809 1682 improba

216 1707 499 1782 tyrannide
528 1706 842 1771 Iiberantes,
870 1706 993 1760 illos
1017 1712 1198 1759 autem
1227 1703 1486 1759 scelestos
1511 1701 1806 1770 dmmcnes,

212 1800 308 1868 qui
333 1797 513 1853 omnia
541 1795 966 1862 conturbabant,
993 1810 1022 1849 a
1049 1793 1228 1850 medio
1257 1793 1375 1849 toro
1397 1803 1452 1850 et
1470 1807 1501 1848 a
1528 1792 1809 1857 domibus,

194 1889 329 1952 limo
364 1890 527 1945 etiam
566 1903 598 1943 a
645 1889 864 1945 deserto
903 1887 1242 1959 expulerunt.
1271 1884 1654 1942 Testilicantur
1682 1881 1813 1938 illud

213 1980 375 2035 chori
404 1978 813 2043 monachorum,
841 1976 1158 2049 quipbique
1187 1975 1408 2048 plantati
1433 1987 1557 2030 sunt
1575 2015 1590 2041 ,
1624 1985 1683 2030 et
1704 1988 1811 2028 non

213 2072 378 2128 modo
403 2071 692 2127 habitatam
723 2080 942 2136 terram,
973 2070 1067 2127 sed
1088 2079 1143 2128 et
1164 2085 1272 2125 non
1300 2067 1592 2124 habitatum
1613 2082 1814 2137 expur-

211 2172 430 2234 garunt.
471 2163 732 2236 Quodque
777 2162 1073 2219 mirabilius
1110 2170 1216 2229 est,
1246 2176 1356 2218 non
1395 2162 1655 2216 instructa
1697 2160 1817 2215 acie

215 2253 323 2310 hoc
346 2254 634 2324 faciebant,
662 2253 759 2312 sed
790 2254 932 2310 male
955 2253 1124 2310 habiti
1151 2252 1449 2324 implebant
1473 2252 1675 2308 omnia.
1708 2250 1815 2304 Ila.-

215 2343 421 2401 bcbant
441 2347 586 2401 enim
616 2347 669 2401 in
694 2344 875 2400 medio
902 2344 1108 2416 positos
1128 2343 1251 2400 illos
1270 2343 1468 2399 intima:
1488 2341 1813 2397 conditionis

213 2437 386 2504 viros,
408 2452 544 2511 quos
565 2437 821 2510 Iigabant,
836 2436 1212 2503 verberabant,
1235 2434 1694 2505 circumagebant,
1713 2446 1815 2487 nec

216 2539 470 2602 poterant
492 2545 677 2586 eorum
697 2545 792 2586 ora
819 2528 1072 2586 claudere
1098 2545 1113 2581 :
1143 2526 1239 2584 sed
1263 2527 1406 2582 sicut
1432 2525 1643 2582 radium
1684 2523 1815 2578 solis

215 2622 426 2679 vincire
462 2622 622 2678 nemo
666 2631 878 2694 potest,
913 2622 994 2678 sic
1018 2636 1126 2677 non
1157 2628 1402 2692 poterant
1442 2619 1678 2689 ipsorum
1711 2617 1816 2672 Iin-

215 2728 379 2784 guam
403 2712 644 2782 alligare.
684 2711 850 2782 Cujus
878 2713 955 2767 rei
984 2725 1145 2767 causa
1176 2719 1293 2768 erat
1317 2750 1332 2776 ,
1357 2724 1462 2765 non
1495 2709 1570 2763 illi
1596 2707 1817 2778 quidem

216 2804 312 2873 qui
356 2797 748 2874 loquebantur,
793 2801 891 2858 sed
933 2800 1164 2869 Spiritus
1205 2801 1398 2854 virtus.
1439 2798 1533 2855 Sic
1571 2798 1732 2864 igitur
1761 2805 1818 2852 et

219 2895 420 2950 Paulus
451 2895 577 2950 vicit
596 2895 886 2966 Agrippam
909 2934 924 2957 ,
948 2901 1004 2947 et
1026 2891 1117 2962 qui
1139 2889 1344 2946 scelere
1371 2888 1616 2944 vincebat
1644 2886 1822 2941 homi-

219 2999 320 3040 nes
342 2999 531 3040 omnes
557 2984 822 3040 Neronem
855 3001 869 3037 :
897 2981 1150 3038 Dominus
1173 2982 1308 3035 enim
1336 2980 1460 3034 mihi
1483 2979 1699 3044 adstitit,
1730 2977 1818 3031 in-

219 3077 376 3145 quit,
417 3088 465 3130 et
508 3077 809 3145 confortavit
865 3091 982 3140 me,
1029 3082 1076 3127 et
1123 3073 1254 3128 eruit
1297 3087 1376 3126 me
1416 3069 1480 3125 de
1520 3086 1607 3126 ore
1657 3069 1832 3124 leonis.

222 3170 304 3240 (2.
339 3168 474 3224 Tim.
504 3170 556 3224 ι.
583 3168 696 3237 17).
723 3167 801 3222 Tu
827 3181 955 3220 vero
983 3165 1199 3228 mirare,
1221 3161 1492 3233 quomodo
1513 3161 1815 3227 audientes,

209 3249 408 3316 Nolite
433 3259 640 3314 solliciti
662 3275 787 3323 esse,
812 3265 866 3312 et
889 3254 1255 3320 crediderunt,
1282 3261 1337 3309 et
1356 3253 1814 3322 obtemperarunt,

222 3353 467 3421 nihilque
495 3365 563 3407 ex
599 3349 924 3405 terribilibus
947 3354 1208 3401 terrorem
1239 3344 1370 3413 ipsis
1392 3343 1636 3399 incussit.
1663 3341 1818 3410 Quod

220 3445 274 3502 si
298 3445 451 3500 dicas
472 3485 488 3510 ,
526 3443 773 3498 idoneam
802 3440 932 3509 ipsis
953 3436 1376 3493 consolationem
1411 3434 1625 3490 dedisse
1660 3433 1820 3490 Chri-

222 3547 370 3594 stum
390 3548 512 3591 cum
534 3533 688 3600 dixit,
712 3531 941 3603 Spiritus
964 3526 1137 3582 Patris
1160 3527 1307 3581 vestri
1326 3528 1420 3581 erit
1448 3527 1534 3596 qui
1556 3526 1785 3596 loquetur
1800 3541 1822 3581 :

223 3635 282 3683 ct
311 3625 434 3681 ideo
460 3621 695 3678 maxime
719 3629 912 3690 stupeo
936 3659 952 3685 ,
993 3617 1134 3688 quod
1163 3631 1264 3674 nec
1292 3616 1689 3683 dubitaverint,
1721 3631 1821 3672 nec

227 3717 444 3774 liberari
471 3732 502 3773 a
520 3715 678 3771 malis
703 3712 1008 3784 rogaverint
1038 3728 1050 3765 :
1075 3717 1132 3768 et
1151 3709 1288 3775 hare,
1320 3723 1426 3764 non
1458 3706 1668 3764 duobus
1690 3748 1706 3774 ,
1731 3707 1821 3765 vel

227 3811 402 3868 tritus
425 3810 581 3864 atrnis
607 3811 706 3863 ista
734 3786 1100 3878 passurifsed
1138 3819 1234 3875 per
1274 3810 1436 3858 totam
1458 3804 1643 3857 vitam.
1686 3801 1822 3857 Illud

228 3904 375 3958 enim
400 3900 624 3964 dictum,
653 3890 754 3965 Qui
777 3905 946 3948 autem
972 3892 1358 3964 perseveraverit
1382 3907 1540 3960 usque
1564 3891 1617 3944 in
1643 3891 1820 3959 ﬁnem,
1872 3920 1874 3922 τ

227 3994 313 4046 hie
356 3991 524 4046 saluus
563 3988 692 4055 erit,
731 3985 835 4041 hoc
876 3983 1200 4040 subindirat.
1229 3982 1354 4037 Vult
1377 3983 1518 4037 enim
1551 3982 1693 4038 Deus
1713 3996 1826 4037 non

227 4097 328 4138 sua
358 4089 559 4135 tantum
587 4092 721 4148 ope,
766 4076 862 4132 sed
902 4078 1136 4146 ipsorum
1173 4072 1448 4144 proposito
1485 4086 1650 4144 opera
1683 4071 1824 4127 bona

228 4172 370 4239 ﬁeri,
402 4170 682 4241 Perpende
708 4170 884 4238 itaque
915 4168 968 4222 in
987 4163 1358 4237 superioribus
1377 4205 1392 4230 ,
1424 4164 1694 4234 quomodo
1720 4164 1824 4220 alia

231 4267 329 4320 Dei
351 4306 366 4328 ,
395 4263 494 4317 alia
525 4261 908 4331 discipulorum
937 4259 1061 4313 sint.
1097 4256 1228 4313 Nam
1259 4257 1410 4328 signa
1435 4253 1650 4323 facere,
1681 4255 1825 4311 illius

229 4367 388 4422 sunt;
422 4357 550 4413 nilnl
581 4356 872 4426 possidere,
897 4352 1302 4423 discipulorum.
1337 4352 1567 4408 Rursum
1589 4395 1604 4419 ,
1635 4351 1830 4409 domos

231 4464 426 4505 omnes
451 4447 693 4519 aperire,
720 4461 964 4516 supernae
991 4444 1176 4514 gratim
1206 4453 1320 4508 est;
1351 4443 1478 4497 nihil
1507 4451 1702 4513 praeter
1731 4458 1828 4499 ne-

230 4539 468 4597 cessaria
491 4529 1089 4609 petere,discipulorum
1118 4533 1501 4604 philosophia;
1531 4533 1730 4605 Dignus
1755 4544 1826 4590 est

233 4635 371 4689 enim
399 4631 665 4703 operarius
686 4630 913 4684 mercede
932 4645 1048 4683 sua.
1081 4627 1272 4683 Pacem
1298 4625 1427 4682 dare
1445 4668 1462 4694 ,
1506 4627 1597 4683 Dei
1625 4627 1824 4684 donum

232 4731 352 4788 est;
379 4720 569 4792 dignos
593 4735 865 4791 qumrere,
897 4733 998 4774 nec
1021 4733 1210 4773 omnes
1239 4717 1703 4773 indiscriminatim
1731 4718 1828 4773 ad-

234 4813 340 4878 ire,
364 4810 598 4880 ipsorum
628 4809 994 4879 temperantiae
1013 4819 1115 4865 est.
1148 4807 1272 4864 Illos
1293 4808 1383 4880 qui
1401 4809 1692 4880 discipulos
1716 4826 1825 4867 non

237 4902 506 4973 recipiunt
539 4900 759 4966 ulcisci,
794 4899 887 4954 Dei
915 4909 995 4956 est
1028 4917 1042 4955 :
1074 4915 1192 4954 cum
1224 4900 1483 4956 modestia
1507 4903 1784 4960 discedere
1807 4945 1822 4969 ,

239 4993 390 5050 nullo
417 4991 614 5062 injecto
635 4991 854 5060 probro,
877 4991 958 5046 vel
985 4991 1327 5061 contumelia,
1349 4994 1657 5062 apostolicae
1679 5010 1830 5050 man-

237 5085 562 5142 suetudinis.
592 5081 844 5152 Spiritum
875 5082 1021 5150 dare,
1053 5092 1108 5139 et
1133 5083 1546 5140 sollicitudinem
1568 5086 1827 5151 adimere,

184 5215 190 5220 -
239 5177 501 5234 mittentis
538 5175 654 5231 erat
679 5191 696 5231 :
724 5188 852 5230 oves
879 5184 933 5230 et
974 5173 1249 5229 columbas
1286 5176 1516 5240 Imitari,
1558 5185 1613 5231 et
1652 5179 1828 5234 omnia

241 5268 453 5323 fortiter
483 5264 656 5331 ferre,
692 5264 761 5319 ad
800 5264 1010 5319 illorum
1035 5267 1390 5320 constantiam
1412 5277 1464 5320 et
1497 5268 1830 5338 prudentiam

243 5355 568 5429 pertinebat.
613 5354 751 5411 Odia
792 5355 972 5411 haberi
994 5397 1007 5422 ,
1053 5371 1151 5410 nec
1177 5357 1356 5411 animo
1383 5357 1666 5415 concidere
1691 5402 1704 5427 ,
1737 5361 1830 5416 sed

241 5461 612 5520 perseverare,
643 5446 880 5516 ipsorum
908 5455 1055 5511 erat;
1086 5458 1494 5517 perseverantes
1532 5450 1708 5505 salvos
1749 5450 1830 5506 fa-

241 5554 392 5602 ccre,
424 5538 699 5592 mittentis.
724 5537 848 5592 Ideo
874 5538 1103 5602 diccbat,
1139 5538 1241 5607 Qui
1260 5548 1425 5594 autem
1447 5545 1835 5611 persweraserit

243 5646 406 5702 usque
424 5629 477 5682 in
503 5629 675 5696 finem,
697 5630 779 5681 hic
801 5629 972 5683 salvus
991 5630 1107 5684 erit.

318 5722 372 5778 5.
408 5715 527 5775 Non
549 5723 716 5793 fervor
741 5721 1001 5792 fugitirus,
1029 5721 1117 5776 sed
1147 5725 1512 5791 perseverantia
1539 5726 1836 5794 prodest.—

177 5880 182 5882 _
246 5813 392 5872 Nam
425 5811 546 5881 quia
588 5811 762 5866 solent
789 5811 942 5866 multi
973 5811 1124 5868 initio
1154 5812 1418 5872 ferventes
1459 5832 1578 5874 esse
1599 5858 1614 5885 ,
1645 5828 1834 5887 postea

1171 407 1233 462 ΙΝ
1273 403 1687 463 ΜΑΤΤΙΙΑΕΠΜ
1725 402 1960 466 1101111..
2000 402 2248 461 XXXIII.
2283 406 2361 462 al.
2403 402 2646 462 XXXIV.

3415 413 3522 468 59in

1924 531 2054 571 vero
2083 516 2278 572 resolvi
2321 531 2385 572 ac
2419 516 2598 587 dejici,
2629 515 2751 573 ideo
2779 518 2886 586 ait,
2920 517 3113 575 Finem
3140 536 3342 592 qumro.
3385 527 3532 594 erant

1915 608 2059 663 enim
2098 622 2232 677 opus
2273 617 2356 664 est
2392 609 2687 665 seminibus
2717 609 2870 665 initio
2894 609 3134 678 ﬂoridis,
3161 615 3517 679 imminutam

1917 705 2102 764 postea
2130 697 2534 753 arescentibus?
2559 697 2686 753 Ideo
2708 712 3142 768 perseverantem
3172 705 3244 759 ab
3269 705 3400 775 ipsis
3426 725 3520 778 pa»

1865 841 1877 855 ,
1918 788 2159 844 tientiam
2189 789 2370 858 exigit.
2403 789 2628 859 Ne‘quis
2656 791 2798 845 enim
2830 791 3072 856 diceret,
3100 794 3168 848 ab
3201 795 3318 864 ipso
3351 806 3526 856 totum

1916 879 2112 936 factum
2139 895 2293 949 esse,
2327 881 2566 953 nihilque
2592 882 2786 937 mirum
2811 897 2931 938 esse
2951 925 2965 950 ,
2998 885 3130 940 tales
3160 886 3326 942 luisse
3355 889 3481 945 illos
3501 933 3518 958 ,

1916 973 2005 1042 qui
2033 971 2165 1026 nihil
2192 974 2404 1027 onerosi
2429 972 2572 1042 passi
2598 972 2726 1041 sint,
2759 974 2959 1030 idcirco
2986 975 3268 1042 dieitillis,
3294 977 3514 1035 Patieno

1919 1062 1990 1117 tia
2017 1063 2169 1116 vobis
2205 1077 2340 1133 opus
2370 1072 2469 1118 est.
2513 1063 2734 1119 Etiamsi
2767 1065 2910 1120 enim
2940 1081 3034 1121 vos
3063 1082 3092 1121 a
3124 1069 3395 1138 prioribus
3425 1086 3520 1140 pe-

1917 1153 2104 1208 riculis
2127 1168 2334 1219 eruam,
2358 1154 2695 1225 gravioribus
2727 1170 2819 1210 vos
2845 1171 3084 1222 reservo,
3113 1173 3232 1228 quae
3258 1161 3421 1214 etiam
3445 1163 3521 1217 ab

1917 1245 2038 1301 aliis
2072 1246 2446 1316 excipientur:
2475 1263 2574 1303 nec
2611 1249 2730 1303 linis
2769 1251 2870 1304 erit
2909 1250 3220 1306 insidiarum
3253 1269 3429 1326 usque
3449 1231 3551 1310 ad-

1918 1349 2218 1394 extremum
2241 1338 2484 1394 halitum.
2509 1340 2622 1396 Hoc
2635 1343 2778 1423 enim
2804 1342 3178 1411 subindicavit,
3199 1361 3322 1401 eum
3345 1347 3519 1403 dixit:

1921 1428 2022 1496 Qui
2040 1439 2208 1484 autent
2234 1433 2619 1500 perseveraverit
2649 1449 2805 1505 usque
2831 1436 2882 1494 in
2903 1436 3078 1504 ﬁnem,
3104 1437 3186 1491 hic
3209 1437 3384 1493 salvus
3405 1441 3520 1495 erit.

1918 1519 2042 1576 ideo
2072 1521 2165 1591 qui
2194 1522 2357 1584 dicit.-
2377 1521 2462 1576 Ne
2503 1522 2712 1578 solliciti
2754 1526 2863 1578 sitis
2900 1528 3024 1594 quid
3062 1528 3361 1597 loquamini,
3390 1530 3532 1586 alibi

1917 1612 1992 1666 ait
2023 1631 2037 1667 :
2067 1611 2251 1666 Parati
2280 1623 2434 1668 estote
2457 1615 2526 1669 ad
2549 1617 2960 1687 respondendum
2984 1621 3125 1673 omni
3156 1621 3346 1691 petenti
3370 1638 3405 1676 α
3428 1639 3523 1678 va-

1919 1705 1994 1759 bls
2017 1706 2267 1760 rationem
2293 1707 2358 1761 de
2378 1725 2469 1778 spe
2491 1719 2654 1763 uestra
2685 1709 2706 1783 (
2727 1711 2777 1766 1.
2809 1709 2952 1766 Petr.
2977 1713 3029 1768 ὅ.
3065 1715 3134 1771 15
3156 1712 3194 1770 1.
3225 1715 3360 1772 Nam
3398 1731 3534 1773 cum.

1919 1809 2095 1867 pugna
2121 1796 2263 1852 inter
2289 1800 2491 1854 amicos
2516 1810 2619 1868 est,
2642 1816 2742 1857 nos
2759 1801 2914 1872 jubet
2936 1804 3194 1861 sollicitos
3220 1822 3371 1873 esse;
3395 1824 3518 1863 eum

1919 1895 2099 1942 autem
2123 1889 2377 1958 tribunal,
2399 1890 2638 1947 furentes
2665 1895 2869 1964 populi,
2897 1896 3058 1951 timor
3080 1898 3338 1969 undique,
3365 1914 3532 1956 suam.

1920 1977 2127 2047 przebet
2151 1981 2403 2050 gratiam,
2419 1992 2477 2038 ut
2500 1982 2726 2040 ﬁdenter
2746 1985 3051 2058 loquamur,
3073 2004 3175 2045 nec
3199 1998 3519 2060 terreamur,
3541 2046 3544 2048 ν

1919 2066 2003 2122 vel
2045 2067 2308 2137 justitiam
2353 2073 2662 2141 prodamus.
2709 2075 2817 2131 Res
2858 2078 3043 2148 utique
3089 2094 3301 2150 magna,
3345 2083 3555 2139 virum.

1919 2157 2064 2213 circa
2102 2168 2292 2230 stagna
2321 2163 2527 2217 versari
2570 2164 2786 2221 solitum
2811 2207 2827 2232 ,
2863 2168 3006 2224 circa
3045 2170 3218 2241 pelles
3247 2180 3301 2226 et
3334 2173 3523 2229 telonii

1920 2266 2185 2341 mensam,
2213 2254 2525 2312 sedentibus
2549 2259 2809 2329 tyrannis,
2842 2269 2898 2316 et
2931 2264 3159 2339 satrapis
3185 2265 3524 2323 adstantibus

1920 2351 1982 2398 et
2002 2344 2324 2400 satellitibus
2347 2386 2364 2412 ,
2394 2349 2594 2403 strictis
2631 2350 2822 2420 gladiis
2844 2393 2860 2420 ,
2889 2353 3378 2430 assistentibusque
3403 2360 3524 2417 aliis

1920 2435 2170 2491 omnibus
2195 2451 2319 2493 cum
2346 2438 2474 2507 illis,
2498 2431 2673 2496 solum
2703 2443 3025 2515 ingressum,
3059 2447 3284 2519 ligatum
3304 2492 3321 2519 ,
3353 2467 3525 2522 prono

1921 2529 2118 2597 capite,
2148 2529 2390 2599 potuisse
2420 2532 2507 2588 vel
2533 2548 2593 2590 os
2620 2535 2853 2605 aperire.
2879 2536 3093 2594 Etenim
3117 2540 3381 2598 doctrina:
3409 2559 3525 2601 sum

1919 2631 2089 2674 causa
2113 2634 2182 2676 ne
2210 2620 2511 2678 defensioni
2540 2625 2759 2696 quidem
2793 2626 2972 2684 locum
2999 2630 3222 2700 dabant,
3253 2634 3349 2689 scd
3379 2635 3526 2706 ipsos

1921 2709 2074 2778 quasi
2099 2725 2416 2769 communes
2441 2716 2590 2770 orbis
2613 2730 2961 2789 corruptores
2987 2726 3270 2781 tormentis
3298 2720 3527 2799 deputa-

1922 2799 2070 2855 bant.
2093 2801 2245 2858 Nunc
2277 2804 2379 2872 Qui
2398 2807 2568 2862 orbem
2593 2817 2840 2865 terrarum
2862 2814 3184 2882 perturbant,
3210 2818 3265 2871 hi
3283 2829 3421 2886 sunt,
3447 2821 3532 2876 ius

1922 2893 2057 2961 quit,
2081 2901 2128 2947 et
2158 2894 2239 2949 hic
2262 2896 2450 2950 adsunt
2473 2912 2494 2951 :
2512 2907 2567 2953 et
2607 2913 2816 2967 rursus,
2838 2903 3095 2960 Adversus
3115 2907 3282 2974 edicta
3308 2909 3528 2967 Cesaris

2004 2984 2309 3074 pradicant,
2331 2988 2551 3044 dicentes
2573 2988 2835 3047 Christum
2857 2993 3041 3050 Jesttm
3065 3013 3172 3054 esse
3195 3015 3366 3071 regem
3387 2991 3523 3074 (Act.

1923 3072 2012 3127 17.
2044 3073 2096 3127 6.
2122 3074 2194 3145 7).
2233 3075 2443 3146 Ubique
2489 3080 2775 3137 tribunalia
2825 3083 3139 3154 hujusmodi
3181 3072 3526 3160 opinionibus

1923 3173 2297 3253 praeoccupata
2340 3175 2516 3232 erant,
2543 3179 2593 3223 et
2626 3173 2829 3253 auxilio
2862 3189 3101 3243 superno
3128 3179 3355 3235 multum
3386 3197 3551 3253 ege--

1923 3249 2074 3319 bant,
2104 3259 2164 3308 ut
2211 3253 2314 3310 hoc
2353 3264 2645 3329 utrumque
2683 3251 2995 3331 probarent,
3038 3275 3091 3322 et
3116 3266 3345 3340 dogma,
3383 3249 3532 3344 quod

1925 3345 2305 3415 praedicabant,
2327 3363 2514 3403 verum
2541 3365 2683 3416 esse,
2709 3360 2765 3409 et
2786 3358 3162 3414 communibus
3186 3361 3396 3432 legibus
3421 3381 3536 3421 non

1926 3435 2222 3505 adversari,
2239 3447 2406 3511 utque
2425 3440 2552 3496 dum
2571 3443 2918 3515 loquerentur
2933 3447 3000 3504 de
3013 3450 3280 3522 dogmate,
3295 3469 3365 3510 ne
3381 3457 3532 3514 vide-

1925 3539 2114 3584 rentur
2142 3531 2284 3602 leges
2311 3533 2628 3591 subvertere
2651 3578 2666 3604 ,
2701 3552 2765 3594 ac
2791 3554 2979 3596 rursus
3004 3542 3131 3600 dum
3157 3544 3535 3609 demonstrare

1927 3630 2256 3675 conarentur
2278 3663 2294 3686 ,
2336 3636 2397 3678 se
2439 3627 2747 3684 communia
2793 3637 2996 3687 statuta
3026 3649 3131 3689 non
3163 3637 3400 3705 violare,
3432 3640 3538 3697 do—

1927 3721 2165 3781 gmatum
2196 3714 2484 3783 puritatem
2517 3732 2585 3773 ne
2609 3733 3014 3791 corrumperent
3045 3742 3057 3780 :
3090 3742 3212 3796 quae
3239 3729 3421 3786 omnia
3449 3733 3533 3787 vi-

1928 3802 2082 3857 debis
2119 3813 2176 3858 et
2213 3820 2242 3858 a
2283 3805 2470 3874 Petro,
2498 3817 2552 3862 et
2594 3825 2624 3863 a
2674 3811 2872 3878 Paulo,
2897 3809 2953 3870 et
2978 3831 3007 3869 a
3041 3819 3250 3875 ceteris
3281 3823 3534 3881 omnibus

1928 3894 2222 3963 prudenter
2242 3897 2516 3953 observari
2536 3911 2590 3956 et
2611 3900 2773 3958 cmci.
2807 3904 3020 3962 Etenim
3041 3918 3100 3963 ut
3127 3909 3332 3969 factiosi
3353 3923 3410 3970 et
3428 3931 3537 3972 non

1930 3991 2144 4038 valeres
2169 3985 2367 4057 ubique
2386 3997 2678 4046 terrrarum
2696 3995 3085 4052 accusabantur
3103 4017 3116 4052 :
3134 3994 3370 4059 attamen
3393 4003 3535 4062 hanc

1931 4072 2007 4128 illi
2034 4075 2394 4142 suspicionem
2424 4079 2757 4148 repulerunt,
2781 4093 2833 4139 et
2863 4090 3188 4157 contrariam
3219 4094 3320 4149 Slbi
3347 4097 3536 4152 conci-

1933 4163 2132 4221 liarunt
2153 4207 2168 4232 ,
2198 4168 2360 4238 quasi.
2378 4179 2685 4226 servatores
2710 4213 2726 4238 ,
2755 4185 3036 4234 curatores
3055 4194 3119 4234 ac
3144 4181 3367 4240 beneﬁci
3389 4187 3533 4257 apud

1931 4274 2122 4315 omnes
2151 4260 2424 4316 celebrati.
2457 4262 2582 4319 Πίος
2611 4275 2788 4323 autem
2811 4270 2990 4326 omnia
3019 4287 3082 4326 ex
3114 4274 3312 4345 ingenti
3335 4281 3535 4347 patien-

1933 4351 2004 4406 tia
2040 4349 2422 4420 operabantur.
2455 4352 2815 4428 Quamobrem
2843 4358 3052 4415 dicebat
3083 4362 3319 4420 Paulus:
3346 4367 3534 4434 Quoti-

1933 4442 2016 4495 die
2040 4439 2230 4496 morior
2259 4441 2338 4515 (1.
2365 4441 2485 4498 Cor.
2522 4445 2610 4499 15.
2640 4448 2761 4516 Si);
2791 4459 2848 4504 et
2875 4465 3046 4521 usque
3072 4454 3124 4508 in
3156 4455 3320 4513 linem
3349 4460 3401 4516 in
3433 4479 3525 4532 per

1934 4533 2117 4588 riculis
2159 4536 2540 4603 perseveravit.
2581 4536 2695 4605 Qua
2742 4537 2902 4610 igit‘ur
2928 4546 3083 4599 venia
3122 4547 3271 4620 digni
3321 4569 3534 4620 sumus,

1933 4628 2026 4698 qui
2051 4635 2130 4682 tot
2153 4628 2396 4696 exempla
2428 4627 2689 4686 habentes
2706 4634 2869 4689 etiam
2896 4636 2949 4690 in
2981 4652 3113 4707 pace
3133 4641 3369 4700 molliter
3395 4649 3532 4705 vivi-

1933 4733 2052 4772 mus
2079 4732 2142 4771 ae
2165 4717 2481 4788 dejicimur?
2507 4719 2732 4776 Nemine
2746 4725 2946 4794 quippe
2964 4726 3196 4786 bellante
3209 4734 3532 4807 occidimur,

1933 4811 2148 4904 nemine
2164 4821 2521 4881 persequente
2536 4812 2880 4904 dissolvimur
2895 4836 2910 4874 :
2926 4819 3127 4890 iupace
3147 4825 3305 4882 saluti
3322 4830 3534 4904 advigi-
3619 4879 3621 4885 .

1935 4901 2311 4970 Iarejnbemur
2321 4909 2376 4957 et
2389 4902 2691 4974 nequimus.
2709 4904 2814 4974 Illi,
2829 4908 3051 4967 incenso
3067 4914 3217 4982 orbe,
3231 4927 3428 4992 etrogo
3440 4901 3540 4994 per

1935 5003 2101 5087 totam
2130 5003 2330 5087 terram
2356 4995 2577 5087 ardente
2596 5036 2613 5062 ,
2643 4995 2696 5051 in
2721 4996 2998 5087 ﬂammam
3028 5005 3256 5076 ingressi
3274 5052 3290 5077 ,
3319 5029 3414 5070 eos
3439 5019 3534 5087 qui

1934 5081 2396 5170 comburebantur
2412 5084 2535 5139 inde
2559 5086 2915 5146 extrahebant
2930 5109 2958 5158 ς,
2979 5100 3034 5147 tu
3052 5110 3182 5152 vero
3205 5115 3276 5155 ne
3303 5081 3535 5172 teipsum

1935 5176 2154 5248 quidem
2183 5190 2401 5232 servare
2429 5187 2602 5246 potes.
2634 5179 2764 5244 Quae
2803 5181 2963 5252 igitur
2989 5185 3144 5242 nobis
3172 5191 3273 5246 erit
3301 5193 3538 5252 llducia?

1936 5286 2055 5340 quin
2082 5269 2281 5324 venia?
2332 5269 2445 5324 Non
2490 5271 2713 5326 verbera
2755 5272 3056 5342 imminent,
3098 5295 3205 5335 non
3245 5298 3537 5355 carceres,

1938 5376 2043 5414 non
2091 5360 2382 5429 principes,
2425 5375 2530 5414 non
2574 5375 2884 5434 synagogte,
2926 5382 3032 5421 non
3074 5370 3218 5426 aliud
3258 5376 3540 5447 quidpiam

1941 5449 2285 5521 huiusmodi,
2327 5451 2422 5506 sed
2453 5461 2643 5506 contra
2674 5467 2895 5522 prorsus
2919 5498 2934 5522 ,
2977 5473 3078 5514 nos
3115 5460 3459 5523 dominamur
3486 5481 3540 5528 et

1940 5544 2284 5614 imperamus.
2332 5543 2690 5613 Imperatores
2728 5547 2871 5600 enim
2916 5548 3055 5617 piam
3092 5553 3275 5609 colunt
3321 5561 3541 5631 religio-

1939 5651 2082 5698 nem,
2108 5634 2395 5689 Christiani
2425 5634 2605 5689 multis
2631 5637 2880 5692 fruuntur
2908 5639 3225 5710 honoribus,
3259 5651 3541 5717 praefectis

1941 5727 2037 5793 ris,
2079 5726 2246 5797 gloria
2273 5767 2288 5791 ,
2337 5726 2719 5799 tranquillitate
2750 5747 2764 5782 :
2796 5747 2970 5801 neque
2999 5735 3076 5790 sic
3103 5746 3281 5794 tamen
3317 5761 3547 5816 supera-

1944 5834 2084 5874 mus.
2113 5817 2219 5876 Sed
2252 5819 2326 5876 illi
2349 5820 2566 5891 quidem
2590 5837 2710 5879 cum
2733 5823 2799 5880 ad
2821 5827 3116 5885 cruciatum
3140 5847 3262 5890 cum
3288 5838 3396 5894 reis
3411 5855 3546 5911 qut»
