4104 6308
600 351 705 407 595

603 464 730 519 tidic
754 461 1093 519 ducerentur,
1119 469 1223 511 tam
1248 458 1517 521 doctores,
1545 471 1705 526 quam
1734 454 2003 524 discipuli,
2036 452 2185 506 mille

600 556 863 611 vibicibus
888 561 942 609 et
970 551 1152 608 multis
1176 551 1353 608 onusti
1381 550 1713 613 vulneribus,
1735 548 1937 617 majore
1956 558 2116 616 quam
2149 545 2183 597 ii

599 648 691 718 qui
722 650 775 703 in
806 646 1055 717 paradiso
1096 653 1219 702 sunt
1245 644 1516 714 voluptate
1551 642 1862 698 fruebantur
1891 662 1903 697 :
1930 653 2030 693 nos
2058 652 2186 691 vero

598 740 689 809 qui
717 753 787 795 ne
808 740 862 793 in
891 739 1097 793 somnis
1118 736 1334 806 quidem
1367 735 1475 790 tale
1503 733 1774 805 quidpiam
1799 729 2149 787 sustinuimus
2168 770 2183 791 _.

599 849 727 889 cera
753 832 1027 888 molliores
1056 844 1260 885 sumus.
1303 830 1373 882 At
1414 828 1513 894 illi,
1541 825 1770 895 inquies,
1802 822 2059 878 miracula
2089 835 2180 890 pa-

602 924 837 979 trabant.
879 924 960 975 An
1004 920 1123 975 ideo
1159 935 1264 975 non
1303 916 1759 974 verberabantur?
1786 930 1853 969 an
1881 929 1988 969 non
2017 911 2185 982 pelle-

599 1013 828 1068 bantur?
859 1010 1067 1067 Etenim
1095 1020 1150 1066 et
1175 1010 1301 1065 illud
1326 1023 1538 1080 quoque
1567 1005 1888 1077 stupendum
1909 1014 2012 1068 est,
2043 1003 2185 1073 quod

600 1117 743 1173 smpe
771 1103 838 1157 ab
864 1103 929 1157 iis
955 1117 1089 1172 quos
1117 1100 1378 1157 beneficio
1398 1099 1686 1155 affecerant
1706 1096 1829 1152 talia
1855 1106 2182 1167 paterentur,

598 1206 698 1248 nec
722 1194 803 1247 sic
829 1203 1002 1248 tamen
1030 1191 1388 1258 turbarentur,
1415 1190 1543 1245 dum
1569 1190 1707 1245 mala
1740 1203 1836 1259 pro
1861 1186 2017 1242 bouis
2042 1186 2184 1241 reci-

596 1295 785 1353 perent
816 1303 829 1339 :
863 1293 921 1340 tu
950 1299 1097 1352 vero,
1129 1284 1175 1339 si
1196 1299 1355 1354 quem
1386 1281 1598 1338 modico
1626 1280 1890 1336 beneﬂcio
1919 1277 2180 1341 aiieceris,

508 1374 513 1377 ’
595 1375 897 1445 deindeque
923 1374 1187 1429 molestiae
1212 1373 1480 1444 quidpiam
1518 1371 1587 1427 ab
1616 1373 1705 1425 illo
1736 1369 2007 1440 acceperis
2028 1410 2041 1435 ,
2073 1377 2181 1420 tur-

594 1468 765 1533 baris,
793 1482 857 1523 ac
884 1476 938 1522 te
966 1466 1147 1521 collati
1179 1465 1418 1520 beneﬁcii
1446 1464 1685 1534 paenitet.

668 1558 720 1612 6.
762 1556 815 1613 Si
862 1557 1037 1625 itaque
1081 1555 1352 1619 acciderit,
1403 1552 1545 1623 quod
1600 1567 1668 1607 ne
1712 1551 1919 1605 accidat
1972 1564 2180 1619 precor,

597 1649 791 1703 bellum
824 1647 877 1701 in
910 1646 1160 1701 Ecclesiis
1189 1644 1391 1699 moveri
1419 1652 1475 1698 et
1496 1642 1985 1713 persequutionem,
2012 1639 2182 1707 cogita

595 1738 713 1807 quis
740 1738 947 1792 futurus
965 1737 1035 1791 sit
1070 1736 1234 1803 risus,
1262 1750 1381 1806 qua:
1411 1734 1716 1804 opprobria.
1744 1732 1812 1785 Et
1840 1732 2032 1784 merito
2066 1728 2185 1797 qui-

595 1832 717 1887 dem
758 1845 921 1885 :cum
948 1829 1161 1884 enimin
1197 1829 1439 1897 palaestra
1483 1840 1641 1880 nemo
1660 1833 1996 1889 exerceatur,
2045 1836 2181 1891 quo-

596 1920 755 1976 modo
796 1919 989 1990 aliquis
1041 1920 1095 1973 in
1148 1917 1527 1974 certaminibus
1576 1914 1679 1970 erit
1734 1912 1999 1982 insignis?
2051 1910 2181 1978 Quis

596 2013 737 2067 enim
786 2010 1015 2076 athleta,
1075 2009 1163 2079 qui
1216 2006 1564 2075 ptedotribam
1615 2003 1820 2059 nullum
1865 2001 2098 2069 noverit,
2127 2002 2180 2055 in

594 2100 976 2156 certaminibus
1028 2098 1320 2169 Olympicis
1393 2096 1587 2165 poterit
1644 2094 1900 2148 adversus
1958 2092 2182 2146 alterum

593 2194 864 2265 quidpiam
917 2206 1165 2262 magnum
1212 2190 1295 2244 vel
1336 2197 1611 2243 strenuum
1653 2186 1951 2241 exhibere?
1988 2187 2180 2240 Annon

596 2294 867 2356 oporteret
900 2299 997 2339 nos
1044 2281 1281 2353 quotidie
1326 2295 1564 2352 pugnare
1584 2321 1599 2345 ,
1644 2288 1853 2336 certare
1876 2318 1891 2343 ,
1923 2276 2182 2333 currere?

590 2376 779 2432 Nonne
805 2374 1001 2428 videtis
1022 2360 1075 2427 iu
1104 2372 1339 2443 quinque
1364 2369 1748 2426 certaminibus
1775 2369 1852 2439 (α)
1871 2408 1885 2431 ,
1913 2382 2038 2423 cum
2058 2366 2180 2420 nul-

593 2467 702 2521 lum
728 2465 889 2521 habet
916 2467 1034 2534 quis
1060 2462 1422 2518 adversarium
1450 2502 1465 2526 ,
1492 2459 1761 2530 quomodo
1781 2473 1994 2514 saccum
2021 2472 2183 2511 arena

593 2558 760 2613 multa
797 2556 1055 2625 repletum
1110 2553 1472 2623 suspendant,
1520 2552 1735 2620 illicque
1782 2550 1949 2605 robur
2012 2559 2182 2603 totum

592 2654 879 2702 exerceant
907 2663 919 2699 :
939 2645 1175 2714 juniores
1199 2651 1375 2697 autem
1398 2655 1519 2695 cum
1546 2639 1849 2709 junioribus
1873 2653 1995 2695 sese
2020 2654 2176 2693 exer-

595 2745 754 2792 ceant
798 2735 864 2790 ad
910 2749 1139 2804 pugnam
1167 2749 1288 2788 cum
1335 2732 1655 2788 adversariis
1706 2730 2181 2787 committendam?

592 2829 705 2883 llos
735 2837 790 2882 et
828 2837 885 2881 tu
913 2828 1137 2891 imitare,
1168 2834 1223 2880 et
1252 2826 1305 2880 in
1344 2824 1693 2895 philosophia:
1728 2823 2108 2878 certaminibus
2131 2832 2183 2877 te

592 2934 805 2977 exerce.
831 2917 979 2973 Multi
1020 2925 1167 2972 certe
1191 2915 1254 2971 ad
1287 2917 1420 2969 iram
1445 2915 1743 2978 concitant,
1766 2914 1917 2968 multi
1962 2914 2028 2968 ad
2056 2930 2183 2969 con~

592 3011 971 3083 cupiscentiam
999 3009 1260 3080 injiciunt,
1297 3021 1648 3077 magnamque
1670 3006 2000 3061 succendunt
2029 3006 2178 3061 llam-

592 3120 756 3162 mam.
788 3104 883 3159 Sta
910 3102 1071 3173 igitur
1108 3110 1293 3155 contra
1324 3113 1591 3153 :erumnas
1613 3139 1627 3163 ,
1660 3098 1738 3152 fer
1768 3108 1987 3153 strenue
2016 3099 2179 3152 animi

592 3197 829 3261 dolores,
854 3203 913 3249 ut
934 3193 1175 3262 corporis
1198 3204 1411 3260 quoque
1434 3189 1645 3243 labores
1666 3188 1809 3243 ferre
1828 3190 2022 3259 possis.
2042 3189 2177 3244 Bea-

588 3297 676 3341 tus
700 3286 893 3356 quippe
908 3283 1028 3349 Job,
1061 3282 1162 3336 nisi
1184 3280 1350 3351 probe
1372 3288 1497 3335 ante
1523 3279 1816 3335 certamina
1846 3284 2181 3335 exercitatus

591 3378 796 3442 fuisset,
846 3388 953 3429 non
1002 3383 1105 3425 tam
1137 3369 1494 3442 splenduisset
1529 3372 1579 3425 in
1620 3371 2000 3426 certaminibus
2033 3388 2045 3423 :
2076 3370 2178 3425 nisi

591 3469 877 3523 meditatus
932 3464 1119 3518 fuisset
1156 3479 1261 3532 qua
1297 3463 1505 3517 ratione
1550 3478 1839 3517 mmrorcm
1886 3478 2103 3517 omnem
2158 3464 2173 3492 ¹

588 3560 844 3630 abigeret,
860 3555 1037 3611 audita
1055 3554 1283 3609 filiorum
1306 3561 1497 3617 morte,
1517 3552 1717 3623 aliquid
1741 3552 1993 3606 audacter
2018 3552 2180 3607 dixis-

588 3662 673 3707 sct
696 3670 709 3706 :
738 3651 831 3705 sed
855 3649 917 3705 ad
948 3647 1127 3703 omnia
1151 3647 1442 3701 certamina
1465 3644 1615 3699 stetit
1660 3645 1888 3709 fortiter,
1916 3644 1984 3698 ad
2019 3660 2179 3713 pecu-

594 3744 800 3797 niarum
827 3750 1199 3807 tantorumque
1228 3735 1490 3791 bonorum
1517 3734 1779 3803 jacturam
1806 3774 1822 3801 ,
1851 3734 1916 3788 ad
1947 3734 2178 3789 filiorum

606 3835 901 3898 interitum,
944 3831 1010 3885 ad
1054 3832 1234 3883 uxoris
1273 3829 1520 3881 allectum
1570 3842 1811 3895 pravum,
1845 3828 1911 3881 ad
1939 3828 2179 3898 corporis

588 3928 831 3991 vulnera,
873 3922 939 3977 ad
962 3921 1253 3976 amicorum
1281 3917 1563 3998 opprobria
1587 3959 1601 3983 ,
1634 3918 1700 3972 ad
1727 3919 1963 3975 convicia
1986 3920 2174 3976 dome-

589 4021 866 4076 sticorum.
913 4014 966 4069 Si
999 4026 1159 4083 porro
1204 4010 1332 4064 velis
1370 4009 1779 4065 exercitationes
1807 4011 1923 4079 ejus
1956 4013 2173 4081 conspi-

588 4125 732 4175 cere,
753 4108 876 4163 audi
903 4108 1073 4176 ipsum
1099 4103 1385 4165 dicentem,
1412 4110 1667 4169 quantum
1685 4105 1961 4171 pecuniam
1989 4106 2172 4174 deSpi-

583 4210 732 4265 ceret
759 4216 773 4251 :
805 4197 869 4252 Si
903 4196 1056 4253 etiam
1085 4195 1289 4253 [tutatus
1319 4206 1430 4243 sum
1451 4231 1465 4255 ,
1498 4190 1667 4244 multis
1698 4194 1819 4243 mihi
1864 4193 2175 4261 aﬂluentibus

583 4290 773 4344 divitiis
800 4288 877 4342 :si
898 4302 998 4340 non
1013 4285 1184 4354 putavi
1204 4296 1383 4336 aurum
1404 4280 1681 4361 pulverem,
1710 4283 1755 4335 si
1775 4284 1825 4336 iu
1859 4285 2026 4352 lapide
2053 4301 2171 4355 pre—

580 4385 707 4437 :ioso
734 4379 974 4448 ﬁduciam
1017 4375 1170 4428 habui
1222 4373 1341 4444 (Job
1378 4372 1469 4426 3|.
1496 4372 1587 4426 25.
1615 4371 1743 4441 24).
1792 4372 1917 4428 Ideo
1944 4391 2013 4429 ne
2044 4376 2173 4444 ipsis

583 4472 799 4542 quidem
838 4470 1073 4537 abreptis
1097 4468 1410 4523 turbabatur
1433 4508 1447 4532 ,
1477 4468 1566 4536 qui
1599 4468 1938 4537 prazsentium
1966 4470 2171 4536 cupidi-

584 4573 692 4618 tate
731 4577 836 4617 non
869 4560 1166 4615 tenebatur.
1213 4558 1351 4613 Audi
1393 4559 1553 4614 etiam
1580 4558 1847 4627 quomodo
1872 4574 1932 4614 ea
1960 4576 2078 4627 qua:
2103 4560 2168 4614 ad

583 4656 724 4708 lilios
746 4650 1056 4721 spectabant
1080 4658 1347 4716 tractaret,
1378 4665 1486 4703 non
1518 4650 1746 4703 molliter
1762 4651 1875 4718 plus
1900 4666 2057 4720 quam
2088 4651 2168 4706 fas

580 4747 652 4801 sit
672 4758 856 4813 agens,
891 4750 946 4795 ut
969 4756 1086 4807 nos,
1118 4741 1212 4795 sed
1240 4755 1453 4795 omnem
1473 4740 1539 4794 ab
1564 4739 1670 4794 illis
1694 4740 2022 4809 diligentiam
2052 4744 2165 4798 exi-

580 4850 732 4906 gens.
767 4832 900 4888 Nam
929 4832 1017 4901 qui
1040 4846 1138 4901 pro
1166 4830 1392 4887 occultis
1417 4830 1736 4886 sacriﬁcium
1769 4832 2047 4899 offerebat,
2074 4850 2163 4888 ro-

578 4928 684 4996 gita
729 4939 887 4993 quam
936 4929 1127 4977 exacte
1168 4921 1237 4975 de
1275 4920 1573 4975 manifestis
1608 4921 1893 4990 judicaret.
1939 4922 2087 4989 Quod
2119 4926 2164 4979 si

580 5016 714 5071 velis
741 5015 856 5084 ejus
884 5012 952 5067 de
982 5012 1225 5066 castitate
1261 5025 1535 5065 sermones
1561 5011 1748 5066 audire
1775 5054 1788 5079 ,
1840 5011 1962 5065 audi
2013 5013 2159 5068 illum

579 5110 844 5164 dicentem
872 5125 883 5159 ι
908 5105 1091 5175 Pepigi
1119 5104 1282 5173 [trdus
1309 5119 1423 5156 cum
1445 5104 1603 5158 oculis
1640 5105 1781 5170 meis,
1816 5113 1869 5157 ut
1894 5121 1954 5158 ne
1976 5108 2162 5175 cogita-

574 5216 680 5253 rem
717 5198 919 5266 quidem
949 5195 1012 5248 de
1034 5196 1226 5265 virgine
1250 5193 1298 5263 (l
1308 5195 1409 5246 bid.
1439 5210 1484 5248 υ.
1519 5196 1541 5249 1
1638 5195 1840 5251 Idcirco
1877 5196 2023 5250 illum
2055 5214 2157 5252 non

575 5290 732 5359 fregit
761 5302 894 5342 uxor
926 5302 939 5338 :
966 5286 1112 5338 illam
1136 5285 1333 5355 quippe
1356 5294 1509 5337 antea
1540 5287 1771 5352 amabat,
1801 5295 1857 5339 et
1888 5302 1990 5341 non
2021 5288 2154 5341 ultra

576 5381 816 5445 modum,
839 5378 930 5432 scd
952 5378 1273 5433 utconvenit
1291 5392 1511 5431 uxorem
1535 5378 1775 5448 diligere.
1800 5380 2154 5447 Quamobrem

576 5471 705 5525 mihi
729 5469 909 5523 mirari
950 5470 1110 5533 subit,
1145 5483 1237 5522 cur
1268 5469 1317 5521 in
1351 5484 1585 5521 amnium
1619 5470 1882 5525 induxerit
1909 5472 2156 5527 diabolus

634 5613 649 5641 ⁸
683 5610 798 5667 Alii,
824 5607 1131 5670 cupiditatem
1155 5623 1357 5661 onmem.

633 5670 702 5727 (η)
743 5672 820 5719 “ite
860 5670 1261 5734 pentathioisive
1304 5675 1625 5734 quinquertio
1674 5678 1832 5725 actum
1882 5682 1959 5725 est
2002 5675 2142 5726 Anti-

574 5736 773 5799 quitatis
814 5733 1089 5793 explanatis
1114 5733 1168 5781 Τ.
1199 5733 1255 5792 γ,
1284 5734 1315 5782 1.
1352 5736 1396 5795 5,
1428 5733 1471 5795 p.
1509 5734 1615 5782 29!.
2110 5734 2115 5738 ’

1342 344 1399 397 S.
1437 338 1714 397 JOANNIS
1742 330 2216 393 Clll'tYSOSTUMl
2271 331 2585 388 AllClilEP.
2619 334 3158 393 CONSTANTINOP.

3788 342 3895 399 39‘

2295 454 2589 507 certamina
2618 464 2804 509 contra
2827 455 3002 520 ipsum
3024 469 3261 521 movere,
3287 456 3374 527 qui
3400 456 3519 526 ejus
3548 460 3895 513 exercitatio-

2294 557 2389 597 nes
2424 554 2672 599 noverat.
2714 546 2822 601 Cur
2848 561 2977 616 ergo
3003 546 3054 601 id
3091 547 3166 601 illi
3197 548 3250 602 in
3278 557 3512 603 mentem
3539 550 3730 604 venit?
3755 550 3894 605 Mala

2291 645 2375 690 est
2417 636 2587 691 bestia
2634 652 2733 693 nec
2759 652 3012 709 umquam
3049 638 3341 710 desperat;
3371 640 3423 696 id
3450 641 3595 712 quod
3619 654 3770 698 certe
3796 658 3899 697 nos

2293 730 2524 784 maxime
2550 729 2769 805 damnat
2792 772 2808 795 ,
2856 730 2997 800 quod
3027 746 3149 787 cum
3193 732 3286 788 ille
3316 748 3607 806 numquam
3635 734 3899 803 desperet

2244 816 2245 819 “
2292 822 2360 876 de
2381 822 2617 891 pernicie
2645 823 2800 878 nobis
2838 822 3113 879 inferenda
3139 866 3155 890 ,
3183 839 3281 880 nos
3306 824 3664 897 desperemus
3691 826 3762 881 de
3784 841 3891 880 no-

2292 924 2402 968 stra
2424 913 2615 969 salute.
2646 914 2752 970 Sed
2777 913 2897 971 vide
2925 915 3088 971 etiam
3130 916 3401 987 quomodo
3428 920 3673 989 corporis
3713 919 3896 973 labem

2293 1014 2347 1058 et
2370 1006 2574 1059 saniem
2595 1014 2719 1061 ante
2740 1005 3028 1063 meditatus
3047 1009 3137 1063 sit.
3161 1008 3296 1075 Quia
3318 1009 3461 1064 enim
3484 1009 3616 1065 nihil
3632 1023 3893 1080 umquam

2296 1094 2399 1150 tale
2421 1109 2612 1165 passus
2641 1094 2833 1161 fuerat,
2874 1095 2968 1151 sed
2992 1096 3047 1151 in
3075 1097 3295 1164 divitiis,
3325 1097 3597 1168 voluptate
3621 1112 3687 1154 ac
3707 1098 3897 1168 splen-

2290 1185 2423 1241 dore
2458 1185 2620 1240 vitam
2649 1187 3001 1256 transegerat,
3056 1188 3259 1244 alienas
3290 1189 3622 1245 calamitates
3647 1188 3895 1260 quotidie

2290 1278 2471 1332 animo
2500 1278 2765 1333 versabat.
2816 1278 2884 1332 Et
2911 1278 3016 1334 hoc
3035 1279 3320 1335 declarans
3348 1280 3563 1336 diccbat
3593 1298 3607 1335 :
3639 1279 3783 1334 Nam
3831 1283 3893 1334 ti-

2290 1383 2420 1432 mor,
2448 1384 2598 1473 q’t’sem
2646 1368 2900 1437 timebam,
2931 1373 3093 1425 evenit
3128 1372 3271 1436 milii,
3299 1382 3349 1425 et
3374 1389 3521 1442 quem
3544 1372 3889 1439 trepidabant,

2290 1460 2507 1515 occurrit
2527 1462 2651 1515 milii
2687 1460 2807 1531 (Job
2835 1463 2887 1518 '5.
2917 1462 2987 1519 25
3009 1466 3047 1531 ).
3081 1465 3147 1518 Et
3171 1478 3358 1519 rursus
3388 1483 3404 1518 :
3430 1463 3541 1535 Ego
3573 1481 3689 1518 vero
3733 1481 3893 1534 super

2290 1553 2427 1608 omni
2453 1554 2705 1608 imbecillo
2742 1554 2939 1622 βίον·αυί
2957 1596 2969 1615 ,
3000 1564 3046 1607 et
3073 1556 3293 1626 ingemui
3328 1555 3504 1609 videns
3531 1556 3693 1609 virum
3715 1556 3770 1608 in
3803 1572 3892 1608 ne-

2289 1645 2601 1704 cessitatibus
2645 1644 2772 1716 (Id.
2807 1647 2895 1701 50.
2922 1646 2994 1701 25
3012 1644 3053 1717 ).
3092 1646 3215 1701 Ideo
3240 1648 3384 1701 nulla
3410 1662 3477 1701 ex
3501 1647 3607 1701 illis
3632 1647 3895 1701 intolera-

2290 1738 2490 1795 bilibus
2513 1737 2907 1794 calamitatibus
2956 1737 3109 1792 illum
3137 1737 3501 1805 perturbabat.
3532 1736 3612 1791 Nc
3638 1736 3772 1790 mihi
3802 1752 3892 1791 rc-

2290 1831 2483 1900 spicias
2533 1830 2878 1899 pecuniarum
2924 1831 3186 1898 iacturam
3217 1871 3232 1894 ,
3286 1828 3517 1884 ﬁliorum
3583 1830 3889 1894 interitum,

2290 1924 2499 1994 plagam
2550 1922 2695 1976 illam
2724 1920 3070 1978 incurabilem
3092 1962 3106 1986 ,
3142 1921 3325 1975 uxoris
3372 1919 3631 1984 insidias;
3665 1920 3760 1975 sed
3810 1919 3893 1974 his

2290 2015 2447 2085 longe
2468 2013 2736 2085 graviora.
2762 2011 2831 2067 Et
2850 2012 2975 2082 quid
2996 2012 3235 2081 gravius,
3265 2012 3495 2081 inquies,
3518 2011 3620 2067 Job
3643 2015 3893 2081 accepit?

2295 2105 2365 2160 ab
2392 2104 2615 2160 historia
2642 2111 2793 2160 certe
2818 2105 2948 2159 nihil
2978 2103 3124 2159 aliud
3150 2102 3428 2159 discimus.
3461 2103 3595 2169 Quia
3619 2104 3888 2157 dormita-

2292 2210 2410 2249 mus
2437 2236 2453 2259 ,
2482 2209 2588 2249 non
2618 2194 2873 2249 discimus
2924 2211 2937 2247 :
2969 2195 3062 2248 sed
3110 2194 3201 2264 qui
3230 2194 3516 2265 diligenter
3543 2194 3815 2264 explorat,
3840 2204 3895 2248 et

2291 2287 2629 2357 margaritam
2652 2287 2819 2358 probe
2844 2285 3054 2356 quan-it,
3090 2284 3256 2340 multo
3272 2284 3423 2355 plura
3442 2286 3595 2341 sciet.
3626 2285 3891 2341 Graviora

2291 2377 2511 2450 quippe,
2539 2392 2659 2447 quae
2699 2376 2958 2446 majorem
2998 2376 3455 2446 perturbationem
3488 2375 3688 2443 inferre
3733 2386 3890 2445 pote-

2292 2479 2434 2535 rant,
2463 2468 2569 2522 alia
2612 2477 2787 2535 erant.
2820 2468 3023 2530 Primo,
3051 2467 3192 2539 quod
3232 2466 3363 2521 nihil
3409 2468 3573 2522 sciret
3619 2467 3690 2543 de
3720 2483 3888 2536 regno

2291 2569 2546 2615 extorum
2576 2569 2630 2615 et
2655 2560 2723 2615 de
2757 2560 3153 2615 resurrectione
3180 2559 3255 2631 (a)
3290 2560 3469 2630 :quod
3500 2562 3662 2616 etiam
3694 2562 3885 2632 lugens

2290 2650 2499 2706 dicebat
2528 2669 2540 2704 :
2570 2648 2694 2705 Non
2749 2650 2882 2703 enim
2909 2651 2961 2703 in
2991 2662 3235 2705 artemum
3264 2650 3450 2720 vivam,
3480 2662 3537 2705 ut
3577 2653 3887 2723 longanimis

2290 2745 2387 2797 sim
2415 2740 2539 2811 (1d.
2579 2743 2632 2795 7.
2671 2740 2799 2814 l6).
2838 2741 3108 2809 Secundo,
3147 2741 3291 2811 quod
3329 2744 3621 2798 multorum
3649 2745 3753 2799 sibi
3786 2744 3886 2798 bo-

2292 2850 2482 2890 norum
2510 2833 2757 2889 conscius
2776 2846 2938 2889 esset.
2964 2834 3167 2890 Tertio.
3198 2834 3338 2905 quod
3368 2835 3566 2890 nullius
3587 2847 3733 2891 esset
3748 2851 3886 2896 eon-

2291 2927 2432 2980 scius
2459 2924 2607 2978 mali.
2637 2924 2860 2991 Quarto,
2885 2924 3029 2995 quod
3068 2926 3169 2979 sibi
3200 2940 3229 2977 a
3271 2926 3380 2981 Deo
3408 2936 3623 3000 putaret
3652 2927 3771 2981 haec
3800 2929 3884 2982 in-

2291 3014 2417 3070 ferri
2442 3015 2577 3068 mala
2605 3032 2617 3067 :
2662 3014 2804 3085 quod
2836 3016 2878 3069 si
2906 3015 3066 3070 etiam
3104 3030 3133 3068 a
3165 3014 3380 3071 diabolo
3405 3056 3419 3080 ,
3447 3018 3549 3071 hoc
3575 3017 3650 3071 illi
3679 3028 3886 3089 poterat

2290 3107 2615 3161 oil‘endiculo
2659 3119 2797 3161 esse.
2844 3105 3071 3172 Quinto,
3105 3106 3244 3175 quod
3271 3107 3479 3163 audiret
3498 3108 3703 3173 amicos
3732 3123 3791 3164 se
3818 3108 3886 3163 de

2292 3198 2525 3267 nequitia
2552 3198 2895 3251 incusantes:
2923 3196 3044 3259 Non
3082 3198 3214 3257 ctrina
3248 3198 3526 3269 condignas
3548 3239 3563 3262 ,
3594 3199 3882 3270 dicebant,

2290 3290 2508 3360 peccatis
2530 3291 2628 3343 tuis
2646 3289 2824 3358 plagas
2842 3288 3031 3358 accipis
3050 3287 3162 3357 (Id.
3191 3290 3273 3353 11.
3304 3291 3399 3359 6).
3441 3290 3626 3355 Sesto,
3654 3293 3802 3361 Quod
3832 3293 3883 3348 iu

2291 3379 2521 3451 nequitia
2534 3380 2771 3435 viventes
2786 3378 2988 3433 videret
3005 3392 3259 3449 prospere
3275 3394 3457 3450 agere,
3468 3390 3523 3437 et
3534 3397 3593 3437 se
3610 3381 3880 3438 deridere.

2288 3470 2548 3538 Septimo,
2563 3469 2703 3538 quod
2726 3469 2993 3522 neminem
3008 3468 3212 3524 videret
3230 3471 3351 3523 talia
3370 3485 3620 3541 umquam
3641 3486 3878 3541 passum.

2360 3560 2415 3613 7.
2444 3557 2527 3612 Ex
2547 3558 2823 3640 pusillitate
2844 3567 3016 3612 nostra
3035 3570 3281 3628 quantuni
3312 3560 3572 3629 splendeat
3590 3560 3712 3617 Jobi
3733 3565 3882 3635 forti-

2290 3650 2429 3703 tudo.
2458 3679 2531 3689 ——
2560 3648 2627 3702 Et
2646 3649 2691 3702 si
2717 3648 2927 3702 discere
2960 3647 3093 3702 velis
3118 3658 3315 3718 quanta
3342 3649 3457 3705 hinc
3484 3654 3611 3718 sint,
3635 3666 3879 3722 prmsen-

2287 3743 2357 3796 tia
2387 3741 2687 3797 considera.
2719 3740 2851 3794 Nam
2881 3742 2923 3795 si
2958 3756 3099 3795 nunc
3126 3782 3141 3808 ,
3170 3757 3295 3796 cum
3326 3758 3547 3813 regnum
3589 3757 3876 3815 exspecta.

2287 3846 2389 3904 tur,
2416 3852 2537 3891 cum
2581 3838 2901 3891 resurrectio
2929 3846 3192 3907 speratur.
3222 3852 3431 3894 necnon
3468 3838 3758 3896 inelfabilia
3786 3841 3877 3897 illa

2284 3932 2442 3995 bona,
2468 3946 2589 3986 cum
2620 3928 2878 3984 malorum
2909 3930 3055 3984 mille
3082 3930 3234 3985 nobis
3262 3932 3464 3989 conscii
3495 3948 3685 3987 sumus
3707 3975 3722 3999 ,
3752 3948 3874 3990 cum

2283 4032 2361 4079 tot
2386 4024 2647 4079 habemus
2670 4020 2918 4090 exempla
2940 4062 2955 4086 ,
2987 4029 3042 4075 et
3079 4028 3278 4076 tantam
3310 4031 3599 4078 tractamus
3627 4022 3873 4093 philoso-

2280 4116 2485 4185 phiam,
2514 4116 2558 4169 si
2586 4114 2799 4182 quidam
2828 4128 2891 4168 ex
2936 4112 3093 4168 nobis
3122 4114 3335 4183 paulum
3365 4117 3482 4170 auri
3506 4116 3872 4187 perdiderint,

2283 4221 2426 4276 sepe
2446 4208 2628 4276 rapina
2654 4216 2880 4276 partum,
2911 4221 3019 4261 non
3047 4206 3263 4262 vitalem
3288 4207 3388 4262 sibi
3416 4208 3576 4264 vitam
3603 4225 3727 4265 esse
3750 4212 3873 4267 exi-

2281 4299 2535 4364 stimant;
2567 4313 2671 4353 non
2707 4308 2929 4367 urgente
2966 4313 3133 4354 uxore
3155 4338 3172 4365 ,
3222 4313 3329 4353 non
3382 4298 3617 4370 abreptis
3662 4301 3869 4370 liberis,

2281 4406 2386 4450 non
2408 4390 2594 4446 amicis
2620 4389 3067 4460 exprobrantibus
3090 4430 3105 4452 ,
3134 4404 3241 4445 non
3267 4389 3577 4447 domesticis
3605 4392 3870 4447 insultan-

2281 4485 2453 4549 tibns;
2483 4484 2577 4538 sed
2625 4484 2806 4537 multis
2854 4482 3023 4551 ipsum
3053 4482 3479 4550 consolantibus,
3508 4484 3626 4541 sive
3652 4485 3867 4551 verbis,

2278 4576 2391 4629 sive
2413 4575 2569 4629 rebus
2588 4574 2743 4642 ipsis:
2768 4582 2898 4641 quot
2911 4572 3121 4627 coronis
3132 4573 3325 4642 dignus
3340 4575 3431 4628 ille
3454 4589 3560 4629 non
3580 4574 3762 4643 fuerit,
3779 4579 3871 4647 qui

2272 4665 2432 4735 justis
2474 4665 2692 4721 collecta
2740 4662 2840 4717 sibi
2870 4663 3144 4718 laboribus
3162 4663 3295 4717 vidit
3321 4664 3438 4718 sine
3463 4678 3624 4719 causa
3650 4665 3865 4736 abripi,

2274 4766 2327 4812 et
2350 4765 2471 4826 post
2511 4755 2597 4809 illa
2628 4756 2807 4815 omnia
2832 4754 2980 4810 mille
3005 4755 3361 4810 tentationum
3385 4771 3583 4825 genera
3608 4768 3864 4827 expertus

2273 4858 2379 4919 εει,
2411 4861 2729 4918 semperque
2772 4856 2947 4905 tamen
2982 4847 3238 4902 immotus
3275 4849 3495 4913 mansit,
3550 4858 3606 4903 et
3648 4849 3863 4907 debitas

2274 4940 2373 4995 hac
2392 4941 2461 4995 de
2490 4956 2548 4995 re
2571 4941 2859 5011 gratiarum
2885 4943 3124 4995 actiones
3146 4940 3373 4996 Domino
3393 4942 3575 4997 retulit
3598 4942 3862 4999 ?Etiamsi

2271 5034 2411 5088 enim
2444 5034 2618 5087 nullus
2646 5034 2781 5088 alius
2813 5033 2912 5101 ipsi
2962 5033 3152 5091 fuisset
3196 5032 3469 5103 loquutus,
3524 5037 3711 5090 uxoris
3742 5045 3861 5090 tan-

2271 5136 2380 5180 tum
2408 5124 2566 5177 verba
2598 5132 2843 5192 poterant
2873 5124 2958 5177 vel
2990 5132 3169 5192 petras
3201 5138 3563 5181 commovere.
3594 5125 3730 5181 Vide
3762 5128 3855 5197 igi-

2266 5217 2510 5273 turillius
2538 5217 2808 5270 astutiam.
2838 5216 2954 5271 Non
2981 5225 3244 5271 memorat
3268 5216 3506 5282 divitias,
3538 5233 3644 5273 non
3676 5234 3859 5274 came-

2264 5314 2366 5377 los,
2395 5325 2501 5365 non
2530 5323 2718 5378 greges
2738 5351 2753 5374 ,
2782 5325 2888 5363 non
2933 5318 3173 5364 armenta
3216 5309 3442 5380 (sciebat
3469 5311 3614 5365 enim
3646 5313 3747 5366 viri
3776 5315 3853 5367 sui

2264 5404 2345 5458 bis
2374 5405 2425 5457 in
2445 5404 2606 5458 rebus
2630 5401 3017 5471 philosophiam
3041 5403 3090 5472 ),
3124 5401 3217 5457 sed
3258 5402 3399 5473 quod
3420 5403 3670 5459 acerbius
3717 5417 3851 5471 erat,

2265 5495 2489 5549 tiliorum
2518 5492 2813 5559 interitum,
2841 5493 3261 5564 tragoediamque
3286 5495 3548 5559 extendit,
3580 5507 3744 5565 atque
3760 5513 3850 5550 sua

2322 5628 2395 5690 (ᾳ)
2427 5625 2557 5684 Qumi
2591 5626 2707 5676 dicit
2746 5626 3140 5690 Clirysostomus,
3174 5628 3346 5690 .tobum
3376 5628 3441 5679 de
3486 5642 3851 5681 resurrectione

2259 5689 2373 5746 nihil
2415 5694 2633 5748 non-ese,
2673 5702 2765 5738 non
2806 5689 3036 5737 consonat
3081 5704 3189 5739 cum
3230 5689 3415 5753 vulgari
3452 5693 3710 5745 doctorum
3748 5707 3851 5755 opt-

2258 5763 2421 5802 lUUllC.
