4104 6308
131 438 234 494 597

131 543 357 601 addidit.
381 539 537 609 Quod
564 537 608 593 si
637 537 722 599 iis,
746 533 835 603 qui
863 543 1122 602 prospere
1145 541 1258 581 rem
1289 520 1536 593 agebant,
1569 513 1734 571 nihil-

133 650 241 704 que
278 632 547 703 ingratum
576 624 928 698 patiebantur,
963 619 1130 674 multa
1151 631 1295 687 s:rpe
1321 627 1516 669 uxores
1545 621 1733 665 suase-

137 734 314 779 runt:
355 721 532 792 cogita
563 730 721 788 quam
777 724 995 768 strenua
1049 710 1136 765 illa
1183 717 1327 763 esset
1371 705 1573 765 anima,
1615 715 1734 769 quze

139 827 366 869 uxorem
398 819 476 864 tot
495 807 660 862 armis
685 806 996 860 instructam
1026 799 1199 870 potuit
1223 795 1502 866 repellere,
1527 802 1581 847 et
1600 792 1737 845 duos

137 904 437 960 acerrimos
463 897 683 954 affectus
708 894 952 958 calcavit,
982 889 1330 960 cupiditatem
1358 894 1414 942 et
1433 883 1735 940 misericor-

137 997 307 1050 diam.
337 991 485 1046 Multi
508 989 650 1045 enim
678 987 770 1057 qui
798 981 1294 1053 concupiscentiam
1335 979 1602 1042 vicerant,
1638 973 1738 1028 mi-

139 1081 438 1140 sericordia
467 1079 651 1136 inflexi
703 1086 848 1134 sunt.
880 1074 1015 1130 Nam
1063 1071 1386 1127 fortissimus
1413 1068 1504 1123 ille
1531 1063 1737 1134 Ioseph

142 1176 472 1245 voluptatem
503 1173 648 1228 illam
691 1167 1025 1240 tyrannicam
1073 1163 1321 1228 calcavit,
1347 1171 1404 1217 et
1443 1158 1735 1215 barbaram

143 1265 291 1319 illam
321 1263 598 1318 mulierem
643 1259 839 1315 multas
867 1256 1243 1312 admoventem
1267 1251 1544 1307 machinas
1579 1261 1742 1317 repu-

144 1357 229 1420 lit,
257 1355 524 1426 lacrymas
551 1365 684 1406 vero
737 1350 1017 1404 continere
1045 1361 1151 1401 non
1180 1344 1372 1416 potuit,
1402 1341 1500 1396 sed
1552 1339 1743 1392 videns

145 1449 342 1503 fratres
371 1461 497 1501 suos
545 1445 640 1515 qui
685 1457 867 1497 secum
921 1441 1101 1509 inique
1126 1443 1371 1506 egerant,
1402 1433 1504 1488 hoc
1549 1429 1743 1484 atl‘ectu

143 1547 336 1608 captus
361 1544 460 1602 cst,
495 1545 549 1590 et
578 1537 781 1590 vultum
800 1531 906 1586 cito
933 1528 1182 1601 lacrymis
1212 1526 1479 1596 operiens,
1511 1537 1627 1577 rem
1656 1528 1742 1574 too

147 1639 259 1684 tam
309 1627 577 1698 patefecit.
605 1625 741 1680 Cum
771 1633 950 1676 autem
998 1628 1054 1674 et
1100 1633 1232 1673 uxor
1254 1623 1360 1680 est,
1397 1613 1744 1670 commisera-

145 1723 301 1777 tione
324 1720 484 1790 digna
516 1717 779 1780 referens,
830 1728 991 1784 quam
1023 1719 1322 1781 Opportune
1348 1708 1540 1777 juvant
1582 1707 1744 1761 etiam

145 1824 398 1883 tempus,
425 1810 647 1864 vulnera
670 1848 684 1873 ,
715 1807 914 1876 plagze,
945 1813 1001 1857 et
1043 1801 1189 1856 mille
1219 1800 1585 1853 calamitatum
1636 1793 1741 1847 llu-

145 1917 270 1960 ctus
298 1921 314 1957 :
339 1915 446 1971 quo
474 1909 630 1970 pacto
655 1913 760 1952 non
786 1896 908 1965 jure
936 1893 1141 1949 dixeris
1163 1892 1400 1945 animam
1433 1902 1552 1957 qua:
1575 1899 1746 1956 gene-

147 2014 277 2053 rose
297 2005 496 2051 tanaim
528 1994 632 2048 fert
658 1999 1029 2061 tempestatem
1050 2029 1066 2046 .
1093 2000 1217 2041 esse
1235 1983 1518 2038 adamante
1540 1979 1749 2034 ﬁrmio-

146 2089 306 2145 rem?
332 2089 513 2142 Liceat
542 2084 670 2138 mihi
707 2082 889 2138 dicere
926 2081 1122 2144 vobis,
1154 2077 1369 2132 beatum
1393 2075 1538 2128 illum
1565 2072 1609 2126 si
1641 2085 1747 2124 non

146 2182 434 2251 majorem,
459 2193 564 2232 non
585 2171 1149 2242 minoremcerteipsis
1161 2166 1419 2237 apostolis
1435 2165 1618 2220 fuisse.
1636 2160 1747 2218 Illis

149 2288 386 2343 namque
403 2271 702 2329 consolatio
726 2276 863 2333 erat,
891 2264 1034 2337 quod
1065 2271 1280 2334 propter
1307 2259 1575 2313 Christum
1601 2266 1748 2325 pate-

148 2375 374 2422 rentur:
393 2376 445 2419 et
465 2365 564 2418 hoc
584 2363 833 2418 idoneum
856 2368 974 2413 erat
997 2355 1293 2412 remedium
1307 2351 1448 2423 quod
1466 2350 1585 2404 illos
1609 2363 1749 2418 quo-

149 2457 283 2513 tidie
303 2457 533 2526 erigeret
548 2452 708 2523 ,quod
722 2451 882 2507 etiam
902 2449 1096 2517 ubique
1114 2443 1446 2516 proponebat
1468 2439 1745 2503 Dominus,

152 2550 378 2619 Propter
403 2563 482 2600 me
508 2586 525 2613 ,
556 2546 736 2599 dicens
760 2585 775 2607 ,
799 2551 855 2597 et
879 2583 892 2604 ,
919 2540 982 2596 Si
1003 2555 1083 2593 me
1103 2533 1523 2607 patremfamilias
1553 2528 1750 2583 Beelze-

150 2643 252 2698 bub
266 2649 564 2695 vocaverunt
582 2635 796 2709 (Matth.
817 2631 1035 2703 Μὶν-25).
1056 2631 1152 2685 Ille
1168 2645 1293 2682 vero
1311 2629 1408 2680 ista
1423 2637 1620 2679 vacuus
1635 2630 1752 2676 erat

148 2732 524 2788 consolatione
545 2769 561 2793 ,
584 2742 685 2783 nec
715 2742 821 2780 non
849 2725 939 2779 illa
965 2737 1084 2793 quae
1112 2736 1178 2774 ex
1207 2717 1392 2788 signis,
1423 2713 1510 2770 vel
1538 2728 1655 2784 qua:
1683 2726 1750 2766 ex

151 2823 323 2894 gratia
349 2819 804 2892 proﬁciscebatur.
832 2814 1015 2883 Neque
1042 2811 1182 2867 enim
1212 2819 1416 2864 tantam
1438 2805 1620 2894 habuit
1643 2803 1749 2857 vim

152 2893 409 2983 Spiritus.
431 2909 692 2978 Quodque
712 2906 884 2975 majus
907 2912 1010 2967 est,
1034 2903 1086 2956 in
1115 2898 1324 2955 deliciis
1346 2895 1531 2951 multis
1546 2893 1746 2949 educa-

156 3015 264 3067 tus,
289 3018 398 3057 non
419 3017 484 3056 ex
514 3001 858 3070 piscatorum,
891 2996 978 3049 vel
1006 2992 1435 3062 publicanorum,
1455 2985 1537 3040 vel
1566 2983 1748 3037 vilium

156 3106 507 3165 personarum
535 3102 760 3143 numero
779 3094 915 3148 erat,
944 3083 1039 3138 sed
1067 3097 1190 3136 cum
1217 3087 1424 3134 tantum
1450 3088 1751 3143 consequu-

157 3161 246 3238 ius
273 3183 459 3235 fuisset
485 3179 767 3242 honorem,
812 3175 928 3229 hac
957 3171 1275 3242 patiebatur.
1305 3166 1565 3236 Quodque
1610 3161 1752 3232 apud

1057 416 1130 474 IN
1167 406 1577 471 MATTIIEUM
1616 397 1849 460 HOMIL.
1888 395 2135 458 XXXIV,
2171 396 2243 451 al.
2284 393 2509 453 Χχχν.

3319 388 3427 449 398

1829 510 2104 585 apostolos
2141 509 2425 566 onerosius
2478 506 2692 562 videtur
2739 502 2940 568 fuisse,
2966 503 3020 560 id
3070 503 3161 558 ille
3216 518 3431 574 quoque

1830 602 2106 668 sustinuit,
2135 601 2205 656 ab
2249 599 2461 661 amicis,
2495 612 2525 652 a
2570 595 2905 663 domesticis,
2937 594 3007 650 ab
3037 589 3271 650 inimicis
3304 594 3434 652 odio

1834 696 2070 758 habitus,
2102 707 2311 750 necnon
2343 693 2412 748 ab
2443 692 2509 746 iis
2552 691 2750 761 quibus
2798 690 2937 745 bene
2972 691 3195 757 fecerat,
3226 702 3328 745 nec
3357 697 3438 745 ta-

1833 804 1956 843 men
2003 782 2096 842 ille
2140 801 2350 842 sacram
2378 798 2656 849 ancoram,
2687 791 2745 838 et
2791 781 3142 852 tranquillum
3191 792 3434 853 portum,

1832 894 2026 949 nempe
2049 878 2152 934 hoc
2172 876 2315 948 quod
2336 875 2598 946 apostolis
2620 873 2822 929 dictum
2852 874 3050 938 fuerat,
3082 873 3304 941 Propter
3330 889 3432 935 me,

1833 973 2015 1026 videre
2045 971 2240 1040 potuit.
2267 968 2428 1024 Miror
2454 968 2614 1023 etiam
2647 974 2756 1022 tres
2786 978 3004 1035 pueros.
3034 967 3124 1035 qui
3151 962 3435 1019 fornacem

1834 1065 2046 1126 fortiter
2073 1063 2325 1118 adierunt
2346 1058 2392 1129 ί,
2422 1059 2513 1127 qui
2539 1071 2772 1131 tyranno
2803 1057 3143 1112 resisterunt.
3171 1052 3276 1131 Sed
3309 1052 3436 1110 audi

1831 1153 1958 1225 quid
1990 1154 2166 1207 dicant
2194 1169 2208 1205 :
2236 1126 2513 1207 Deos—tuos
2545 1126 2647 1208 non
2674 1147 2913 1210 colimus,
2938 1156 2985 1201 et
3007 1126 3239 1199 statuam
3266 1156 3432 1225 tuam,

1830 1218 1987 1316 quam
2012 1243 2236 1307 erexisti,
2266 1259 2372 1297 non
2391 1243 2672 1296 adoramus
2696 1239 2861 1312 (Dan.
2896 1240 2952 1293 ὅ.
2985 1239 3098 1306 18).
3132 1235 3284 1303 Quod
3306 1218 3440 1304 ipsis

1833 1351 2024 1406 magna
2075 1345 2194 1391 erat
2243 1334 2579 1397 consolatio,
2612 1332 2757 1401 quod
2788 1331 2958 1401 probe
2985 1333 3189 1385 scirent
3215 1343 3277 1384 se
3309 1344 3442 1398 pro-

1835 1438 1953 1497 pter
1984 1429 2148 1482 Deum
2179 1426 2361 1482 omnia
2394 1423 2524 1494 pati.
2559 1425 2656 1479 Hic
2684 1438 2818 1479 vero
2845 1421 3140 1485 nesciebat,
3172 1421 3287 1475 haec
3315 1434 3442 1476 esse

1833 1519 2130 1572 certamina
2145 1528 2198 1571 et
2214 1518 2411 1571 luctum
2431 1532 2447 1582 ;
2470 1514 2519 1571 si
2538 1518 2682 1571 enim
2700 1515 2972 1582 scivisset,
2991 1515 3257 1569 malorum
3276 1527 3443 1568 sensu

1836 1625 1940 1664 non
1975 1611 2044 1664 ita
2077 1609 2300 1664 aﬂ’ectus
2331 1608 2539 1663 fuisset.
2580 1607 2717 1662 Cum
2748 1622 2880 1677 ergo
2921 1607 3192 1676 audisset,
3225 1606 3306 1659 An
3333 1605 3443 1660 alia

1835 1704 2034 1755 ratione
2062 1718 2141 1755 me
2175 1709 2328 1771 putas
2369 1702 2460 1754 tibi
2486 1701 2832 1768 respondisse,
2874 1715 3028 1768 quam
3061 1709 3114 1754 ut
3135 1701 3314 1770 justus
3343 1715 3442 1764 op-

1835 1808 2038 1863 pareres
2068 1791 2212 1862 (Job.
2236 1793 2328 1848 40.
2357 1791 2450 1861 3)?
2482 1791 2852 1846 animadverte
2879 1790 3114 1858 qualiter
3138 1791 3446 1858 respirave-

1836 1885 1926 1947 rit,
1956 1885 2055 1938 hac
2082 1884 2318 1952 simplici
2349 1884 2532 1939 audita
2587 1897 2741 1949 voce,
2767 1898 2928 1951 quam
2961 1884 3201 1953 seipsum
3246 1881 3448 1950 despc-

1834 1977 1975 2030 xerit
1999 1992 2013 2028 :
2036 1975 2311 2044 quomodo
2351 1992 2418 2028 ne
2460 1988 2680 2042 passum
2732 1974 2950 2043 quidem
2982 1988 3043 2028 se
3077 1973 3342 2043 putaverit
3375 1987 3441 2027 ea

1833 2081 1955 2134 qua:
1984 2078 2174 2134 passus
2194 2075 2364 2129 esset,
2389 2063 2505 2118 haec
2525 2063 2747 2119 dicens:
2769 2062 2875 2118 Cur
2897 2062 3066 2118 adhuc
3093 2064 3322 2134 fudicor,
3345 2063 3444 2114 ad-

1833 2159 2060 2211 monitus
2097 2164 2146 2210 et
2189 2157 2500 2228 redargutus
2529 2174 2561 2208 a
2614 2156 2858 2218 Domino,
2892 2172 3010 2210 cum
3032 2157 3034 2159 ’
3057 2155 3168 2209 hcce
3206 2155 3441 2218 audiam,

1833 2253 1923 2317 qui
1962 2251 2093 2304 nihil
2130 2251 2283 2304 sunt?
2322 2251 2389 2302 Et
2419 2265 2634 2306 rursum
2666 2267 2680 2302 :
2711 2250 2906 2302 Audita
2937 2249 3144 2318 quidem
3174 2249 3318 2302 auris
3344 2264 3445 2300 au-

1836 2341 2033 2396 diebant
2078 2351 2125 2393 te
2171 2340 2314 2409 prius
2338 2356 2357 2392 :
2390 2357 2529 2411 nunc
2573 2351 2744 2394 autent
2783 2339 2964 2393 oculus
3010 2355 3152 2392 meus
3182 2340 3312 2392 uidet
3351 2349 3443 2392 te:

1833 2443 2145 2503 quapropter
2191 2432 2344 2485 nihili
2392 2431 2530 2501 facio
2561 2434 2834 2501 meipsum,
2873 2429 2918 2482 ei
2949 2431 3263 2500 liquefactus
3291 2443 3442 2481 sum:

1834 2523 2133 2590 testimoque
2162 2523 2413 2593 meipsum
2459 2534 2652 2576 terram
2676 2529 2723 2576 et
2755 2521 2978 2574 linerem
3022 2517 3139 2594 (Job
3167 2519 3250 2576 42.
3274 2520 3332 2577 5.
3350 2515 3430 2583 (ἱ).

1836 2613 1948 2669 Nos
1969 2615 2152 2682 itaque
2176 2614 2266 2685 qui
2293 2623 2414 2683 post
2443 2614 2614 2686 legem
2632 2621 2686 2667 et
2704 2614 2933 2684 gratiam
2951 2626 3158 2676 sumus,
3182 2613 3320 2665 hanc
3343 2610 3446 2665 fur.

1843 2706 2154 2771 titudinem,
2184 2709 2323 2760 hanc
2353 2705 2825 2761 mansuetudinem
2851 2704 2995 2758 illius
3027 2704 3325 2766 imitemur,
3349 2701 3444 2774 qui

1837 2810 1966 2855 ante
1993 2801 2169 2869 legem
2197 2808 2253 2854 et
2277 2801 2509 2877 gratiam
2533 2797 2653 2862 fuit,
2685 2808 2742 2852 ut
2762 2813 2884 2851 cum
2909 2797 3003 2850 ilfo
3033 2808 3234 2851 eterna
3266 2795 3448 2849 taber-

1838 2890 2028 2947 nacula
2044 2891 2449 2960 adipiscamur:
2473 2903 2593 2958 qua:
2615 2889 2821 2942 utinam
2844 2901 3239 2964 consequamur
3259 2900 3451 2960 otnnes

1837 2983 2012 3056 gratia
2041 2992 2097 3038 et
2127 2983 2457 3053 benignitate
2490 2980 2702 3035 Domini
2736 2980 2911 3034 nostri
2944 2978 3073 3034 Iesu
3103 2977 3332 3042 Christi,
3363 2977 3450 3032 cui

1838 3075 2009 3146 gloria
2037 3084 2092 3130 et
2119 3075 2445 3144 imperium,
2482 3073 2537 3128 in
2567 3072 2764 3128 saccata
2796 3070 3144 3128 sazculorum.
3177 3073 3375 3125 Amen.

1907 3167 1922 3196 ³
1959 3165 2074 3225 Alii,
2097 3171 2498 3227 coruempseruut.

161 3285 3457 3336 ΝΜ

1287 3376 1630 3439 HOMILIA
1673 3367 1938 3430 XXXIV.
1984 3366 2064 3429 al.
2105 3362 2348 3425 XXXV.

156 3542 283 3597 Car.
313 3539 400 3594 l0.
425 3553 483 3591 v:
503 3537 592 3590 25.
621 3534 747 3588 Cum
773 3542 941 3586 autem
967 3536 1324 3600 persequentur
1351 3540 1436 3578 vos
1462 3538 1524 3576 ea:
1550 3521 1644 3573 hac
1672 3517 1749 3570 ci-

233 3637 406 3696 vitate,
455 3629 616 3701 fugite
665 3631 719 3681 in
755 3627 930 3680 aliam.
975 3624 1134 3677 Amen
1185 3620 1373 3689 quippe
1416 3616 1532 3670 dico
1575 3611 1746 3701 vobis,

230 3744 334 3780 non
362 3700 772 3778 consummabilis
808 3718 1029 3771 civitates
1051 3713 1238 3778 Israel,
1268 3711 1428 3764 donec
1460 3709 1628 3763 veniat
1652 3700 1750 3756 Fi-

232 3820 332 3873 lius
347 3814 587 3870 hominis.

234 3951 288 4004 l.
321 3946 452 4002 Cum
484 3945 571 3999 illa
621 3938 879 3997 terribilia
922 3945 980 3994 et
1025 3931 1292 3989 horrenda
1333 3927 1576 3990 dixisset,
1635 3935 1755 3992 qua:

163 4045 386 4111 possent
410 4036 747 4090 adamantem
775 4031 1019 4098 frangere
1038 4068 1052 4091 ,
1084 4039 1206 4094 qua:
1236 4029 1355 4090 post
1380 4030 1593 4072 crucem
1619 4054 1634 4078 ,
1666 4027 1756 4066 re-

165 4129 554 4186 surrectionem
613 4133 669 4178 et
704 4120 1076 4176 ascensionem
1117 4113 1249 4184 ipsis
1277 4117 1534 4165 eventura
1578 4113 1752 4170 erant,

166 4233 472 4277 sermonem
500 4215 648 4271 ducit
671 4213 737 4267 ad
773 4207 985 4266 mitiora
1008 4249 1023 4272 ,
1046 4207 1182 4261 dans
1207 4201 1423 4258 athletis
1447 4200 1560 4254 suis
1585 4195 1757 4264 respi-

167 4311 321 4367 randi
352 4311 526 4364 locnm
554 4348 569 4372 ,
597 4305 924 4372 multamque
974 4299 1218 4370 praebens
1244 4295 1372 4365 ipsis
1402 4290 1762 4360 tranquillita-

168 4411 299 4457 tem.
328 4399 444 4454 Non
472 4398 616 4452 enim
638 4394 797 4466 jussit
821 4407 944 4448 eum
989 4384 1436 4460 persequentibus
1479 4380 1756 4450 congredi,

171 4491 266 4547 sed
301 4489 505 4560 fugere.
539 4487 674 4554 Quia
726 4483 840 4538 hazc
866 4481 1042 4536 adhuc
1075 4478 1222 4533 initia
1252 4484 1425 4542 erant,
1454 4487 1759 4528 sermonem

171 4597 330 4637 suum
359 4586 681 4648 attemperat
707 4585 760 4630 et
801 4573 1027 4642 mitigat.
1069 4570 1188 4626 Non
1229 4567 1461 4637 loquitur
1501 4565 1645 4620 enim
1677 4564 1765 4618 hic

172 4673 242 4728 de
263 4668 770 4741 persequutionibus
793 4679 913 4735 quae
950 4671 1136 4733 postea
1162 4659 1352 4714 futura:
1377 4667 1553 4721 erant,
1580 4655 1674 4710 sed
1693 4656 1764 4710 de

174 4763 282 4817 illis
324 4774 445 4830 qua:
509 4772 728 4813 crucem
769 4765 824 4811 et
868 4755 1173 4829 passionem
1230 4762 1596 4821 praeessem;
1662 4746 1765 4801 hoc

175 4852 322 4908 enim
369 4849 622 4904 indicavit
649 4863 770 4903 cum
803 4848 936 4902 dixit
965 4864 978 4900 :
1013 4844 1138 4899 Non
1172 4846 1304 4899 enim
1353 4841 1764 4896 consummabilis

175 4939 404 4994 civitates
431 4937 620 5004 Israel,
665 4939 824 4991 donec
846 4938 1035 4992 uenerit
1061 4934 1228 4990 Filius
1248 4934 1486 4989 hominis.
1515 4931 1590 4986 Ne
1619 4931 1768 4985 dice-

175 5039 302 5092 reut
327 5030 470 5086 enim
501 5047 517 5086 :
547 5029 682 5097 Quid
714 5030 758 5084 si
787 5038 1203 5101 persequutores
1253 5029 1515 5098 fugiamus
1541 5067 1556 5091 ,
1589 5035 1645 5079 et
1687 5024 1767 5078 illi

180 5137 280 5178 nos
309 5121 433 5176 inde
452 5121 615 5176 etiam
643 5121 880 5190 pellant?
907 5119 1048 5174 hunc
1065 5130 1262 5175 metum
1287 5120 1398 5186 ipse
1428 5118 1624 5172 tollens
1650 5116 1724 5170 ait
1752 5134 1766 5169 :

177 5214 298 5269 Non
318 5214 614 5270 circuibitis
639 5214 655 5245 ¹
691 5213 1028 5267 Palaestinam
1052 5223 1236 5275 tutam,
1267 5226 1386 5265 nam
1406 5224 1504 5280 ego
1533 5225 1627 5264 vos
1659 5218 1771 5264 sta-

181 5305 280 5359 tim
320 5305 602 5373 excipiam.
653 5304 718 5359 Et
761 5304 1033 5373 perpende
1075 5304 1345 5373 quomodo
1374 5318 1482 5356 non
1510 5301 1595 5354 hic
1635 5300 1774 5354 mala

184 5395 359 5461 tollat,
382 5394 473 5448 sed
501 5393 640 5449 adsit
666 5394 718 5448 in
740 5393 1011 5463 periculis.
1033 5392 1149 5446 Non
1179 5393 1313 5447 dixit
1343 5392 1506 5456 enim,
1536 5391 1645 5447 Vos
1670 5389 1775 5442 eri-

186 5487 352 5556 piam,
387 5495 442 5539 et
470 5486 915 5554 persequutiones
939 5484 1176 5541 solvam:
1202 5485 1293 5538 sed
1325 5483 1485 5553 quid?
1525 5480 1644 5536 Non
1663 5497 1776 5533 con-

185 5576 506 5632 summaltitis
544 5577 765 5629 civitates
792 5574 978 5642 Israel,
1010 5575 1168 5627 donec
1193 5575 1380 5627 uenerit
1404 5571 1570 5625 Filius
1611 5572 1778 5623 homi-

185 5668 284 5722 nis.
313 5666 455 5722 Satis
483 5667 627 5722 enim
655 5675 771 5720 erat
798 5663 865 5719 ad
906 5663 1328 5720 consolationem
1359 5662 1567 5718 illorum
1589 5703 1603 5729 ,
1632 5659 1779 5730 quod

255 5798 270 5829 ι
313 5796 418 5860 alii,
442 5809 536 5851 non
560 5797 783 5849 timebitis
805 5795 1170 5848 circumeuntes.

1846 3510 1996 3564 illum
2045 3505 2314 3562 viderent.
2371 3505 2454 3563 Tu
2501 3521 2636 3561 vero
2666 3504 2800 3560 mihi
2840 3505 3127 3560 considera
3175 3505 3455 3575 quomodo

1847 3601 1941 3656 ille
1971 3616 2076 3655 non
2121 3601 2322 3667 ubique
2351 3599 2535 3653 omnia
2583 3598 2774 3668 gratia:
2804 3596 3027 3663 tribuat,
3053 3596 3148 3651 sed
3177 3597 3455 3667 quidpiam

1847 3695 1916 3750 ab
1960 3694 2068 3748 illis
2121 3692 2304 3750 alIerri
2346 3688 2556 3761 lubeat.
2602 3689 2734 3743 Nam
2788 3689 2835 3743 si
2888 3691 3112 3759 timetis,
3142 3689 3338 3758 inquit,
3372 3690 3458 3745 fu-

1863 3774 2006 3842 gite:
2028 3773 2131 3827 hoc
2165 3775 2309 3827 enim
2330 3774 2657 3842 significavit
2688 3774 2900 3836 dicens,
2926 3769 3140 3842 Fugite,
3160 3782 3235 3837 et,
3266 3769 3347 3824 Ne
3382 3772 3454 3825 ti-

1859 3865 2069 3916 meatis.
2097 3862 2285 3932 Neque
2311 3864 2463 3933 ipsos
2481 3865 2690 3933 primus
2712 3865 2867 3933 jubet
2887 3863 3095 3931 fugere,
3135 3863 3226 3917 sed
3260 3863 3453 3931 pulsus

1859 3952 2145 4019 recedere;
2168 3969 2343 4022 neque
2362 3968 2556 4023 magna
2568 3954 2744 4022 spatia
2757 3953 2851 4007 dat
2873 3953 3140 4017 locorum,
3159 3951 3254 4006 sed
3273 3967 3456 4019 quan-

1861 4053 1975 4096 tum
1987 4058 2108 4096 esse
2126 4044 2362 4111 possitin
2381 4043 2774 4098 circumeundo
2787 4042 3234 4098 civitateslsrael.
3254 4041 3461 4096 Deinde

1861 4134 1929 4188 ad
1945 4135 2111 4188 altam
2128 4133 2489 4206 philosophia:
2507 4146 2714 4205 partem
2733 4137 2884 4206 ipsos
2900 4136 3115 4191 invitat.
3137 4134 3347 4195 Primo,
3365 4135 3465 4188 ali-

1863 4236 2175 4280 mentorum
2197 4232 2410 4292 Curam,
2427 4228 2690 4293 secundo,
2714 4229 3081 4296 periculorum
3101 4239 3304 4283 metum
3325 4227 3458 4282 abs-

1865 4317 2026 4384 tulit;
2065 4333 2213 4371 nunc
2255 4330 2384 4372 vero
2427 4317 2845 4373 maledictorum
2876 4327 3080 4371 metum
3121 4315 3328 4370 avellit.
3367 4315 3462 4369 Illa

1864 4409 2010 4464 enim
2032 4409 2398 4464 sollicitudine
2416 4409 2691 4473 liberavit,
2708 4409 2930 4465 dicens:
2962 4411 3164 4481 Dignus
3179 4417 3256 4463 est
3275 4424 3463 4476 apera-

1869 4500 1981 4553 rius
2005 4499 2241 4553 mercede
2258 4516 2355 4554 sua
2379 4498 2535 4569 (Luc.
2574 4500 2665 4556 IO.
2687 4500 2764 4569 7),
2788 4500 3109 4572 signiﬁcans
3127 4501 3330 4556 multos
3347 4500 3466 4556 fore

1868 4592 1962 4662 qui
1990 4593 2138 4661 ipsos
2155 4591 2460 4662 excipiant;
2485 4591 2553 4647 de
2571 4592 2833 4662 periculis
2848 4607 2978 4646 vero
2991 4592 3150 4657 dixit,
3175 4590 3357 4646 Nolite
3377 4607 3468 4645 co-

1870 4683 2318 4754 gitarcquomodo
2354 4693 2448 4737 aut
2498 4684 2624 4754 quid
2637 4684 3060 4754 loquamini;el,
3089 4683 3195 4748 Qui
3231 4699 3470 4750 perseve-

1873 4776 2066 4828 raverit
2091 4792 2256 4844 usque
2273 4777 2340 4829 ad
2357 4777 2540 4843 ﬁnem,
2564 4776 2648 4829 hic
2676 4776 2855 4829 salvus
2878 4776 2978 4829 erit
2996 4773 3218 4838 (Matth.
3247 4773 3331 4828 Η.
3351 4774 3467 4842 I5).

1944 4868 2194 4939 Exemplo
2222 4881 2315 4920 suo
2359 4861 2588 4918 Christus
2617 4859 2876 4929 apostolos
2912 4856 2996 4910 ad
3025 4853 3357 4910 contumelias
3389 4853 3468 4921 [e-

1870 4963 2056 5019 rendas
2081 4961 2333 5013 hortatur.
2364 4986 2437 4997 ——
2459 4955 2593 5023 Quia
2623 4963 2802 5007 autem
2833 4951 3127 5006 verisimile
3155 4957 3274 5003 erat
3320 4947 3468 5018 ipsos

1874 5055 2069 5110 malam
2109 5050 2384 5105 habituros
2432 5047 2631 5102 famam
2659 5059 2780 5099 esse
2805 5085 2818 5107 ,
2848 5043 2992 5113 quod
3023 5041 3206 5096 multis
3230 5041 3474 5095 omnium

1876 5142 2310 5200 molestissimum
2338 5153 2458 5194 esse
2494 5137 2703 5191 videtur
2724 5177 2740 5202 ,
2781 5134 3151 5190 animadverte
3179 5148 3286 5201 quo
3313 5139 3474 5201 pacto

1877 5236 1964 5291 hic
1994 5235 2110 5288 illos
2135 5231 2443 5288 consoletur
2467 5271 2481 5294 ,
2513 5245 2578 5284 ex
2610 5229 2675 5283 iis
2721 5227 2924 5281 scilicet
2967 5242 3086 5296 qua:
3127 5223 3195 5278 ad
3237 5225 3477 5294 seipsutn

1880 5327 2214 5393 spectabant,
2248 5334 2302 5380 et
2329 5324 2396 5378 de
2424 5339 2483 5378 se
2513 5323 2654 5377 dicta
2709 5319 2924 5375 fuerant
2955 5337 2968 5372 :
3009 5319 3095 5372 cui
3123 5314 3483 5372 consolationi

1883 5419 2013 5473 nihil
2044 5434 2137 5486 par
2163 5432 2282 5472 esse
2309 5416 2495 5485 possit.
2523 5414 2672 5469 Sicut
2701 5413 2844 5466 enim
2877 5411 2944 5464 ibi
2983 5410 3226 5472 dixerat,
3258 5406 3324 5462 Et
3344 5404 3488 5459 eritis

1886 5511 2005 5564 odio
2036 5510 2268 5562 omnibus
2295 5525 2313 5572 ,'
2355 5517 2409 5562 et
2438 5507 2711 5575 adjeccrat
2733 5547 2747 5569 ,
2787 5504 3006 5573 I’roptcr
3037 5517 3217 5555 nomen
3270 5514 3437 5551 meum
3468 5512 3488 5550 :

1884 5603 1962 5657 sic
2008 5611 2062 5656 et
2101 5601 2203 5655 hoc
2246 5601 2364 5655 loco
2410 5599 2527 5652 illos
2553 5598 2864 5653 consolatur
2891 5637 2905 5658 ,
2954 5595 3182 5648 alterunt
3213 5590 3488 5661 quidpiam

1881 5691 2161 5758 adjiciens.
2193 5691 2473 5759 Quodnam
2497 5689 2672 5743 illud?
2699 5688 2792 5743 2i.
2828 5686 2948 5742 Non
2972 5697 3044 5739 est
3067 5683 3375 5753 discipulus,
3399 5680 3486 5733 iu-

1889 5783 2024 5854 quit,
2083 5800 2236 5853 super
2281 5782 2608 5854 magistrum,
2667 5794 2758 5833 nec
2803 5795 2975 5835 servus
3029 5790 3183 5848 super
3230 5774 3490 5827 dominum
