4104 6308
677 378 782 435 asa

680 491 844 546 sum.
866 487 957 541 25.
983 484 1178 554 Suﬁcit
1209 481 1458 551 discipulo
1476 521 1492 548 ,
1519 491 1575 534 ut
1599 479 1663 534 sit
1687 480 1816 532 sicut
1851 475 2089 544 magister
2113 474 2244 544 ejus,

679 582 725 631 st
745 591 905 642 serva,
929 575 1060 630 sicut
1087 575 1320 629 dominus
1345 573 1474 642 ejus.
1506 569 1568 626 Si
1603 566 2020 641 patremfamilias
2046 563 2249 618 Beelze—

681 666 780 719 ιιι
803 674 1123 731 vocamusut,
1146 673 1328 732 "ante
1363 661 1525 730 magis
1550 661 1846 714 domesticos
1882 656 2031 727 ejus:
2052 655 2143 710 36.
2169 655 2252 709 Ne

679 768 850 825 itaque
873 757 1088 811 linteatis
1107 771 1208 808 eos.
1234 753 1366 808 Vide
1392 752 1659 822 quomodo
1690 763 1749 805 se
1788 748 2043 804 omnium
2072 747 2253 801 Domi-

685 863 811 902 num
834 858 888 903 et
914 849 1076 906 Deum
1093 854 1145 899 et
1169 855 1464 898 creatorem
1485 858 1602 898 esse
1624 842 1873 898 declarat.
1897 839 2035 908 Quid
2061 839 2253 907 igitur?

690 936 812 990 Non
822 937 1180 1005 estdiscipnlus
1192 952 1344 1006 super
1357 936 1672 1004 magistrum,
1691 950 1779 988 nec
1802 949 1970 988 servus
1994 949 2146 1004 super
2159 933 2254 987 do-

687 1029 882 1081 minum
902 1027 928 1080 .’
950 1027 1129 1082 Donec
1153 1030 1254 1082 erit
1281 1035 1368 1081 aut
1384 1027 1673 1095 discipulus
1687 1036 1975 1082 autservus
1992 1068 2007 1092 ,
2027 1041 2132 1081 non
2150 1029 2253 1082 erit

687 1118 857 1186 major
890 1119 1177 1173 secundum
1207 1111 1426 1172 honoris
1453 1119 1716 1174 ordinem.
1743 1117 1821 1173 Ne
1840 1117 1968 1171 mihi
1994 1119 2136 1173 enim
2166 1118 2254 1174 hic

682 1223 799 1262 rara
825 1208 1064 1278 qua-dam
1088 1207 1338 1275 praferas
1366 1209 1605 1276 exetnpla
1632 1250 1647 1274 ,
1681 1208 1747 1263 de
1777 1208 1841 1263 iis
1866 1224 1986 1278 qua:
2013 1219 2069 1263 ut
2090 1209 2253 1278 pluri-

683 1311 826 1349 mum
854 1311 974 1350 esse
1000 1296 1174 1351 solent
1201 1296 1252 1350 id
1279 1298 1480 1364 accipe.
1513 1297 1620 1352 Nec
1665 1297 1817 1361 dixit,
1846 1298 2054 1379 Quanto
2082 1300 2253 1367 magis

679 1401 882 1449 servos,
908 1388 1022 1451 sed,
1054 1387 1363 1442 Domesticos
1405 1391 1532 1452 eius,
1571 1402 1760 1458 magna
1810 1405 1932 1458 erga
1959 1390 2075 1446 illos
2100 1406 2249 1444 mau-

680 1479 960 1534 suetudine
989 1495 1132 1534 usus.
1160 1480 1293 1535 Alibi
1313 1481 1475 1535 etiam
1503 1481 1630 1533 dicit
1665 1498 1677 1531 :
1713 1478 1829 1534 Non
1856 1481 1991 1534 ultra
2013 1498 2133 1536 coco
2164 1499 2248 1536 vos

681 1586 881 1635 servos;
907 1588 995 1625 uos
1019 1573 1168 1625 amici
1194 1572 1292 1624 mei
1317 1572 1433 1625 estis
1463 1569 1652 1638 (latnt.
1681 1572 1766 1624 15.
1801 1570 1866 1624 15
1886 1572 1925 1640 ).
1956 1573 2062 1627 Nec
2093 1574 2245 1641 dixit,

683 1661 741 1716 Si
772 1662 1199 1731 patremfamilias
1249 1663 1454 1732 injuriis
1492 1672 1547 1717 et
1598 1664 1892 1718 maledictis
1917 1665 2245 1731 affecerunt;

680 1752 774 1805 sed
806 1753 972 1820 ipsum
996 1753 1332 1807 contumeliae
1361 1752 1578 1807 modum
1600 1753 1878 1822 expressit,
1923 1755 2064 1822 quod
2095 1755 2248 1810 Beel-

678 1839 850 1894 zebub
890 1844 1146 1897 vocarim.
1181 1842 1381 1898 Deinde
1405 1842 1577 1898 aliam
1604 1843 1705 1898 hac
1734 1856 1839 1898 non
1866 1845 2126 1900 minorem
2158 1847 2248 1900 dat

639 1967 643 1971 ι
679 1931 1130 1998 consolationem;
1161 1943 1274 1988 erat
1304 1944 1477 1991 tamen
1507 1935 1597 1990 illa
1615 1937 1991 2002 maxima;sed
2013 1939 2130 2006 quia
2161 1938 2244 2004 iis,

681 2020 770 2088 qui
824 2021 1057 2075 nondum
1099 2021 1606 2092 philosophabamur
1632 2066 1647 2091 ,
1690 2024 1791 2079 alia
1818 2041 1951 2094 opus
1989 2037 2103 2081 erat
2130 2044 2246 2096 qntc

679 2118 859 2177 posset
894 2110 1010 2164 illas
1052 2112 1297 2178 afficere,
1325 2111 1464 2169 hanc
1507 2115 1667 2170 etiam
1710 2115 1857 2175 addit
1888 2133 1900 2168 :
1929 2132 1990 2171 ac
2039 2118 2246 2173 dicendi

675 2198 887 2264 quidem
909 2202 1094 2256 modus
1113 2203 1416 2270 generalem
1441 2203 1647 2260 videtur
1675 2205 1867 2262 efferre
1892 2210 2245 2276 sententiam;

675 2295 905 2344 attamen
956 2305 1060 2345 non
1087 2294 1152 2347 de
1178 2293 1422 2372 omnibus
1451 2337 1466 2359 ,
1516 2295 1612 2352 sed
1637 2296 1705 2352 de
1732 2299 2012 2368 propositis
2043 2309 2246 2356 tantum

675 2377 885 2436 dicitur.
915 2381 1050 2448 Quid
1089 2385 1230 2440 enim
1256 2388 1369 2440 ait?
1406 2387 1488 2441 Ne
1513 2391 1728 2444 timentis
1766 2408 1848 2446 eos
1883 2408 1903 2446 :
1949 2394 2076 2448 nihil
2113 2398 2248 2450 enim

676 2479 750 2526 est
773 2465 1021 2543 opertum,
1042 2478 1176 2546 quod
1199 2493 1304 2531 non
1327 2479 1660 2547 revelabitur;
1685 2493 1773 2536 nec
1819 2486 2089 2548 occultum,
2113 2489 2247 2555 quod

675 2584 775 2624 non
798 2571 998 2624 scietur.
1027 2568 1177 2637 Quod
1198 2581 1374 2628 autem
1396 2573 1544 2638 dicit,
1568 2573 1866 2643 hujusmodi
1885 2585 1968 2631 est
1999 2597 2012 2632 :
2040 2577 2248 2634 Sufficit

674 2659 890 2729 quidem
931 2661 1078 2713 vobis
1107 2660 1174 2714 ad
1213 2661 1632 2716 consolationem
1656 2704 1673 2728 ,
1703 2665 1747 2718 si
1785 2680 1887 2734 ego
1914 2668 2166 2736 magister
2189 2678 2246 2724 et

676 2748 930 2804 Dominus
957 2764 1180 2805 consors
1208 2750 1307 2806 sim
1326 2753 1703 2808 conviciorum.
1728 2754 1781 2811 Si
1805 2771 1931 2811 vero
1951 2757 2122 2814 adhuc
2145 2759 2245 2816 doc-

675 2837 794 2894 letis
833 2839 945 2894 lucc
974 2838 1278 2906 audientes,
1332 2842 1458 2896 illud
1488 2858 1698 2913 quoque
1747 2847 1926 2900 animo
1980 2856 2247 2917 reputate,

672 2941 768 2981 vos
794 2943 898 2981 non
947 2929 1170 2983 multum
1205 2940 1384 2998 postea
1411 2932 1480 2985 ab
1517 2933 1615 2986 hac
1641 2933 1944 3000 suspicione
1970 2935 2250 2988 liberatum

674 3018 757 3072 iri.
789 3017 896 3071 (Zur
936 3022 1079 3073 enim
1113 3022 1164 3073 id
1193 3035 1338 3087 aegro
1365 3020 1555 3074 fertis?
1586 3022 1707 3088 quia
1753 3023 2170 3093 prtestigiatores
2196 3033 2248 3077 et

675 3107 997 3176 deceptores
1054 3125 1152 3164 vos
1199 3115 1425 3166 vocant?
1473 3113 1539 3165 At
1587 3112 1850 3179 paululum
1907 3121 2248 3181 exspectate,

670 3207 722 3251 et
754 3208 1059 3253 serva-tores
1087 3200 1558 3268 benefactoresque
1584 3201 1730 3253 orbis
1758 3185 1852 3255 vos
1883 3201 2250 3269 praedicabunt

679 3300 888 3342 omnes.
921 3289 989 3341 At
1034 3291 1174 3342 enim
1220 3299 1428 3355 tempus
1454 3290 1540 3341 illa
1569 3291 1894 3360 omniaquae
1917 3289 2248 3350 subobscura

674 3385 828 3430 erant
860 3379 1138 3442 revelabit,
1169 3387 1220 3432 et
1247 3377 1453 3432 illorum
1477 3378 1800 3433 calumniam
1829 3379 2059 3449 detegat,
2081 3381 2250 3436 virtu-

674 3473 886 3532 temque
916 3465 1146 3522 vestram
1173 3469 1517 3536 conspicuam
1564 3469 1772 3524 reddet.
1823 3471 1953 3523 Cum
1991 3471 2132 3524 enim
2172 3483 2240 3523 ex

675 3555 838 3609 rebus
867 3556 993 3626 ipsis
1033 3557 1508 3626 comprobabinini
1549 3559 1846 3611 salvatorcs
1865 3554 1880 3584 ‘
1903 3572 2044 3624 esse,
2074 3567 2129 3611 et
2156 3557 2249 3612 be-

675 3643 852 3710 nefici,
879 3657 932 3698 et
955 3647 1108 3701 omni”
1124 3649 1316 3702 virtute
1343 3649 1637 3715 conspicui,
1666 3648 1877 3704 illorum
1899 3647 2055 3702 dictis
2076 3646 2248 3701 homi-

671 3747 768 3787 nes
811 3749 917 3789 non
967 3737 1240 3795 attendant
1288 3737 1380 3791 sed
1413 3738 1488 3791 rei
1536 3739 1875 3793 veritati:ac
1920 3739 1992 3792 illi
2027 3739 2242 3808 quidem

667 3825 1035 3893 sycophanta,
1066 3826 1374 3889 mendaces,
1400 3827 1668 3901 maledici,
1696 3843 1789 3882 vos
1818 3843 1946 3883 vero
1987 3829 2102 3898 ipso
2130 3831 2243 3885 sole

669 3911 1062 3981 splendidiores
1082 3915 1596 3991 deprehendemini:
1627 3918 1851 3973 multum
1884 3920 2077 3989 quippe
2104 3930 2241 3975 tem-

670 4003 815 4069 poris
841 4004 1069 4069 spatium
1102 4019 1196 4060 vos
1238 4015 1395 4060 notos
1442 4009 1658 4071 reddet,
1680 4010 2005 4078 praedicabit,
2037 4021 2091 4066 et
2118 4011 2240 4068 tuba

666 4089 950 4146 elariorem
995 4093 1202 4149 emittet
1253 4110 1468 4162 vocem,
1494 4109 1790 4169 vestrasque
1835 4102 2047 4156 virtutis
2078 4113 2242 4158 testes

666 4181 948 4236 universos
994 4184 1240 4238 homines
1297 4185 1591 4242 exhibebit.
1654 4188 1731 4240 Ne
1791 4191 1967 4257 itaque
2013 4207 2076 4244 ea
2125 4206 2246 4259 qua

666 4287 808 4327 nunc
850 4273 1100 4328 dicuntur
1149 4288 1246 4328 vos
1300 4275 1580 4344 dejieiaut,
1629 4277 1724 4333 sed
1769 4293 1894 4348 spes
1945 4282 2241 4336 futurorum

664 4360 926 4418 bonorum
968 4364 1158 4434 erigat.
1197 4363 1311 4418 Non
1359 4374 1584 4433 possunt
1627 4368 1769 4423 enim
1817 4384 1877 4422 ea
1906 4385 2025 4438 qua:
2054 4372 2119 4424 ad
2149 4385 2243 4426 vos

665 4463 909 4525 spectant
933 4452 1210 4510 occultari.

733 4545 789 4600 2.
820 4544 1039 4608 Deinde,
1073 4556 1343 4614 postquam
1375 4545 1493 4599 illos
1522 4546 1669 4600 omni
1693 4561 1913 4616 angore,
1951 4548 2144 4604 timore
2185 4561 2241 4605 et

662 4636 1018 4693 sollicitudine
1047 4637 1307 4700 liberavit,
1335 4647 1388 4694 et
1414 4639 1624 4706 probris
1647 4641 1894 4702 omnibus
1923 4645 2237 4713 superiores

662 4726 915 4791 reddidit,
940 4727 1153 4780 demum
1184 4726 1304 4783 illos
1331 4742 1633 4796 opportune
1662 4729 1730 4786 de
1755 4731 2007 4788 libertate
2037 4735 2234 4802 prsidi-

659 4817 815 4871 caudi
862 4817 1146 4885 alloquitur
1171 4835 1185 4869 ;
1215 4831 1336 4870 nam
1367 4813 1495 4872 dicit
1521 4837 1532 4871 :
1563 4819 1649 4872 2‘1.
1685 4817 1837 4885 Quod
1857 4823 1989 4876 "dico
2023 4824 2161 4876 vobis
2182 4825 2238 4878 in

659 4907 896 4971 tenebris,
916 4907 1068 4961 dicite
1092 4909 1142 4960 in
1169 4907 1388 4970 lumine;
1417 4920 1461 4962 st
1489 4911 1625 4976 quod
1652 4910 1704 4962 in
1726 4928 1850 4967 aure
1869 4913 2078 4980 auditis,
2108 4933 2239 4981 pra:-

657 5001 821 5052 dicate
858 5014 1006 5066 super
1055 5006 1205 5053 tecta.
1247 4997 1578 5068 Quamquam
1627 5016 1734 5055 non
1781 5013 1931 5057 erant
1975 5008 2235 5069 tenebras,

657 5101 776 5140 cum
813 5087 925 5140 haec
971 5087 1193 5151 diceret,
1225 5102 1396 5156 neque
1431 5089 1497 5140 ad
1541 5102 1722 5143 aurem
1770 5091 2111 5159 lnqnebatur;
2139 5096 2233 5150 sed

659 5179 774 5232 haec
801 5177 1141 5250 hyperbolice
1164 5177 1302 5233 dicta
1326 5189 1471 5232 sunt.
1495 5179 1626 5244 Quia
1657 5183 1798 5234 enim
1827 5182 1970 5238 solos
1993 5187 2231 5255 alloque-

657 5269 833 5342 batur,
867 5260 920 5324 et
947 5271 1000 5323 in
1031 5285 1192 5337 parvo
1235 5269 1528 5323 Palmstinte
1577 5271 1792 5340 angulo,
1823 5272 1943 5327 ideo
1985 5275 2133 5342 dicit,
2164 5276 2230 5330 in

657 5360 893 5423 tenebiis,
923 5373 996 5428 et,
1027 5359 1093 5413 1n
1123 5377 1265 5426 aure,
1302 5359 1444 5414 hunc
1474 5361 1726 5431 loquendi
1762 5364 1978 5417 modum
2009 5380 2226 5436 compa-

656 5464 783 5503 rans
809 5465 928 5503 cum
961 5451 1208 5520 loquendi
1257 5450 1472 5516 ﬁducia,
1519 5467 1619 5520 qua
1668 5450 1786 5506 illos
1819 5464 2000 5521 postea
2031 5456 2223 5510 instru-

658 5555 846 5596 cturus
872 5557 1003 5596 erat.
1057 5545 1133 5597 Ne
1164 5547 1216 5599 in
1248 5560 1371 5607 una,
1399 5545 1603 5600 duabus
1630 5546 1864 5604 tribusve
1903 5548 2220 5617 civitatibus,

715 5738 732 5772 ί
753 5736 869 5798 Alii,
894 5739 1094 5791 Iumina.

1412 367 1468 424 S.
1507 360 1779 422 JOANNIS
1812 353 2274 416 CHRYSOSTOMI
2312 355 2624 412 ARCHIEP.
2664 356 3192 414 CONSTANTINOP.

3848 359 3953 413 uio

2358 470 2450 525 sed
2483 485 2579 539 per
2607 481 2775 526 totum
2825 472 3012 527 orbem
3063 471 3350 543 praedicata
3371 515 3385 540 ,
3432 481 3630 528 terram
3688 489 3949 545 mareque

2357 571 2722 631 peragrantes,
2750 562 3062 629 babitatam,
3090 580 3195 618 non
3221 564 3506 619 habitatam
3534 583 3547 617 :
3577 581 3642 619 ac
3669 566 3942 638 tyrannis,

2357 653 2588 723 populis,
2621 654 2974 724 philosophis,
3025 654 3334 710 rhetoribus
3369 669 3489 712 cum
3517 672 3709 727 magna
3745 656 3946 712 ﬁducia

2356 747 2534 801 omnia
2561 747 2741 803 dicite.
2774 746 2899 802 Ideo
2926 745 3078 812 dixit,
3115 747 3288 819 Super
3313 759 3461 812 tecta,
3488 758 3562 815 et,
3590 748 3656 803 In
3683 749 3886 803 tantine
3913 792 3929 813 ,

2357 840 2471 894 sine
2491 839 2602 893 ullo
2626 823 2959 908 subterfugi‘o
2977 879 2993 904 ,
3039 847 3094 894 et
3119 853 3243 894 eum
3267 841 3412 894 omni
3459 840 3727 895 libertate.
3752 839 3824 894 Et
3846 855 3949 895 cur

2357 945 2464 984 non
2493 930 2625 985 satis
2654 929 2836 985 habuit
2859 929 3045 986 dicere
3071 971 3087 995 ,
3121 928 3407 985 Prcdicate
3452 947 3604 999 super
3659 940 3815 998 tecta,
3846 940 3904 986 et
3931 972 3946 992 .

2361 1019 2524 1073 Dicite
2543 1021 2595 1073 in
2623 1021 2833 1085 lumine,
2867 1021 2961 1076 sed
3004 1021 3200 1090 adjecit
3226 1022 3387 1077 etiam
3413 1063 3428 1087 ,
3458 1020 3610 1086 Quod
3656 1023 3776 1075 dico
3806 1021 3946 1075 vobis

2357 1111 2408 1164 in
2438 1110 2666 1178 tenebris,
2696 1121 2770 1177 et,
2793 1111 2944 1177 Quod
2963 1112 3014 1165 in
3041 1128 3162 1166 aure
3177 1112 3363 1166 auditis
3379 1113 3410 1166 Τ
3438 1111 3506 1166 Ut
3530 1125 3716 1165 eorum
3744 1127 3945 1166 sensus

2357 1203 2544 1270 erigat.
2566 1203 2724 1258 .Sicut
2751 1203 2968 1272 quando
2993 1203 3204 1258 dicebat
3229 1222 3242 1256 :
3273 1201 3374 1269 Qui
3389 1203 3548 1257 credit
3577 1203 3630 1256 in
3651 1218 3753 1267 me,
3784 1218 3945 1271 opera

2354 1307 2470 1359 qua:
2506 1309 2597 1362 ego
2651 1294 2783 1362 [ario
2825 1303 2873 1346 et
2899 1294 3010 1363 ipse
3045 1296 3215 1363 faciet,
3259 1305 3306 1349 et
3333 1297 3530 1366 majora
3558 1296 3740 1347 horum
3786 1293 3944 1363 faciet

2357 1379 2533 1452 (Joan.
2560 1381 2642 1437 14.
2671 1382 2792 1452 ii):
2819 1383 2897 1436 sic
2940 1394 2996 1436 et
3039 1383 3140 1438 hoc
3168 1385 3286 1438 loco
3310 1426 3324 1446 ,
3354 1384 3642 1438 ostendens
3670 1400 3769 1454 per
3796 1385 3944 1453 ipsos

2354 1473 2532 1526 omnia
2579 1472 2718 1527 effici
2745 1515 2759 1538 ,
2789 1483 2846 1528 et
2867 1474 3014 1544 plura
3044 1490 3204 1543 quam
3232 1491 3326 1544 per
3353 1476 3586 1543 seipsum
3617 1474 3758 1529 facta
3789 1476 3903 1529 sint
3922 1515 3939 1541 ,

2354 1564 2425 1618 ita
2473 1565 2677 1634 posuit.
2723 1564 2854 1620 Nam
2883 1567 2994 1620 ait:
3023 1565 3349 1635 Principium
3373 1567 3519 1620 vobis
3558 1580 3658 1635 ego
3683 1573 3741 1619 et
3787 1565 3940 1619 initia

2344 1650 2503 1718 dedi;
2540 1653 2695 1722 plura
2726 1669 2856 1709 vero
2889 1655 2981 1709 illa
3015 1670 3109 1725 per
3135 1670 3236 1710 vos
3267 1656 3481 1726 impleri
3515 1654 3661 1709 volo.
3685 1651 3805 1709 Hoc
3839 1669 3946 1706 au-

2344 1751 2454 1798 tem
2483 1759 2593 1798 non
2627 1747 2788 1801 modo
2837 1747 3206 1818 praecipientis
3248 1757 3368 1812 est,
3413 1747 3510 1802 sed
3540 1749 3706 1801 etiam
3751 1745 3944 1800 futura

2345 1835 2687 1900 nuntiantis,
2734 1837 2989 1891 fiduciam
3034 1838 3386 1906 inspirantis,
3431 1836 3791 1907 praedicenti:
3845 1852 3944 1890 eos

2353 1923 2530 1978 omnia
2554 1937 2675 1978 esse
2700 1933 3062 1994 superaturos,
3095 1925 3399 1994 sensimque
3418 1923 3788 1978 subvertentis
3808 1936 3947 1976 eou~

2354 2023 2561 2082 ceptam
2592 2016 2733 2069 circa
2782 2017 3060 2073 maledicm
3093 2018 3420 2071 mcestitiam.
3472 2016 3942 2084 Quemadmodum

2357 2105 2497 2159 enim
2524 2104 2639 2159 huic
2665 2106 2993 2176 pradicatio,
3023 2122 3166 2161 nunc
3208 2108 3406 2174 tatens,
3437 2108 3613 2162 omnia
3638 2106 3900 2177 pet-vadet
3920 2145 3939 2172 ,

2353 2196 2430 2250 sic
2457 2196 2595 2249 mala
2619 2197 2703 2248 illa
2724 2195 3027 2250 Iudaeorum
3053 2197 3373 2252 existimatio
3396 2197 3504 2251 cito
3521 2197 3736 2266 peribit.
3768 2197 3934 2251 Dein-

2352 2284 2441 2352 de,
2475 2296 2751 2356 postquam
2780 2287 2988 2347 illorum
3015 2288 3431 2353 erexissnimos,
3455 2303 3669 2343 rursum
3687 2288 3934 2358 pericula

2355 2377 2614 2444 prmdicit,
2645 2377 2856 2432 illorum
2908 2389 3140 2434 mentem
3171 2381 3403 2450 erigens,
3437 2378 3796 2449 omnibusque
3843 2395 3935 2434 su-

2353 2467 2633 2523 blimiores
2657 2470 2918 2525 reddens.
2939 2469 3078 2537 Quid
3113 2473 3257 2527 enim
3295 2471 3369 2525 ait
3386 2471 3411 2526 ‘i
3431 2471 3518 2526 28.
3552 2470 3732 2526 Nolite
3760 2474 3939 2527 timere

2352 2575 2436 2614 eos
2453 2560 2538 2628 qui
2563 2562 2795 2613 occidunt
2823 2577 3026 2628 corpus,
3051 2565 3272 2614 unicum
3297 2573 3461 2617 autem
3483 2580 3582 2617 non
3609 2572 3828 2633 possunt
3853 2579 3939 2617 oc—

2351 2648 2538 2703 cidere.
2573 2647 2757 2703 V’iden‘
2779 2651 3045 2719 quomodo
3078 2651 3196 2704 illos
3217 2651 3467 2706 omnibus
3490 2654 3803 2720 superiores
3815 2653 3938 2708 red-

2350 2736 2461 2805 dat,
2485 2752 2590 2792 non
2615 2753 2770 2792 curas
2799 2739 2980 2807 modo,
3015 2755 3117 2794 non
3161 2743 3460 2804 maledicta,
3497 2744 3729 2812 pericula
3754 2785 3772 2807 ,
3805 2746 3934 2798 iusi-

2351 2827 2488 2895 dias,
2511 2829 2603 2884 sed
2625 2831 2785 2884 etiam
2811 2841 3036 2885 mortem
3065 2835 3300 2886 omnium
3327 2833 3775 2888 terribilissimam
3797 2849 3931 2889 con-

2352 2928 2591 2975 temnere
2657 2921 2895 2976 docens?
2935 2939 3106 2992 neque
3155 2924 3468 2992 simpliciter
3511 2935 3738 2981 mortem
3765 2968 3780 2992 ,
3835 2928 3928 2982 sed

2349 3010 2507 3064 etiam
2539 3010 2865 3065 violentam?
2892 3010 3076 3080 Neque
3103 3012 3255 3078 dixit,
3284 3011 3636 3079 Occidemini,
3688 3015 3784 3070 sed
3810 3030 3932 3071 cum

2349 3101 2739 3170 magniﬁcentia
2788 3103 3100 3171 congruenti
3145 3111 3311 3156 totum
3363 3103 3690 3172 declaravit,
3753 3105 3932 3160 Nolite

2349 3193 2540 3254 timere,
2572 3185 2856 3258 dieens,ab
2884 3195 2947 3247 iis
2973 3194 3058 3263 qui
3080 3195 3312 3248 occidunt
3333 3211 3518 3263 corpus
3538 3237 3553 3261 ,
3577 3198 3806 3249 animum
3832 3215 3926 3251 au-

2350 3293 2450 3337 tem
2483 3301 2584 3338 non
2638 3295 2846 3352 possunt
2884 3286 3113 3338 occidere
3141 3301 3158 3338 .'
3185 3286 3274 3338 sed
3298 3289 3468 3354 potius
3508 3289 3676 3342 timete
3701 3285 3817 3342 eum
3846 3290 3929 3358 qui

2347 3383 2510 3444 potest
2539 3383 2587 3430 ct
2635 3377 2858 3429 animam
2896 3385 2943 3429 et
2971 3391 3154 3445 corpus
3184 3376 3391 3444 perdere
3416 3381 3468 3431 in
3515 3378 3797 3448 gehennam
3821 3395 3839 3431 :
3868 3381 3917 3433 in

2347 3466 2675 3520 contrarium
2733 3475 2945 3520 vertens
2999 3481 3342 3530 sermonem,
3402 3468 3475 3520 uti
3531 3483 3746 3535 semper
3777 3470 3918 3524 facit.

2350 3555 2487 3628 Quid
2537 3556 2678 3610 enim
2709 3556 2810 3610 sibi
2840 3556 3234 3610 vult‘th'l‘imctis
3266 3568 3492 3610 mortem
3517 3598 3530 3619 ,
3589 3558 3832 3627 ideoque
3861 3562 3922 3614 ad

2347 3645 2741 3716 praedicandum
2775 3647 3050 3716 segniores
3091 3647 3262 3700 estis?
3288 3645 3390 3701 Sed
3421 3646 3520 3702 hac
3547 3648 3615 3703 de
3635 3665 3797 3704 causa
3829 3667 3918 3719 po-

2345 3735 2449 3788 tius
2474 3734 2782 3804 prazdicate,
2813 3737 2933 3802 quia
2951 3743 3189 3805 mortem
3224 3737 3442 3791 timetis.
3470 3738 3599 3793 Illud
3625 3741 3770 3794 enim
3801 3758 3921 3798 vere

2345 3839 2442 3878 vos
2461 3825 2489 3858 ἰ
2520 3834 2750 3886 amorte
2776 3825 2982 3892 eripiet.
3015 3825 3145 3878 Nam
3183 3827 3390 3882 etiamsi
3414 3844 3509 3882 vos
3550 3831 3920 3902 interempturi

2343 3925 2510 3981 sunt,
2556 3914 2828 3969 meliorem
2888 3927 3065 3969 tamen
3119 3925 3323 3984 partem
3397 3934 3502 3974 non
3571 3925 3918 3990 superabunt,

2343 4009 2553 4063 etiamsi
2580 4007 2778 4062 idiotis
2806 4008 3003 4061 viribus
3023 4020 3299 4066 conentur.
3331 4011 3451 4067 Ideo
3479 4028 3584 4067 non
3613 4015 3763 4078 dixit,
3792 4017 3919 4071 Aui-

2342 4115 2485 4156 mam
2516 4110 2694 4154 autem
2721 4113 2823 4152 non
2855 4101 3131 4165 occidunt;
3157 4101 3270 4166 sed,
3299 4101 3420 4159 Non
3449 4116 3658 4174 possunt
3675 4109 3915 4163 occidere.

2344 4189 2476 4245 Nam
2498 4190 2703 4245 etiamsi
2733 4189 2914 4255 velint,
2950 4207 3054 4246 non
3078 4194 3419 4262 superabunt.
3451 4195 3631 4266 Itaque
3649 4199 3918 4267 sisuppli-

2344 4282 2485 4338 cium
2513 4283 2684 4361 times,
2712 4283 2842 4339 illud
2872 4287 3028 4354 longe
3053 4289 3267 4354 gravius
3294 4290 3441 4345 time.
3475 4290 3658 4347 Viden‘
3690 4311 3914 4364 quomo-

2345 4375 2416 4430 do
2436 4390 2540 4431 non
2575 4377 2851 4446 promittat
2880 4392 2939 4431 se
2966 4378 3087 4432 illos
3115 4392 3144 4432 a
3173 4390 3345 4434 morte
3372 4381 3721 4438 liberaturum
3751 4401 3872 4442 esse
3895 4428 3908 4450 .

2342 4466 2435 4521 sed
2459 4469 2590 4522 mori
2614 4468 2888 4536 permittit,
2915 4469 3115 4537 majora
3144 4470 3448 4539 largiturus,
3474 4489 3632 4541 quam
3660 4476 3705 4528 si
3735 4477 3786 4530 id
3815 4493 3913 4534 non

2345 4557 2718 4624 permitteret?
2744 4558 2927 4627 Longe
2952 4560 3093 4612 enim
3126 4559 3298 4626 majus
3325 4569 3408 4614 est
3432 4562 3662 4617 suadere
3691 4573 3747 4618 ut
3771 4583 3910 4621 mors

2335 4658 2641 4717 spernatur,
2663 4666 2822 4720 quam
2853 4667 2881 4703 ἢ
2916 4660 3090 4705 morte
3119 4667 3328 4706 eruere.
3357 4651 3471 4708 Non
3495 4654 3674 4725 itaque
3701 4657 3822 4712 illos
3861 4660 3910 4714 in

2341 4738 2574 4806 pericula
2597 4741 2832 4808 coniicit,
2863 4741 2954 4794 sed
2982 4741 3156 4796 reddit
3178 4744 3425 4812 periculis
3441 4749 3766 4814 superiores,
3793 4751 3911 4805 bre.

2339 4831 2497 4899 vique
2521 4847 2770 4891 sermone
2802 4832 3100 4888 doctrinam
3129 4833 3196 4890 de
3218 4836 3616 4892 immortalitate
3644 4841 3841 4894 animai
3861 4843 3908 4898 in

2340 4921 2442 4975 illis
2491 4922 2707 4987 inserit,
2741 4938 2803 4977 ac
2836 4923 3042 4978 duobus
3085 4925 3318 4982 tribusve
3374 4929 3552 4983 verbis
3603 4932 3680 4985 sic
3711 4913 3910 4987 inscrto

2341 5011 2556 5065 salutari
2587 5013 2854 5081 dogmate,
2879 5015 2996 5067 aliis
3025 5016 3144 5068 illos
3172 5017 3463 5071 ratiociniis
3491 5021 3817 5075 consolatur.
3841 5021 3912 5079 Ne

2341 5103 2482 5157 enim
2506 5113 2752 5172 putarent
2772 5120 2830 5158 se
2859 5105 3025 5158 occidi
3061 5116 3114 5159 et
3139 5107 3390 5176 jugulari,
3420 5111 3564 5178 quod
3588 5113 3738 5181 quasi
3761 5114 3911 5171 dere-

2342 5192 2453 5273 licti
2492 5195 2617 5258 sint,
2646 5195 2712 5249 de
2740 5197 3069 5264 providentia
3103 5198 3190 5252 Dei
3225 5215 3526 5255 sermonem
3565 5204 3803 5269 inducit,
3838 5208 3912 5262 his

2342 5284 2551 5340 verbis:
2577 5285 2669 5340 29.
2716 5286 2902 5342 Nonne
2923 5289 3022 5341 duo
3053 5305 3278 5357 passeres
3322 5307 3433 5345 asse
3454 5305 3684 5356 veneunt,
3720 5299 3765 5347 et
3793 5314 3911 5350 unus

2339 5390 2400 5426 ca;
2428 5375 2532 5426 illis
2562 5392 2662 5428 non
2690 5379 2829 5431 cadet
2860 5381 2909 5430 in
2941 5378 3172 5450 laqueum
3199 5381 3306 5433 sine
3343 5379 3502 5434 Patre
3554 5394 3713 5438 uestro
3746 5388 3828 5453 qui
3864 5389 3909 5439 in

2341 5471 2482 5522 cwlis
2511 5471 2628 5524 est?
2661 5472 2747 5526 50.
2781 5472 2942 5526 Vestri
2967 5485 3133 5526 autem
3161 5475 3334 5542 capilli
3354 5476 3535 5542 capitis
3555 5491 3727 5529 omnes
3749 5493 3908 5532 nutrie-

2343 5562 2440 5612 rati
2472 5569 2610 5614 sunt.
2665 5561 2798 5628 Quid
2836 5564 2978 5616 enim
3029 5564 3186 5618 vilius
3233 5563 3382 5617 illis?
3437 5563 3609 5633 inquit
3637 5581 3652 5618 :
3685 5575 3905 5622 attamen

2344 5665 2653 5719 numquam.
2687 5653 2962 5720 ignorante
2993 5654 3116 5717 Deo,
3149 5654 3443 5724 capientur.
3473 5652 3588 5708 Non
3629 5657 3766 5712 enim
3787 5676 3903 5729 ope-

2409 5763 2422 5791 ι
2460 5760 2618 5808 Morel.
2647 5760 2809 5821 habet,
2836 5775 2942 5824 nos;
2963 5762 3103 5815 male.
