4104 6308
342 319 445 376 ιω

350 447 504 492 rante
542 433 654 490 Deo
681 431 875 488 cadere
901 426 1031 482 dicit
1062 441 1077 478 :
1105 423 1162 479 id
1186 422 1328 477 enim
1382 417 1658 491 indignum
1704 415 1814 472 Deo
1844 429 1934 470 es-

347 534 467 591 set;
507 522 602 578 sed
626 521 762 576 dixit
796 518 926 574 nihil
949 524 1248 586 gestorum
1278 510 1428 566 illum
1466 511 1654 564 latere.
1710 507 1771 562 Si
1801 519 1934 576 ergo

350 616 485 672 nihil
513 628 700 670 eorum
723 625 843 682 qua:
867 607 1116 663 accidunt
1152 604 1398 675 ignorat,
1436 614 1640 670 vosque
1668 598 1936 655 sincerius

347 723 510 779 quam
533 714 688 776 pater
711 709 876 768 amat,
903 708 1062 768 atque
1099 696 1176 752 ita
1205 705 1385 762 amat,
1427 704 1487 749 ut
1513 693 1675 748 etiam
1714 689 1935 761 capillos

349 807 559 854 vestros
584 793 899 857 numerarit.
926 790 1063 846 nihil
1092 789 1272 860 utique
1302 786 1617 843 timendum.
1651 784 1763 839 Hoc
1807 797 1938 839 vero

348 888 505 954 dixit,
528 901 635 944 non
659 883 802 955 quod
839 883 982 938 Deus
1007 880 1236 951 capillos
1268 887 1540 943 numeret,
1567 875 1662 932 sed
1699 884 1757 931 ut
1775 889 1935 929 accu-

348 989 520 1033 ratam
549 976 792 1031 notitiam
845 986 1200 1044 magnamque
1248 971 1392 1026 circa
1422 984 1518 1025 eos
1549 967 1936 1039 providentiam

348 1062 618 1123 ostendat.
649 1065 707 1120 Si
736 1079 866 1134 ergo
910 1061 1090 1118 omnia
1120 1077 1240 1130 qure
1264 1060 1398 1114 fiunt
1427 1059 1596 1120 novit,
1625 1057 1670 1112 si
1698 1057 1812 1111 vult
1835 1071 1934 1112 nos

348 1156 529 1211 salvos
557 1155 753 1216 facere.
784 1165 834 1209 et
860 1153 911 1208 id
940 1161 1135 1221 potest,
1163 1151 1206 1206 si
1233 1151 1360 1220 quid
1393 1149 1689 1220 patiamini,
1721 1164 1790 1204 ne
1814 1163 1937 1204 cre-

348 1247 462 1304 dite
493 1264 587 1302 vos
613 1246 902 1302 derelictus
944 1243 1032 1298 illa
1083 1244 1213 1314 pati.
1261 1241 1382 1297 Non
1423 1242 1568 1297 enim
1616 1241 1732 1296 vult
1762 1255 1856 1296 vos
1903 1254 1935 1294 a

352 1340 510 1395 malis
529 1340 760 1409 eripere,
785 1337 881 1392 sed
909 1335 1135 1392 suadere
1159 1345 1212 1390 ut
1233 1335 1372 1389 mala
1393 1334 1752 1390 contemnatis
1778 1350 1791 1387 :
1815 1347 1936 1386 nam

349 1429 468 1486 haec
488 1445 614 1486 vere
636 1429 878 1485 liberatio
904 1437 986 1482 est
1007 1443 1037 1480 a
1063 1427 1237 1481 malis.
1266 1427 1356 1482 3i.
1391 1424 1566 1479 Nolite
1589 1440 1706 1494 ergo
1729 1424 1938 1476 timere:

347 1521 522 1574 multis
542 1518 825 1590 passeribus
847 1519 1075 1573 meliores
1103 1518 1220 1572 estis
1247 1532 1353 1570 vos.
1379 1515 1570 1573 Viden‘
1590 1515 1709 1569 illos
1732 1514 1844 1583 jam
1872 1514 1940 1568 ti-

347 1625 501 1665 more
545 1619 824 1679 correptos
851 1607 1062 1682 fuisse?
1101 1607 1317 1664 Sciebat
1346 1607 1490 1662 enim
1538 1616 1748 1661 secreta
1782 1621 1933 1660 men-

346 1701 456 1756 tis:
487 1701 606 1756 ideo
663 1701 975 1770 subjunxit,
1029 1698 1112 1754 Ne
1156 1716 1274 1770 ergo
1307 1700 1522 1765 timentis
1561 1715 1663 1754 eos.
1714 1696 1935 1752 Etiamsi

345 1792 492 1846 enim
518 1790 864 1860 praevaleant,
889 1792 940 1846 in
969 1791 1236 1846 minorem
1269 1799 1473 1858 partem
1527 1789 1890 1859 prmvalebunt
1921 1829 1936 1852 ,

345 1881 406 1937 in
425 1896 620 1951 corpus
663 1882 910 1936 scilicet:
940 1880 1082 1952 quod
1109 1881 1318 1936 etiamsi
1364 1880 1437 1934 illi
1479 1895 1587 1934 non
1637 1879 1934 1947 occidant,

345 1982 536 2028 natura
565 1981 739 2027 tamen
769 1971 1033 2027 absumet.

420 2063 475 2118 3.
509 2061 652 2116 Mors
677 2062 1060 2127 contemnenda,
1093 2061 1292 2117 Christo
1329 2063 1462 2116 illud
1487 2079 1576 2131 per
1594 2079 1733 2133 spem
1760 2071 1808 2116 et
1835 2078 1940 2116 nte-

343 2159 456 2207 tum
485 2153 748 2207 suadente.
796 2153 896 2221 Qui
953 2155 1223 2222 conﬁtetur
1252 2194 1266 2218 ,
1315 2171 1406 2224 per
1448 2155 1671 2208 divinam
1719 2155 1938 2224 gratiam

346 2243 640 2312 conﬁtetur.
680 2243 818 2299 Deus
863 2243 1098 2299 libentius
1119 2247 1278 2311 bona,
1302 2262 1455 2316 quam
1482 2246 1736 2315 supplicia
1761 2246 1933 2314 infert.

345 2360 421 2378 -ο
446 2333 628 2405 rtaque
669 2350 738 2389 ne
765 2336 818 2389 in
855 2334 956 2390 hoc
983 2335 1197 2405 quidem
1243 2337 1318 2392 illi
1364 2345 1682 2405 potestatem
1715 2338 1935 2403 habent,

343 2444 378 2484 a
402 2440 590 2485 natura
628 2430 826 2501 quippe
857 2429 984 2484 illud
1011 2431 1271 2486 obtinent.
1306 2431 1460 2499 Quod
1499 2432 1546 2486 si
1573 2431 1675 2487 hoc
1703 2432 1897 2487 timeas
1918 2471 1936 2497 ,

345 2519 516 2576 multo
541 2520 710 2588 magis
740 2519 1032 2575 timendum
1059 2521 1186 2576 illud
1217 2521 1358 2592 quod
1381 2521 1569 2592 majus,
1600 2537 1662 2578 ac
1688 2531 1937 2578 metuen-

343 2609 450 2666 dus
475 2621 556 2665 est
602 2611 694 2668 ille
720 2613 811 2681 qui
858 2620 1035 2682 potest
1057 2620 1112 2666 et
1141 2612 1372 2666 animam
1400 2621 1454 2667 et
1481 2627 1678 2682 corpus
1709 2613 1937 2682 perdere

345 2702 402 2756 in
429 2700 750 2772 gehennam.
771 2702 953 2773 Neque
973 2703 1258 2758 manifeste
1282 2702 1410 2757 dicit
1430 2718 1492 2758 se
1522 2703 1672 2758 illum
1703 2719 1828 2759 esse
1843 2705 1936 2774 qui

345 2793 518 2860 possit
540 2801 594 2846 et
623 2793 861 2847 animum
881 2800 937 2846 et
961 2805 1161 2860 corpus
1187 2791 1410 2861 perdere
1435 2809 1450 2857 ;
1474 2792 1569 2846 sed
1605 2807 1700 2861 per
1729 2806 1790 2848 ea
1817 2807 1936 2862 quae

344 2882 597 2950 superius
616 2881 770 2947 dixit,
804 2896 862 2936 se
886 2880 1124 2951 judicem
1151 2895 1271 2937 esse
1308 2883 1648 2936 monstravit.
1694 2884 1766 2937 At
1795 2896 1937 2938 nunc

343 2974 676 3027 contrarium
699 2975 876 3028 evenit
908 2990 923 3027 :
953 2989 1076 3028 nam
1100 2988 1221 3028 eum
1242 2974 1330 3043 qui
1360 2981 1533 3042 potest
1551 2972 1784 3026 animam
1811 2986 1941 3042 per-

345 3064 498 3132 dere,
530 3065 632 3122 hoc
654 3075 740 3122 est
762 3105 778 3132 ,
809 3066 1072 3136 supplicio
1095 3065 1331 3130 afficere,
1365 3081 1469 3119 non
1504 3064 1789 3130 timemus;
1819 3063 1939 3120 illos

344 3165 528 3212 autem
556 3156 645 3224 qui
663 3169 859 3225 corpus
889 3156 1216 3210 interﬁciunt
1234 3154 1714 3225 perhorrescimus.
1732 3155 1938 3223 Quam-

347 3263 510 3318 quam
557 3248 646 3302 ille
686 3263 789 3301 una
845 3261 967 3301 cum
997 3247 1176 3300 anima
1204 3261 1401 3314 corpus
1430 3247 1591 3300 etiam
1621 3245 1935 3301 ulciscitur:

344 3338 424 3394 illi
454 3352 580 3392 vero
603 3352 710 3391 non
738 3337 898 3391 modo
923 3338 1160 3391 animam
1179 3379 1195 3402 ,
1223 3336 1318 3390 sed
1373 3352 1440 3392 ne
1469 3352 1665 3406 corpus
1720 3337 1938 3408 quidem

345 3437 573 3498 possunt
600 3421 824 3496 punire;
851 3427 974 3482 licet
1001 3427 1143 3482 enim
1171 3427 1365 3482 millies
1393 3427 1654 3496 supplicio
1679 3429 1937 3496 afﬁciant,

349 3520 687 3589 splendidius
709 3518 837 3574 illud
862 3519 1086 3573 omnino
1115 3518 1362 3573 reddunt.
1399 3518 1643 3574 Vidistin'
1667 3520 1940 3591 quomodo

345 3609 639 3664 certamina
667 3610 842 3664 facilia
887 3609 1112 3665 reddat?
1140 3609 1282 3666 Mors
1306 3610 1449 3666 cnim
1487 3626 1676 3666 eorum
1705 3613 1937 3668 animant

347 3699 636 3755 admodum
667 3700 992 3770 exagitabat,
1041 3702 1400 3772 terribilisque
1430 3702 1604 3758 adhuc
1623 3712 1764 3768 erat,
1795 3704 1938 3775 quod

347 3792 586 3847 nomium
609 3801 915 3862 expugnata
948 3793 1120 3847 facilis
1147 3801 1293 3848 esset
1322 3831 1338 3856 ,
1377 3809 1475 3849 nec
1501 3793 1678 3850 adhuc
1705 3795 1939 3864 Spiritus

347 3882 574 3952 gratiam
601 3885 939 3953 accepissent
979 3883 1014 3937 ii
1058 3883 1148 3953 qui
1181 3883 1326 3938 illam
1355 3886 1712 3954 contempturi
1759 3897 1935 3942 erant.

347 3973 639 4045 Postquam
670 3989 798 4044 ergo
827 3976 1071 4028 timorem
1093 3983 1148 4028 et
1181 3983 1403 4040 metum,
1435 3975 1525 4044 qui
1554 3976 1790 4045 ipsorum
1817 3977 1938 4031 ani-

346 4080 492 4121 mam
510 4067 832 4135 exagitabat,
863 4065 1152 4120 amovisset
1175 4104 1192 4132 ,
1221 4067 1464 4136 sequenti
1492 4067 1653 4121 etiam
1683 4082 1940 4125 sermone

348 4161 458 4218 illis
480 4160 729 4215 ﬁduciam
762 4159 934 4225 indit;
983 4160 1176 4214 timore
1204 4159 1452 4214 timorem
1481 4159 1712 4230 pellens,
1741 4175 1840 4216 nec
1871 4161 1940 4217 ti-

348 4266 504 4307 more
543 4251 722 4316 modo,
767 4250 862 4306 sed
891 4265 1207 4321 magnorum
1243 4266 1339 4321 spe
1374 4253 1748 4322 praemiorum;
1785 4254 1936 4310 insu-

349 4358 551 4415 perque
565 4358 687 4400 cum
703 4357 890 4414 magna
911 4351 1174 4412 patestate
1189 4345 1545 4398 comminatur
1562 4359 1578 4400 :
1600 4353 1758 4416 atque
1770 4347 1939 4401 utrin-

347 4449 455 4505 que
475 4435 594 4490 illos
611 4433 854 4490 hortatur
877 4434 942 4490 ad
970 4433 1218 4489 ﬁduciam
1248 4450 1346 4505 pro
1365 4437 1586 4491 veritate
1596 4437 1934 4504 sumendam,

348 4525 466 4583 Itth
486 4526 778 4596 adjiciens:
806 4525 891 4581 52.
918 4527 1232 4596 Quicumque
1251 4527 1565 4596 conﬁtebitur
1585 4528 1637 4581 iu
1664 4545 1742 4582 me
1765 4544 1937 4583 coram

349 4616 654 4683 hominibus,
683 4617 957 4686 conﬁtebor
978 4627 1025 4672 et
1045 4635 1136 4689 ego
1147 4620 1199 4671 in
1225 4634 1335 4671 eum
1353 4635 1524 4672 rorant
1543 4617 1700 4674 Patre
1725 4637 1834 4674 meo
1851 4622 1938 4692 qui

348 4718 422 4763 est
449 4709 501 4762 in
529 4709 698 4772 culis;
729 4710 816 4765 33.
850 4718 896 4763 et
924 4710 1224 4779 quicumque
1252 4713 1508 4779 negaverit
1536 4727 1612 4764 me
1641 4728 1812 4766 coram
1840 4713 1935 4766 Ito-

349 4799 590 4862 minibus,
627 4799 816 4869 negabo
861 4809 907 4854 et
936 4815 1031 4869 ego
1065 4815 1183 4854 eum
1211 4816 1384 4853 coram
1420 4799 1576 4856 Putre
1602 4818 1710 4856 meo
1749 4803 1835 4872 qui
1864 4811 1935 4858 est

348 4889 402 4940 in
418 4887 556 4941 catis
573 4887 614 4941 ⁸.
639 4885 756 4941 Non
781 4889 921 4943 enim
945 4905 975 4943 a
1001 4889 1260 4943 bonorum
1287 4903 1382 4959 spe
1405 4897 1634 4956 tantum,
1655 4890 1747 4945 sed
1773 4893 1933 4947 etiam

350 4995 380 5033 a
409 4978 673 5035 malorum
715 4991 858 5034 tnettt
893 4981 1148 5042 concitat.
1177 4989 1231 5036 et
1262 4981 1312 5033 in
1347 4981 1517 5034 tristia
1540 4981 1759 5036 desinit.
1805 4983 1934 5053 Ejus

350 5078 530 5123 autem
561 5074 957 5124 aceurationem
986 5072 1276 5140 perpende.
1307 5070 1422 5125 Non
1451 5070 1612 5134 dixit,
1643 5070 1744 5135 ille,
1795 5072 1889 5127 sed
1915 5113 1931 5138 ,

352 5157 420 5214 In
450 5175 528 5214 me
547 5199 562 5222 ,
614 5159 906 5214 ostendens
934 5174 1055 5214 cum
1098 5161 1187 5230 qui
1217 5161 1525 5226 conﬁtetur,
1582 5177 1688 5215 non
1719 5164 1930 5232 propria

349 5251 572 5316 virtute,
606 5246 954 5321 sed‘superna
997 5254 1163 5323 gratia
1191 5252 1380 5306 fultum
1404 5253 1670 5309 conﬁteri.
1703 5255 1778 5311 De
1833 5271 1930 5310 ne-

349 5352 513 5414 gante
542 5358 648 5397 non
699 5344 854 5410 dixit,
891 5343 944 5396 In
979 5359 1064 5399 me
1093 5385 1109 5408 ,
1140 5344 1258 5409 sed,
1299 5343 1386 5398 Me
1413 5359 1433 5398 :
1459 5359 1579 5398 nam
1625 5360 1747 5400 cum
1789 5345 1933 5400 dono

351 5434 536 5504 gratia:
566 5449 762 5488 vacuus
800 5436 887 5500 sit,
917 5435 986 5488 ita
1017 5445 1192 5504 negat.
1228 5435 1334 5488 Cur
1363 5451 1490 5505 ergo
1519 5449 1818 5498 accusatur,
1852 5437 1933 5490 in-

349 5523 538 5594 quies,
569 5523 613 5578 si
647 5524 692 5578 is
731 5525 819 5594 qui
877 5533 1068 5595 negat,
1113 5526 1184 5579 ita
1228 5525 1650 5595 derelinquitur?
1678 5528 1810 5596 Quia
1844 5531 1931 5598 qui

349 5614 760 5684 derelinquitur,
786 5616 941 5685 culpa
972 5631 1066 5670 sua
1095 5616 1504 5686 derelinquitur.
1538 5618 1643 5672 Sed
1685 5633 1781 5674 cur
1825 5636 1929 5675 non

419 5725 436 5760 3
471 5731 579 5776 ttaae
598 5724 810 5781 clausula
833 5727 1078 5793 Evangelii
1104 5736 1202 5782 tota
1221 5728 1396 5781 deerat
1413 5730 1462 5779 in
1485 5727 1652 5782 Morel.

1333 295 1400 357 ιΝ
1438 293 1850 356 MATTIIEUM
1889 292 2122 350 HOMIL.
2164 290 2403 364 XXXIV,
2444 293 2516 348 ai.
2558 291 2778 350 XXXV.

3540 297 3638 356 402

2045 411 2242 468 sufﬁcit
2269 411 2403 468 ﬁdes
2440 413 2493 468 in
2523 413 2726 481 animo,
2767 410 2867 469 sed
2893 411 3005 468 oris
3035 411 3200 468 etiam
3243 412 3640 471 confessionem

2049 505 2315 576 requirit?
2347 505 2414 562 Ut
2460 520 2564 562 nos
2609 506 2796 562 incitet
2816 505 2885 562 ad
2917 505 3164 562 ﬁduciam
3195 515 3252 564 et
3276 507 3346 564 ad
3384 506 3638 579 loquendi

2047 595 2350 660 ‘ibertatem
2377 639 2393 661 ,
2426 611 2636 654 necnon
2664 598 2732 653 ad
2783 601 3051 670 majorem
3092 603 3375 657 caritatem
3403 609 3461 657 et
3508 599 3640 657 alfe-

2047 698 2217 759 ctum,
2251 700 2416 760 utque
2439 705 2539 746 nos
2580 693 2926 749 sublimiotes
2950 693 3168 749 efficiat.
3203 692 3440 762 Ideoque
3463 692 3643 753 omni-

2045 782 2148 839 bus
2187 783 2445 853 loquitur,
2503 799 2678 853 neque
2708 784 2858 841 solos
2887 785 3110 854 respicit
3145 783 3479 853 discipulos;
3527 796 3638 838 non

2046 875 2167 932 illos
2190 877 2334 931 enim
2367 883 2596 944 tantum,
2651 876 2747 931 sed
2785 876 2948 931 etiam
2979 874 3274 947 discipulos
3319 888 3508 931 eorum
3528 875 3642 944 jam

2047 978 2299 1025 strenuos
2325 967 2554 1025 reddere
2577 967 2775 1024 studet.
2805 968 2940 1023 Nam
2961 967 3052 1038 qni
3079 967 3194 1022 hare
3215 965 3486 1029 didicerit.
3535 981 3644 1021 non

2047 1063 2211 1119 modo
2236 1077 2360 1118 cum
2386 1063 2634 1118 libertate
2671 1061 2912 1127 docebit,
2946 1059 3041 1115 sed
3072 1061 3237 1115 etiam
3281 1059 3460 1114 omnia
3487 1057 3645 1114 facile

2045 1163 2101 1211 ct
2147 1169 2340 1224 magno
2367 1154 2548 1207 animo
2579 1154 2828 1222 patietur.
2859 1150 2915 1206 ld
2961 1159 3110 1206 certe
3151 1149 3274 1204 fecit
3307 1158 3366 1203 ut
3391 1149 3541 1204 multi
3573 1147 3640 1202 ad

2045 1247 2321 1316 apostolos
2351 1245 2688 1306 accederent.
2723 1242 2866 1314 quod
2919 1242 3045 1297 huic
3079 1241 3227 1296 dicto
3277 1240 3436 1296 ﬁdem
3475 1239 3642 1294 habe~

2045 1348 2184 1394 rent.
2215 1338 2346 1393 Nam
2376 1337 2512 1393 utin
2562 1337 2718 1393 malis
2745 1335 2950 1407 majora
2993 1335 3256 1404 supplicia
3302 1342 3639 1402 sequuntur:

2046 1431 2128 1487 sic
2158 1440 2213 1485 et
2243 1430 2295 1484 in
2325 1430 2480 1484 bonis
2508 1428 2683 1497 major
2704 1443 2934 1483 merces.
2961 1426 3096 1494 Quia
3127 1426 3272 1481 enim
3304 1424 3394 1494 qui
3439 1424 3640 1478 bonum

2045 1524 2124 1578 sic
2145 1529 2416 1592 operatur,
2441 1519 2658 1586 divitias
2680 1519 2782 1574 sibi
2814 1527 2986 1588 parat,
3019 1525 3273 1588 peccator
3295 1525 3473 1572 autem
3502 1515 3642 1570 dila-

2047 1614 2192 1666 tione
2219 1610 2466 1679 supplicii
2498 1625 2557 1664 se
2587 1609 2782 1664 lucrari
2814 1609 3112 1673 existimat,
3146 1621 3352 1676 parem,
3381 1607 3491 1661 imo
3519 1607 3644 1661 lono

2044 1716 2111 1771 ge
2134 1699 2398 1770 majorem
2424 1701 2560 1755 bene
2595 1699 2842 1769 operanti
2866 1699 3076 1753 induxit
3096 1697 3332 1768 copiam,
3360 1712 3457 1753 seu
3496 1712 3640 1768 prae-

2045 1793 2276 1850 miorum
2305 1792 2753 1848 additamentum.
2788 1792 2936 1847 lianc
2956 1793 3392 1862 praerogativam,
3423 1791 3594 1858 inquit
3621 1833 3638 1858 ι

2045 1886 2232 1952 habes,
2261 1885 2402 1954 quod
2432 1886 2484 1939 in
2515 1901 2600 1940 me
2641 1884 2787 1955 prior
2833 1883 3172 1940 credideris?
3201 1882 3316 1953 Ego
3348 1883 3476 1938 item
3502 1883 3642 1937 hanc

2045 1979 2450 2050 pratrogativam
2500 1977 2660 2038 dabo.
2704 1985 2761 2031 ut
2789 1976 2990 2044 majora
3034 1975 3262 2030 tribuam
3288 2015 3303 2038 ,
3333 1974 3442 2028 imo
3481 1973 3640 2044 longe

2043 2071 2247 2140 majora
2284 2090 2298 2126 :
2327 2085 2449 2126 nam
2492 2069 2563 2124 ibi
2591 2079 2643 2124 te
2674 2067 2994 2125 conﬁtebor.
3029 2067 3220 2122 Viden‘
3245 2075 3301 2121 et
3331 2066 3417 2122 hic
3446 2075 3500 2122 et
3536 2066 3642 2122 illic

2043 2162 2181 2218 bona
2227 2170 2284 2217 et
2330 2161 2467 2216 mala
2503 2159 2900 2216 recondi?Cur
2927 2174 3059 2230 ergo
3103 2158 3363 2214 festinas?
3404 2174 3503 2213 cur
3555 2158 3642 2216 hic

2046 2251 2349 2309 mercedem
2386 2252 2603 2322 qureris,
2639 2251 2728 2321 qui
2757 2265 2852 2320 spe
2874 2251 2984 2321 jam
3017 2249 3197 2304 salvus
3233 2251 3330 2304 es?
3352 2249 3558 2304 Idcirco
3586 2251 3638 2305 si

2043 2346 2172 2416 quid
2197 2346 2320 2400 boni
2351 2343 2564 2409 feceris,
2620 2358 2792 2412 neque
2817 2343 2904 2398 hic
2939 2343 3244 2398 mercedem
3274 2343 3504 2411 recipias
3525 2383 3540 2407 ,
3575 2357 3642 2397 ne

2019 2435 2315 2501 ‘turberis;
2346 2450 2478 2490 .cum
2526 2434 2894 2490 additamento
2919 2435 3061 2489 enim
3110 2434 3163 2488 in
3196 2432 3376 2489 futuro
3399 2443 3644 2502 tempore

2044 2535 2099 2582 te
2127 2538 2334 2580 merces
2372 2534 2575 2580 manet.
2604 2524 2696 2580 Sin
2719 2524 2993 2594 quidpiam
3019 2524 3142 2579 mali
3171 2524 3384 2589 feceris,
3421 2537 3520 2579 nec
3544 2523 3644 2578 des

2044 2629 2254 2685 pinnas,
2286 2631 2351 2669 ne
2383 2613 2506 2670 ideo
2560 2616 2742 2684 segnis
2768 2616 2874 2679 sis;
2909 2615 3021 2670 illic
3044 2615 3186 2668 enim
3220 2622 3273 2668 te
3319 2612 3642 2684 supplicium

2045 2704 2298 2774 excipiet,
2347 2705 2448 2758 nisi
2476 2705 2704 2759 muteris
2735 2715 2789 2760 et
2818 2704 3013 2759 melior
3043 2704 3262 2759 evadas.
3295 2703 3352 2756 Si
3379 2718 3508 2759 vero
3533 2717 3642 2759 non

2043 2793 2219 2850 credis
2266 2809 2333 2849 ex
2362 2795 2718 2865 praesentibus
2743 2796 2906 2849 rebus
2931 2796 3107 2850 futura
3133 2795 3411 2864 conjicito.
3438 2793 3572 2850 Nam
3597 2795 3643 2850 si

2045 2885 2400 2940 certaminum
2434 2895 2677 2953 tempore
2723 2885 2802 2938 sic
2832 2884 3072 2939 illustres
3107 2894 3232 2939 sunt
3277 2885 3310 2939 ii
3341 2885 3434 2951 qui
3469 2883 3646 2939 conﬁ-

2048 2980 2247 3037 tentur,
2289 2972 2563 3042 perpende
2589 2973 2778 3042 quales
2805 2987 3132 3028 coronarutn
3180 2982 3425 3043 tempore
3477 2973 3640 3028 futuri

2045 3063 2170 3118 sint.
2221 3061 2277 3118 Si
2338 3064 2539 3118 inimici
2586 3064 2673 3118 hic
2707 3064 2983 3133 plaudunt,
3030 3066 3120 3134 qui
3169 3074 3224 3120 te
3281 3065 3475 3120 aﬁ‘ccm
3525 3065 3644 3136 plus

2045 3170 2204 3224 quam
2233 3163 2460 3224 paterno
2499 3153 2690 3220 diligit,
2728 3154 3005 3224 quomodo
3039 3169 3151 3208 non
3183 3165 3236 3208 te
3265 3156 3548 3210 mirabitur
3583 3165 3639 3210 et

2045 3243 2387 3300 celebrabit?
2416 3242 2566 3298 Tunc
2583 3245 2728 3297 enim
2757 3253 2918 3300 erunt
2945 3254 3001 3298 et
3029 3243 3291 3299 bonorum
3317 3247 3535 3315 pnemia
3576 3256 3632 3301 et

2045 3336 2312 3391 malorum
2340 3337 2598 3405 supplicia
2625 3351 2639 3401 ;
2673 3335 2742 3390 ita
2773 3345 2829 3390 ut
2878 3336 2967 3406 qui
2994 3336 3309 3406 negaverint
3334 3377 3351 3403 ,
3379 3346 3433 3392 et
3472 3338 3558 3392 hic
3585 3347 3643 3393 et

2045 3427 2157 3483 illic
2199 3427 2521 3498 puniantur;
2554 3425 2640 3482 hic
2682 3441 2805 3481 cum
2831 3427 2970 3481 mala
2996 3427 3327 3482 conscientia
3354 3427 3602 3484 viventes
3622 3468 3640 3494 ,

2044 3519 2135 3590 qui
2189 3527 2681 3590 quantumcumque
2735 3528 2967 3573 mortem
3017 3517 3295 3588 fugerint,
3342 3519 3645 3576 morientur

2047 3611 2297 3676 tandem;
2343 3611 2453 3667 illic
2479 3626 2611 3667 vero
2641 3619 2910 3668 extremas
2934 3610 3143 3666 dabunt
3169 3626 3396 3682 pmnas;
3428 3613 3519 3667 alii
3546 3628 3643 3668 au-

2045 3713 2152 3760 tem
2183 3715 2237 3758 et
2268 3704 2354 3760 hic
2372 3713 2428 3759 et
2449 3703 2558 3758 illic
2578 3703 2855 3758 lucrentur
2879 3721 2894 3768 ;
2921 3709 2977 3757 et
2995 3710 3225 3757 mortem
3254 3701 3340 3756 hic
3361 3705 3414 3757 in
3435 3703 3643 3760 lucrum

2044 3803 2314 3850 vertentes
2338 3835 2350 3856 ,
2379 3809 2483 3864 qua
2505 3793 2639 3848 vivis
2667 3793 3061 3863 splendidiores
3085 3793 3412 3862 efﬁciuntur,
3445 3805 3499 3850 et
3532 3797 3642 3853 illic

2044 3885 2406 3941 ineﬁ'abilibus
2431 3883 2676 3938 fruentes
2696 3884 2876 3938 bonis.
2901 3882 3019 3938 Non
3041 3885 3186 3938 enim
3209 3885 3274 3938 ad
3309 3886 3642 3954 puniendum

2046 3985 2274 4045 tantum,
2327 3976 2422 4032 sed
2469 3977 2632 4031 etiam
2682 3974 2748 4029 ad
2797 3976 2936 4030 bona
2987 3977 3258 4045 eroganda
3303 3988 3522 4047 paratus
3559 3991 3646 4036 est

2044 4069 2224 4134 Deus;
2252 4077 2306 4124 et
2333 4067 2402 4122 ad
2433 4067 2536 4121 hoc
2562 4075 2712 4122 certe
2741 4066 2911 4136 magis
2942 4081 3104 4136 quam
3132 4067 3202 4121 ad
3230 4067 3382 4123 illud.
3407 4067 3516 4123 Sed
3547 4084 3645 4125 cur

2043 4160 2150 4216 hoc
2178 4159 2370 4226 semel,
2405 4157 2537 4214 illud
2571 4158 2654 4212 bis
2681 4157 2903 4229 posuit?
2933 4157 3098 4212 Novit
3125 4167 3276 4214 certe
3309 4159 3503 4215 timore
3530 4176 3646 4216 ma-

2042 4253 2128 4324 gis
2180 4253 2430 4306 homines
2474 4250 2542 4305 ad
2575 4249 3011 4320 resipiscentiam
3040 4249 3255 4305 adduci.
3287 4251 3492 4306 Idcirco
3519 4267 3643 4308 cum

2041 4345 2288 4408 dixisset,
2335 4343 2525 4399 Timete
2554 4360 2667 4398 eum
2691 4344 2780 4413 qui
2810 4352 2974 4411 potest
3005 4352 3053 4396 et
3092 4343 3323 4396 quintam
3360 4354 3408 4398 et
3453 4360 3642 4416 corpus

2045 4437 2253 4506 perdere
2273 4436 2326 4489 in
2350 4436 2654 4506 gehennam,
2680 4449 2894 4488 rursum
2918 4433 3068 4501 dicit,
3094 4433 3146 4487 Ν
3152 4435 3307 4504 cgobo
3328 4450 3444 4488 eum
3463 4445 3508 4489 et
3524 4453 3636 4506 ego.

2042 4529 2132 4584 Sic
2159 4537 2216 4583 et
2235 4527 2434 4583 Paulus
2468 4525 2720 4594 faciebat,
2752 4524 3055 4597 gehennam
3091 4525 3405 4597 frequenter
3425 4543 3639 4582 memo-

2043 4636 2188 4676 rans.
3427 4623 3433 4627 '

2114 4713 2168 4768 4.
2201 4711 2365 4776 Ηοη,
2395 4709 2595 4764 Christo
2618 4719 2871 4776 monente,
2897 4725 3000 4763 non
3039 4709 3328 4765 metuenda.
3368 4709 3643 4778 Corruptio

2041 4819 2310 4876 corporum
2339 4803 2496 4857 utilis.
2531 4801 2667 4870 Quot
2711 4802 2847 4854 mula
2892 4801 3164 4866 evenirent,
3207 4803 3251 4856 si
3293 4819 3510 4872 corpora
3540 4820 3642 4858 non

2041 4905 2502 4967 corrumperentur.
2533 4891 2604 4935 -ὶ
2632 4894 2766 4949 Cum
2815 4895 2976 4964 igitur
3026 4895 3324 4950 auditorem
3369 4894 3515 4950 omni
3568 4911 3639 4950 ex

2043 5001 2194 5060 parte
2235 4988 2564 5043 stimulasset
2594 4986 2740 5059 (nam
2771 4997 2824 5042 et
2852 4987 3016 5042 cmlos
3047 4986 3146 5057 ipsi
3173 4989 3378 5057 aperuit
3399 5031 3415 5054 ,
3448 4998 3496 5043 et
3539 4990 3639 5044 tri-

2043 5082 2202 5138 bunal
2230 5083 2357 5138 illud
2387 5081 2623 5138 terribile
2649 5081 2986 5145 monstravit,
3011 5081 3324 5152 angelomm
3350 5084 3641 5149 theatrum,

2041 5189 2359 5230 coronarum
2408 5173 2855 5244 proclamationes
2878 5215 2894 5239 ,
2930 5189 3050 5244 quae
3081 5176 3181 5244 piae
3209 5174 3471 5230 doctrina:
3501 5177 3639 5230 viam

2041 5264 2250 5319 facilem
2275 5267 2566 5334 pararent),
2595 5265 2809 5318 demum
2840 5281 2907 5319 ne
2933 5280 3028 5334 per
3057 5265 3302 5320 timorem
3331 5268 3642 5336 praedicatio

2041 5355 2408 5426 impediretur,
2441 5357 2508 5410 ad
2547 5356 2722 5412 caedes
2751 5358 2892 5426 ipsos
2935 5359 3178 5428 apparari
3219 5357 3408 5428 jubet,
3452 5368 3509 5414 ut
3553 5359 3638 5414 di-

2042 5456 2213 5511 scant,
2233 5461 2326 5500 eos
2355 5447 2443 5517 qui
2488 5447 2539 5501 in
2573 5447 2945 5502 incredulitate
2973 5446 3282 5516 persisteint,
3316 5450 3474 5503 etiam
3504 5451 3637 5505 insi-

2031 5538 2245 5592 diarum
2263 5536 2509 5590 ﬁdelibus
2526 5544 2858 5590 structarum
2882 5551 3072 5606 ptenas
3091 5553 3212 5592 esse
3229 5539 3628 5596 daturos.Mor-

2034 5639 2141 5684 tem
2172 5644 2302 5697 ergo
2319 5627 2944 5696 despiciantus,etiamsi
2981 5631 3223 5683 nondum
3257 5631 3376 5700 ejus
3407 5642 3624 5703 tempus

2035 5722 2466 5778 adveneritznam
2489 5720 2556 5775 ad
2575 5719 2749 5775 multo
2770 5721 3050 5777 meliorem
3073 5723 3238 5778 vitam
3259 5727 3622 5784 resurrecturi
